3642 5868
505 469 574 533 Lrn.
595 468 649 531 III.
682 466 757 533 cm.
777 467 936 532 lx-xl.
964 463 1020 551 §§.
1043 463 1194 534 22-27.
1463 461 1525 531 443

192 657 283 704 murto
304 637 378 702 dure
406 645 570 720 superduc.
614 638 686 714 Quo
709 639 831 703 modo‘t
860 645 1016 723 quantum
1037 637 1220 722 poposcerit
1239 635 1418 721 Apronius,
1441 636 1526 701 dato.

195 732 281 810 Quid
303 741 352 798 est
372 732 456 796 hoc?
482 739 589 796 utrum
611 733 767 816 praetoris
789 733 970 797 institutum
993 733 1026 796 in
1050 734 1153 798 socios
1175 754 1217 798 an
1238 735 1272 797 in
1292 732 1403 796 hostes
1424 731 1527 796 victos

193 828 299 893 insani
328 827 468 890 edictum
495 833 592 911 atque
620 827 792 911 imperium
819 827 973 912 tyrannii
1008 827 1076 910 Ego
1105 835 1229 891 tantum
1255 828 1345 903 dem,
1372 832 1528 911 quantum

193 923 248 987 iile
270 921 479 1007 poposcerit?
507 929 620 1006 poscet
645 943 756 998 omne,
787 929 942 1006 quantum
971 941 1154 985 exoravero.
1198 921 1284 997 Quid
1306 926 1426 986 omne?
1455 924 1528 1006 plus

192 1017 290 1080 immo
313 1015 427 1091 etiam,
450 1016 575 1099 inquit,
599 1016 626 1081 si
647 1017 745 1080 volet.
780 1013 866 1091 Quid
887 1019 980 1078 turni
1009 1014 1087 1100 quid
1110 1019 1246 1080 censes?
1277 1018 1342 1080 Aut
1363 1017 1453 1082 dabis
1475 1025 1553 1082 auto

195 1119 306 1175 contra
327 1110 467 1174 edictum
487 1110 602 1174 fecisse
626 1110 827 1174 damnabere.
860 1111 920 1172 Per
942 1108 1020 1172 deos
1042 1110 1252 1187 immortales,
1275 1113 1353 1196 quid
1376 1122 1424 1177 est
1444 1114 1529 1177 hoci

194 1204 262 1269 veri
285 1204 369 1268 enim
385 1204 488 1268 simile
503 1223 570 1268 non
585 1213 643 1269 est.
674 1201 726 1268 26.
743 1205 796 1267 Sic
810 1202 889 1266 mihi
903 1202 1098 1286 persuadeo,
1120 1204 1260 1268 iudices:
1283 1207 1408 1271 tametsi
1424 1207 1531 1270 omnia

193 1299 229 1362 in
257 1297 355 1364 istum
381 1298 544 1362 hominem
574 1298 745 1364 convenire
773 1299 912 1381 putetis,
945 1305 1052 1362 tamen
1080 1299 1143 1363 hoc
1164 1299 1255 1362 vobis
1277 1300 1393 1365 falsum
1415 1302 1530 1365 videri.

194 1393 262 1476 Ego
285 1393 387 1470 enim,
409 1413 483 1457 cum
497 1393 560 1456 hoc
582 1401 651 1457 tota
673 1393 782 1458 Sicilia
805 1391 942 1466 diceret,
973 1401 1080 1455 tamen
1102 1389 1260 1457 affirmare
1283 1414 1348 1457 non
1370 1396 1531 1472 auderem,

195 1489 223 1552 si
243 1488 323 1553 haec
345 1476 449 1554 edicta
470 1507 536 1551 non
559 1488 723 1571 exipsius
745 1486 862 1549 tabulis
884 1486 1018 1549 totidem
1039 1486 1145 1550 verbis
1167 1488 1301 1551 recitare
1323 1509 1466 1571 possem,
1489 1490 1532 1552 si·
1541 1498 1568 1544 ⁴⁰

195 1583 261 1646 cuti
282 1582 406 1648 faciam.
450 1584 514 1657 Ita,
538 1601 675 1666 quaeso,
698 1581 839 1646 scribae:
861 1581 975 1644 recitet
996 1601 1037 1642 ex
1059 1581 1171 1644 codice
1193 1582 1436 1666 professionem.
1472 1585 1532 1647 lie·

196 1675 260 1740 cita
280 1675 419 1740 edietum
442 1678 482 1739 de
504 1676 716 1760 professione.
759 1677 860 1758 Negat
881 1695 932 1736 me
953 1675 1087 1738 recitare
1109 1682 1229 1739 totum:
1258 1697 1333 1740 nam
1356 1678 1390 1741 id
1412 1678 1533 1761 signiti-

195 1791 268 1836 cnre
290 1777 372 1834 nutu
394 1770 530 1834 ridetur.
576 1770 661 1847 Quid
683 1773 875 1854 praetereo?
903 1789 944 1832 an
966 1769 1064 1844 illud,
1094 1769 1150 1832 uhi
1173 1790 1266 1834 caves
1288 1779 1394 1836 tamen
1418 1772 1533 1836 SicuIIs

196 1873 230 1930 et
249 1865 386 1930 miseros
406 1863 541 1948 respicis
563 1866 729 1928 aratores?
760 1864 848 1927 Dicis
871 1865 956 1927 enim
978 1871 1010 1927 te
1033 1864 1065 1926 in
1082 1862 1310 1940 decumanum,
1334 1867 1360 1930 si
1382 1866 1457 1950 plus
1479 1867 1534 1928 ab·

196 1959 324 2023 stulerit
345 1977 441 2043 quam
464 1957 606 2022 debitum
630 1959 688 2034 sit,
716 1957 750 2019 in
781 1958 946 2041 octuplum
974 1956 1131 2022 iudicium
1153 1959 1302 2022 daturum
1325 1979 1405 2024 esse.
1448 1959 1572 2026 Nihilo

197 2053 276 2117 mihi
296 2053 405 2138 placet
423 2052 642 2137 praetermitti.
686 2052 797 2115 Recita
819 2052 881 2116 hoc
904 2072 1053 2136 quoque,
1076 2052 1161 2138 quod
1185 2054 1344 2138 postulat:
1367 2063 1470 2118 totum
1484 2075 1535 2118 re·

197 2147 269 2212 cite.
312 2148 459 2212 Eurorvu
480 2165 524 2212 nn
546 2166 665 2212 rvnrcro
688 2165 721 2210 44
743 2166 920 2211 44444444.

267 2243 392 2308 Iudicio
413 2249 450 2306 ut
470 2249 577 2306 arator
598 2243 810 2306 decumanum
831 2247 1069 2327 persequetur?
1092 2244 1243 2307 miserum
1266 2252 1365 2329 atquo
1386 2245 1535 2332 iniquum

198 2359 240 2403 ex
261 2359 338 2423 agro
358 2336 504 2401 homines
527 2337 650 2401 traduci
672 2337 707 2398 iu
728 2335 852 2411 forum,
882 2337 921 2400 ab
951 2346 1057 2402 aratro
1080 2339 1121 2402 ad
1143 2338 1312 2415 subsellia,
1340 2341 1380 2402 ab
1402 2363 1464 2405 usu
1485 2363 1535 2406 re-

198 2454 269 2497 rum
291 2432 479 2496 rusticarum
501 2429 541 2494 ad
562 2430 725 2494 insolitam
748 2428 836 2492 litem
858 2439 956 2516 atquo
977 2433 1142 2496 iudicium.
1174 2433 1231 2495 xI.
1255 2429 1306 2496 27.
1330 2434 1409 2499 Cum
1431 2438 1573 2502 omni-¹⁰

197 2528 257 2591 bus
278 2527 313 2590 in
337 2525 408 2590 aliis
422 2523 632 2607 vectigalibus
646 2524 757 2599 Asiae,
781 2524 1003 2602 Macedoniae,
1026 2527 1215 2610 Hispaniae,
1239 2527 1377 2604 Galliae,
1398 2530 1534 2607 dirime,

197 2620 381 2693 Sardiniae,
404 2618 507 2700 ipsius
529 2618 655 2694 ltaliae,
679 2639 762 2702 quae
776 2619 946 2702 vectigalia
968 2629 1059 2696 sunt,
1082 2641 1154 2684 cum
1175 2621 1210 2684 in
1231 2620 1298 2697 his,
1321 2623 1463 2706 inquam,
1485 2647 1535 2688 re-

194 2715 255 2779 bus
277 2713 425 2779 omnibus
446 2713 639 2797 publicanus
661 2715 780 2797 petitor
801 2734 837 2777 ac
859 2713 1062 2798 pignerator,
1093 2736 1158 2779 non
1181 2723 1310 2800 ereptor
1330 2737 1438 2802 neque
1459 2741 1535 2804 pos·

196 2829 303 2875 sessor
323 2806 426 2872 soleat
448 2826 535 2887 esse,
557 2815 592 2870 tu
614 2806 655 2871 de
678 2809 817 2892 optimo,
840 2808 879 2870 de
905 2808 1096 2885 iustissimo,
1120 2811 1160 2873 de
1173 2809 1402 2875 honestissimo
1418 2833 1534 2896 genere

193 2903 377 2977 hominum,
405 2900 468 2964 hoc
497 2908 546 2965 est
576 2901 616 2965 de
639 2903 837 2978 aratoribus,
869 2922 908 2966 ea
929 2905 1000 2967 iura
1022 2903 1256 2980 constituebas,
1281 2923 1364 2989 quae
1386 2907 1572 2972 omnibusit

194 3000 266 3063 aiiis
288 3004 396 3064 essent
417 2997 586 3060 contraria.
630 2997 741 3062 Utrum
770 3005 820 3062 est
844 2998 980 3082 aequius
1003 2999 1215 3064 decumanum
1235 3007 1345 3084 petere
1367 3019 1409 3063 an
1431 3007 1534 3066 arato·

194 3113 261 3158 rens
288 3093 460 3177 repetere?
493 3090 648 3154 iudicium
676 3092 800 3176 integra
828 3113 863 3156 re
885 3111 925 3157 an
958 3094 1084 3178 perdita
1104 3091 1199 3158 fierit
1234 3115 1324 3170 eum,
1359 3097 1414 3178 qui
1437 3115 1534 3178 manu

196 3187 387 3273 quaesierit,
409 3205 449 3249 an
472 3204 560 3261 eum,
582 3187 639 3269 qui
654 3185 754 3268 dIgito
776 3187 880 3250 licitus
903 3188 954 3262 sit,
976 3189 1166 3271 possideret
1190 3187 1299 3264 Quidt
1322 3189 1378 3272 qui
1399 3190 1533 3272 einguIIs

195 3281 279 3365 iugis
308 3284 416 3355 arant,
448 3280 504 3362 qui
530 3280 571 3342 ab
602 3299 700 3364 opere
727 3280 791 3366 ipsi
813 3301 879 3345 non
900 3281 1070 3357 recedunt,
1085 3285 1165 3370 (quo
1188 3282 1222 3345 in
1243 3301 1378 3346 numero
1400 3301 1533 3365 magnus

196 3383 270 3441 ante
305 3381 338 3439 44
374 3379 555 3458 praetorem
580 3393 750 3453 numerus,
780 3394 895 3459 magna
925 3377 1095 3440 multitudo
1129 3377 1310 3441 Siculorum
1342 3371 1426 3480 ipit)
1454 3377 1571 3464 quidao
1610 3369 1690 3456 a&

253 3617 278 3672 4.
293 3615 430 3682 praetoris]
442 3629 486 3679 pr.
498 3615 563 3667 VM.
576 3643 604 3654 -
617 3617 692 3668 tostis
699 3615 763 3668 14.-
777 3617 801 3670 9.
814 3620 940 3682 inperium
947 3620 980 3673 V.
991 3647 1018 3658 -
1032 3622 1196 3672 tantumdem
1207 3617 1369 3672 Lambinus:
1387 3622 1534 3674 tuutuudem

197 3693 292 3748 dottoV
303 3695 400 3757 [recte3
420 3691 453 3744 ci.
463 3693 506 3743 III.
520 3691 610 3757 §.roa
624 3691 731 3758 Hrnu.];
751 3697 897 3746 tantundem
908 3698 986 3746 ctt.-
1000 3695 1025 3748 4.
1038 3701 1061 3747 44
1073 3709 1181 3746 4444444
1193 3694 1273 3746 dtt-
1284 3695 1343 3758 ptus
1352 3695 1429 3746 immo
1441 3696 1531 3747 codd:

196 3773 273 3824 44444
286 3769 345 3835 ptus
355 3769 419 3820 O.-
431 3769 455 3820 O.
469 3769 538 3830 quid,
551 3769 712 3831 quidesttroc
723 3769 784 3820 cod.
798 3770 903 3820 Iann.—
917 3771 941 3820 'I.
955 3771 1111 3822 enimsimtte
1122 3768 1258 3834 Lgtrrv:
1276 3771 1432 3822 4444444444
1443 3773 1488 3822 444.
1502 3771 1531 3822 O.
1578 3821 1580 3826 .

199 3872 227 3887 -
240 3848 265 3900 8.
278 3847 306 3898 tu
317 3859 371 3898 om.
384 3844 446 3896 Vin
458 3843 511 3895 tine
523 3858 626 3896 versus.
639 3872 667 3882 -
680 3845 704 3896 9.
718 3845 928 3910 cuneumve·
947 3847 987 3896 44.
1001 3847 1086 3897 recitet
1096 3857 1217 3911 supersc.
1229 3857 1272 3909 pr.
1285 3857 1322 3895 m.
1335 3845 1436 3897 4414.-
1450 3861 1483 3898 ec
1494 3861 1535 3897 co·

197 3923 251 3974 dice
263 3921 450 3986 professiones.
469 3921 563 3972 Itesitu.
580 3920 729 3973 EDICIVII
743 3921 791 3971 DE
806 3920 1026 3972 PROFESSIONE
1041 3922 1125 3973 Maius
1141 3919 1208 3971 erV
1224 3919 1258 3982 (In
1270 3931 1324 3982 quo
1336 3921 1390 3972 est:
1408 3933 1441 3971 es
1452 3922 1536 3972 codice

194 3997 347 4062 professione
366 4009 398 4049 .r.
416 3997 523 4048 edictus
533 3997 563 4047 de
576 3995 778 4060 professionem:
798 4010 831 4048 ec
842 3998 933 4048 444444.
952 3998 1038 4049 Iiecito
1049 3999 1156 4049 edictum
1166 3997 1196 4046 de
1207 3996 1370 4059 professione.
1388 3995 1536 4048 EDICTVM

196 4073 245 4124 DE
262 4069 483 4123 PROFESSIONE
499 4069 578 4136 rotgo
595 4073 623 4122 et
639 4074 678 4124 sic
689 4071 758 4136 ugia
768 4073 797 4122 0.
816 4073 846 4122 14
862 4071 998 4137 plerisque
1010 4085 1064 4124 om.
1077 4073 1157 4123 recito
1167 4071 1274 4122 44444444
1284 4069 1533 4133 44444411.11.Ρ.,

197 4149 226 4200 in
243 4147 299 4200 altis
316 4150 421 4199 tentum
437 4161 492 4199 om.
510 4148 566 4199 ED.
580 4149 628 4198 DE
638 4148 728 4200 PIiOE.
748 4147 841 4212 [Maius
858 4161 911 4198 non
928 4147 1012 4198 hahet
1029 4147 1114 4198 Recita
1130 4145 1178 4198 sed
1199 4145 1251 4204 .D.;
1271 4143 1376 4196 eteius
1393 4145 1454 4196 adn.
1466 4146 1533 4197 Intra

196 4235 223 4273 4.
243 4222 294 4288 Itu]
313 4247 342 4260 -
362 4223 402 4274 44.
421 4223 492 4286 uum]
508 4237 560 4273 uou
576 4221 655 4286 ugia.
676 4251 704 4259 -
722 4229 786 4273 uutu
802 4223 886 4288 449444.
905 4223 954 4275 ,(444.
970 4251 997 4261 -
1017 4223 1057 4274 43.
1077 4223 1139 4273 ittud
1156 4221 1200 4272 titi
1215 4221 1259 4271 ubi
1274 4220 1352 4284 ugia.
1368 4247 1396 4258 -
1415 4221 1456 4274 44.
1474 4223 1537 4274 dicis

198 4295 292 4348 codd:
311 4297 386 4348 edieis
401 4296 436 4348 de
454 4297 559 4349 Hotom.
579 4297 648 4348 coni.
668 4298 697 4348 O.
718 4325 745 4338 -
760 4297 820 4361 ptus
836 4298 964 4349 abstulerit
980 4299 1080 4362 VLgEO
1092 4297 1155 4350 4414
1173 4295 1233 4347 cod.
1252 4297 1309 4348 Urs.
1328 4296 1362 4347 ct.
1381 4296 1458 4360 ,4.49.
1478 4297 1535 4362 (sed

197 4371 267 4437 ngas
284 4373 422 4436 4444444444
436 4371 497 4436 ptesr
511 4373 638 4424 sustulerit
654 4373 737 4436 1447;
756 4373 835 4436 pluro
851 4375 977 4424 sesstuteru
995 4374 1042 4425 dtt.
1063 4399 1091 4410 -·
1116 4374 1157 4423 rs.
1179 4383 1229 4423 esse
1251 4385 1304 4422 om.
1323 4369 1346 4419 V
1363 4375 1390 4421 44
1406 4371 1484 4436 ugia.
1505 4401 1533 4411 -

199 4447 239 4498 49.
257 4449 338 4498 recita
359 4451 421 4513 post
444 4453 523 4498 totum
538 4461 593 4499 om.
612 4447 766 4513 ursatum
786 4452 873 4498 totum.
892 4449 921 4498 It.
940 4448 1087 4499 EDICTVM
1105 4447 1190 4500 Maius
1207 4459 1240 4496 ex
1254 4445 1286 4506 V,
1304 4445 1372 4498 haec
1389 4448 1534 4501 adnotans:

199 4524 253 4574 «Ita
269 4524 297 4576 in
314 4523 374 4574 cod.
387 4523 550 4575 vocabulum
567 4525 608 4586 a,
626 4525 777 4576 14444444
794 4526 840 4574 444
855 4523 983 4584 recitetur,
1001 4525 1130 4587 pertInet,
1148 4523 1179 4581 a:
1195 4521 1310 4586 spatium
1327 4521 1418 4587 docet,
1437 4523 1472 4574 ad
1486 4524 1537 4574 edi·

199 4601 278 4660 444444
296 4597 368 4648 4414
385 4596 448 4648 edit.
466 4598 611 4648 retrahItur
627 4598 661 4649 ad
679 4604 784 4650 444444.»
804 4623 833 4634 -
853 4599 893 4649 47.
912 4597 1043 4648 IVDICIIS
1053 4597 1085 4648 V.
1101 4623 1128 4632 -
1149 4596 1188 4647 48.
1207 4596 1301 4645 inicium
1318 4596 1350 4648 V.
1370 4625 1398 4634 -
1423 4600 1462 4650 49.
1485 4603 1537 4648 tru-

198 4672 269 4723 ducis
285 4672 315 4736 4,
332 4673 365 4724 V.
386 4699 414 4711 -
432 4671 503 4724 subse
516 4681 521 4733 Ι
535 4674 571 4723 tiu
582 4674 614 4724 V.
629 4700 657 4710 -
676 4675 717 4726 40.
735 4675 763 4724 iu
780 4674 893 4725 munitus
908 4673 1060 4736 444441349.
1076 4699 1104 4709 -
1122 4671 1163 4724 44,
1176 4672 1319 4735 ipstusom.
1332 4671 1411 4736 Egra.
1426 4700 1453 4710 —
1473 4687 1538 4737 quoe

197 4747 333 4812 uectipctiu
347 4747 439 4799 srestV
450 4749 477 4800 et
493 4748 525 4801 t:
544 4763 610 4812 quae
620 4750 656 4800 od
668 4755 731 4802 oeci.
749 4754 807 4800 suut
823 4749 872 4801 dtt.
901 4751 1016 4800 «sensus
1034 4750 1088 4800 est:
1108 4760 1176 4812 quae
1194 4747 1304 4812 quidem
1320 4747 1347 4798 14
1364 4747 1437 4799 Italia
1453 4751 1538 4800 vecti-

198 4819 266 4886 galia
284 4823 363 4886 sunt,
388 4835 475 4890 pauca
492 4823 609 4888 scIIicet,
633 4840 659 4877 v.
678 4839 702 4878 c.
721 4839 786 4890 eger
804 4826 971 4890 campanus,
996 4823 1104 4886 Stellas:
1132 4825 1160 4875 44
1177 4822 1262 4874 verbe
1279 4823 1348 4873 haec
1366 4823 1539 4887 requiruntur

197 4899 309 4964 propter
320 4911 398 4966 seqq.
416 4913 473 4952 cem
487 4901 516 4951 iu
529 4903 696 4966 Itsiuquuru,
716 4899 823 4966 quibus,
842 4901 885 4952 his
903 4900 1012 4965 quidem
1030 4900 1151 4962 omissis,
1170 4896 1268 4949 Tattius
1286 4909 1340 4948 non
1357 4900 1430 4949 esset
1446 4908 1538 4948 usus.-

199 4971 244 5022 Oa.
266 4999 293 5010 -
317 4974 359 5026 43.
378 4975 491 5027 omuibus
507 4989 561 5028 om.
580 4977 611 5028 V.
631 5005 660 5019 υ-
676 4977 796 5041 repetitor
812 4977 861 5027 AB
879 4989 906 5041 p.
920 4987 956 5026 m.
972 5003 1000 5014 -
1019 4979 1064 5026 cut
1077 4975 1149 5040 pinu.
1162 4972 1230 5038 ugus
1243 4987 1269 5038 p.
1283 4985 1320 5022 m.
1335 4999 1363 5009 -
1382 4973 1423 5024 48.
1435 4974 1467 5022 sit
1483 4973 1540 5022 tiet-

199 5049 240 5096 tus
255 5048 324 5113 Egit
335 5050 367 5102 V.
382 5075 411 5089 -
429 5052 534 5117 mustis
549 5052 619 5116 ugia
635 5052 658 5103 V
676 5051 718 5117 (ct.
737 5051 761 5116 5.
776 5052 855 5115 titi:
874 5052 902 5101 tn
917 5051 1021 5116 44444444
1037 5050 1086 5103 dtt.
1105 5051 1134 5101 O.
1155 5075 1183 5086 -
1202 5049 1242 5102 49.
1260 5047 1378 5098 recessu:
1394 5045 1539 5110 1444444

198 5133 226 5185 p.
239 5134 277 5173 m.
293 5150 322 5160 -
340 5124 381 5177 30.
401 5139 433 5177 uc
447 5140 546 5192 444444
561 5127 631 5192 1449
642 5127 673 5180 V.
689 5153 717 5163 -
736 5125 807 5190 [quid
820 5126 928 5191 4444444,
945 5139 1003 5178 oum
1023 5127 1135 5178 4444444444
1149 5125 1179 5177 Δ.
1198 5123 1265 5189 quod
1281 5120 1444 5187 poposcerit?
1459 5120 1540 5172 retiu-

199 5203 275 5261 44444
290 5201 438 5258 4444444444
453 5206 528 5259 recte
546 5203 664 5258 4414444414
676 5205 769 5259 Maius.
789 5202 882 5268 uua]
