3638 5868
321 411 384 482 ddi
689 415 731 482 la
751 413 918 484 VERREM
938 413 1060 480 AGTlO
1083 413 1267 481 SECUNDA

323 590 381 652 ost.
412 585 515 661 Quam
537 583 728 650 circulatus
749 584 875 668 lucique
897 590 970 678 sapt
991 583 1116 670 plurimi
1135 591 1231 668 atque
1252 583 1413 648 laetissimi
1433 585 1530 650 dores
1551 585 1642 650 omni

323 687 466 764 tempore
494 681 585 756 anni,
614 681 702 743 locus
723 688 759 743 ut
779 681 847 762 ipse
868 687 992 762 raptum
1013 678 1104 742 illum
1124 678 1271 760 virginis,
1293 697 1387 763 quem
1408 678 1470 743 iam
1491 699 1510 743 a
1531 683 1642 761 pueris

324 774 520 857 accepimus,
557 773 715 838 declarare
747 773 898 838 videatur.
948 774 1072 838 Etenim
1100 792 1195 858 prope
1221 779 1270 836 est
1297 772 1444 858 spelunca
1472 773 1641 856 quaedam,

324 888 475 932 conversa
504 870 545 932 ad
572 867 772 951 aquilonem,
801 865 923 932 infinita
949 866 1133 943 altitudine,
1167 886 1230 951 qua
1255 867 1360 932 Ditem
1387 873 1507 950 patrem
1533 867 1643 934 lerunt

300 969 454 1045 trepente
476 983 548 1026 cum
569 982 662 1028 curru
684 961 842 1027 exstitisse
868 963 1092 1048 abreptamque
1118 981 1158 1026 ex
1186 981 1223 1024 eo
1251 962 1320 1026 loco
1348 962 1501 1044 virginem
1530 983 1643 1028 secum

324 1064 500 1141 asportasse
523 1066 555 1122 et
575 1056 678 1122 subito
700 1076 765 1121 non
786 1055 919 1139 longae
940 1057 1101 1141 Syracusis
1123 1062 1303 1139 penetrasse
1325 1055 1382 1118 sub
1403 1063 1501 1118 terras
1522 1056 1642 1121 lacum·

324 1171 387 1234 que
408 1153 440 1215 in
463 1171 501 1216 eo
523 1152 592 1216 loeo
613 1158 744 1234 repente
766 1150 942 1225 exstitisse,
967 1149 1022 1212 nbi
1043 1171 1145 1235 usque
1165 1151 1204 1215 ad
1226 1149 1288 1214 boc
1308 1159 1430 1234 tempus
1452 1150 1643 1234 Syracusani

323 1245 419 1310 festos
442 1245 510 1310 dies
532 1245 763 1310 anniversarios
788 1250 885 1326 agunt
911 1244 1113 1308 celeberrimo
1141 1246 1278 1308 virorum
1308 1245 1537 1327 mulierumque
1565 1265 1643 1307 con·

322 1347 429 1406 ventu.
472 1341 584 1404 XLIX.
615 1341 748 1422 Propter
767 1338 860 1402 buius
883 1339 1042 1420 opinionis
1063 1345 1264 1412 vetustatem,
1298 1338 1382 1420 quod
1404 1336 1515 1402 borum
1536 1340 1569 1401 in
1590 1339 1642 1402 bis

287 1435 401 1502 solonis
421 1435 556 1518 vestigia
576 1453 613 1498 ac
634 1453 732 1517 prope
754 1432 945 1496 incunabula
973 1432 1172 1514 reperiuntur
1201 1433 1346 1506 deorum,
1374 1432 1454 1494 mira
1483 1432 1641 1514 quaedam

323 1536 388 1595 tota
409 1529 518 1594 Sicilia
537 1528 682 1612 privatim
710 1547 747 1590 ao
774 1525 900 1610 publice
927 1527 1038 1609 religio
1065 1534 1114 1589 est
1135 1525 1255 1589 Cereris
1283 1525 1473 1590 Hennensis.
1515 1525 1639 1590 Etenim

324 1624 421 1690 multa
442 1642 535 1705 saepe
562 1621 709 1705 prodigia
737 1621 800 1684 vim
828 1620 897 1682 eins
926 1639 1106 1704 numenque
1136 1619 1312 1684 declarant:
1346 1620 1453 1684 multis
1482 1639 1576 1702 saepe
1605 1619 1640 1682 in

325 1717 519 1782 difficillimis
541 1717 632 1781 rebus
653 1735 803 1798 praesens
831 1714 985 1777 auxilium
1014 1715 1082 1778 eins
1109 1714 1248 1777 oblatum
1275 1722 1338 1790 est,
1369 1721 1405 1778 ut
1430 1713 1510 1778 baec
1535 1713 1639 1776 insula

324 1813 363 1877 ab
385 1831 422 1876 ea
443 1833 507 1876 non
528 1810 630 1876 solum
651 1810 749 1892 diligi,
771 1809 827 1872 sed
849 1808 943 1872 etiam
958 1808 1053 1872 incoli
1067 1807 1282 1892 custodirique
1296 1809 1447 1874 videatur.
1483 1802 1554 1870 l08.
1574 1809 1639 1870 Nec

287 1906 426 1972 tosolum
447 1905 555 1980 Siculi,
577 1924 685 1968 verum
706 1905 800 1967 etiam
825 1910 946 1968 ceterae
967 1910 1077 1986 gentes
1098 1903 1306 1987 nationesque
1328 1903 1532 1966 Hennensem
1548 1901 1640 1966 Cere·

324 2023 391 2069 rem
412 2001 547 2068 maxime
570 1998 688 2082 colunt.
729 1998 854 2062 Etenim
883 1997 911 2060 si
938 1997 1179 2061 Atheniensium
1206 2015 1294 2061 sacra
1322 2015 1443 2061 summa
1471 1995 1640 2079 cupiditate

325 2103 531 2179 expetuntur,
552 2093 592 2158 ad
612 2111 695 2176 quos
718 2092 812 2156 Ceres
833 2093 867 2156 in
887 2091 943 2156 illo
965 2111 1070 2155 errore
1091 2093 1215 2156 venisse
1238 2092 1352 2156 dicitur
1370 2091 1539 2176 frugesque
1559 2097 1641 2155 attu-

324 2191 416 2257 lisses
445 2195 593 2273 quanmm
614 2206 685 2250 esse
705 2187 890 2268 religionem
917 2187 1062 2250 convenit
1083 2205 1210 2260 eorum,
1239 2186 1321 2270 apud
1344 2205 1424 2270 quos
1445 2203 1515 2248 eam
1536 2191 1639 2249 naum

325 2302 395 2348 esse
418 2290 450 2346 et
469 2282 576 2364 fruges
598 2281 922 2344 invenisseconstatt
964 2281 1074 2364 ltaque
1103 2278 1187 2364 apud
1215 2288 1319 2365 patres
1342 2286 1464 2344 nostros
1486 2279 1585 2342 atroci
1604 2297 1641 2342 ac

288 2373 445 2442 mdifficili
466 2377 512 2439 rei
533 2373 678 2458 publicae
699 2382 859 2458 tempore,
888 2395 958 2440 cum
987 2375 1033 2437 Ti.
1063 2373 1201 2438 Graccho
1229 2374 1334 2438 occiso
1355 2393 1538 2455 magnorum
1558 2375 1642 2459 peri·

326 2471 468 2536 culorum
489 2477 590 2533 metus
612 2489 654 2533 ex
675 2470 807 2533 ostentis
830 2469 1076 2554 portenderetur,
1098 2469 1131 2530 Ρ.
1153 2469 1258 2532 Mucio
1280 2469 1315 2531 L.
1340 2467 1508 2550 Calpurnio
1531 2487 1642 2544 consu·

324 2566 407 2632 libus
429 2564 546 2627 aditum
568 2569 617 2627 cst
637 2563 677 2626 ad
698 2564 795 2627 libros
818 2563 1004 2646 Sibyllinos,
1035 2582 1076 2625 ex
1097 2562 1211 2645 quibus
1236 2563 1397 2626 inventum
1419 2567 1468 2624 est
1489 2560 1642 2625 esrem

325 2677 570 2732 narravissrursr
599 2675 736 2721 anacam
765 2677 937 2722 ornasses.
980 2659 1059 2720 Tum
1089 2677 1129 2718 ex
1151 2654 1342 2740 amplissimo
1364 2654 1498 2736 collegio
1520 2655 1642 2719 decem·

325 2753 415 2818 virali
436 2752 615 2815 sacerdotes
635 2751 742 2834 populi
756 2752 897 2826 Romani,
920 2772 988 2814 cum
1004 2758 1087 2814 esset
1101 2750 1133 2812 in
1148 2750 1226 2812 urbe
1241 2755 1346 2812 nostra
1362 2748 1483 2813 Cereris
1496 2749 1642 2833 pulcher-

289 2849 437 2910 atrimum
459 2852 491 2909 et
511 2845 856 2928 magnificentissimum
883 2845 1046 2929 templum,
1077 2852 1182 2908 tamen
1209 2863 1310 2927 usque
1337 2843 1483 2906 Hennam
1511 2845 1642 2928 proiecti

327 2948 408 3006 sunt.
429 2942 441 3012 l
452 2942 551 3004 Tanta
572 2946 638 3026 erat
659 2940 743 3003 enim
764 2940 933 3004 auctoritas
955 2946 988 3002 et
1012 2945 1150 3002 vetustas
1178 2938 1261 3002 illius
1288 2929 1464 3020 religionis)
1493 2946 1543 3012 ut,
1572 2959 1642 3002 carm

327 3035 402 3099 illuc
424 3035 515 3109 irent,
536 3025 604 3098 nori
623 3033 662 3097 ad
685 3034 796 3097 aedem
813 3033 942 3107 Cereris,
964 3032 1020 3096 sed
1042 3033 1081 3097 ad
1103 3033 1203 3115 ipsam
1219 3032 1362 3095 Cererem
1384 3031 1541 3114 proficisci
1555 3031 1643 3095 ride-

327 3136 444 3192 rentur.
494 3123 565 3190 loa.
597 3130 667 3191 Non
696 3127 867 3191 obtundam
896 3128 1030 3202 diutius;
1062 3127 1179 3191 etenim
1207 3126 1269 3190 iam
1296 3125 1414 3188 dudum
1441 3144 1569 3201 vereor,
1601 3145 1641 3189 ne

327 3223 427 3287 oratio
449 3241 519 3287 mea
540 3222 643 3286 aliena
665 3223 704 3285 ab
725 3221 914 3285 iudiciorum
935 3222 1057 3285 ratione
1080 3229 1111 3286 et
1131 3241 1150 3284 a
1173 3220 1356 3305 quotidiana
1370 3218 1495 3282 dicendi
1511 3240 1643 3284 consue-

289 3317 435 3382 aotudine
458 3336 527 3380 esse
556 3317 707 3380 videatur.
750 3316 817 3380 Hoc
839 3316 927 3389 dico,
954 3315 1036 3380 banc
1064 3316 1164 3400 ipsam
1195 3315 1356 3387 Cererem,
1384 3314 1643 3398 antiquissimam,

204 3456 210 3467 .
326 3411 607 3494 religiosissimam,
635 3410 810 3495 principem
832 3411 970 3474 omnium
993 3430 1166 3484 sacrorum,
1196 3428 1276 3492 quae
1298 3405 1383 3491 apud
1404 3427 1512 3471 omnes
1533 3417 1643 3492 gentes

327 3506 535 3589 nationesque
556 3505 647 3579 liunt,
668 3523 688 3567 a
710 3503 743 3568 C.
765 3505 863 3569 Verre
886 3525 927 3568 ex
947 3506 1011 3568 suis
1034 3504 1159 3587 templis
1181 3523 1218 3566 ac
1238 3502 1366 3565 sedibus
1388 3520 1457 3564 esse
1479 3502 1642 3568 sublatam.

328 3599 391 3677 Qui
420 3599 597 3664 accessistis
625 3599 788 3672 Hennam,
815 3598 936 3662 vidistis
966 3599 1163 3662 simulacrum
1194 3596 1315 3660 Cereris
1337 3617 1354 3658 e
1376 3613 1529 3658 marmore
1559 3603 1591 3660 et
1610 3597 1644 3659 in

327 3694 426 3757 altero
447 3693 564 3777 templo
586 3692 729 3756 Liberae.
772 3692 853 3755 Sunt
874 3712 912 3754 ea
932 3693 1091 3776 perampla
1119 3699 1212 3776 atque
1233 3691 1408 3774 praeclara,
1436 3689 1494 3753 sed
1515 3709 1580 3754 non
1601 3691 1644 3754 ita

290 3790 464 3872 etantiqua.
506 3788 556 3851 Ex
576 3807 648 3850 aere
669 3787 730 3851 fuit
750 3784 909 3870 quoddam
936 3785 1057 3854 modica
1086 3785 1287 3870 amplitudine
1319 3805 1356 3848 ac
1377 3784 1528 3866 singulari
1550 3805 1643 3869 opere

329 3903 400 3946 curn
420 3881 550 3957 facibus,
571 3881 802 3966 perantiquum,
825 3881 964 3943 omnium
984 3881 1121 3957 illorum,
1145 3900 1226 3965 quae
1248 3886 1322 3944 sunt
1338 3879 1371 3941 in
1386 3875 1523 3952 solano,
1545 3877 1643 3941 multo

394 4155 419 4204 l.
437 4158 512 4216 ntqaa
526 4153 572 4213 23,
590 4148 619 4202 l:
641 4156 665 4202 et
680 4150 745 4202 dett.
764 4151 793 4202 0.
814 4177 841 4187 —
860 4150 986 4201 misserat
1002 4151 1062 4202 cod.
1086 4148 1200 4201 Turnebi
1221 4150 1248 4218 et
1265 4149 1333 4213 Lg29
1356 4147 1399 4213 [de
1416 4161 1469 4213 quo
1490 4149 1547 4200 sine
1563 4162 1642 4202 causa

328 4231 431 4295 Zumpt.
449 4228 598 4294 dubitavltJ:
625 4228 738 4278 lottaaa'mt
753 4228 799 4288 11³,
817 4225 846 4286 l;
873 4226 994 4276 lmttaalma‘
1010 4225 1075 4276 dett.
1096 4253 1123 4263 -
1142 4225 1166 4277 3.
1180 4238 1260 4288 prope
1276 4225 1321 4284 aa,
1339 4221 1367 4273 l:
1392 4227 1497 4286 prepter
1512 4225 1580 4288 Lgta
1595 4224 1642 4284 li;

324 4311 429 4369 propter
444 4319 500 4356 corn
516 4305 620 4369 6Lagg.
632 4303 690 4355 rell.
712 4305 735 4368 (a
752 4302 849 4368 quibus
866 4301 962 4352 deinde
976 4315 1019 4352 vv.
1032 4307 1066 4352 eat
1082 4301 1200 4364 spelenco
1210 4327 1247 4338 --
1258 4300 1387 4351 mondino
1403 4311 1454 4360 quo
1470 4298 1585 4364 abeunt)
1604 4299 1642 4351 Ct.
1730 4349 1736 4366 ,

328 4379 412 4432 lland.
432 4379 540 4433 Tursell.
552 4380 595 4430 1v.
609 4393 635 4444 p.
649 4379 705 4430 609.
724 4377 800 4430 Halm
817 4377 851 4428 ad
868 4390 906 4427 or.
920 4379 1037 4442 Pompei.
1057 4377 1080 4442 5.
1095 4379 1134 4429 43.
1147 4377 1220 4428 te—
1239 4376 1263 4428 l.
1283 4388 1377 4437 ecquo
1388 4376 1448 4424 1..-
1467 4375 1491 4424 5.
1505 4376 1567 4426 etl.
1579 4375 1645 4425 mtt-

328 4457 383 4508 tae
394 4456 422 4507 ll.
442 4451 555 4520 (battare
565 4455 652 4520 priore
663 4453 722 4505 loco
732 4453 820 4517 agno.)
834 4480 862 4489 —
875 4452 899 4502 6.
919 4451 950 4504 ob
967 4453 1056 4514 Sarac.
1070 4453 1147 4516 Lgtll.
1162 4480 1189 4490 -
1203 4451 1227 4502 9.
1240 4453 1328 4502 bonam
1338 4450 1389 4501 aa:
1408 4463 1494 4501 soram
1503 4450 1568 4502 dett.
1582 4450 1643 4500 0.-

327 4532 374 4582 ltu
389 4532 468 4590 sicR;
489 4530 520 4582 lla
534 4529 623 4591 llalm,
642 4541 695 4594 quo
713 4541 766 4580 non
783 4529 824 4579 est
840 4540 915 4592 opus.
938 4527 1004 4592 [Vld.
1026 4541 1052 4592 p.
1066 4529 1126 4588 369,
1144 4541 1170 4578 v.
1183 4527 1235 4592 aa]
1253 4527 1417 4590 Pronomints
1435 4525 1507 4576 enlm
1524 4524 1644 4576 eiusdem

328 4615 426 4668 turmas
443 4615 482 4666 sic
499 4601 661 4679 componere
678 4611 745 4664 solet
761 4613 869 4670 Cicero;
888 4611 920 4663 ct.
939 4613 981 4662 lll.
1000 4611 1024 4676 5.
1043 4613 1083 4664 37.
1102 4612 1159 4663 486.
1177 4612 1218 4662 1v.
1237 4611 1261 4676 5.
1280 4611 1337 4662 406.
1352 4637 1379 4647 -
1398 4611 1438 4662 lo.
1455 4622 1553 4672 rsppar.
1570 4610 1600 4659 a.
1615 4635 1643 4644 -

329 4693 370 4742 lt.
388 4690 541 4752 bmeoaiaR,
560 4691 624 4740 item
634 4702 660 4739 v.
674 4689 714 4740 tlt.
730 4715 756 4725 -
776 4689 815 4738 42.
828 4687 989 4739 declararant
1005 4689 1073 4740 coni.
1086 4687 1221 4738 Benedict.
1236 4713 1264 4725 -
1285 4688 1324 4737 la.
1342 4687 1440 4751 papan
1451 4688 1528 4749 legg.
1547 4685 1643 4736 dett.-

328 4767 369 4816 so.
390 4765 483 4816 Tiberio
500 4767 529 4816 ll.
550 4792 577 4802 -
595 4765 636 4816 24.
654 4764 734 4815 liutto
749 4763 779 4814 a.
794 4789 821 4800 -·
840 4764 868 4813 L.
887 4777 940 4815 om.
960 4767 1037 4828 lagg.
1056 4765 1163 4829 praeter
1178 4764 1219 4812 27.
1234 4789 1261 4800 -
1274 4763 1314 4814 22.
1333 4763 1449 4813 utillima
1465 4761 1494 4812 R.
1510 4788 1537 4798 -
1550 4774 1583 4811 aa
1597 4759 1643 4821 aa,

330 4841 410 4905 agna:
432 4839 541 4902 odett..
560 4853 613 4892 om.
632 4840 661 4890 0.
682 4865 708 4877 -
728 4837 769 4890 22.
789 4837 884 4888 Cereris
900 4852 953 4890 om.
971 4840 1049 4903 Lagg.
1071 4865 1098 4875 -
1116 4839 1156 4889 25.
1175 4839 1287 4888 Hennam
1303 4839 1331 4900 a,
1350 4838 1433 4902 igne:
1450 4837 1551 4888 Eanum
1567 4837 1596 4886 0.
1615 4863 1642 4872 -

329 4918 371 4968 26.
389 4921 444 4967 erut
459 4917 525 4968 erim
540 4918 575 4968 ll:
599 4917 664 4966 cutm
679 4919 734 4965 eret
751 4914 796 4975 Gt,
815 4913 879 4964 dett.
898 4913 927 4964 0.
948 4941 975 4952 -
992 4915 1033 4964 27.
1052 4912 1094 4964 aad
1109 4913 1190 4975 ipsam
1212 4912 1289 4976 agna.
1310 4939 1337 4950 -
1356 4912 1397 4964 28.
1415 4912 1551 4975 optandam
1566 4911 1595 4961 ll.
1616 4935 1643 4946 -

276 5009 278 5013 ·
330 4992 422 5042 Emtae
438 4991 488 5053 23,
507 4993 536 5051 C,
554 4991 570 5042 3
587 4989 666 5042 codd.
684 4987 776 5041 Lamb.
801 4988 834 5052 (v.
854 4989 938 5040 Madv.
956 5002 982 5055 p.
1001 4989 1066 5052 32.);
1094 4988 1186 5038 diutina
1207 5001 1281 5038 uacca
1301 4993 1396 5039 oestrus
1418 4986 1482 5038 dett.
1501 4987 1531 5036 0.
1557 4985 1645 5049 [etlam

330 5068 413 5132 ussa,
436 5067 470 5120 de
490 5081 543 5134 quo
564 5065 636 5133 apud
655 5067 758 5132 Zumpt.
777 5067 895 5116 erratum
918 5063 977 5129 eet]
997 5089 1025 5101 -
1043 5063 1132 5114 mentm
1148 5076 1201 5115 om.
1220 5064 1297 5126 lagg.
1319 5064 1425 5128 praeter
1441 5061 1481 5124 29,
1500 5061 1528 5112 0.
1549 5085 1577 5096 -
1594 5061 1647 5110 tom

333 5146 377 5198 dtu
392 5144 468 5213 Egit.
488 5170 515 5182 -
534 5143 576 5197 29.
594 5146 618 5194 et
633 5155 652 5193 o
667 5140 712 5204 22,
731 5139 760 5191 λι
778 5153 797 5191 o
812 5153 866 5192 om.
884 5138 950 5192 dett.
968 5139 997 5190 0.
1017 5165 1046 5178 -
1064 5139 1201 5190 mtttdtorto
1216 5138 1246 5192 R.
