3648 5888
756 447 991 536 sarr-oe.
1473 440 1529 516 col

214 615 1534 660 {*{※**dr*****ss

214 711 1532 752 ***※***※※****

212 798 263 864 52.
286 801 320 864 Si
343 799 416 884 quis
436 797 538 866 lucem
561 801 729 876 occiderit,
751 802 869 866 iniuria
890 800 1052 866 occiderit.
1086 800 1189 878 Quam
1211 799 1253 863 ob
1274 801 1364 863 remi
1386 798 1470 876 Quia
1484 799 1534 863 ius

213 896 420 960 constitutum
451 896 575 960 nullum
609 905 666 961 est.
699 896 808 973 Quiur
843 897 870 960 si
900 918 934 961 se
964 894 1028 959 telo
1064 894 1265 960 defenderit?
1305 895 1377 959 Non
1406 895 1533 960 iniuria.

213 990 298 1067 Quid
319 990 389 1052 ital
419 989 503 1066 Quia
523 992 731 1056 constitutum
752 996 809 1055 est.
879 986 899 1025 *
986 987 1005 1025 *
1091 985 1110 1024 *
1196 988 1243 1059 *s
1302 987 1322 1024 *
1408 986 1428 1025 ³*
1514 987 1571 1043 *ὅ

214 1091 233 1129 ἢ
326 1092 345 1129 ᾗ
438 1093 458 1129 ἢ
552 1093 571 1130 ἢ
662 1093 681 1130 ie
777 1093 796 1130 ἦ
882 1091 901 1129 ἦ
988 1093 1008 1129 lt
1093 1093 1113 1130 ‘R
1198 1093 1218 1130 ἣ
1303 1095 1324 1132 ³4¹
1409 1093 1428 1130 ἕ
1513 1093 1534 1130 i

212 1177 263 1243 53.
285 1187 522 1248 tamenserum
544 1179 665 1244 factum
686 1187 785 1257 esset,
815 1189 920 1243 tamen
942 1180 975 1242 in
998 1199 1037 1244 eo
1058 1180 1130 1264 ipso
1151 1179 1240 1256 loco,
1263 1182 1320 1266 qni
1342 1189 1416 1246 tuus
1439 1185 1533 1256 esset,

213 1295 278 1338 non
298 1275 394 1338 modo
417 1295 525 1339 servos
546 1276 588 1338 ld.
611 1275 707 1338 Tullii
729 1274 875 1338 occidere
897 1275 966 1338 iure
988 1294 1053 1338 non
1075 1275 1225 1358 potuisti,
1255 1295 1365 1340 verum
1388 1276 1482 1339 etiam
1505 1273 1533 1337 si

213 1375 329 1434 tectum
350 1370 412 1433 hoc
433 1370 588 1433 insciente
610 1377 666 1433 aut
685 1368 829 1452 pervim
849 1367 1020 1433 demolitus
1041 1387 1143 1444 esses,
1167 1369 1256 1453 quod
1275 1370 1328 1433 hic
1348 1371 1383 1434 in
1403 1377 1459 1433 tuo
1481 1389 1534 1432 ae·

213 1461 371 1528 dilicasset
400 1470 432 1527 et
460 1484 553 1527 suum
582 1483 652 1527 esse
679 1463 877 1539 detenderet,
906 1462 939 1525 id
960 1463 992 1526 vi
1013 1470 1069 1526 aut
1090 1463 1170 1526 clam
1190 1462 1308 1527 iactum
1329 1463 1569 1528 iudicaremur

213 1561 261 1622 Tu
284 1561 353 1642 ipse
375 1559 438 1620 iam
460 1565 581 1632 statue,
603 1577 830 1643 quamverum
852 1557 907 1632 sit,
940 1578 1012 1620 cum
1033 1576 1152 1642 paucas
1172 1557 1294 1640 tegulas
1316 1557 1453 1622 deiicere
1473 1560 1533 1621 im-

212 1673 299 1738 pune
319 1652 440 1716 familia
462 1659 518 1716 tua
538 1671 604 1715 non
626 1653 782 1735 potuerit,
804 1652 973 1715 maximam
996 1650 1124 1714 caedem
1146 1652 1214 1714 sine
1229 1650 1341 1717 fraude
1355 1654 1459 1718 facere
1475 1673 1534 1737 po·
1556 1683 1558 1690 v

212 1749 322 1811 tuisse.
362 1746 430 1828 Ego
457 1747 527 1828 ipse
554 1754 638 1810 tecto
669 1746 724 1809 illo
746 1746 923 1810 disturbato
946 1747 973 1810 si
993 1745 1090 1810 hodie
1112 1745 1288 1828 postulem,
1317 1748 1404 1831 quod
1425 1748 1456 1810 ri
1477 1755 1534 1810 aut

214 1842 295 1905 clam
315 1840 434 1904 laetum
456 1840 513 1915 sit,
535 1849 570 1902 tu
584 1849 640 1904 aut
656 1860 715 1923 per
727 1841 878 1902 arbitrum
895 1841 1042 1902 restituas
1057 1846 1113 1902 aut
1126 1839 1300 1921 sponsione
1314 1841 1534 1904 condemneris

140 1968 145 1980 ·
213 1955 344 2000 necesse
366 1941 424 1998 est.
463 1935 553 1997 Nunc
573 1934 636 1997 hoe
660 1933 809 2017 probabis
830 1933 906 1996 viris
927 1933 1061 2007 talibus,
1091 1953 1165 1997 cum
1185 1931 1365 1998 aedilicium
1385 1943 1441 1999 tuo
1463 1935 1570 2000 iure⁴⁵

214 2029 392 2092 disturbare
414 2048 478 2092 non
500 2030 658 2112 potueris,
680 2029 768 2114 quod
790 2035 890 2102 esset,
911 2027 1181 2112 quemadmodum
1196 2036 1231 2091 tu
1246 2029 1313 2105 vis,
1333 2030 1455 2105 intuo,
1475 2030 1534 2094 ho-

214 2123 330 2198 mines,
353 2122 463 2207 quiin
487 2143 525 2187 eo
548 2121 692 2188 aedificio
714 2122 847 2198 luerint,
869 2130 901 2186 te
923 2130 979 2186 tuo
1001 2123 1070 2186 iure
1091 2124 1236 2205 potuisse
1258 2125 1429 2190 occiderat

298 2214 348 2279 ol.
369 2218 410 2280 At
431 2237 541 2282 servus
563 2237 653 2282 meus
674 2237 741 2281 non
764 2223 942 2300 comparet,
965 2218 1021 2300 qui
1043 2218 1131 2281 visus
1153 2225 1202 2282 est
1222 2237 1295 2282 eum
1309 2219 1394 2296 tuis;
1416 2228 1449 2283 at
1462 2239 1536 2285 casa

215 2331 285 2375 mea
307 2319 354 2376 est
374 2311 506 2376 incensa
527 2331 546 2376 a
567 2314 640 2378 tuis.
674 2312 760 2388 Quid
782 2312 822 2376 ad
843 2311 924 2375 haec
944 2310 1177 2393 respondeam?
1206 2311 1339 2376 Ostendi
1353 2313 1433 2381 salsa
1446 2333 1540 2386 esser,

215 2427 322 2470 verum
338 2413 443 2469 tamen
465 2403 649 2470 confitebor.
682 2407 768 2484 Quid
783 2409 917 2490 posteat
938 2405 1008 2469 Hoc
1022 2407 1177 2490 sequitur,
1198 2413 1236 2470 ut
1247 2406 1369 2473 familia
1381 2411 1423 2473 M.
1439 2409 1572 2472 Tulliiao

217 2499 339 2563 concidi
367 2503 571 2583 oportuerit?
604 2503 667 2565 Vix
696 2501 892 2575 mehercule,
920 2508 958 2564 ut
987 2501 1108 2562 corium
1129 2500 1212 2584 peti;
1244 2501 1318 2576 vix,
1351 2509 1388 2565 ut
1408 2503 1536 2586 padus

215 2594 429 2676 expostulari:
450 2615 562 2659 verum
583 2603 620 2658 ut
641 2615 727 2660 esses
749 2595 953 2669 durissimus,
975 2593 1026 2676 agi
1048 2593 1178 2677 quidem
1192 2594 1311 2658 usitato
1326 2596 1395 2660 iure
1410 2605 1442 2659 et
1456 2615 1536 2680 quo-

213 2687 334 2752 tidiana
361 2689 486 2752 actione
515 2691 630 2773 potuit.
668 2689 754 2766 Quid
781 2711 862 2786 opus
890 2689 953 2754 fuit
979 2689 1037 2752 vit
1070 2688 1148 2773 quid
1176 2692 1305 2754 minatis
1325 2689 1535 2755 hominibusi

213 2781 292 2865 quid
314 2783 432 2847 caedet
454 2784 533 2869 qnid
555 2786 732 2868 sanguinet

298 2873 350 2940 55.
382 2877 423 2942 lt
449 2879 533 2942 enirn
562 2885 780 2963 oppugnatum
801 2900 852 2943 me
872 2879 1007 2943 fortasse
1027 2880 1199 2944 venissent.
1212 2867 1318 2949 (Haec
1339 2889 1389 2947 est
1409 2883 1574 2948 illorumao
1617 2847 1718 2980 ..ζμ

212 2973 245 3037 in
268 2993 365 3038 eausa
387 2973 512 3056 perdita
533 2983 676 3039 extrema
697 2994 762 3038 non
784 2973 884 3038 oratio
907 2993 1012 3058 neque
1034 2974 1192 3050 defensio,
1222 2961 1484 3041 sed'conicctura
1505 2985 1537 3042 et

213 3068 305 3152 quasi
328 3068 512 3167 divinatio.)
536 3069 586 3132 llli
609 3076 829 3152 oppugnatum
848 3069 974 3132 venturi
997 3075 1102 3132 erant:
1132 3071 1251 3152 queml
1282 3069 1426 3136 Fabium.
1463 3073 1536 3149 Quo

213 3161 371 3226 consilio‘l
402 3163 442 3226 Ut
464 3161 655 3226 occiderent.
688 3163 794 3238 Quam
817 3162 858 3225 ob
880 3165 1029 3225 causam?
1061 3161 1150 3238 Quid
1170 3169 1207 3225 nt
1228 3160 1439 3246 proficerent?
1473 3166 1537 3244 Qui

214 3258 420 3340 comperisti?
448 3257 504 3332 Et,
526 3266 564 3322 ut
584 3272 651 3322 ram
672 3253 874 3342 perspicuam
897 3275 993 3340 quam
1013 3255 1215 3339 paucissimis
1229 3257 1335 3322 verbis
1349 3277 1456 3342 agam,
1479 3260 1539 3324 du·

213 3351 307 3414 bitari
327 3350 391 3414 hoc
412 3358 532 3435 potest,
561 3352 808 3434 reciperatores,
836 3350 900 3414 utri
923 3369 1124 3432 oppugnasse
1145 3350 1329 3428 videantur,
1353 3353 1409 3438 qui
1424 3354 1465 3419 ad
1479 3355 1575 3418 vil-so

212 3444 278 3508 lam
299 3454 455 3509 venerunt
475 3465 516 3510 an
538 3445 595 3530 qui
616 3445 742 3510 invilla
761 3447 970 3510 manserunt?
1003 3440 1056 3508 56.
1079 3444 1136 3530 qui
1159 3445 1257 3510 occisi
1278 3455 1353 3511 sunt
1374 3468 1415 3513 an
1436 3449 1476 3526 ii,
1495 3467 1539 3514 ex

214 3557 353 3622 quorum
379 3559 512 3605 numero
542 3540 670 3604 saucius
690 3538 792 3602 lactus
814 3547 863 3602 est
883 3542 1005 3603 namot
1034 3539 1091 3623 qui
1114 3558 1172 3602 cur
1191 3537 1335 3604 iacerent
1356 3561 1453 3606 causa
1472 3561 1537 3606 non

213 3631 277 3696 fuit
297 3651 338 3697 an
359 3631 399 3710 ii,
421 3635 477 3719 qui
498 3634 613 3699 fecisse
635 3653 670 3698 se
688 3630 904 3698 confitentur?
931 3635 1067 3709 Verum,
1089 3640 1126 3696 ut
1145 3633 1208 3697 hoe
1228 3634 1286 3698 tihi
1309 3635 1451 3712 credam,
1474 3655 1539 3699 me·

213 3727 315 3794 tuisse
343 3734 375 3794 te
402 3748 444 3793 ne
473 3749 710 3814 oppugnarem,
739 3729 811 3813 quis
835 3730 898 3793 hoc
920 3729 1031 3794 statuit
1051 3747 1219 3814 umquam,
1246 3733 1302 3794 aut
1332 3729 1384 3793 cui
1407 3729 1538 3796 concedi

279 3949 303 4004 3.
322 3951 351 4004 St
367 3951 432 4015 cet]
453 3951 572 4004 Servavit
592 3951 662 4003 hanc
683 3951 707 4016 g.
728 3948 808 4002 lulius
829 3949 981 4002 ltnflnlanus
1004 3949 1038 4002 de
1061 3951 1115 4016 Τίς.
1133 3953 1202 4004 sent.
1228 3963 1251 4002 c.
1270 3951 1294 4004 8.
1312 3963 1340 4018 p.
1358 3951 1416 4004 204.
1434 3951 1536 4003 Ruhnk.

213 4023 357 4081 Verisslme
368 4026 504 4080 Kellerus:
525 4027 629 4080 sllocce
647 4027 824 4094 lragmentum
836 4028 863 4076 et
873 4024 930 4088 illa,
949 4037 1018 4090 quae
1031 4039 1046 4078 e
1057 4025 1117 4077 lolio
1129 4025 1194 4077 Vlll.
1212 4027 1367 4078 Taurinensi
1378 4025 1539 4078 antecedunt

215 4107 343 4168 extrema
358 4118 391 4156 ea
403 4117 457 4156 non
471 4105 614 4170 potuerunt
628 4104 654 4155 ln
670 4105 771 4168 integra
782 4102 901 4152 oratione
912 4111 1008 4166 magno
1024 4099 1160 4154 intervallo
1176 4101 1246 4153 inter
1256 4115 1286 4154 se
1299 4101 1424 4154 dlsme.»
1434 4127 1461 4140 -
1475 4099 1538 4167 pete]

214 4181 258 4241 out
269 4193 330 4234 cam
341 4179 496 4233 ltulrnlrcnlo
508 4180 563 4230 oT.
582 4177 621 4232 cl.
633 4191 660 4246 p.
674 4179 730 4231 too.
744 4191 769 4230 v.
782 4177 823 4229 26.
839 4203 867 4214 -
885 4176 909 4227 Τ.
921 4189 1009 4227 oman
1017 4177 1172 4244 foctwansr
1180 4177 1232 4228 um
1241 4177 1337 4242 factam
1347 4177 1401 4228 Bo.
1419 4177 1459 4229 Ad
1467 4176 1540 4228 locu·

214 4254 314 4308 tionem
321 4253 598 4322 ompssxellsms
609 4255 711 4307 conlert
717 4252 992 4315 seclusos-oso,
1005 4257 1088 4304 samm
1098 4251 1133 4318 ta]
1142 4263 1429 4306 sssnrsouuonossuros
1444 4256 1448 4312 Ι
1462 4263 1540 4304 rus·

213 4339 260 4381 utu
269 4329 298 4394 T,
311 4331 515 4382 antummodo
525 4341 616 4380 remos
636 4329 727 4380 Torua
737 4329 764 4378 tn
775 4331 803 4392 P,
816 4333 885 4380 essct.
904 4327 963 4392 [con
978 4329 1051 4379 modo
1062 4342 1152 4380 recor.
1172 4327 1271 4394 Ternas}
1283 4329 1310 4378 tn
1320 4324 1374 4388 ΒΟ,
1392 4331 1461 4390 essct,
1481 4325 1539 4391 [aaa

213 4405 287 4456 modo
302 4405 393 4472 mor]
411 4411 494 4458 tornes
504 4405 532 4456 ta
543 4406 608 4468 llll,
627 4417 695 4469 quos
712 4406 820 4455 secutus
836 4415 897 4454 snm
915 4402 1008 4456 deletis
1025 4417 1093 4469 quae
1110 4402 1145 4454 illi
1155 4402 1330 4456 secluserunt.
1356 4403 1539 4455 Certsslmum

215 4480 287 4532 enim
303 4483 353 4544 est,
371 4481 522 4534 verbasco
537 4481 610 4532 modo
626 4492 711 4531 seruos
727 4493 741 4530 e
759 4479 882 4544 sequenti
892 4493 973 4531 versu
989 4479 1043 4532 huc
1058 4481 1212 4545 irrepsisse,
1231 4492 1293 4530 cum
1305 4477 1397 4530 oculus
1412 4477 1539 4528 librariis

214 4555 302 4620 prlore
325 4555 410 4608 verbo
429 4569 509 4609 asser
528 4556 562 4607 ad
585 4556 718 4622 posterius
738 4553 900 4605 aberrasset.
926 4554 964 4606 Cl.
983 4555 1017 4605 ad
1035 4555 1059 4620 5.
1077 4555 1118 4606 30.
1147 4555 1310 4606 Sententiam
1330 4554 1365 4605 de
1386 4553 1539 4604 conlectura

214 4629 288 4681 hand
304 4632 368 4682 satis
385 4634 514 4684 concinne
532 4634 568 4685 lta
584 4629 717 4697 supplevit
733 4629 899 4682 lluschlrlus:
925 4629 1063 4698 Stlpttsr,
1084 4631 1112 4682 L.
1127 4631 1223 4694 Quieti,
1247 4629 1285 4680 tto
1301 4642 1409 4693 quoquae,
1432 4627 1539 4680 stttlm

214 4705 297 4768 pm
320 4705 414 4770 boun,
439 4708 467 4758 tn
489 4720 539 4770 pao
560 4706 773 4771 samdtotaall.
793 4705 1070 4768 numeneus,
1097 4703 1539 4771 tammoerranatosactrm

215 4779 678 4849 eeoetlattdtemeaoertonfocttan
693 4781 772 4846 emt),
792 4781 1210 4844 tomeniaeotprotococct.—
1229 4779 1253 4832 8.
1274 4777 1537 4831 narraris.-

216 4856 257 4906 tt.
276 4866 322 4906 m
332 4856 363 4918 Τ,
378 4856 526 4920 poroth.
541 4885 569 4895 -
586 4859 626 4910 lt.
639 4856 963 4920 ddcentnprmTPBll.
978 4881 1006 4892 -
1025 4856 1192 4920 lapsana.
1208 4855 1340 4921 EpoBO:
1357 4863 1540 4906 mmsssrsoo

215 4930 249 4994 T,
263 4932 392 4995 meatem.
410 4932 505 4998 spor,
520 4933 636 4996 potatus.
655 4932 815 4999 Etepollll.
835 4929 958 4996 cruos.
975 4933 1015 4982 43.
1030 4957 1058 4968 -
1077 4931 1258 4998 l8..lt--at]
1274 4928 1406 4982 Ad--ad
1421 4925 1536 4978 ΤΡΒΗ.

216 5029 246 5042 -
264 5005 305 5058 20.
325 5005 389 5057 ΜΤ
404 5006 552 5059 Tl’Bllll.
566 5035 594 5046 -
612 5008 654 5059 at.
671 5009 768 5059 cotim
781 5005 843 5072 poti]
861 5004 1015 5056 Ctscneca
1032 5003 1066 5056 de
1083 5007 1167 5057 const.
1180 5016 1237 5070 sap.
1251 5002 1291 5056 rt.
1306 5031 1334 5042 -
1352 5004 1394 5056 22.
1411 5001 1540 5052 cotidiana

215 5088 359 5143 TPBllL
379 5113 407 5128 -
431 5089 471 5144 34.
489 5102 723 5146 murmurum
738 5091 767 5144 T.
786 5117 815 5127 -
833 5089 875 5144 32.
891 5101 1006 5144 sarccrrs
1022 5089 1050 5142 T.
1075 5115 1104 5129 -·
1121 5091 1162 5144 33.
1178 5072 1317 5145 rsoussrr'
1332 5088 1361 5140 Τ.
1380 5113 1407 5124 -
1430 5083 1471 5137 tl.
1493 5083 1539 5138 ct-

210 5166 490 5233 ltttaatm'l'l’flll.
509 5193 538 5208 -·
555 5179 747 5231 enormem
761 5167 791 5220 T.
901 5213 910 5231 ,
