3578 5862
498 435 571 500 oe.
592 433 855 500 xxx-xxxa.
881 431 939 518 pp.
961 431 1107 498 ai-se.
1404 417 1466 490 oea

144 625 224 670 num
245 605 372 689 privatis
393 604 487 686 gratis
509 603 601 668 Rullo
623 610 754 686 rogante
776 604 897 680 tradat,
918 624 983 668 non
997 603 1231 669 commovebit?
1261 604 1358 688 Atqui
1380 603 1465 668 idem

146 696 282 781 populus
305 699 464 760 Romanus
486 697 526 760 de
547 698 608 761 hoc
630 699 777 781 vectigali
799 706 905 782 potest
926 698 1047 773 dicere,
1070 699 1156 783 quod
1174 697 1227 762 ille
1242 699 1281 762 de
1297 718 1354 762 suo
1368 698 1467 761 brndo

146 791 267 854 dixisse
289 791 427 854 dioitun·
446 791 521 854 Asia
543 792 659 855 multos
681 812 781 859 annos
802 793 893 856 vobis
915 793 1051 856 fructum
1065 793 1275 856 Mithridatico
1297 792 1381 855 bello
1402 811 1466 854 non

145 884 235 958 tulit;
257 883 481 966 Hispaniarum
502 885 636 968 vectigal
658 887 853 970 temporibus
876 887 1065 950 Sertorianis
1092 886 1214 950 nullum
1235 885 1311 962 fuit;
1341 886 1466 950 Siciliae

145 977 324 1040 civitatibus
344 978 429 1040 bello
450 979 652 1061 fiagitivorum
668 981 718 1043 Μ’.
731 981 878 1064 Aquilius
894 982 987 1044 etiam
1001 986 1144 1045 mutuam
1159 980 1349 1044 frumentum
1365 978 1489 1042 deditza

144 1079 179 1134 at
208 1091 249 1134 ex
270 1071 330 1134 boo
352 1073 497 1155 vectigali
518 1092 692 1156 numquam
714 1075 815 1138 malus
838 1075 967 1137 nuntius
989 1074 1116 1138 auditus
1139 1081 1195 1137 eat.
1240 1074 1350 1137 Cetera
1370 1074 1469 1136 vecti·

144 1167 228 1249 galia
250 1166 326 1228 belli
349 1162 585 1230 difficultatibus
608 1167 806 1251 affligunturz
828 1169 888 1231 boc
903 1168 1043 1250 vectigali
1067 1169 1163 1250 eligam
1176 1167 1252 1231 belli
1267 1167 1470 1231 difficultates

143 1267 371 1324 sustentantur.
414 1256 465 1322 Sl.
487 1261 609 1325 Deinde
633 1262 667 1324 in
694 1262 753 1326 bac
774 1262 987 1344 assignatione
1009 1281 1155 1344 agrorum
1177 1280 1217 1324 ne
1239 1260 1317 1324 illud
1340 1261 1470 1344 quidem

144 1354 211 1418 dici
232 1359 352 1437 potest,
376 1355 462 1436 quod
483 1354 516 1416 in
540 1355 667 1429 ceteris,
690 1374 783 1438 agros
806 1357 947 1418 desertos
969 1375 988 1418 a
1009 1355 1102 1437 plebe
1124 1362 1222 1439 atque
1237 1375 1257 1418 a
1271 1355 1391 1418 cultura
1411 1355 1471 1418 ho·

144 1450 266 1511 minum
288 1447 459 1510 liberorum
481 1467 550 1511 esse
572 1470 637 1512 non
659 1457 814 1532 oportere.
857 1450 975 1511 XXXl.
999 1450 1051 1512 Sic
1073 1449 1157 1512 enim
1179 1449 1267 1513 dico:
1290 1450 1316 1513 si
1340 1449 1506 1532 Campa-ao

144 1563 207 1606 nus
228 1561 304 1624 ager
324 1540 500 1615 dividatur,
524 1543 681 1606 exturbari
705 1550 736 1606 et
758 1543 876 1626 expelli
898 1543 1024 1625 plebem
1046 1563 1086 1606 ex
1108 1543 1205 1626 agris,
1235 1563 1301 1607 non
1323 1543 1470 1608 constitui

146 1645 179 1698 et
209 1635 367 1699 collocari.
411 1637 507 1698 Totus
537 1637 622 1712 enim
651 1655 726 1720 ager
749 1637 926 1719 Campanus
948 1637 1063 1700 colitur
1085 1642 1118 1699 et
1137 1637 1318 1720 possidetur
1339 1657 1357 1700 a
1378 1638 1471 1720 plebe

146 1738 179 1794 et
200 1750 218 1792 a
240 1728 332 1812 plebe
354 1729 472 1810 optima
493 1737 524 1792 et
545 1730 792 1805 modestissima,
815 1731 900 1814 quod
924 1751 1023 1812 genua
1045 1732 1207 1794 bominum
1230 1733 1347 1815 optime
1369 1752 1471 1795 mora-

146 1833 233 1898 tum,
255 1823 445 1906 optimorum
468 1832 500 1887 et
521 1833 677 1888 aratorum
700 1832 732 1888 et
753 1825 903 1898 militum,
926 1824 965 1887 ab
979 1825 1040 1888 boc
1059 1825 1214 1908 plebicola
1228 1826 1355 1890 tribuno
1369 1824 1472 1909 plebis

145 1916 290 1980 funditus
313 1917 449 1980 elicitur.
485 1921 589 2002 atque
611 1918 660 1981 illi
682 1919 805 1989 miseri,
830 1920 895 1981 nati
916 1918 1033 1981 inillis
1055 1921 1139 2000 agris
1161 1927 1193 1982 et
1208 1920 1348 1994 educati,
1370 1919 1507 2004 glebism

146 2011 331 2093 subigendis
353 2011 534 2085 exercitati,
557 2031 622 2096 quo
645 2032 679 2076 se
694 2013 797 2076 subito
813 2009 977 2075 conferant
990 2031 1054 2075 non
1068 2011 1247 2075 habebunt:
1268 2014 1319 2077 bis
1333 2012 1473 2077 robustis

147 2113 179 2167 et
200 2104 375 2168 valentibus
398 2112 429 2168 et
449 2105 620 2170 audacibus
635 2106 847 2170 decemvirum
862 2105 1049 2169 satellitibus
1064 2106 1131 2188 agri
1147 2106 1295 2191 Campani
1309 2106 1471 2191 possessio

146 2205 212 2262 totu
234 2198 387 2272 tradetur,
416 2206 463 2273 et,
493 2206 528 2262 ut
548 2219 605 2263 vos
627 2220 713 2264 nunc
736 2199 775 2262 de
798 2199 910 2262 vestris
932 2199 1103 2262 maioribus
1126 2201 1333 2282 praedicatis:
1361 2201 1472 2263 allano

146 2312 257 2375 agrum
290 2292 380 2355 nobis
407 2293 542 2356 maiores
571 2294 669 2357 nostri
700 2293 899 2376 reliquerunt
915 2313 944 2354 ε»
974 2293 1021 2356 sic
1048 2295 1145 2356 vestri
1174 2295 1292 2377 posteri
1320 2293 1472 2358 devehis

146 2386 396 2468 praedicabuntr
420 2387 530 2450 ullunc
551 2407 661 2470 agrum
682 2396 787 2470 patres
809 2387 908 2450 nostri
930 2393 1091 2469 acceptum
1110 2407 1129 2450 a
1149 2388 1292 2469 patribus
1315 2389 1381 2452 suia
1401 2407 1507 2470 per-ao

147 2481 323 2543 diderunto
368 2478 599 2564 sanquinem
629 2481 789 2557 existimo,
821 2483 847 2545 si
878 2483 1091 2564 iam⁸oampua
1113 2481 1243 2544 Martius
1265 2481 1421 2546 dividatur
1442 2490 1475 2544 et

147 2575 203 2636 uni
226 2575 341 2656 cuique
363 2583 501 2639 vestrum
523 2575 577 2638 ubi
601 2575 752 2638 consistat
771 2576 837 2638 bini
859 2575 957 2660 pedes
979 2574 1195 2656 assignentur,
1217 2583 1321 2639 tamen
1342 2577 1473 2659 promis-

146 2689 205 2731 cue
228 2674 293 2732 toto
316 2687 413 2752 qnam
435 2669 565 2751 proprie
586 2689 683 2754 parva
703 2668 766 2732 frui
787 2677 876 2752 parte
898 2668 1025 2732 malitis.
1063 2668 1167 2744 Quare
1190 2669 1284 2732 etiam
1306 2671 1332 2733 ai
1354 2671 1394 2733 ad
1415 2687 1473 2732 vos

146 2769 231 2826 esset
258 2762 401 2845 singulos
428 2762 550 2846 aliquid
574 2783 615 2826 ex
636 2763 697 2826 boe
721 2782 796 2844 agro
821 2770 1064 2845 perventurum,
1093 2763 1149 2847 qui
1171 2764 1260 2827 vobis
1282 2765 1472 2837 ostenditur,

145 2856 216 2919 aliis
238 2864 453 2940 comparatur,
475 2863 581 2920 tamen
603 2857 767 2920 honestius
790 2877 863 2919 eum
885 2876 942 2920 vos
964 2857 1105 2920 universi
1119 2877 1215 2941 quam
1234 2857 1350 2941 singuli
1372 2857 1508 2940 possi-as

147 2949 271 3012 daretis.
314 2951 404 3012 Nunc
425 2970 501 3014 vero
523 2970 594 3015 oum
618 2950 658 3013 ad
679 2969 737 3014 vos
760 2950 840 3012 nibil
861 2951 1041 3032 perveniat,
1067 2951 1123 3014 sed
1145 2957 1274 3033 paretur
1294 2951 1381 3026 aliis,
1410 2951 1471 3013 eri·

145 3043 251 3126 piatur
272 3043 380 3118 vobis,
408 3063 514 3108 nonne
536 3046 687 3108 acerrime
715 3052 876 3128 tamquam
897 3053 1017 3108 armato
1039 3044 1139 3120 besti,
1167 3045 1212 3108 sio
1234 3045 1308 3110 buic
1330 3035 1392 3128 legi
1412 3063 1471 3128 pro

145 3137 256 3200 vestris
278 3138 361 3220 agris
388 3138 565 3201 resistetis?

230 3231 383 3313 Adiungit
405 3231 568 3294 Stellatem
589 3251 735 3313 eampum
757 3251 833 3314 agro
856 3232 1016 3314 Campano
1039 3240 1070 3296 et
1090 3233 1123 3294 in
1141 3251 1178 3294 eo
1194 3231 1340 3296 duodena
1355 3231 1472 3295 descri-

149 3323 248 3386 bitin
271 3325 412 3406 singulos
434 3325 578 3387 homines
600 3325 729 3407 iugera:
752 3325 844 3408 quasi
866 3347 940 3389 vero
957 3325 1119 3408 paululum
1141 3324 1266 3389 ditlerat
1285 3345 1361 3409 ager
1382 3326 1510 3398 Cam-eo

144 3436 289 3500 pannea
311 3417 453 3494 Stellati;
476 3417 532 3480 sed
555 3418 741 3494 multitudo,
765 3419 921 3495 Quirites,
943 3420 1120 3503 quaeritur,
1142 3439 1205 3504 qua
1222 3419 1277 3484 illa
1296 3421 1402 3484 omnia
1417 3441 1472 3504 op·

146 3511 223 3594 pida
246 3510 470 3594 compleantur.
513 3509 565 3575 86.
593 3515 672 3576 Nam
696 3512 763 3576 dixi
785 3521 894 3589 antea,
922 3515 992 3596 lega
1014 3515 1167 3594 permitti,
1197 3521 1232 3577 ut
1266 3534 1348 3598 quae
1373 3514 1472 3578 velint

149 3605 338 3686 municipia,
361 3625 440 3688 quas
463 3606 562 3671 velint
582 3614 705 3671 veteres
727 3607 869 3672 colonias
890 3607 1011 3672 colonis
1037 3608 1102 3672 suis
1123 3615 1288 3692 occupent.
1321 3609 1471 3672 Calenum

148 3698 357 3780 municipium
373 3699 594 3784 complebunt3
616 3703 757 3766 Teanum
772 3703 968 3784 oppriment3
989 3703 1135 3777 Atellam,
1154 3702 1277 3777 Cumas,
1295 3703 1471 3786 Neapolim,

213 3945 236 3995 t.
254 3941 414 3994 commouerit
431 3941 542 3993 EFPA.
563 3943 729 4005 (commovebit
746 3944 788 3996 ed.
806 3945 908 3996 Veneta
924 3960 948 3996 a.
967 3945 1051 4010 ileo.)
1072 3973 1099 3982 —
1119 3946 1189 4010 atqui
1204 3945 1269 3996 iden
1285 3945 1468 3999 Lauredanus:

148 4027 174 4074 at
190 4021 288 4084 puidmu
301 4021 335 4078 G;
355 4022 382 4068 at
395 4019 470 4082 fidon
486 4017 549 4080 EP3
567 4020 601 4069 ad
615 4021 689 4084 fidam
701 4021 732 4073 P:
751 4021 880 4085 alitam
900 4027 927 4072 at
939 4023 1003 4074 idem
1018 4021 1118 4074 Theod.
1131 4021 1331 4072 Mommsenlus.
1346 4049 1372 4058 -
1387 4023 1411 4072 a.
1423 4023 1469 4073 Μ’.

147 4099 258 4162 aquatus
274 4095 458 4148 Lauredanus:
477 4097 513 4148 u.
532 4096 616 4147 atilius
632 4095 747 4158 13er
765 4099 921 4149 Maritima.
941 4125 968 4134 -
988 4099 1012 4147 7.
1031 4097 1216 4162 difficultatibus
1232 4099 1318 4149 EFP:
1342 4097 1472 4162 famulati-

148 4176 191 4224 bus
207 4175 255 4222 GA
265 4167 290 4222 S.
306 4197 332 4207 -
352 4171 507 4236 aiffimiltatas
523 4172 613 4224 EFP:
630 4173 762 4236 [matra
778 4170 921 4226 canto.
937 4198 964 4208 —
983 4173 1024 4223 40.
1043 4173 1185 4236 liberor-auu]
1203 4172 1291 4224 liberor
1308 4174 1345 4238 lut
1359 4173 1472 4226 coniecit

148 4245 286 4308 Puteanus)
304 4245 338 4305 E;
357 4259 410 4296 om.
429 4247 456 4296 F.
477 4273 503 4282 —
525 4247 564 4297 tt.
580 4248 721 4310 possidetur
734 4248 804 4310 plebe
819 4250 903 4301 EFP.
918 4275 946 4284 “
965 4249 1006 4299 43.
1024 4254 1047 4300 rt
1063 4263 1081 4298 a
1092 4249 1163 4312 plebe
1179 4261 1241 4300 cnm
1258 4248 1300 4299 ed.
1313 4247 1403 4300 Aldina
1415 4263 1469 4300 om.

148 4319 173 4374 i.
193 4349 219 4359 -
239 4321 280 4373 ll.
299 4322 344 4372 boo
358 4321 486 4383 plebecula
502 4323 557 4372 EF.
573 4347 600 4358 -
619 4328 652 4372 tr.
667 4323 703 4385 pl.
722 4323 818 4374 EFA:
837 4324 937 4373 tribuco
954 4323 1015 4385 (om.
1031 4323 1078 4387 pl.)
1096 4337 1157 4374 cnm
1174 4325 1202 4374 P.
1214 4325 1330 4376 Munatio
1347 4324 1391 4379 Li
1401 4326 1430 4376 0.
1442 4351 1469 4361 -

148 4398 186 4448 ii.
203 4395 317 4460 retractis]
334 4395 510 4446 robustissimis
527 4397 555 4447 E.
576 4423 604 4432 -
624 4399 663 4447 ⁴7.
682 4403 705 4448 et
721 4397 858 4448 audadbara
874 4411 928 4449 om.
940 4402 971 4450 Α.
991 4427 1017 4436 -
1038 4401 1078 4450 48.
1096 4401 1215 4450 tradatur
1229 4402 1315 4453 Era.
1342 4401 1471 4454 Emenda-

147 4473 183 4522 vit
198 4472 343 4534 Naugerius
360 4471 386 4521 in
404 4471 446 4522 ed.
465 4471 566 4522 Aldina.
588 4497 615 4506 —
641 4473 799 4523 certamem.
818 4474 847 4524 E.
868 4501 894 4509 -
923 4475 964 4525 23.
981 4475 1075 4525 malma
1092 4475 1127 4526 E:
1153 4477 1293 4528 malueritis
1309 4477 1338 4536 F;
1364 4477 1472 4528 mamili

146 4544 257 4599 ALSO.
270 4547 349 4597 -tti
368 4546 432 4612 mm]
449 4561 506 4598 cum
523 4547 938 4610 EF.-aniuerriripaamE.-
951 4551 1177 4612 superamicti:
1194 4547 1468 4615 pertineatEPAth.

149 4651 174 4660 -
185 4623 225 4673 3⁰.
236 4623 369 4684 paululma
379 4623 414 4672 E:
430 4623 537 4685 paulam
548 4624 594 4674 ΡΑ
604 4625 622 4673 L
632 4619 648 4674 S
657 4624 686 4674 0.
701 4649 728 4658 -
740 4623 781 4672 at.
794 4636 812 4672 a
822 4624 927 4674 Stellati.
945 4625 994 4676 Sed
1003 4625 1155 4677 Turnebus:
1174 4639 1206 4676 ac
1216 4627 1333 4678 Stellam
1350 4628 1383 4676 Et
1394 4627 1413 4676 E
1426 4626 1470 4674 FP

147 4694 234 4756 lim
252 4709 284 4746 ac
299 4697 416 4748 stadam.
435 4699 505 4757 att‘3
523 4698 655 4749 astelloti.
673 4698 842 4750 Scilimtonm
859 4699 1015 4750 taureduno
1032 4701 1059 4750 l..
1079 4701 1150 4752 «Noa
1161 4702 1221 4753 ideo
1232 4701 1306 4768 plura
1318 4703 1344 4754 in
1356 4713 1420 4765 agro
1431 4703 1468 4755 St.

148 4771 334 4824 describuntur
350 4773 376 4822 in
393 4784 416 4822 s.
434 4773 460 4822 b.
479 4773 568 4836 iugera
586 4785 667 4837 quam
684 4774 711 4823 in
729 4774 769 4834 C.,
788 4772 861 4836 qnod
872 4773 980 4837 paulurn
992 4775 1059 4825 inter
1069 4788 1099 4827 se
1111 4777 1234 4828 differant
1251 4775 1320 4841 (nihil
1332 4777 1402 4827 enirn
1414 4777 1470 4828 lere

148 4851 276 4899 intereos
293 4847 399 4910 differt),
416 4849 458 4898 sed
475 4851 504 4898 ut
520 4849 654 4912 supersint
671 4849 802 4908 homines,
821 4848 918 4912 quibus
930 4848 971 4900 illa
984 4849 1081 4914 oppida
1099 4851 1176 4914 (quae
1187 4853 1339 4902 rememorata
1349 4865 1471 4914 oomuparr

147 4922 203 4986 lege
214 4923 245 4972 iis
256 4919 355 4986 licebit)
367 4922 575 4987 compleantur.»
588 4925 747 4975 Wsssnasro
758 4923 899 4974 Emmdatt.
911 4924 961 4975 Cla.
976 4925 1044 4976 Ture.
1057 4927 1085 4975 P.
1099 4927 1140 4976 lll.
1154 4940 1179 4991 p.
1192 4927 1233 4978 Ἠ.
1247 4941 1272 4978 n.
1285 4953 1312 4966 -
1323 4927 1364 4977 33.
1377 4927 1469 4991 Aquila

148 4999 278 5048 Romanus
294 4998 324 5046 da
338 4999 382 5062 sip.
400 5003 460 5048 saci.
479 4999 503 5062 5.
517 4997 559 5050 ll.
577 5002 604 5048 et
620 4999 761 5050 Martianus
773 4996 880 5062 Capella
892 4999 922 5048 V.
935 4998 959 5062 5.
972 4999 1035 5050 ὕ36ι
1055 4999 1168 5062 Capuam
1178 5002 1270 5052 calama
1280 5001 1389 5052 deducas
1399 5015 1471 5052 occar-

146 5072 248 5136 pobuut,
264 5071 370 5123 Aulam
382 5074 510 5136 praesidio
525 5075 702 5134 commissioni,
719 5075 870 5136 Nuceriam,
888 5074 979 5126 amtor
994 5074 1061 5140 (mm
1075 5076 1124 5126 bac
1135 5077 1210 5127 llari.
1224 5075 1298 5139 Cap.)
1314 5075 1470 5128 multitudiue

148 5160 247 5198 uuonan
263 5146 416 5210 clamabunt,
434 5154 517 5200 crura
532 5148 626 5213 oppida
637 5149 771 5213 praem
786 5149 930 5202 declament.
946 5177 973 5192 -
987 5149 1028 5204 tt.
1040 5151 1171 5220 Neapolim
1187 5151 1220 5206 F:
1236 5149 1360 5217 Neapolis
1376 5152 1466 5204 ceteri.
