3648 5888
68 801 148 902 re

281 325 343 396 466
652 331 695 398 lN
716 329 882 398 manen
902 331 1026 399 lunio
1048 331 1232 399 SECUNDA

281 509 372 587 gatus
394 523 466 567 cum
487 521 575 566 esses
596 503 822 567 circumsessus
843 523 996 588 cumque,
1019 503 1285 590 quemadmodum
1307 509 1375 568 tute
1389 503 1430 568 ad
1443 505 1602 568 Neronem

280 595 451 680 scripsisti,
473 596 594 681 populo
615 597 758 660 Iiomauo
780 598 1004 682 communique
1026 619 1140 663 causae
1161 599 1338 682 legatorum
1360 598 1443 663 iacta
1457 600 1603 663 essetin·

280 691 380 774 signis
401 692 536 766 iniuria,
558 711 624 755 non
647 711 681 754 es
701 698 905 774 persecutus:
927 693 1006 756 dicis
1028 693 1085 757 tibi
1108 693 1142 756 in
1163 694 1269 756 animo
1292 713 1362 758 esse
1376 693 1440 756 alio
1459 700 1603 775 tempore

280 786 440 870 persequi.
461 782 570 868 {Quod
590 784 652 848 fuit
671 785 704 848 id
726 788 874 868 tempus?
898 788 1027 869 quando
1050 807 1084 850 es
1105 787 1402 880 persecutusYJCur
1415 785 1604 850 imminuisti

257 879 331 942 tius
353 871 544 963 legationis?
566 899 623 943 cur
644 899 772 943 causam
793 879 905 964 populi
926 881 1062 944 Romani
1084 880 1252 944 deseruisti
1273 900 1310 945 ac
1330 881 1525 966 prodidisti?
1547 899 1605 943 cur

280 972 414 1036 iniurias
442 981 513 1038 tuas
541 974 726 1037 coniunctas
757 991 828 1036 oum
856 973 993 1058 publicis
1024 974 1206 1058 reliquisti?
1249 975 1318 1039 Non
1344 982 1377 1038 te
1398 975 1438 1039 ad
1460 981 1605 1039 senamm

280 1087 409 1132 causam
430 1068 570 1144 deferre,
593 1069 718 1133 nonde
740 1075 805 1130 tam
826 1067 986 1131 atrocibus
1008 1068 1135 1132 iniuriis
1157 1070 1329 1154 conqueri,
1352 1089 1417 1134 non
1431 1090 1487 1133 eos
1502 1069 1605 1133 homi·

280 1181 352 1237 nes,
375 1163 430 1248 qui
452 1163 607 1246 populum
629 1162 844 1236 concitarant,
867 1161 1035 1224 consulum
1057 1161 1170 1225 litteris
1190 1164 1370 1227 evocandos
1384 1181 1496 1226 curare
1510 1181 1605 1246 opor·

279 1258 366 1323 tuiti
409 1254 460 1320 85.
481 1259 590 1340 Nuper
610 1258 652 1322 M.
674 1255 803 1320 Aurelio
819 1255 938 1318 Scauro
959 1255 1158 1338 postulante,
1181 1258 1268 1341 quod
1283 1257 1310 1321 is
1323 1259 1441 1342 Ephesi
1458 1279 1492 1321 se
1507 1278 1605 1343 quac·

244 1361 397 1421 ⁴⁰storem
427 1354 458 1417 vi
487 1350 683 1435 prohibitum
713 1369 783 1414 esse
811 1350 953 1424 dicebat,
986 1369 1051 1435 quo
1074 1351 1179 1414 minus
1202 1351 1314 1415 efano
1337 1352 1456 1417 Dianae
1477 1373 1603 1418 servum

280 1469 388 1524 suum,
417 1447 473 1533 qui
502 1447 536 1508 in
564 1445 644 1508 illud
666 1445 789 1530 asylum
811 1443 1023 1527 confugisset,
1057 1444 1244 1520 abduceret,
1277 1447 1414 1510 Pericles
1435 1447 1602 1530 Ephesius,

279 1545 387 1608 bomo·
409 1541 642 1615 nobilissimus,
671 1540 805 1602 Romam
834 1545 983 1601 evocatus
1013 1546 1074 1613 est,
1110 1539 1196 1623 quod
1228 1548 1341 1604 auctor
1361 1540 1447 1604 illius
1468 1543 1603 1606 iniuriae

278 1639 377 1702 fuisso
399 1636 608 1720 arguebatur:
634 1640 685 1709 tu,
716 1633 742 1696 si
765 1639 796 1694 te
818 1632 957 1715 legatum
978 1633 1023 1696 ita
1044 1634 1209 1716 Lampsaci
1230 1640 1400 1699 tractatum
1420 1657 1493 1700 esse
1514 1656 1605 1700 sena·

279 1741 347 1798 tum
380 1732 561 1804 docuisses,
594 1735 631 1793 ut
660 1729 706 1791 tui
729 1727 861 1790 comites
883 1727 1140 1804 vulnerarentur,
1175 1729 1269 1793 lictor
1289 1731 1503 1807 occideretur,
1535 1734 1604 1816 ipse

243 1829 271 1879 44
279 1830 504 1894 circumsessus
523 1843 624 1908 paene
639 1822 845 1886 incenderere
854 1808 879 1896 ;(
886 1822 954 1883 eius
970 1828 1074 1884 autem
1092 1824 1138 1886 rei
1154 1825 1250 1888 duces
1265 1833 1298 1888 et
1312 1835 1458 1891 auctores
1473 1835 1505 1892 et
1518 1831 1605 1913 prin-

279 1924 366 2010 cipes
387 1922 503 1996 fuisse,
527 1938 608 2005 quos
631 1917 759 1992 scribis,
783 1915 1055 2000 Themistagoram
1078 1925 1110 1980 et
1125 1911 1333 2002 Thessalum)
1352 1923 1425 2005 quis
1440 1944 1505 1987 non
1520 1944 1606 1988 com·

279 2003 484 2084 moveretur?
507 2013 580 2100 quis
602 2031 669 2075 non
691 2030 732 2074 ex
753 2011 884 2085 iniuria,
912 2030 994 2094 quae
1016 2013 1073 2075 tibi
1096 2021 1180 2076 esset
1200 2013 1298 2089 46040,
1320 2015 1380 2081 sibi
1401 2018 1605 2100 provideret?

280 2114 353 2199 quis
374 2133 440 2176 non
463 2111 495 2173 in
518 2127 556 2170 ea
577 2125 611 2170 re
634 2125 761 2169 causam
784 2112 887 2179 tuam,
913 2105 1090 2188 periculum
1112 2127 1279 2172 commune
1301 2111 1353 2192 agi
1375 2111 1604 2192 arbitraretur?

278 2209 405 2272 Etenim
427 2222 545 2268 nomen
567 2200 663 2283 legati
686 2200 842 2262 eiusmodi
864 2219 935 2263 esse
957 2199 1067 2275 debet,
1090 2202 1176 2284 quod
1199 2222 1265 2266 non
1287 2205 1382 2268 modo
1404 2206 1489 2268 inter
1502 2205 1604 2269 socio-

241 2307 349 2383 2⁰rum
371 2303 457 2375 iura,
482 2296 538 2360 sed
561 2296 657 2358 etiam
679 2295 762 2357 inter
781 2293 922 2357 hostium
945 2294 1009 2356 tela
1031 2295 1190 2358 incolume
1212 2305 1363 2360 versetur.

361 2393 509 2457 XXXIV.
531 2387 583 2452 86.
605 2391 754 2471 Magnum
775 2388 837 2452 boc
859 2389 1109 2472 Lampsacenum
1132 2392 1250 2455 crimen
1273 2402 1321 2458 est
1342 2396 1486 2460 libidinis
1509 2406 1603 2484 atque

278 2487 531 2575 improbissimae
553 2483 747 2566 cupiditatis.
789 2483 932 2566 Accipite
953 2503 1037 2547 nunc
1060 2486 1211 2550 avaritiae
1233 2490 1466 2572 propemodum
1487 2493 1521 2555 in
1544 2513 1603 2557 suo

279 2604 394 2670 genere
415 2601 481 2645 non
502 2578 614 2642 levius.
651 2578 792 2641 Milesios
815 2597 928 2642 navem
951 2580 1114 2662 poposcit,
1137 2599 1219 2664 quae
1242 2601 1315 2646 eum
1336 2584 1487 2668 praesidii
1510 2606 1604 2651 causa

279 2678 432 2764 Myndum
454 2679 715 2758 prosequeretur.
748 2671 798 2734 llli
821 2671 925 2735 statim
945 2692 1173 2756 myoparonem
1196 2679 1357 2761 egregium
1377 2679 1416 2742 de
1432 2700 1489 2744 sua
1503 2681 1603 2745 classe

240 2775 426 2838 tornatum
455 2777 553 2853 atque
582 2773 736 2830 armatum
765 2766 930 2830 dederunt.
974 2767 1043 2830 Hoc
1071 2769 1230 2850 praesidio
1262 2773 1413 2856 Myndum
1443 2776 1604 2858 proiectus

280 2876 338 2932 est.
380 2868 459 2929 Nam
495 2861 572 2946 quid
600 2861 732 2926 Milesiis
762 2861 854 2924 lanae
879 2861 1027 2944 publicae
1049 2861 1230 2939 abstulerit,
1264 2866 1339 2929 item
1361 2868 1550 2954 desumpto
1571 2873 1604 2934 in

278 2963 467 3032 adventum,
496 2957 535 3019 de
558 2955 759 3020 contumeliis
782 2962 814 3018 et
834 2956 959 3019 iniuriis
980 2957 1013 3017 in
1037 2955 1253 3038 magistratum
1275 2959 1452 3038 Milesium,
1480 2964 1604 3028 tametsi

279 3056 342 3120 dici
364 3075 436 3117 cum
460 3070 533 3116 vere
555 3057 623 3113 tum
645 3051 782 3134 graviter
803 3058 834 3114 et
855 3050 1060 3114 vehementer
1076 3057 1200 3132 potest,
1223 3059 1327 3115 tamen
1346 3055 1451 3120 dicere
1464 3066 1606 3141 praeter·

279 3153 399 3215 mittam
422 3166 524 3232 eaque
546 3145 654 3209 omnia
672 3145 806 3208 testibus
822 3145 945 3228 integra
958 3145 1144 3208 reservabo:
1166 3146 1262 3221 illud,
1286 3150 1373 3231 quod
1387 3169 1492 3233 neque
1507 3153 1604 3215 taceri

239 3246 344 3309 440440
367 3244 462 3306 modo
485 3259 591 3324 neque
614 3239 677 3303 dici
699 3259 757 3322 pro
782 3239 935 3322 dignitate
958 3245 1080 3322 potest,
1103 3240 1296 3322 cognoscite.
1341 3239 1392 3304 87.
1416 3244 1532 3307 Milites
1555 3266 1604 3308 re-

277 3340 440 3422 migesque
461 3334 608 3400 Miletum
629 3334 748 3418 Myndo
769 3334 903 3416 pedibus
925 3333 1040 3395 reverti
1062 3333 1169 3396 iubet:
1192 3334 1260 3416 ipse
1283 3355 1509 3419 myoparonem
1534 3338 1605 3422 pul-

278 3433 468 3499 cherrimum
490 3429 530 3492 de
552 3430 661 3492 decem
683 3427 879 3491 Milesiorum
900 3427 1034 3491 navibus
1054 3427 1188 3490 electum
1203 3430 1238 3490 L.
1254 3429 1360 3512 Magio
1376 3439 1407 3493 et
1421 3431 1456 3492 L.
1472 3432 1603 3508 Fannio,

278 3529 333 3614 qui
355 3525 464 3610 Myndi
486 3523 689 3596 babitabant,
711 3521 864 3585 vendidit.
907 3521 949 3583 Ili
971 3528 1044 3584 sunt
1063 3521 1225 3598 homines,
1248 3542 1329 3606 quos
1351 3543 1454 3607 nuper
1475 3534 1603 3591 senatus

277 3623 312 3685 in
333 3620 475 3684 hostium
496 3636 629 3680 numero
651 3616 816 3679 habendos
838 3615 979 3678 censuit:
999 3615 1062 3678 hoc
1083 3615 1131 3678 illi
1153 3617 1282 3700 navigio
1304 3618 1344 3681 ad
1359 3638 1469 3683 omnes
1491 3621 1602 3705 populi

239 3714 412 3780 othomari
437 3713 546 3777 hostes
573 3731 678 3795 usque
708 3730 728 3773 a
754 3710 869 3774 Dianio
899 3710 939 3772 ud
970 3709 1120 3793 Sinopam
1148 3711 1385 3793 navigaverunt.
1429 3713 1456 3777 0
1488 3716 1519 3779 di
1546 3717 1604 3779 im-

278 3809 448 3875 mortales!
481 3807 700 3871 incredibilem
729 3806 894 3869 avaritiam
923 3804 1178 3890 singularemque
1207 3806 1393 3871 audaciam!
1429 3811 1547 3874 Navem
1569 3819 1604 3875 tu

346 4091 371 4142 2.
389 4089 494 4154 ioatpois
508 4085 794 4150 inconcusseque:
812 4087 909 4136 iniuria
925 4087 971 4137 inc.
985 4085 1032 4137 att.
1046 4086 1075 4137 0.
1090 4111 1117 4124 -
1136 4085 1164 4135 6.-
1176 4098 1257 4136 oenoe
1273 4091 1296 4137 te
1312 4085 1398 4138 dit·-
1416 4089 1441 4140 8.
1453 4092 1607 4145 concitarent

280 4165 404 4229 coemo.
425 4192 453 4202 —
473 4165 513 4214 44.
530 4163 598 4213 iiiios
614 4161 724 4212 iniuriae
740 4162 772 4211 Gi
785 4162 896 4226 right:
915 4163 959 4212 444.
977 4161 1012 4212 444.
1032 4161 1080 4212 644.
1099 4162 1128 4212 0.
1146 4187 1173 4198 -
1192 4160 1232 4212 43.
1250 4161 1405 4228 0404040440
1421 4167 1457 4218 63
1464 4182 1498 4228 ςι
1516 4182 1606 4234 orgue-

277 4249 349 4295 rctor
366 4241 414 4292 dtt.
433 4242 463 4292 0.
483 4265 511 4275 -
531 4239 571 4290 to.
591 4243 688 4290 ucwros
703 4237 781 4301 ngat.
796 4261 823 4274 -
843 4243 866 4288 et
879 4239 1004 4302 principer
1021 4239 1056 4288 L:
1071 4237 1198 4301 principos
1215 4237 1293 4288 0066.
1312 4239 1376 4290 noti.
1393 4241 1427 4292 At
1440 4242 1473 4294 04.
1486 4243 1520 4295 60
1532 4245 1603 4297 Oret.

278 4321 321 4370 lli.
340 4319 364 4384 5.
384 4313 704 4374 recommonet.
729 4339 757 4349 -
784 4313 824 4364 46.
849 4313 1050 4378 Meoutoporoo
1071 4313 1174 4377 ngiti.
1194 4339 1222 4350 -
1248 4313 1289 4363 49.
1311 4313 1460 4367 eiusmodi
1480 4319 1535 4382 (sic)
1554 4321 1603 4383 023

278 4394 427 4446 0400064064
444 4393 490 4444 Ld.
511 4416 539 4429 -
558 4391 599 4442 22.
617 4390 692 4456 oenc]
709 4403 768 4440 oero
780 4391 816 4441 64
824 4387 862 4440 Ld
872 4385 896 4438 4.
915 4390 953 4440 Ne
970 4389 997 4439 id
1013 4387 1123 4454 quidem
1139 4389 1165 4438 h.
1179 4386 1197 4438 4.
1215 4388 1350 4453 ineptum!
1365 4415 1393 4426 -
1412 4391 1453 4441 46.
1471 4406 1490 4442 o
1504 4395 1607 4448 Milesiis

277 4469 355 4534 igue,
374 4469 448 4518 Serv.
468 4466 502 4518 ad
517 4468 588 4531 virg.
602 4463 833 4530 Georg.1v.334.,
852 4477 921 4528 quae
933 4465 1093 4516 constructio
1111 4465 1232 4515 Ciceroni
1248 4477 1312 4515 sane
1330 4458 1372 4516 est
1386 4465 1470 4518 multo
1485 4471 1605 4521 usitatior

277 4545 310 4595 ci.
329 4543 432 4608 Zumpt.
451 4543 485 4594 ed
502 4545 521 4594 1.
542 4543 566 4607 5.
579 4543 620 4592 47.
638 4543 680 4593 444.
700 4542 724 4606 5.
738 4541 794 4592 444.
813 4567 840 4577 -
855 4540 971 4604 publicae
987 4540 1065 4591 codd.
1085 4541 1112 4591 et
1128 4541 1202 4590 Serv.
1220 4537 1278 4591 1.1.:
1297 4553 1351 4591 orn.
1370 4543 1444 4592 Serv.
1462 4543 1602 4610 edGeorg.

275 4622 318 4672 444.
338 4619 408 4678 306.;
427 4619 525 4681 publice
542 4617 686 4669 Lambinus
704 4617 795 4682 [recte.
816 4615 848 4666 cl.
867 4614 952 4666 liulrn.
972 4616 1006 4666 ud
1022 4617 1097 4666 Verr.
1116 4615 1158 4666 lV.
1178 4615 1201 4680 ἓ.
1214 4615 1254 4666 46.
1274 4615 1317 4666 ed.
1331 4617 1421 4683 Lips.].
1442 4647 1469 4656 —
1488 4619 1529 4670 48.
1547 4635 1604 4670 cum

277 4695 308 4746 64
322 4705 355 4756 g:
374 4697 427 4743 tum
438 4695 488 4745 044.
502 4693 531 4744 0.
546 4721 573 4729 -
593 4693 633 4743 36.
652 4693 701 4743 6404
714 4706 741 4756 p.
763 4692 830 4755 dign
845 4697 899 4755 pot.
918 4693 997 4752 64ςε
1024 4692 1072 4742 6404
1085 4696 1165 4755 potest
1178 4705 1205 4754 p.
1225 4691 1275 4757 dig.
1294 4693 1344 4751 Gt;
1366 4698 1446 4756 potest
1461 4707 1538 4757 oeque
1554 4697 1604 4747 6404

273 4785 301 4835 p.
320 4771 371 4836 dig.
391 4769 438 4821 dit.
454 4796 481 4807 -
500 4769 540 4820 32.
558 4769 654 4834 Magio]
671 4769 756 4820 Morio
774 4769 806 4818 64
819 4769 843 4818 4.
865 4793 891 4802 -
910 4768 1006 4817 Fannio
1023 4769 1062 4818 A:
1079 4767 1156 4816 Fabio
1168 4769 1200 4817 64
1213 4767 1265 4828 iffi
1285 4767 1360 4818 ilatio
1377 4771 1422 4819 044,
1436 4769 1465 4819 0.
1481 4797 1508 4804 -
1527 4771 1567 4821 35.
1586 4785 1604 4822 o

278 4847 371 4898 44404440
381 4847 417 4896 A:
436 4843 468 4895 ot
484 4845 578 4895 640440
589 4842 637 4896 644.
652 4845 692 4905 0.,
710 4844 744 4893 06
755 4845 839 4906 docco
856 4843 892 4894 64
904 4858 910 4902 ;
929 4855 947 4892 0
963 4843 1038 4893 diuam
1055 4844 1086 4892 64
1103 4855 1108 4902 ;
1127 4842 1160 4892 ob
1175 4843 1284 4893 Diorino
1300 4857 1325 4904 ς.
1340 4871 1368 4881 -
1385 4843 1507 4907 Sinopam
1523 4845 1601 4898 codd.

277 4923 347 4985 noti,
366 4922 446 4971 etiam
463 4933 492 4983 ςι
511 4919 620 4982 Sinopen
637 4919 666 4970 6.
689 4921 830 4983 Praetereo
848 4917 926 4969 codd.
945 4917 1053 4968 Tulliani
1070 4919 1131 4983 post
1146 4919 1240 4969 Diooio
1257 4917 1373 4969 addunt:
1392 4921 1459 4980 qood
1473 4917 1504 4969 io'
1515 4921 1605 4983 414640-

276 4997 322 5047 oio
338 5001 386 5058 ert,
404 4998 465 5060 post
481 4989 602 5057 Sinopam
618 4995 725 5044 autem:
744 5006 808 5056 quoe
823 4993 851 5042 io
866 4995 942 5044 Ponto
955 4997 998 5042 est.
1017 4992 1115 5044 Omittit
1128 4993 1195 5046 haec
1208 4991 1304 5060 verbo,
1323 4995 1470 5046 Hotomuno
1488 4996 1515 5045 et
1529 4997 1604 5046 Lem-

278 5071 341 5124 bino
357 5073 497 5140 suspecta,
522 5071 651 5123 Asconius
667 5068 744 5136 prob.
762 5068 848 5122 Madv.
867 5070 887 5120 1.
898 5082 931 5134 p.
950 5067 1006 5120 344.
