3642 5868
293 407 356 478 22⁰
660 415 702 480 IN
723 415 889 480 VERREM
908 413 1030 481 ACTIO
1052 413 1235 482 SECUNDA

294 582 401 666 pulum
429 581 489 646 Hs
518 601 554 648 cc
582 583 670 648 milia
695 584 837 668 poposcit
861 602 961 668 caque
983 586 1085 668 coegit
1106 592 1199 668 atquc
1221 585 1366 661 abstulit,
1393 605 1470 652 num
1490 587 1607 654 idcirco

294 676 487 752 absolvetur,
510 677 596 762 quod
617 677 808 762 adscriptum
830 686 878 743 est
892 698 961 742 eam
977 680 1141 762 pecuniam
1155 679 1261 743 datam
1275 686 1446 746 statuarum
1458 685 1607 748 nominet

293 771 377 845 Nou,
400 773 525 854 opinor:
547 774 609 837 nisi
630 771 710 836 sorte
732 771 765 834 id
786 774 924 854 agimus,
953 793 1015 835 uon
1045 779 1080 836 ut
1101 773 1331 855 magistratibus
1353 777 1468 840 uostris
1490 795 1608 840 moram

294 865 486 948 accipiendi,
508 864 564 930 sed
587 872 623 929 ut
643 865 737 929 sociis
760 885 885 929 causam
908 865 1003 930 dandi
1025 867 1137 930 afferre
1157 866 1329 931 videamur.
1363 867 1456 944 Quod
1472 871 1608 949 siquem

268 964 416 1022 tstatuae
438 979 552 1042 magno
572 979 668 1044 opero
690 958 848 1023 delectant
869 967 905 1038 et,
922 962 950 1023 si
970 961 1042 1042 quis
1064 981 1172 1024 earnm
1192 961 1311 1025 honore
1334 970 1388 1027 aut
1408 962 1508 1044 gloria
1522 960 1610 1024 duci-

290 1060 358 1126 tur,
380 1055 407 1119 is
428 1053 507 1117 baec
527 1060 633 1116 tamen
654 1053 823 1117 constituat
842 1074 973 1117 necesse
995 1061 1058 1117 est:
1083 1055 1219 1138 primum
1247 1057 1346 1119 averti
1366 1056 1533 1140 pecuniam
1554 1055 1610 1118 do-

290 1166 376 1210 mum
397 1166 461 1210 nou
482 1148 622 1231 plaeere:
645 1147 759 1210 deinde
781 1149 920 1230 ipsarum
935 1155 1107 1212 statuarum
1121 1147 1249 1211 modum
1263 1149 1421 1231 quendam
1434 1169 1505 1213 esse
1520 1169 1611 1234 opor·
1679 1159 1684 1168 “
1705 1197 1714 1220 ,

290 1246 378 1302 tere:
408 1239 523 1305 deinde
553 1240 648 1317 illud,
678 1251 761 1306 certe
784 1242 823 1305 ab
850 1241 956 1306 invitis
979 1241 1065 1323 exigi
1085 1261 1149 1304 uon
1171 1248 1325 1326 oportere.
1368 1243 1449 1305 L1x.
1472 1238 1543 1304 444.
1565 1243 1610 1306 Ao

290 1334 329 1398 de
358 1337 528 1400 avertenda
554 1337 688 1419 pecunia
716 1356 833 1419 quaero
862 1335 986 1409 abste,
1016 1343 1120 1398 utrum
1142 1336 1229 1418 ipsae
1251 1337 1394 1400 civitates
1415 1336 1526 1400 solitae
1548 1338 1611 1400 siut

251 1437 409 1494 testatuas
431 1431 489 1494 tibi
510 1429 673 1494 faciundas
694 1430 799 1494 locare
822 1431 862 1504 ei,
887 1430 937 1494 cui
953 1436 1081 1512 possent
1096 1431 1213 1514 optima
1228 1429 1413 1496 condicione
1427 1429 1547 1505 locare,
1569 1449 1610 1495 au

290 1521 429 1607 aliquem
450 1531 623 1588 curatorem
645 1521 830 1609 praeficere,
852 1525 908 1607 qui
930 1523 1041 1587 statuis
1063 1522 1218 1588 faciundis
1239 1534 1416 1608 praeesset,
1437 1545 1479 1588 an
1495 1525 1552 1590 tibi
1568 1545 1609 1588 an

291 1619 342 1684 oui
363 1625 398 1682 tu
419 1619 621 1703 imperarem,
649 1618 855 1682 adnumerare
883 1619 1071 1701 pecuniam?
1107 1620 1186 1682 Nam
1208 1619 1235 1682 si
1260 1638 1316 1702 per
1337 1641 1392 1684 eos
1414 1627 1535 1683 statuae
1555 1615 1610 1682 fie-

289 1710 382 1786 bant,
405 1730 425 1774 a
446 1713 561 1798 quibus
583 1713 641 1776 tibi
662 1713 721 1776 iste
735 1712 836 1777 honos
859 1712 1047 1787 habebatur,
1069 1712 1182 1778 audio:
1204 1715 1254 1776 siu
1268 1715 1458 1778 Timarchidi
1477 1715 1611 1798 pecunia

291 1799 528 1882 numerabatur,
551 1805 680 1884 desine,
702 1826 838 1891 quaeso,
861 1807 1007 1872 simulare
1029 1815 1077 1881 te,
1104 1826 1174 1870 cum
1195 1808 1229 1870 in
1252 1809 1506 1872 manifestissimo
1526 1807 1610 1872 furto

253 1911 281 1962 tt
290 1907 432 1975 teneare,
455 1901 573 1982 gloriae
596 1902 770 1967 studiosum
793 1921 829 1966 ae
850 1908 1122 1965 monumentorum
1144 1899 1252 1988 luisse.

376 1994 460 2072 Quid
481 2001 579 2060 vero‘i
601 1997 727 2061 modum
751 2005 921 2062 statuarum
942 1995 1052 2058 haberi
1069 1995 1190 2058 nullum
1204 1995 1328 2079 placati
1349 1998 1445 2080 Atqui
1459 1998 1611 2063 habeatur

291 2111 422 2158 necesse
446 2097 503 2155 est.
547 2086 619 2154 445.
640 2090 765 2155 Etenim
793 2091 838 2155 sic
867 2089 1075 2154 considerate.
1119 2089 1314 2172 Syracusana
1336 2091 1463 2166 civitas,
1485 2099 1521 2156 ut
1542 2112 1611 2156 eam

290 2187 487 2272 potissimum
508 2187 678 2259 nominem,
700 2182 789 2248 dedit
809 2186 871 2270 ipsi
892 2192 1042 2258 statuam:
1065 2189 1113 2245 est
1133 2180 1250 2244 bonos:
1273 2191 1306 2246 et
1318 2184 1415 2266 patri:
1435 2184 1520 2250 bella
1533 2185 1612 2252 haec

289 2281 417 2366 pietatis
440 2286 472 2343 et
492 2273 688 2363 quaestuosa
703 2277 877 2341 simulatio:
906 2283 939 2341 et
962 2276 1045 2352 filio:
1077 2275 1152 2340 ferri
1178 2276 1239 2338 boc
1269 2285 1388 2360 potest:
1416 2279 1500 2344 bunc
1527 2283 1612 2346 enim

253 2384 422 2461 ttpuerum
444 2393 508 2436 uon
530 2371 678 2435 oderant:
706 2391 815 2436 verum
847 2373 970 2456 quoties
1003 2379 1036 2434 et
1065 2377 1141 2455 quot
1168 2371 1347 2435 nominibus
1368 2392 1388 2436 a
1409 2372 1611 2456 Syracusanis

292 2478 410 2536 statuas
431 2467 578 2532 auferes?
621 2466 714 2530 Utin
735 2466 804 2530 loro
826 2475 1017 2540 statuerent,
1041 2464 1215 2529 abstulisti:
1237 2473 1272 2529 ut
1292 2467 1324 2530 in
1347 2467 1442 2542 curia,
1464 2471 1611 2553 eodgisti:

291 2572 327 2630 nt
344 2564 511 2646 pecuniam
527 2560 706 2626 conferrent
720 2562 753 2626 in
769 2581 822 2624 eas
837 2568 964 2635 statuas,
988 2578 1068 2643 quac
1083 2559 1199 2622 Romae
1213 2567 1414 2642 ponerentur,
1437 2563 1612 2646 imperasti:

291 2664 327 2724 ut
348 2655 444 2721 iidem
466 2654 578 2720 darent
597 2655 742 2719 homines
765 2663 921 2719 aratorum
936 2653 1079 2728 uomine;
1103 2651 1272 2716 dederuut:
1294 2652 1438 2719 utiidem
1453 2678 1510 2741 pro
1524 2669 1612 2744 parte

292 2755 326 2817 in
349 2771 513 2816 commune
536 2749 663 2814 Siciliae
685 2749 881 2826 conferrent:
904 2747 1052 2813 etiamid
1075 2747 1283 2811 contuderunt.
1317 2749 1386 2812 Una
1407 2751 1518 2816 civitas
1540 2775 1613 2818 cunr

255 2855 340 2914 tctot
360 2845 539 2910 nominibus
561 2844 726 2928 pecuniam
748 2844 916 2908 contulerit
934 2841 1085 2925 idemque
1098 2841 1159 2906 hoc
1174 2843 1315 2906 civitates
1331 2853 1454 2910 ceterae
1469 2846 1611 2925 feceriut,

294 2961 398 3007 nonne
420 2959 471 3003 res
493 2941 562 3024 ipsa
584 2959 639 3003 vos
660 2939 821 3013 admonet,
846 2935 891 3022 [ut
911 2932 1038 3022 putetis]
1063 2935 1189 2999 modum
1208 2937 1344 3020 aliquem
1358 2938 1433 3002 huic
1447 2942 1610 3026 cupiditati

293 3035 442 3102 constitui
472 3035 639 3118 oporteret
683 3033 776 3109 Quod
803 3033 831 3096 si
858 3033 919 3097 hoc
940 3032 1101 3096 voluntate
1123 3049 1179 3092 sua
1208 3030 1296 3093 nulla
1324 3032 1434 3098 civitas
1462 3036 1553 3113 iecit,
1585 3040 1614 3102 si

293 3151 402 3197 omnes
424 3130 572 3214 imperio,
605 3135 705 3203 metu,
734 3129 783 3205 vi,
812 3128 894 3192 malo
923 3127 1076 3192 adductae
1102 3124 1270 3208 pecuniam
1292 3131 1462 3194 summm
1485 3134 1613 3196 uomina

294 3223 507 3292 contuleruut:
532 3223 688 3308 perdens
717 3223 922 3288 immortales!
951 3243 1026 3284 num
1047 3220 1098 3282 cui
1120 3217 1249 3282 dubium
1271 3239 1341 3282 esso
1361 3226 1495 3304 poterit,
1525 3229 1612 3310 quin,

254 3321 387 3384 uetiam
410 3321 437 3382 si
459 3319 602 3382 statuerit
622 3318 765 3400 accipere
787 3317 828 3380 ad
850 3327 968 3382 statuas
991 3317 1100 3387 licere,
1123 3312 1207 3376 idem
1228 3321 1333 3376 tamen
1354 3322 1470 3382 statuat
1491 3321 1613 3404 eripere

294 3423 378 3479 certe
399 3435 463 3478 uon
484 3414 603 3478 liceret
635 3408 706 3474 446.
720 3413 857 3475 Primum
877 3414 975 3495 igitur
995 3413 1030 3474 iu
1051 3407 1132 3470 hanc
1153 3427 1220 3469 rem
1235 3414 1347 3471 testem
1363 3416 1459 3474 totam
1474 3413 1613 3478 Siciliam

294 3509 412 3573 citabo:
435 3527 516 3590 quae
538 3507 617 3571 mibi
637 3525 701 3570 una
722 3526 799 3569 voce
822 3513 993 3570 statuarum
1008 3506 1134 3567 nomine
1149 3505 1313 3587 pecuniam
1328 3525 1385 3588 per
1399 3509 1462 3570 vim
1476 3518 1614 3574 coactam

294 3624 364 3667 esse
387 3603 589 3667 demonstrat
632 3601 711 3664 Nam
732 3600 907 3682 legationes
933 3599 1072 3668 omnium
1102 3599 1261 3662 civitatum
1289 3599 1323 3661 in
1344 3600 1509 3682 postulatis
1531 3622 1615 3665 com-

294 3697 450 3771 munibus,
471 3717 553 3779 quac
574 3696 641 3759 lere
663 3696 768 3759 omnia
790 3715 831 3758 ex
849 3693 910 3757 tuis
926 3693 1050 3758 iniuriis
1065 3700 1138 3757 nata
1151 3701 1233 3768 sunt,
1255 3694 1349 3756 ctiam
1363 3693 1423 3757 boc
1438 3696 1614 3772 ediderunt,

255 3802 335 3856 sorr
353 3810 486 3855 srnrrns
508 3811 548 3855 rus
571 3811 632 3866 cvr,
654 3810 715 3855 1usr
738 3809 801 3854 cru
815 3809 843 3852 rs
858 3809 899 3852 on
915 3803 1086 3851 enormem
1108 3805 1326 3862 oaoussrssnr,
1347 3805 1614 3853 ronnrosrnurvn.

295 3887 361 3952 Lx.
384 3888 444 3950 Tot
462 3893 623 3971 praetores
647 3887 679 3950 iu
703 3884 810 3950 Sicilia
830 3882 974 3958 luerunt:
995 3883 1088 3946 toties
1111 3880 1193 3966 apud
1215 3881 1348 3946 maiores
1370 3889 1493 3948 nostros
1517 3882 1614 3948 Siculi

359 4094 383 4143 4.
403 4091 448 4142 dc.
465 4091 538 4142 mdia
554 4090 623 4142 coni.
640 4090 760 4154 Zumpt:
780 4087 826 4140 00.
839 4087 862 4137 V
873 4087 901 4137 et
911 4084 995 4150 1341ς
1014 4085 1072 4137 CCC
1085 4085 1157 4136 milio
1173 4087 1219 4136 ctt.
1232 4085 1261 4136 0.
1278 4113 1304 4125 ·-
1323 4087 1348 4136 4.
1367 4087 1533 4140 αὺεάυσνοιυν
1542 4088 1573 4140 V.
1586 4113 1613 4126 -

295 4167 320 4221 4.
339 4167 480 4230 mundi
501 4167 610 4230 Zumpt,
635 4164 683 4216 sod
701 4163 770 4214 nulla
788 4161 890 4214 adiecta
907 4160 1030 4212 codicum
1047 4161 1213 4212 auctoritato.
1232 4186 1261 4198 -
1280 4164 1373 4226 offero
1389 4163 1457 4226 1.ng
1473 4176 1500 4228 p.
1519 4175 1555 4214 nr.
1571 4164 1614 4214 ll:

295 4244 396 4308 cutm
411 4243 497 4292 011-
515 4243 540 4292 n.
557 4246 581 4292 ot
597 4241 618 4290 rt
635 4239 698 4304 quir]
716 4244 738 4290 ct
755 4251 808 4289 om.
826 4239 925 4288 Nonius
942 4235 1020 4302 prob.
1039 4238 1125 4288 Garat.
1141 4237 1208 4286 11-
1227 4241 1272 4286 out
1287 4235 1312 4297 4,
1331 4239 1397 4288 Non.
1412 4251 1437 4302 p.
1450 4237 1511 4288 283:
1530 4242 1553 4288 ot
1569 4239 1614 4287 ott.

295 4319 324 4372 0.
345 4343 372 4354 -
390 4318 414 4368 8.
433 4316 472 4394 cc]
490 4329 538 4382 opo
553 4314 622 4378 Lglt
639 4328 665 4380 p.
685 4327 721 4364 nr.
741 4314 759 4364 1
777 4314 811 4364 u.
830 4340 859 4348 -
877 4313 918 4363 40.
935 4312 1063 4375 socienda:
1078 4310 1155 4375 1341.
1176 4337 1203 4350 -
1222 4313 1258 4372 ot,
1280 4311 1329 4376 ord]
1346 4317 1370 4362 st
1386 4314 1430 4374 qut
1446 4312 1515 4377 1344
1532 4325 1558 4378 p.
1576 4325 1613 4364 m.

297 4419 325 4430 —
343 4393 427 4444 boore
442 4403 495 4443 om.
515 4389 583 4455 1.ng
600 4403 626 4456 p.
647 4401 683 4441 m.
709 4388 810 4454 [Recte
833 4391 863 4439 ut
877 4387 1001 4451 videtur]
1021 4413 1048 4422 -
1073 4387 1114 4437 44.
1129 4391 1321 4450 procorum
1336 4387 1405 4451 1342
1422 4401 1449 4452 p.
1466 4401 1502 4440 nr.
1523 4414 1551 4424 -
1572 4392 1617 4438 oct

294 4471 336 4520 cni
351 4471 380 4521 1.
395 4493 420 4506 -
442 4469 482 4518 41.
502 4468 543 4516 cut
559 4467 702 4529 imperasset
725 4463 792 4529 1.ng
808 4477 836 4528 p.
855 4476 891 4514 m.
912 4490 940 4499 -
959 4463 1122 4514 odoraturori
1138 4463 1207 4527 13411
1223 4463 1242 4512 B
1260 4462 1308 4513 dtt.
1328 4489 1355 4498 —
1374 4461 1415 4514 44.
1432 4462 1459 4511 to
1476 4475 1530 4512 om.
1548 4460 1617 4526 1341

296 4546 325 4596 G.
343 4545 460 4596 roentm
475 4543 699 4608 praepositionem
711 4543 767 4599 ott..
786 4540 865 4592 etiam
877 4541 907 4590 11.
920 4538 953 4589 ct.
965 4539 1068 4602 Zumpt.
1081 4537 1115 4588 ad
1126 4539 1168 4588 111.
1182 4537 1206 4601 5.
1220 4537 1275 4589 449.
1294 4550 1342 4589 nos
1354 4537 1388 4589 ad
1400 4538 1505 4588 Caesio.
1519 4550 1544 4601 p.
1558 4537 1614 4589 447.

296 4617 354 4670 ooll.
372 4620 391 4670 1.
411 4619 435 4684 g.
456 4619 481 4668 1.
499 4619 530 4668 11.
554 4615 578 4681 s.
595 4616 635 4668 119.
651 4615 707 4667 484.
731 4614 880 4678 4941113.
897 4614 953 4664 478.
973 4639 998 4649 -
1014 4613 1211 4677 orooisrrttrrtmo
1222 4610 1320 4675 134111
1326 4625 1332 4660 :
1344 4613 1474 4676 montfarto
1486 4614 1530 4663 ctt.
1543 4612 1572 4663 0.
1587 4637 1614 4648 -

296 4694 336 4744 tt.
350 4692 503 4756 omungit
514 4705 541 4758 p.
555 4705 591 4743 m.
612 4718 639 4730 ·-
658 4692 699 4742 23.
717 4692 782 4742 idon
799 4689 856 4753 (bis)
875 4692 936 4755 133.
956 4701 1058 4740 omnes.
1075 4714 1102 4724 -
1120 4688 1161 4738 26.
1179 4701 1259 4737 ooooo
1270 4685 1352 4750 ugia:
1369 4701 1420 4738 ooo
1436 4689 1483 4739 ctt.
1501 4690 1530 4738 0.
1545 4713 1572 4726 —
1589 4691 1618 4737 ut

291 4769 384 4833 putetis
400 4779 453 4818 om.
467 4767 543 4831 1341.
564 4766 626 4831 [Nos
643 4764 810 4827 inclusimus:
830 4765 907 4816 deest
922 4765 993 4816 eninr
1010 4762 1088 4814 lectio
1105 4763 1202 4828 optima
1214 4761 1283 4826 apud
1296 4762 1333 4827 Z.]
1347 4787 1375 4798 ·-
1393 4763 1434 4813 at.
1447 4763 1538 4824 quidet
1549 4761 1617 4826 13111

297 4846 326 4896 Β.
347 4869 374 4881 -
392 4843 434 4894 18.
455 4842 591 4906 paconium
607 4840 676 4904 1341
692 4853 720 4905 p.
738 4852 791 4891 m.:
812 4840 855 4890 titt
874 4853 927 4903 poc.
951 4841 997 4890 ott.
1016 4839 1045 4888 0.
1064 4839 1093 4888 ut
1110 4838 1134 4901 fi.
1152 4839 1208 4890 4114.
1234 4839 1267 4888 At
1283 4836 1309 4889 b.
1328 4835 1357 4898 l.,
1375 4849 1438 4888 cum
1455 4837 1488 4888 de
1505 4836 1617 4902 pecunia

297 4921 444 4972 statuarum
469 4918 575 4970 nomine
597 4915 689 4967 collata
712 4916 835 4966 universo
853 4929 885 4966 oc
901 4914 1046 4980 generatim
1064 4915 1171 4976 agatur,
1195 4917 1342 4978 pronomen
1365 4913 1544 4963 necessarlum
1563 4923 1615 4960 non

297 4992 409 5044 videtur.
430 5019 458 5030 ·-
476 4993 517 5044 tt.
535 4993 556 5042 ri
572 4997 629 5043 etot.
648 4990 716 5056 1342
732 5005 759 5056 p.
778 5003 831 5042 m.:
852 4992 945 5054 siquis
967 4994 1025 5040 rtot.
1050 4990 1096 5039 ctt.
1115 4990 1144 5038 0.
1164 5014 1192 5025 -
1210 4989 1288 5039 cidem
1303 4986 1381 5051 1341.
1402 5010 1428 5022 -
1448 4986 1489 5037 34.
1506 4986 1618 5048 priorum

297 5071 380 5134 Noug.
399 5071 439 5134 0.:
455 5069 566 5133 mom
581 5069 659 5132 lagg.
678 5066 883 5131 3141444141-
902 5066 942 5117 31.
957 5065 1091 5130 perronium
1107 5062 1175 5129 1341
1191 5075 1218 5129 p.
1232 5075 1269 5116 m.
1289 5061 1329 5126 (ct.
1349 5061 1373 5128 5.
1388 5059 1443 5114 448.
1463 5060 1545 5124 itti:
1562 5071 1618 5109 oso·

297 5158 375 5214 mom
386 5159 441 5210 poc.
461 5147 506 5202 etl.
525 5144 556 5200 0.
