3644 5874
278 404 341 473 746
684 415 834 480 oblato
856 416 934 480 PRO
957 415 992 479 L.
1013 415 1178 480 ultanus

281 599 362 664 quae
384 601 436 644 res
458 583 542 666 ipsa,
564 603 646 667 quae
669 584 859 649 diuturnitas
880 583 1005 669 imperii
1027 585 1224 668 comprobat,
1245 586 1375 650 nimium
1398 605 1507 650 severa
1522 604 1595 649 ora-

280 673 366 739 ticne
379 676 622 758 reprehendere.
643 677 717 740 Fuit
729 678 841 741 eodem
856 699 897 742 ex
911 679 1015 742 studio
1030 680 1079 743 vir
1093 679 1234 742 eruditus
1247 679 1330 762 apud
1346 689 1451 764 patres
1465 687 1595 744 nostros

150 761 173 850 ί
279 775 312 831 et
332 770 485 834 honestus
505 771 601 834 homo
623 780 655 834 et
674 772 808 847 nobilis,
831 773 870 849 Q.
892 772 1026 840 tubero.
1069 775 1116 848 Is,
1138 795 1209 838 eum
1231 774 1359 857 epulum
1381 774 1420 851 Q.
1435 776 1593 838 Maximus

277 863 310 924 P.
332 861 470 928 Africani
494 867 596 948 patrui
618 865 666 929 sui
687 867 816 930 nomine
835 867 957 950 populo
978 869 1120 931 Romano
1142 869 1246 942 daret,
1268 875 1395 950 rogatus
1416 877 1465 932 est
1486 889 1506 932 a
1526 869 1593 932 bla-

252 954 364 1019 eximo
385 965 422 1020 ut
442 958 614 1022 triclinium
636 965 806 1034 sterneret,
829 980 900 1024 eum
922 970 1006 1024 esset
1020 962 1143 1026 Tubero
1164 961 1306 1024 eiusdem
1320 960 1459 1025 Africani
1473 962 1593 1026 sororis

146 1067 162 1117 l
275 1045 368 1113 filius.
405 1051 509 1135 Atque
530 1051 600 1126 ille,
622 1053 718 1144 bomo
740 1052 970 1118 eruditissimus
992 1075 1029 1118 ac
1044 1056 1186 1132 Stoicus,
1209 1056 1318 1120 suant
1337 1055 1495 1138 pelliculis
1515 1054 1592 1118 bae-

140 1152 152 1172 ⁹
274 1143 356 1207 dinis
377 1145 512 1209 lectulos
533 1146 710 1211 Punicanos
733 1156 764 1210 et
785 1149 934 1230 exposuit
955 1169 1029 1212 vasa
1050 1150 1171 1224 Samia,
1198 1149 1289 1234 quasi
1310 1169 1384 1212 vero
1412 1158 1496 1212 esset
1515 1149 1592 1212 Dio-

273 1258 369 1321 genes
392 1240 528 1323 Cynicus
550 1250 710 1318 mortuus,
732 1249 764 1306 et
784 1261 849 1305 non
871 1242 970 1305 divini
992 1243 1130 1306 bominis
1143 1243 1280 1306 Africani
1302 1263 1386 1306 mors
1407 1243 1590 1308 honestare·

272 1339 338 1396 tur:
368 1355 463 1419 quem
491 1355 564 1398 cum
592 1357 738 1420 supremo
770 1339 837 1400 eius
867 1335 919 1399 die
939 1337 1095 1402 Maximus
1121 1337 1279 1412 laudaret,
1308 1340 1423 1421 gratias
1451 1338 1517 1421 egit
1540 1337 1589 1401 dis

233 1429 516 1506 stimmortalibus,
547 1430 633 1515 quod
663 1431 717 1494 ille
745 1432 794 1494 vir
815 1431 849 1494 in
869 1429 929 1494 bae
950 1451 983 1494 re
1005 1431 1132 1515 publiea
1152 1433 1351 1516 potissimum
1372 1440 1465 1496 natus
1487 1439 1589 1506 esset3

269 1541 400 1587 neeesse
428 1525 510 1588 enim
531 1523 630 1588 baisse
651 1525 695 1588 ibi
718 1546 789 1589 esse
810 1533 962 1588 terrarum
987 1526 1170 1609 imperium,
1198 1526 1252 1590 ubi
1273 1527 1328 1590 ille
1350 1533 1444 1590 esset.
1486 1526 1590 1591 lluius

270 1617 302 1680 in
325 1626 426 1681 morte
447 1618 635 1683 celebranda
657 1621 792 1704 graviter
813 1619 887 1683 tulit
905 1620 1043 1705 populus
1057 1622 1217 1685 Romanus
1236 1621 1318 1686 hanc
1340 1640 1518 1705 perversam
1539 1642 1590 1684 sa-

153 1707 163 1729 ‘
269 1711 420 1794 pientiam
443 1713 629 1777 Tuberonis.
672 1711 724 1775 76.
746 1714 857 1798 ltaque
879 1713 976 1777 bomo
991 1716 1225 1796 integerrimus,
1248 1717 1327 1809 cipis
1342 1717 1496 1800 optimus,
1518 1736 1588 1778 cum

270 1813 354 1868 esset
380 1805 415 1869 L.
437 1807 526 1870 Pauli
546 1827 661 1891 nepos,
690 1808 723 1869 P.
745 1807 900 1884 Africani,
930 1817 966 1872 ut
993 1809 1072 1884 dixi,
1102 1812 1220 1874 sororis
1247 1803 1346 1885 filius,
1373 1809 1425 1872 bis
1445 1808 1589 1873 haedinis

232 1909 260 1956 tt
269 1899 427 1984 pelliculis
448 1909 596 1985 praetura
617 1902 760 1966 deiectus
782 1911 840 1967 est.
876 1903 952 1966 Odit
979 1903 1117 1986 populus
1142 1906 1300 1968 Romanus
1321 1905 1474 1989 privatam
1496 1905 1590 1968 luxu·

269 1995 365 2070 riam,
388 1995 544 2078 publicam
567 1994 829 2079 magnificentiam
852 1997 970 2082 diligit:
992 2016 1056 2061 non
1071 2005 1155 2062 amat
1168 1999 1312 2082 profusas
1327 1998 1455 2082 epulas,
1477 1999 1589 2062 sordes

269 2097 302 2154 et
327 2090 586 2154 inhumanitatem
615 2090 714 2155 multo
743 2091 865 2154 minus:
894 2091 1058 2175 distinguit
1078 2093 1233 2158 rationem
1254 2091 1430 2156 officiorum
1453 2113 1489 2156 ao
1510 2099 1588 2156 tem-

269 2203 399 2267 porum,
431 2183 683 2248 vicissitudinem
713 2184 831 2248 laboris
860 2205 897 2248 ae
926 2186 1108 2269 voluptatis.
1150 2187 1228 2250 Nam
1257 2186 1343 2270 quod
1372 2187 1419 2250 aie
1446 2186 1533 2250 nulla
1552 2207 1589 2249 re

269 2278 354 2343 allici
377 2279 539 2344 bominum
562 2288 682 2344 mentes
704 2287 850 2364 oportere
873 2279 913 2342 ad
935 2279 1150 2362 magistratum
1166 2280 1379 2344 mandandum
1401 2280 1463 2344 nisi
1484 2279 1588 2363 digni-

231 2380 349 2448 tttate,
378 2373 438 2437 boc
461 2375 601 2457 tuipse,
630 2376 664 2438 in
687 2394 750 2457 quo
779 2393 900 2437 summa
922 2381 970 2437 est
991 2372 1146 2455 dignitas,
1172 2395 1236 2439 non
1258 2394 1375 2438 servas.
1419 2375 1481 2438 Cur
1502 2375 1585 2438 enim

157 2494 162 2503 ·
270 2469 477 2552 quemquam,
498 2476 536 2531 ut
557 2469 682 2532 studeat
703 2468 775 2542 tibi,
798 2475 832 2530 ut
854 2475 886 2530 te
907 2467 1048 2542 adiuvet,
1070 2471 1184 2550 rogas?
1206 2470 1309 2552 liogas
1324 2476 1358 2531 tu
1372 2489 1439 2543 me,
1461 2477 1496 2532 ut
1510 2469 1586 2533 mibi

269 2561 405 2646 praesis,
428 2568 464 2625 ut
478 2563 670 2627 committam
686 2582 745 2644 ego
760 2581 809 2626 me
824 2561 891 2625 tibi.
915 2559 999 2636 Quid
1016 2560 1165 2624 tandem?
1186 2564 1268 2626 istuo
1283 2583 1333 2626 me
1348 2563 1450 2646 rogari
1465 2569 1589 2647 oportet

269 2657 324 2720 abs
346 2663 377 2719 te
398 2675 438 2719 an
460 2663 492 2720 te
513 2658 620 2740 potius
642 2676 742 2731 ame,
763 2663 799 2720 ut
819 2675 878 2740 pro
900 2675 970 2718 mea
991 2655 1093 2718 salute
1115 2655 1252 2719 laborem
1273 2655 1513 2739 periculumque
1535 2675 1587 2718 su-

269 2749 406 2833 scipias?
449 2747 500 2812 77.
523 2750 632 2826 Quid‘l
654 2751 740 2833 quod
762 2750 858 2814 babes
881 2749 1165 2825 nomenclatorem,
1187 2750 1220 2812 in
1243 2770 1281 2813 eo
1303 2750 1432 2834 quidem
1452 2749 1537 2814 fallis
1553 2755 1588 2813 et

229 2841 399 2927 ”decipis
436 2847 514 2908 Nam
536 2845 563 2907 si
583 2845 709 2908 nomine
732 2844 885 2928 appellari
906 2844 963 2906 abs
985 2851 1016 2907 te
1037 2843 1122 2908 cives
1144 2853 1216 2908 tuos
1228 2845 1397 2908 bornadum
1411 2849 1474 2918 est,
1495 2851 1586 2927 turpe

266 2945 317 3002 est
337 2959 393 3002 eos
413 2937 556 3002 notiores
575 2959 647 3002 esse
669 2957 760 3002 servo
781 2946 838 3001 tuo
862 2955 957 3022 quarn
979 2937 1044 3001 tibi.
1087 2938 1163 3012 Sin,
1194 2939 1290 3002 etiam
1311 2939 1339 3001 si
1357 2938 1461 3011 noris,
1482 2945 1586 3001 tamen

267 3050 325 3116 per
344 3031 534 3096 monitorem
556 3032 737 3116 appellandi
760 3040 850 3106 sunt,
872 3051 928 3094 cur
949 3037 1021 3094 ante
1042 3033 1143 3115 petis,
1165 3053 1259 3115 quam
1281 3031 1510 3096 insusurravit?
1532 3039 1587 3094 aut

267 3127 360 3210 quid,
384 3149 454 3191 cum
476 3126 667 3202 admoneris,
689 3135 811 3201 tamen,
834 3127 925 3211 quasi
946 3132 1013 3189 tute
1036 3127 1140 3202 noris,
1162 3125 1206 3191 ita
1221 3126 1360 3190 salutm?
1383 3126 1477 3210 quid,
1498 3133 1586 3208 post·

267 3240 402 3307 eaquam
431 3241 465 3285 es
488 3220 686 3304 designatus,
709 3220 809 3284 multo
832 3220 948 3284 salutas
970 3220 1204 3302 negligentius?
1240 3220 1324 3284 llaec
1346 3219 1453 3282 omnia
1474 3219 1514 3282 ad
1536 3238 1584 3282 ra-

332 3475 355 3524 4.
373 3486 414 3523 res
429 3473 485 3536 ipso
502 3473 598 3535 EGbl‚
618 3473 723 3534 torn,
741 3473 835 3536 lagga
853 3485 894 3522 res
907 3486 934 3536 p.
952 3473 1007 3535 ipss
1018 3485 1048 3532 v,
1066 3485 1107 3523 rea
1121 3473 1177 3534 ipso
1190 3469 1291 3533 publico
1308 3470 1350 3521 ed.
1364 3467 1451 3520 Weld.
1469 3471 1497 3518 et
1512 3469 1540 3518 L.
1554 3493 1580 3503 -

265 3550 397 3613 impet-imo
408 3551 438 3600 G.
453 3576 480 3585 -
499 3548 662 3611 comperobat
672 3556 708 3614 ψ.
724 3576 751 3584 -
770 3548 794 3598 3.
813 3549 949 3599 bmnoom.
962 3561 994 3608 v;
1012 3548 1333 3599 tonoultoxtmseom.
1347 3548 1377 3596 G.
1389 3571 1417 3582 -
1435 3543 1460 3595 4.
1477 3546 1503 3595 Ρ.
1515 3543 1584 3607 ,444-

265 3625 323 3676 ccoi
339 3625 461 3684 Glivx:
479 3625 504 3676 Ρ.
518 3637 571 3674 cm.
585 3623 672 3674 ELO.
687 3651 715 3660 -
732 3624 771 3674 sut
785 3637 877 3674 cmv.
893 3651 920 3661 -
939 3637 957 3674 o
972 3637 1026 3674 om.
1040 3627 1069 3674 (t.
1083 3650 1111 3660 -
1130 3624 1153 3673 6.
1166 3621 1262 3673 aedicit
1276 3623 1311 3683 E,
1330 3621 1407 3672 edicit
1423 3620 1581 3682 ductio,

264 3701 357 3752 bediots
373 3714 398 3750 v.
419 3726 446 3736 —
465 3700 489 3750 7.
504 3701 720 3763 ponesano·
738 3699 807 3761 cero]
822 3713 873 3749 ooo
889 3712 914 3750 v.
931 3725 960 3737 -
978 3699 1003 3751 8.
1021 3699 1127 3750 bcmtns's
1142 3711 1195 3749 om.
1208 3705 1244 3761 ψ.
1260 3723 1287 3733 -
1307 3697 1346 3748 49.
1362 3696 1518 3760 postremam
1528 3707 1580 3746 om.

267 3777 297 3827 Η.
317 3801 344 3812 -
368 3775 454 3838 potita.
478 3775 551 3825 decm
570 3780 660 3825 noctua
673 3778 733 3826 sesa
748 3787 774 3824 v.
795 3800 822 3810 -
842 3775 882 3824 44.
900 3775 1033 3837 impetitor
1048 3780 1177 3824 tet-rom
1192 3786 1218 3822 v.
1239 3797 1266 3809 -
1285 3772 1325 3822 48.
1344 3771 1489 3822 merdae
1505 3785 1532 3830 χ.
1554 3797 1581 3806 -

266 3849 306 3901 44.
323 3851 394 3901 Paeti
410 3852 480 3903 mei:
498 3850 578 3901 Paulli
594 3851 651 3901 to.
670 3877 697 3887 -
715 3849 1131 3912 masev‚ettsts13cttp.-
1150 3839 1404 3910 ruore-:octat
1418 3844 1583 3905 atierthln-

265 3924 300 3976 til.
320 3927 340 3976 1.
358 3926 387 3976 0.
405 3927 446 3976 tx.
465 3926 493 3987 3,
511 3925 552 3976 88.
574 3951 601 3961 -
620 3926 659 3976 46.
679 3930 779 3976 unates
795 3925 855 3976 EC·
874 3950 902 3959 —
925 3925 965 3974 47.
984 3929 1007 3975 et
1023 3937 1076 3975 om.
1095 3938 1122 3984 κ.
1143 3949 1170 3960 -
1195 3923 1263 3973 ratio
1278 3923 1312 3974 ll.
1332 3947 1360 3958 -
1378 3925 1402 3971 et
1417 3925 1490 3983 tetrrp.
1508 3933 1535 3971 v.
1555 3947 1581 3956 -

267 4001 306 4052 48.
326 4000 373 4066 oie]
391 4000 423 4051 eb
438 4002 485 4052 biis
501 4003 530 4050 G.
558 4023 586 4036 -
613 4001 654 4050 84.
672 4005 701 4050 ut
716 4012 756 4050 me
768 4001 867 4062 praede
882 4001 911 4051 E.
938 4025 964 4036 -
991 4000 1032 4050 88.
1050 4005 1145 4065 eportet
1165 3999 1209 4049 ttbt
1225 4000 1264 4060 Μ,
1290 4010 1335 4062 eqo
1353 4010 1406 4048 om.
1424 4009 1449 4047 v.
1471 4021 1498 4033 -
1523 3996 1585 4046 tuae

266 4079 375 4128 decens.
394 4075 475 4125 tete:
499 4076 580 4126 tatum
602 4072 644 4124 vel
661 4075 683 4124 ts
699 4079 756 4124 toste
773 4075 838 4135 EG,
863 4074 878 4127 4
895 4075 959 4125 (lxx.
978 4075 1006 4124 et
1022 4075 1099 4137 Lagg.
1117 4075 1223 4138 praeter
1239 4072 1255 4122 9
1271 4073 1298 4122 et
1314 4069 1360 4134 84,
1384 4071 1411 4121 in
1431 4069 1527 4135 quibus
1544 4071 1584 4120 est

265 4154 306 4201 ste
320 4155 392 4210 tuom
411 4154 511 4212 ωηεν,
529 4150 589 4213 qotd
606 4150 705 4200 tandem
720 4151 761 4199 ota
776 4163 841 4200 cone
856 4163 896 4200 ote
910 4150 999 4213 reputt
1015 4151 1048 4200 st.
1064 4175 1092 4186 -
1110 4148 1150 4198 89.
1169 4147 1265 4198 totores
1281 4148 1310 4198 C.
1326 4174 1353 4184 -
1368 4146 1580 4209 prement.-

264 4225 305 4277 84.
323 4225 545 4276 commendatores
561 4227 623 4288 teg.
642 4225 666 4274 9.
686 4237 718 4276 ex
735 4225 865 4290 scripture
881 4226 1097 4284 commentorem,
1124 4235 1193 4287 quae
1210 4224 1293 4274 estin
1309 4223 1363 4274 Ev.
1383 4249 1409 4259 —
1429 4223 1470 4274 85.
1488 4221 1582 4272 evoe

265 4301 328 4352 GM.
343 4325 369 4335 -
388 4299 542 4351 bonmmtom
559 4303 587 4351 G.
603 4327 630 4337 -
648 4301 689 4351 86.
708 4301 747 4350 sin
763 4301 838 4351 etiem
855 4301 876 4349 st
892 4300 961 4350 sorta
976 4298 1136 4350 Lambinus:
1156 4311 1209 4349 orn.
1222 4301 1256 4358 G;
1274 4300 1313 4349 sto
1328 4299 1404 4349 etiem
1419 4300 1489 4349 noma
1504 4296 1580 4349 cedd.

265 4375 320 4426 rell.
340 4376 408 4436 noti;
427 4376 503 4426 etiem
518 4381 547 4426 ut
561 4390 612 4426 ooo
627 4377 697 4426 omia
713 4376 893 4434 Camerarius;
912 4375 933 4424 ss·
949 4375 1024 4424 etiam
1039 4374 1121 4424 noris.
1140 4379 1222 4424 moen
1232 4401 1270 4413 -·
1280 4373 1422 4438 cppettostds'
1437 4372 1512 4423 aad?
1527 4373 1582 4423 llu-

265 4451 361 4501 nutius.
382 4477 409 4486 -
432 4449 473 4500 87.
491 4463 539 4500 ουν
560 4455 619 4501 oete
635 4451 677 4502 ll:
699 4462 754 4500 om.
772 4450 834 4513 Lag.
853 4449 905 4509 88,
923 4463 969 4498 cres·
985 4454 1068 4499 meo
1084 4451 1145 4512 Lag.
1163 4450 1199 4509 9.,
1217 4463 1264 4498 caer
1279 4453 1363 4500 eutem
1378 4462 1410 4511 v,
1434 4462 1482 4498 cte·
1497 4449 1581 4499 ΜΤ

264 4526 318 4589 (qui
334 4525 416 4577 babet
429 4525 501 4588 pects
517 4539 565 4590 pro
580 4527 665 4589 pete),
681 4537 771 4575 aarum
786 4525 897 4575 Ecctt
906 4533 974 4588 χψ,
992 4525 1050 4575 Par.
1063 4523 1088 4575 4.
1101 4525 1137 4586 8.,
1155 4525 1233 4589 lagg,
1251 4522 1355 4588 reliqui.
1369 4551 1397 4564 -·
1413 4524 1484 4587 petia]
1498 4527 1583 4586 pm

264 4603 299 4658 G.
316 4600 387 4663 pettts
402 4599 460 4650 libri
477 4603 597 4664 veteres,
622 4603 652 4652 ut
668 4601 705 4652 ait
720 4599 824 4661 Lamb,
843 4599 914 4651 unde
931 4601 988 4665 ipse
1005 4599 1120 4650 deditio
1137 4598 1180 4650 ed.
1194 4599 1266 4650 4866.
1285 4599 1409 4663 appeltam
1424 4599 1527 4662 mundis
1541 4595 1581 4647 vel

261 4689 366 4740 prensos
374 4677 443 4726 conl.
454 4673 564 4727 Orellius
573 4675 753 4742 probabiliter.
768 4703 796 4713 -
807 4677 974 4726 tnnuarractt
983 4675 1025 4726 ed.
1039 4676 1125 4726 Crat:
1138 4675 1259 4725 toteravit
1267 4675 1342 4738 (sieG
1352 4677 1379 4725 et
1386 4673 1524 4739 plerique),
1541 4671 1582 4722 si-

263 4753 370 4813 cereott‚
387 4753 522 4814 uicmwtt,
539 4751 673 4814 absumit,
690 4751 807 4802 admouit
824 4752 902 4815 (4444,
922 4753 980 4801 Par.
994 4750 1029 4812 9.)
1047 4749 1153 4802 codices
1165 4751 1299 4814 corrupte.
1313 4752 1382 4814 (Lag.
1396 4749 1420 4800 9.
1439 4763 1486 4799 car
1501 4753 1582 4798 menet

262 4829 324 4892 petie
339 4842 396 4878 men
411 4829 533 4878 incertum
549 4829 594 4886 stt3
613 4830 671 4878 Per.
685 4828 709 4878 t.
728 4829 819 4878 Frane.
838 4829 865 4878 et
881 4839 911 4875 v:
929 4840 976 4876 our
992 4831 1076 4876 omero
1088 4827 1152 4889 psttr
1167 4838 1239 4887 queem
1254 4839 1305 4875 non
1317 4826 1394 4886 costi,
1412 4821 1461 4874 sed
1473 4836 1489 4872 v
1501 4823 1581 4885 quoe.)

267 4931 293 4941 -
312 4909 357 4954 cat
373 4905 433 4967 quta
449 4904 520 4955 Gbl:
539 4917 556 4952 e
572 4903 632 4965 quid
648 4903 711 4964 (ΞΕ,
730 4903 764 4952 cd
780 4902 840 4964 qra'd
855 4903 908 4966 sq
925 4905 952 4952 et
968 4903 1025 4952 l’ar.
1043 4902 1078 4962 8.,
1096 4901 1156 4962 quid
1171 4901 1205 4960 Τ,
1223 4899 1319 4962 cttqrss'd
1335 4901 1395 4962 quid
1410 4901 1469 4950 Par.
1486 4896 1511 4948 4.
1530 4898 1583 4960 (cett

264 4978 697 5041 wadmonuiseticmqucatvl
718 4977 1176 5042 -28.ctea]quodG,quoescT.
1196 4975 1474 5039 -tcmealecicmT.
1494 4985 1582 5022 -m-

264 5057 325 5106 tuus
341 5057 370 5106 E.
392 5079 418 5092 -
438 5056 498 5118 qotd
511 5059 675 5118 posteaquem
690 5053 753 5106 biv:
781 5053 847 5113 qood
859 5065 888 5114 p.
907 5054 942 5112 G,
960 5053 1021 5114 teg.
1040 5053 1075 5112 9.,
1094 5051 1191 5113 quiden
1204 5064 1232 5112 p.
1251 5051 1313 5111 GE,
1331 5052 1392 5114 tas.
1411 5050 1451 5101 89.
1469 5050 1511 5100 tt.
1528 5050 1579 5113 86..

267 5131 326 5198 quid
341 5129 407 5181 eaeo
418 5142 447 5198 p.
466 5130 527 5192 HS,
545 5131 608 5194 Lag.
627 5130 650 5178 4.
669 5126 696 5188 3.,
712 5127 737 5179 7.
755 5127 780 5180 8.
799 5153 826 5166 -·
841 5131 976 5194 postquem
990 5132 1027 5190 ψ.
1049 5152 1074 5164 -
1094 5125 1134 5176 89.
1152 5125 1242 5176 malms
1257 5125 1291 5176 ll.
