3684 5862
279 399 322 468 58
567 403 718 472 ORATIO
740 404 819 472 PRO
843 405 933 472 SEX.
956 403 1104 471 ROSCIO
1126 403 1310 472 limenio

281 579 376 659 atque
397 593 562 660 possessor
583 583 632 639 est
652 583 684 640 et
698 596 771 639 eum
784 573 944 639 hominem
959 574 1168 640 occidendum
1183 575 1318 652 curavit,
1337 573 1379 638 de
1393 575 1484 640 cuius
1498 583 1599 642 morte

280 669 452 752 quaeritur.
496 665 568 734 toi.
591 669 675 747 Quid
696 678 749 745 tu,
769 672 817 734 vir
838 671 978 754 optime?
1008 668 1123 752 ecquid
1143 669 1259 744 hahes,
1282 669 1368 754 quod
1391 669 1499 732 dicasl
1521 670 1599 734 mihi

280 764 439 827 ausculta:
468 764 557 840 vide,
579 785 620 828 ne
642 764 698 828 tihi
721 763 822 841 desis:
851 773 906 827 tua
928 783 1057 848 quoque
1079 783 1129 826 res
1152 783 1324 847 permagna
1345 764 1455 847 agitur.
1499 764 1599 828 Multa

279 857 446 934 scelerate,
479 858 578 922 multa
608 859 784 935 audaciter,
817 859 916 922 multa
943 857 1087 942 improbe
1113 857 1237 921 iecisti:
1271 878 1368 922 unum
1398 858 1597 942 stultissime,

255 951 422 1035 eprofecto
449 959 506 1016 tua
534 961 663 1037 sponte,
691 973 757 1017 non
787 952 827 1016 dc
853 953 959 1016 Erucii
982 952 1154 1016 sententia:
1187 953 1267 1016 nihil
1289 972 1370 1036 opus
1391 952 1453 1016 fuit
1473 960 1504 1016 te
1525 951 1598 1014 istie

279 1044 399 1109 sedere.
441 1047 552 1131 Neque
574 1049 659 1112 enim
681 1055 864 1111 accusatore
886 1053 974 1109 muto
1001 1066 1106 1132 neque
1128 1055 1207 1110 teste
1230 1048 1401 1132 quisquam
1422 1047 1522 1110 utitur
1544 1063 1598 1120 eo,

279 1138 335 1222 qui
371 1138 410 1203 de
440 1143 632 1206 accusatoris
662 1141 813 1205 subsellio
844 1141 953 1223 surgit.
997 1141 1067 1204 Huc
1096 1140 1234 1216 accedit,
1267 1140 1353 1226 quod
1375 1140 1470 1224 paulo
1494 1147 1598 1202 tamen

278 1232 432 1297 occultior
453 1241 548 1320 atque
570 1237 683 1300 tectior
704 1244 809 1300 vestra
828 1236 891 1298 ista
912 1236 1068 1320 cupiditas
1089 1243 1183 1300 esset.
1225 1238 1317 1299 Nunc
1339 1233 1417 1318 quid
1440 1240 1489 1297 est
1511 1231 1598 1316 quod

278 1327 447 1412 quisquam
477 1349 518 1393 ex
538 1330 628 1394 vohis
650 1330 760 1394 audire
789 1329 965 1406 desideret,
995 1350 1068 1394 cum
1095 1350 1178 1416 quae
1205 1330 1310 1393 facitis
1339 1327 1496 1393 eiusmodi
1525 1328 1598 1402 sint,

240 1427 313 1490 tout
344 1441 383 1485 ea
412 1422 520 1486 dedita
552 1443 648 1509 opera
680 1443 699 1487 a
728 1424 819 1489 nohis
852 1435 962 1489 contra
993 1433 1115 1489 vosmet
1149 1426 1237 1508 ipsos
1269 1425 1372 1488 facere
1404 1421 1597 1488 videamini:

277 1509 348 1580 405.
369 1518 435 1600 Age
456 1539 542 1582 nunc
562 1519 619 1582 illa
639 1518 822 1595 videamus,
843 1517 984 1595 iudices,
1006 1539 1089 1603 quae
1112 1520 1218 1583 statim
1239 1525 1410 1582 consecuta
1430 1523 1514 1580 sunt.

359 1611 520 1676 XXXVII.
548 1612 597 1676 Ad
619 1614 800 1677 Volaterras
822 1614 855 1676 in
878 1620 980 1677 castra
1001 1613 1036 1676 L.
1060 1613 1167 1678 Sullae
1189 1633 1273 1676 mors
1296 1613 1369 1676 Sex.
1391 1611 1497 1675 Roscii
1520 1630 1598 1698 qua·

277 1701 407 1780 driduo,
430 1726 493 1790 quo
509 1707 536 1770 is
555 1708 679 1771 occisus
694 1714 757 1782 est,
780 1706 985 1792 Chrysogono
1000 1709 1173 1772 nuntiatur.
1208 1708 1379 1784 Quaeritur
1391 1705 1488 1770 ctiam
1502 1723 1597 1780 nunc,

278 1799 349 1881 quis
371 1820 443 1863 eum
464 1802 612 1865 nuntium
632 1802 776 1866 miseriti
819 1804 930 1866 Nonne
952 1803 1156 1890 perspicuum
1178 1811 1226 1866 est
1248 1801 1399 1875 eundem,
1427 1800 1483 1884 qui
1503 1800 1597 1863 Ame-

240 1890 377 1960 tsriam‘l
409 1895 505 1959 Curat
528 1895 769 1980 Chrysogonus,
792 1903 827 1959 ut
848 1896 916 1960 eius
938 1898 1023 1960 hona
1043 1904 1180 1962 veneant
1200 1899 1320 1972 statim,
1343 1897 1484 1980 quinon
1505 1901 1598 1958 uorat

275 1985 435 2050 hominem
468 1998 524 2053 aut
550 2011 627 2054 rem.
669 1991 712 2054 At
743 1990 798 2074 qui
826 1991 856 2055 ei
884 1993 1029 2056 venitin
1057 1999 1195 2056 mentem
1220 1990 1351 2075 praedia
1372 1989 1596 2073 concupiscere

274 2079 413 2144 hominis
435 2083 551 2166 ignoti,
583 2105 678 2168 quem
700 2085 829 2152 omnino
850 2104 1025 2169 numquam
1046 2083 1188 2149 viderat:
1225 2085 1357 2158 Soletis,
1380 2103 1452 2147 cum
1475 2079 1597 2165 aliquid

274 2174 495 2241 huiuscemodi
517 2177 650 2253 auditis,
680 2178 820 2254 iudices,
842 2181 993 2243 continuo
1017 2178 1140 2242 dicere:
1169 2198 1298 2242 necesse
1320 2185 1368 2242 est
1389 2178 1528 2262 aliquem
1549 2174 1597 2237 di·

274 2272 361 2336 nisse
382 2273 575 2355 municipem
596 2279 652 2335 aut
671 2273 828 2348 vicinum:
856 2273 880 2335 ii
901 2272 1090 2357 plerumque
1110 2272 1267 2348 indicant,
1296 2293 1355 2357 per
1376 2293 1430 2336 eos
1452 2272 1597 2356 plerique

144 2371 187 2454 ζ,
237 2366 462 2454 roproduntur.
507 2361 579 2429 406.
592 2359 668 2439 (Hic
689 2365 770 2430 nihil
792 2374 856 2443 est,
886 2366 972 2451 quod
995 2366 1018 2448 †
1040 2369 1255 2452 suspicionem
1270 2368 1337 2444 ‚hoc
1358 2345 1503 2452 putetis.)
1526 2367 1597 2427 Non

39 2455 55 2464 ⁶
70 2456 169 2544 (⁸³
276 2461 361 2538 enim
388 2479 447 2542 ego
476 2461 521 2524 ita
548 2458 733 2545 disputabo:
763 2461 830 2526 veri
852 2461 954 2525 simile
976 2469 1025 2525 est
1044 2463 1175 2526 Roscios
1197 2463 1290 2526 istam
1311 2482 1378 2526 rem
1400 2461 1440 2525 ad
1464 2461 1598 2545 Chryso-

276 2574 394 2639 gonum
423 2553 594 2631 detulisse:
624 2561 692 2618 erat
720 2555 803 2618 enim
832 2557 877 2619 eis
906 2575 977 2618 cum
1007 2553 1212 2640 Chrysogono
1239 2558 1303 2621 iam
1330 2564 1423 2621 antea
1444 2556 1597 2632 amicitia3

276 2669 350 2714 nam
371 2669 444 2712 cum
466 2647 582 2713 multos
604 2656 726 2727 veteres
748 2668 767 2710 a
789 2649 960 2714 maioribus
978 2650 1084 2713 Roscii
1107 2658 1257 2734 patronos
1278 2651 1485 2735 hospitesque
1501 2649 1598 2714 hahe-

276 2749 361 2818 rent,
384 2761 493 2806 omnes
516 2762 571 2806 eos
593 2743 697 2807 colere
719 2750 816 2828 atque
839 2743 1005 2809 ohservare
1027 2744 1217 2808 destiterunt
1238 2765 1275 2808 ac
1298 2765 1332 2808 se
1351 2746 1386 2808 iu
1401 2745 1597 2828 Chrysogoni

239 2835 369 2908 rsfidem
392 2842 424 2900 et
445 2837 623 2902 clientelam
645 2837 855 2902 contulerunt.
899 2834 972 2902 i07.
994 2838 1080 2902 Haec
1101 2859 1232 2921 possum
1253 2840 1360 2903 omnia
1379 2858 1454 2904 vere
1475 2837 1595 2904 dicere:

278 2931 334 3000 sed
362 2931 396 2995 in
424 2929 484 2995 hac
513 2952 609 2996 causa
637 2933 819 2995 coniectura
844 2931 924 2996 nihil
946 2952 1026 3016 opus
1049 2941 1105 2997 est.
1147 2934 1238 3017 Ipsos
1261 2943 1346 2998 certo
1368 2936 1433 2999 scio
1454 2954 1520 2998 non
1541 2955 1597 2998 ne-

277 3047 367 3112 gare,
389 3025 430 3090 ad
451 3027 530 3090 haec
551 3026 636 3089 hona
658 3026 898 3112 Chrysogonum
922 3027 1094 3092 accessisse
1116 3028 1256 3110 impulsu
1278 3049 1347 3092 suo.
1380 3029 1413 3091 si
1429 3048 1518 3102 eum,
1540 3029 1597 3112 qui

276 3121 385 3190 indicii
407 3128 530 3206 partem
551 3122 727 3204 acceperit,
760 3120 862 3184 oculis
884 3121 1036 3196 cernetis,
1063 3122 1250 3204 poteritisne
1272 3122 1431 3199 duhitare,
1460 3122 1596 3199 iudices,

278 3218 334 3305 qui
355 3215 522 3282 indicarit:
559 3216 622 3294 Qui
648 3223 731 3279 sunt·
743 3214 840 3298 igitur
860 3215 893 3278 in
915 3215 985 3280 istis
1006 3216 1117 3290 honis,
1140 3216 1255 3300 quibus
1277 3224 1399 3299 partem
1422 3217 1598 3302 Chrysogo-

342 3469 368 3520 2.
386 3470 429 3531 qai
444 3474 472 3520 to
487 3468 528 3518 cir
544 3472 567 3519 et
583 3473 707 3530 cmptraoe
724 3468 789 3530 quod
805 3465 879 3518 dohet
895 3469 924 3518 G.
944 3491 972 3503 -
991 3467 1080 3529 ecquid
1095 3479 1151 3518 ac:
1176 3473 1199 3517 ct
1224 3467 1283 3530 quid
1299 3469 1359 3520 liv.
1380 3495 1406 3506 -
1426 3468 1450 3521 i.
1469 3471 1599 3521 αιιιιιιιιιιν

276 3545 425 3598 Priscianus
443 3544 504 3607 (XV.
522 3541 547 3594 4.
565 3543 736 3608 pelotini:
756 3543 876 3593 audacter
892 3541 970 3594 codd.
984 3543 1013 3592 0.
1040 3543 1137 3606 Recepi
1153 3539 1228 3601 illud,
1247 3543 1309 3606 quia
1321 3543 1471 3596 Priscianus
1483 3545 1517 3596 ad
1529 3547 1598 3596 hanc

276 3621 390 3674 tormam
407 3617 616 3670 confirmandam
632 3619 684 3669 hoc
700 3621 759 3683 ipso
775 3616 833 3669 loco
849 3619 939 3669 utitur.
961 3643 989 3654 -
1006 3618 1031 3668 ιι.
1050 3618 1105 3668 istie
1121 3618 1204 3668 redere
1220 3619 1326 3670 liciam.
1345 3620 1372 3669 et
1388 3620 1535 3673 Manutius:
1557 3622 1598 3672 ιιιι

276 3698 376 3748 medere
392 3693 469 3747 codd.
491 3721 519 3731 -
537 3694 561 3744 d.
579 3695 656 3760 moto]
673 3695 750 3745 mutto
768 3694 839 3756 (ιψ;
861 3693 941 3742 irruite
958 3690 1035 3743 codd.
1048 3693 1144 3758 Ursini,
1163 3693 1234 3757 quod
1252 3694 1367 3746 Faernus
1382 3708 1526 3760 perperam
1542 3709 1598 3747 ma-

276 3770 331 3824 luit.
346 3795 374 3806 -
387 3768 478 3833 tomen]
490 3773 548 3820 crite
559 3770 578 3820 c
589 3771 677 3834 ἰἰιψ.
686 3797 713 3806 -
724 3770 749 3820 8.
760 3769 854 3833 tectior]
866 3768 958 3817 certtm
966 3769 995 3823 G:
1008 3770 1102 3820 rectior
1113 3767 1142 3819 G.
1155 3795 1182 3803 -
1195 3773 1341 3820 υιιιιαοιιι.
1354 3771 1383 3820 G.
1396 3795 1424 3806 -
1435 3771 1496 3832 prid
1506 3782 1559 3820 om.
1569 3784 1595 3822 v.

278 3871 307 3884 «-
324 3845 349 3896 9.
367 3858 400 3894 aa
415 3843 491 3909 υοιιι]
506 3849 616 3896 emtum
632 3843 685 3896 Pal.
696 3847 721 3896 4.
732 3871 760 3880 -
779 3844 820 3894 40.
839 3857 870 3894 aa
885 3844 1041 3907 suspectum
1058 3843 1231 3906 lieusingero.
1243 3870 1271 3881 -
1290 3857 1308 3894 c
1323 3844 1394 3894 mois
1409 3847 1444 3908 G,
1463 3847 1499 3896 st.
1517 3847 1595 3908 vict,

276 3922 306 3971 ιιι
321 3919 413 3970 hamb.
432 3921 459 3970 in
476 3919 537 3970 adn.
557 3919 598 3971 ed.
618 3921 690 3972 4466.
710 3918 877 3971 emendavit:
895 3931 914 3968 a
928 3919 997 3969 ochis
1012 3920 1124 3979 hivae,
1143 3916 1216 3981 Pell,
1235 3918 1314 3970 codd.
1327 3917 1384 3970 rell.
1399 3946 1427 3956 -
1445 3919 1485 3971 43.
1503 3921 1526 3970 ιι
1541 3934 1594 3974 οιιι.

277 3997 307 4048 C.
327 4019 354 4032 -
373 4008 439 4045 :runc
455 3995 531 4046 didm
547 3997 577 4046 G.
597 4023 625 4032 -
645 3997 685 4046 45.
702 3996 804 4046 vastam
820 3995 882 4046 Gli.
897 4020 926 4030 -
943 4007 995 4045 ooo
1010 3995 1094 4060 oorct]
1111 3999 1218 4045 :roserat
1234 3997 1262 4045 G.
1283 3994 1384 4059 (hamb.
1397 3994 1528 4047 distinxit:
1546 4002 1597 4048 sta·

277 4072 330 4122 tim.
357 4072 405 4133 (ici
424 4084 474 4120 noo
493 4075 569 4120 corat
588 4071 711 4121 hominem
726 4075 772 4120 out
787 4069 873 4134 real)
892 4094 919 4107 —
944 4071 983 4120 46.
1002 4075 1029 4120 ot
1045 4070 1088 4131 qus
1104 4081 1171 4120 vac
1188 4070 1215 4120 et
1230 4071 1272 4122 iit
1288 4084 1324 4122 m.
1343 4083 1413 4122 sec:
1439 4076 1484 4120 out
1500 4071 1543 4133 poi
1560 4074 1595 4134 G;

277 4151 352 4208 atquc
368 4147 402 4199 44.
422 4173 449 4182 -
466 4145 533 4196 osolt
549 4146 571 4196 ei
587 4160 614 4196 v.
633 4172 660 4185 -
680 4146 720 4197 48.
739 4147 844 4196 addetis
854 4147 883 4196 G.
898 4172 925 4180 -
945 4145 986 4196 t9.
1004 4145 1023 4194 ii
1040 4146 1156 4196 omitt.
1172 4168 1199 4180 -
1216 4146 1336 4211 plerique]
1351 4147 1497 4210 pleromate
1513 4147 1595 4200 iirv.

279 4249 307 4258 —
325 4222 365 4272 20.
382 4222 525 4284 prodeatur
541 4221 702 4273 Glidvac:
718 4223 893 4285 producuntur
909 4221 946 4273 444
958 4227 1003 4284 dr:
1019 4219 1130 4283 produot
1146 4221 1173 4271 T.
1195 4248 1222 4258 -
1240 4222 1403 4284 captatorem
1417 4222 1463 4272 hoc
1480 4221 1558 4272 codd.
1571 4224 1598 4273 et

278 4294 340 4347 edd.
358 4298 438 4347 vett:
466 4309 532 4360 erup.
550 4295 615 4346 tam
637 4297 680 4348 ed.
699 4298 729 4349 c.
747 4297 839 4362 steph.
858 4299 886 4347 et
901 4297 959 4347 LO.
987 4296 1115 4346 intactam
1135 4293 1229 4360 reliqui
1250 4296 1408 4360 scripturam
1429 4299 1596 4362 corruptam,

277 4384 339 4424 cum
356 4371 506 4424 emendatio
526 4372 627 4423 incerta
643 4372 773 4424 videatur.
797 4374 875 4424 Gaui
891 4372 936 4422 doc
957 4369 1101 4422 delendum
1122 4373 1226 4433 censet,
1250 4374 1280 4421 ut
1302 4372 1352 4422 sit:
1375 4371 1415 4421 hic
1438 4371 1596 4436 (inhaere)

276 4448 338 4499 nied
353 4451 388 4499 esi
405 4449 471 4510 qaod
485 4448 648 4511 mspidcneo
660 4449 759 4511 patetis.
786 4447 872 4500 liadv.
891 4447 1029 4513 proposuit
1045 4447 1072 4498 iu
1089 4445 1132 4497 ed.
1151 4447 1209 4496 ili.:
1227 4447 1364 4509 suspicioso
1380 4448 1517 4510 compotis:
1536 4446 1599 4498 Klo-

277 4527 343 4577 tzius
361 4523 410 4586 iii:
436 4523 597 4587 suspiciosam
618 4524 663 4574 hoc
682 4524 789 4588 potetis:
816 4523 881 4574 mihi
902 4523 928 4572 in
953 4524 1071 4572 mentem
1087 4522 1175 4572 venit:
1202 4522 1335 4584 despicient
1351 4533 1401 4572 csse
1417 4521 1498 4572 herm
1510 4534 1538 4582 p.
1556 4519 1599 4572 vel

276 4600 415 4664 mrpiciom
429 4598 476 4648 otti
491 4599 537 4650 hoc
551 4604 615 4662 pot,
634 4598 708 4664 quod
723 4598 757 4650 ad
774 4597 920 4650 litterarum
937 4595 1033 4648 ductus
1050 4597 1169 4661 proxime
1186 4597 1297 4648 accedit.
1319 4597 1395 4660 (Fert.
1408 4596 1545 4660 sapidos:
1556 4595 1598 4661 [ed

277 4687 339 4739 opos
351 4671 452 4736 potatis.
478 4673 516 4725 Ci.
535 4687 560 4726 v.
579 4674 619 4725 26.
638 4686 666 4739 p.
684 4674 725 4736 64,
743 4675 785 4726 at.
803 4672 883 4736 Bam.)
903 4699 931 4711 -
948 4685 1000 4722 oco
1015 4684 1060 4735 epo
1076 4673 1142 4723 ιιιιιιι
1152 4673 1181 4722 G.
1202 4699 1229 4709 -
1247 4673 1288 4724 ai.
1304 4673 1401 4736 disputo
1413 4672 1442 4724 C.
1457 4698 1485 4710 -·
1502 4672 1601 4724 Roscios

278 4753 340 4802 Gc:
357 4749 573 4810 Rcsctseoliva,
592 4749 682 4800 6011.
698 4777 725 4786 -
742 4748 885 4802 taedeo
900 4749 1009 4800 hivae.
1025 4773 1052 4783 -
1068 4746 1109 4798 24.
1124 4745 1204 4797 οιιιιιιι
1219 4748 1302 4800 llac.
1321 4773 1351 4785 -
1368 4749 1409 4800 25.
1428 4749 1459 4816 ct]
1476 4761 1508 4798 oc
1522 4761 1549 4798 v.
1570 4773 1596 4785 -

277 4823 441 4889 mammet]
466 4823 623 4875 emmeram
638 4825 670 4876 R.
690 4851 718 4862 -
741 4825 826 4876 monio
842 4824 962 4876 Glivc:
989 4822 1088 4872 οιιιιιιιιο
1111 4821 1228 4884 llea,
1255 4835 1337 4886 wem
1352 4821 1494 4875 lectionem
1511 4821 1599 4873 Geni

277 4899 386 4967 prohat,
410 4910 473 4950 cum
489 4899 534 4949 vix
554 4897 606 4949 duo
627 4900 681 4951 sint
696 4911 765 4964 quae
783 4899 864 4951 modo
881 4898 957 4960 dixit,
982 4897 1099 4960 itemque
1117 4897 1238 4949 Osannus
1255 4897 1289 4949 ad
1306 4898 1356 4949 dic.
1374 4899 1404 4948 de
1418 4898 1477 4960 itep.
1495 4909 1522 4960 p.
1540 4895 1598 4946 295.

280 5001 309 5013 -
332 4975 373 5026 46.
391 4976 457 5024 certo
476 4973 526 5024 scic
547 4987 565 5024 v
586 4975 613 5024 et
629 4976 650 5024 G
669 4972 741 5026 solus
763 4987 796 5026 ex
816 4975 895 5025 notis.
919 4999 946 5012 -
971 4973 1012 5024 44.
1030 4973 1091 5024 haec
1107 4984 1160 5023 om.
1179 4975 1208 5024 G.
1228 5001 1257 5012 —
1281 4973 1322 5025 28.
1340 4974 1435 5037 occepit
1450 4986 1476 5022 v.
1497 4996 1525 5008 -
1543 4983 1600 5020 cer:-

278 5051 447 5182 qqttqliqc:
465 5051 633 5116 ιιιιιιιιιιιῦῑ
651 5051 751 5106 conde
768 5051 851 5114 lixa.
867 5077 895 5090 ·-
912 5050 954 5102 29.
973 5048 1016 5112 qai
1031 5053 1089 5100 ιιιιιι
1103 5047 1194 5112 ιριιιιν,
1211 5049 1240 5100 ιιι
1254 5049 1307 5100 istis
1322 5047 1392 5100 ιοιιιι
1407 5045 1495 5111 quido:
1510 5043 1600 5132 distin

353 5139 374 5178 r.
408 5161 415 5183 .
