3578 5862
318 409 380 478 ibi
714 412 865 480 calmo
886 413 965 480 PRO
988 415 1025 479 Δ.
1047 413 1246 482 CLllEN'llO

319 608 378 672 ego
402 580 531 670 [sutem]
555 586 702 650 namarii
733 587 851 660 Nemo,
872 592 910 649 ut
930 585 1058 669 opinor,
1080 586 1112 648 in
1133 584 1225 670 culpa
1246 591 1311 661 est,
1332 585 1392 650 sed
1426 581 1629 648 nimirum
1652 582 1702 646 tili
1735 640 1739 651 .

319 681 404 746 istud
426 680 480 744 lex
500 681 570 763 ipsa
591 680 791 744 renuntiarit.
835 681 896 744 Sed
918 700 995 742 num
1015 681 1072 742 tibi
1095 680 1139 743 ita
1161 679 1340 744 defendisse
1360 678 1537 751 videor,
1574 683 1619 739 ιιι
1641 683 1704 740 tota

319 777 353 840 in
381 793 477 840 cauea
506 775 699 838 mentionem
723 774 820 838 ullam
842 773 920 858 legis
940 773 1092 837 iecerimi
1121 794 1198 837 num
1220 793 1311 838 secus
1331 774 1428 838 lanne
1462 789 1631 836 cauam
1652 771 1702 836 de·

319 869 476 944 iendisse,
508 887 545 932 ac
573 869 599 931 si
628 868 697 951 lege
726 868 861 932 Habitus
893 870 1076 932 teneretur?
1120 867 1227 944 Certe,
1268 874 1303 931 ut
1333 867 1544 932 bominem
1585 862 1703 928 conlir·

296 979 406 1026 tmere
434 968 572 1046 oportet,
598 962 705 1026 nullus
728 969 776 1028 est
805 963 892 1026 Ιοειιε
920 981 1010 1025 ame
1038 961 1193 1046 purgandi
1216 963 1307 1026 istius
1328 959 1520 1026 invidiosi
1550 959 1700 1023 criminis
1748 1033 1749 1038 γ

320 1056 569 1140 praetermissus.
613 1050 685 1117 tlt.
707 1055 792 1132 Quid
814 1075 889 1138 ergo
912 1058 985 1119 esti
1016 1063 1146 1139 quaeret
1166 1054 1309 1120 fortassis
1330 1056 1552 1140 quispiam,
1585 1055 1701 1138 displi-

320 1158 428 1214 ceatne
456 1149 533 1214 mibi
559 1152 666 1235 legum
695 1151 854 1237 praesidio
883 1152 995 1236 capitis
1016 1149 1188 1235 periculum
1210 1149 1405 1233 propulsare.
1470 1148 1579 1213 asini
1605 1169 1698 1230 vero,

280 1316 284 1327 ,
319 1245 458 1320 iudices,
480 1265 546 1308 non
567 1245 732 1328 displicet,
755 1244 810 1310 sed
833 1253 906 1309 utor
926 1246 1072 1309 instituto
1090 1264 1171 1308 meo.
1203 1245 1240 1307 ln
1261 1242 1398 1308 bominis
1422 1243 1602 1308 honesti
1626 1263 1700 1325 pru·

320 1341 487 1423 dentisque
519 1339 640 1402 iudicio
669 1358 736 1402 non
763 1339 866 1402 solum
895 1359 966 1403 meo
994 1338 1126 1402 consilio
1152 1338 1199 1401 uti
1228 1338 1396 1414 consuevi,
1438 1337 1521 1402 sed
1550 1337 1694 1400 multum

234 1453 238 1464 ’
284 1435 414 1498 ιοειὶειει
435 1433 523 1506 εἰιιε,
546 1451 641 1515 quem
664 1432 818 1508 deiende,
841 1441 873 1496 et
894 1433 1027 1497 consilio
1051 1440 1082 1495 et
1105 1431 1260 1496 voluntati
1280 1432 1501 1516 obtempero.
1545 1433 1640 1494 Nem
1664 1439 1696 1493 nt

319 1530 398 1593 haec
419 1527 459 1592 ad
482 1548 532 1592 me
554 1547 650 1591 causa
671 1525 775 1591 delata
797 1535 859 1602 est,
888 1528 944 1614 qui
972 1528 1058 1610 leges
1088 1545 1158 1600 eas,
1187 1527 1227 1591 ad
1250 1545 1328 1610 quas
1349 1525 1583 1590 adhibemur
1606 1525 1690 1588 etin

320 1623 435 1706 quibus
462 1641 640 1696 versamur,
670 1641 763 1686 nesse
790 1622 952 1698 deberem,
985 1622 1053 1685 dixi
1083 1619 1198 1684 Habito
1220 1620 1344 1695 statim,
1374 1640 1412 1684 eo
1442 1620 1607 1704 eapite,
1640 1639 1691 1693 ori

321 1736 448 1780 cousus
470 1733 533 1790 ovo
556 1733 628 1790 erre
652 1733 940 1790 cososursnnrrn,
961 1715 1051 1779 illum
1072 1734 1144 1778 esse
1166 1714 1315 1788 liberum,
1337 1715 1442 1778 teneri
1469 1721 1609 1778 autem
1632 1732 1686 1776 no-

320 1815 419 1873 strum
443 1809 597 1872 ordinem.
630 1810 734 1894 Atque
757 1810 810 1872 ille
828 1829 880 1873 me
897 1830 987 1874 orare
1010 1817 1105 1894 etque
1127 1808 1292 1872 obsecrare
1313 1809 1441 1892 coepit,
1473 1829 1530 1872 ne
1559 1829 1602 1872 se
1617 1807 1686 1888 lege

283 1903 532 1968 sedelenderem.
564 1902 643 1967 Cum
665 1923 725 1986 ego
753 1923 834 1988 quae
861 1904 938 1967 mihi
969 1903 1155 1968 ridebantur
1183 1901 1337 1977 dicerem,
1368 1901 1537 1967 traduxit
1562 1923 1623 1966 me
1643 1900 1683 1964 nd

320 2017 409 2062 suam
438 1999 648 2074 sententiam3
681 1998 855 2064 affirmabat
883 2000 967 2064 enim
996 1997 1161 2061 lacrimans
1189 2015 1255 2059 non
1283 2015 1318 2059 se
1346 1996 1577 2079 cupidiorem
1612 2013 1681 2059 esse

320 2091 455 2155 civitatis
484 2093 668 2178 retinendae
696 2113 789 2176 quam
818 2092 1070 2157 existimationis.
1114 2086 1186 2152 tte.
1219 2092 1339 2154 Morem
1361 2090 1498 2156 bomini
1526 2089 1628 2174 gessi
1647 2095 1677 2150 et

321 2194 427 2250 tamen
448 2185 566 2250 idcirco
587 2186 649 2250 ieci
670 2215 712 2238 -υ-
733 2205 838 2271 neque
861 2187 946 2249 enim
976 2186 1008 2249 id
1031 2203 1155 2269 semper
1174 2183 1277 2248 iacere
1300 2184 1449 2250 debemus
1476 2217 1553 2260 —,
1586 2181 1676 2268 quod

320 2279 464 2344 videbam
491 2300 550 2363 per
575 2301 610 2344 se
638 2282 739 2364 ipsam
761 2300 887 2346 causam
910 2279 979 2344 sine
1001 2280 1071 2362 lege
1086 2275 1306 2362 copiosissime
1323 2297 1416 2362 posse
1431 2277 1599 2344 defendi.
1624 2275 1673 2338 ld·

283 2373 433 2442 rodebam
456 2375 488 2438 in
509 2373 570 2438 bac
592 2374 795 2451 defensione,
824 2395 888 2460 qua
909 2373 972 2438 iam
995 2393 1064 2437 sum
1084 2392 1179 2447 usus,
1209 2371 1282 2455 plus
1305 2371 1492 2455 dignitatis,
1528 2373 1570 2435 in
1600 2370 1670 2440 illa,

321 2486 384 2550 qua
404 2485 455 2530 me
476 2465 529 2531 bic
550 2469 597 2532 uti
618 2467 739 2544 noluit,
761 2469 866 2532 minus
888 2468 1005 2531 laboris
1026 2467 1175 2530 futurum.
1207 2465 1301 2541 Quod
1320 2467 1348 2530 si
1362 2466 1443 2530 nihil
1458 2466 1568 2532 aliud
1585 2467 1668 2528 esset

321 2567 423 2622 actum
444 2559 506 2624 nisi
527 2563 663 2626 uthans
685 2582 812 2626 oausam
835 2561 1067 2636 obtineremus,
1089 2561 1159 2642 lege
1180 2560 1310 2624 recitata
1331 2579 1557 2643 perorassem.

405 2653 485 2716 Llll.
513 2656 623 2736 Neque
652 2676 702 2718 me
731 2655 786 2718 illa
812 2657 914 2720 oratio
936 2663 1128 2731 commovet,
1158 2653 1243 2739 quod
1277 2655 1321 2717 ait
1347 2653 1452 2717 Attius
1481 2653 1661 2736 indignum

322 2767 392 2812 esee
419 2745 561 2824 lacinus,
592 2749 620 2812 si
648 2756 777 2814 senator
798 2748 917 2813 iudicio
939 2751 1120 2833 quempiam
1142 2748 1397 2823 circumvenerit,
1425 2747 1566 2831 legibus
1590 2765 1660 2810 eum

284 2841 444 2916 rsteneri,
473 2842 500 2904 si
528 2861 627 2926 eques
655 2845 816 2907 Romanus
842 2842 903 2908 hoc
934 2844 1020 2907 idem
1039 2842 1163 2918 iecerit,
1191 2861 1256 2906 non
1278 2842 1389 2907 teneri.
1433 2837 1512 2906 tto.
1539 2842 1584 2906 Ut
1605 2839 1659 2903 tibi

322 2936 491 3002 concedam
512 2935 574 2999 boc
596 2937 761 3021 indignum
783 2957 873 3012 esse,
895 2937 984 3021 quod
1006 2937 1095 3002 cuius
1117 2936 1202 3001 modi
1225 2937 1266 3000 sit
1284 2936 1346 2999 iam
1361 2935 1491 3013 videro,
1516 2945 1556 3000 tu
1580 2932 1654 2999 mibi

322 3030 477 3094 concedas
505 3049 635 3096 necesse
666 3039 715 3095 εει
735 3032 836 3095 multo
859 3051 928 3096 esse
949 3031 1111 3115 indignius
1131 3032 1164 3094 in
1187 3049 1225 3094 ea
1245 3030 1388 3104 civitate,
1418 3051 1501 3114 quae
1527 3029 1655 3114 legibus

323 3122 537 3198 contineatur,
559 3125 680 3189 discedi
702 3125 742 3189 ab
763 3125 895 3208 legibus.
930 3125 998 3190 Hoc
1013 3126 1096 3188 enim
1111 3124 1273 3190 vinculum
1294 3130 1343 3187 est
1362 3124 1457 3188 huius
1471 3123 1651 3209 dignitatis,

211 3225 233 3313 l!
323 3237 386 3302 qua
406 3215 540 3280 lmimur
562 3218 595 3282 in
617 3239 650 3283 re
673 3220 815 3303 publica,
837 3220 899 3285 hoc
919 3218 1157 3284 brndamentum
1180 3219 1349 3292 libertatis,
1370 3217 1422 3304 bic
1441 3217 1516 3282 fons
1540 3206 1652 3300 aequi-

224 3316 227 3324 '
284 3315 404 3378 estatis.
423 3295 530 3378 (Mens
559 3319 591 3376 et
618 3315 741 3378 animus
768 3323 801 3378 et
830 3316 997 3378 consilium
1026 3321 1058 3377 et
1078 3313 1237 3378 sententia
1257 3312 1394 3376 civitatis
1416 3312 1527 3406 ροείιε
1548 3318 1599 3375 εει
1618 3310 1647 3372 iu

181 3371 249 3481 bi:
322 3407 475 3495 legibus.)
500 3409 539 3472 Ut
560 3427 696 3492 corpora
716 3417 823 3473 nostra
844 3411 913 3473 sine
935 3414 1057 3482 mente,
1079 3407 1125 3470 sic
1146 3407 1257 3471 civitas
1279 3406 1348 3470 siue
1369 3406 1439 3489 lege
1461 3409 1530 3471 suis
1554 3402 1649 3490 parli-

322 3503 398 3578 bus,
420 3510 455 3567 ut
476 3503 582 3566 nervis
605 3509 638 3566 et
659 3503 813 3586 sanguine
835 3513 867 3568 et
888 3501 1052 3576 membris,
1073 3503 1119 3565 uti
1141 3521 1207 3564 non
1228 3508 1343 3584 potest.
1374 3499 1493 3583 Legum
1509 3494 1644 3564 minaei

323 3597 539 3680 magistratus,
568 3596 675 3679 legum
705 3597 1059 3682 interpretes·iudices;
1089 3595 1213 3679 legibus
1236 3595 1373 3678 denique
1395 3595 1513 3660 idcireo
1537 3609 1645 3658 omnes

372 3859 396 3906 t.
410 3855 454 3921 epo
466 3869 519 3907 om.
532 3856 560 3906 Τ.
570 3883 597 3894 -
611 3861 695 3908 oedem
705 3869 759 3908 om.
772 3857 859 3907 SP-
872 3862 895 3907 et
912 3857 965 3907 ST:
983 3857 1024 3907 sed
1035 3851 1171 3916 lisbio,
1185 3868 1238 3906 om.
1251 3852 1465 3914 Quintilianus·
1477 3855 1502 3906 2.
1514 3851 1638 3908 istedsl,

324 3929 511 3992 Quintilianus:
529 3933 609 3983 orme
625 3933 664 3993 bl;
681 3933 744 3983 istuc
761 3932 900 3987 renio.
915 3959 944 3968 -
963 3931 987 3984 3.
1004 3933 1100 3982 emtum
1116 3931 1143 3982 F.
1159 3955 1186 3965 -
1204 3929 1263 3993 lepis
1278 3930 1379 3994 [sessim
1396 3929 1454 3978 ST:
1471 3929 1576 3994 fecerim
1587 3924 1640 3989 leod

324 4003 505 4059 nanee·
524 4007 769 4071 rossemanno.
782 4008 970 4058 usnueono:
989 4003 1271 4071 eremorum.-
1291 4003 1314 4054 ι.
1328 4005 1367 4070 αι]
1384 4003 1539 4055 caera-
1554 4001 1640 4065 εει-

323 4083 395 4131 lessis
413 4081 468 4130 sT:
485 4081 590 4145 sortasse
608 4079 752 4134 nasio.
780 4081 818 4134 Cl.
838 4081 862 4146 S.
877 4082 935 4133 iot.
954 4083 997 4133 Fr.
1012 4081 1137 4134 Gulolio
1149 4081 1241 4132 Gomm.
1254 4079 1310 4130 erit.
1325 4081 1351 4130 io
1368 4080 1438 4130 codd.
1456 4079 1513 4131 bibl.
1525 4075 1637 4132 ΟΜ

325 4157 403 4221 petit
416 4168 488 4220 sq.-
502 4156 642 4219 displicetne
651 4157 713 4206 mibi
724 4157 773 4218 ST;
791 4158 930 4220 displicebis
941 4157 984 4208 tibi
997 4156 1152 4209 Halmius.-
1166 4155 1190 4204 7.
1203 4155 1292 4216 sapitis
1302 4155 1357 4205 ST:
1370 4169 1388 4204 ιι
1397 4155 1478 4218 emite
1488 4149 1636 4206 ΝΜΟ.

326 4258 353 4268 -
366 4230 563 4294 spumetque
578 4230 673 4283 Ab·
692 4231 774 4282 tiso
789 4233 870 4294 sopite
885 4233 946 4283 TL:
964 4233 994 4283 de
1009 4229 1193 4285 cellew-
1212 4230 1253 4280 til.
1271 4229 1333 4294 quis]
1351 4229 1453 4292 quisque
1469 4231 1528 4280 Τ.-
1550 4229 1635 4280 tiet-

324 4307 471 4369 possint:
489 4304 744 4358 sitite-se
759 4319 784 4357 se
800 4307 858 4357 ST:
875 4311 904 4358 et
919 4305 1199 4360 seemsPALPO.-
1218 4304 1485 4356 tbcidebcstursl:
1502 4305 1637 4356 ememtes

324 4383 401 4434 RAL
411 4380 427 4435 P
437 4381 466 4431 0.
479 4405 505 4415 -
525 4379 565 4430 49.
585 4393 640 4432 ..ne
655 4382 707 4446 ispe
722 4382 887 4444 copiosissime
897 4407 933 4421 --
943 4383 1047 4446 imperio
1058 4386 1081 4433 et
1091 4380 1247 4444 praescripto
1259 4379 1293 4443 [5.
1306 4378 1374 4442 tii.)
1386 4378 1468 4431 hebet
1479 4381 1507 4430 P.
1517 4405 1545 4416 -
1558 4377 1636 4442 espie-

322 4454 676 4518 momentaneum.
697 4485 723 4495 -
743 4457 783 4508 20.
802 4471 878 4520 quem
893 4458 946 4508 lam
962 4460 989 4509 P.
1010 4483 1038 4495 -
1056 4458 1097 4507 rt.
1114 4452 1182 4519 esset]
1198 4453 1283 4518 smeret
1298 4454 1352 4504 ST.
1371 4479 1399 4491 -
1418 4455 1459 4504 22.
1477 4452 1632 4506 clamem

324 4531 411 4582 PST:
433 4528 566 4580 obtinerem
586 4531 729 4586 alnao.
750 4559 777 4568 -
801 4533 842 4584 23.
860 4537 995 4585 commovet
1012 4533 1049 4593 (ut
1064 4531 1217 4583 coniecerat
1233 4530 1377 4592 Ernestiusl
1394 4531 1458 4580 PO:
1484 4529 1636 4582 commorunt

324 4603 437 4658 elul.
458 4629 485 4640 -
512 4603 592 4656 Attius
608 4607 663 4670 (sic)
680 4610 708 4659 P.
730 4635 756 4645 -
784 4607 826 4660 il.
845 4610 987 4672 quempiam
1007 4608 1095 4659 STO:
1121 4606 1237 4669 quapiam
1258 4606 1291 4665 P;
1314 4617 1462 4668 ειιειιιᾳιιιιιιι
1481 4604 1592 4660 RALP.
1609 4625 1632 4637 -

323 4682 364 4732 ab.
383 4679 435 4745 tibi]
451 4679 497 4730 sibi
513 4681 568 4731 ST.
589 4709 616 4718 -
634 4683 676 4733 26.
693 4682 813 4734 maenadi
828 4684 855 4734 F.
875 4709 902 4720 -
921 4684 962 4734 27.
979 4683 1057 4734 mette
1073 4695 1126 4733 om.
1144 4683 1175 4741 1²3
1193 4680 1272 4730 mdto
1288 4693 1338 4732 esre
1354 4693 1409 4732 om.
1425 4683 1456 4730 A.
1476 4703 1504 4716 -
1522 4680 1566 4731 28.
1582 4691 1633 4729 ces·

324 4757 434 4805 timetur
449 4755 564 4806 PSTO:
583 4761 697 4808 ιειιειιιιιι
713 4758 826 4813 elne.
848 4787 875 4797 —
894 4759 926 4810 cb
943 4762 975 4810 P:
993 4773 1011 4810 e
1026 4756 1169 4812 ΜΗΘ.
1190 4783 1217 4793 -
1243 4757 1304 4823 Ηιιε]
1320 4757 1366 4806 llic
1381 4757 1409 4806 P.
1429 4781 1457 4792 -
1474 4755 1516 4806 29.
1534 4755 1582 4821 bic]
1597 4753 1633 4802 ier

324 4830 378 4880 ST.
399 4856 426 4866 -
451 4828 492 4880 30.
510 4831 580 4882 Mem
600 4837 624 4883 et
644 4835 744 4884 asinae
760 4834 824 4899 cet]
844 4835 961 4886 Isidorus
983 4833 1080 4898 Hispal.
1099 4832 1230 4897 Oripismo
1245 4833 1277 4884 ll.
1296 4831 1336 4892 ιθ,
1355 4831 1400 4882 ti:
1418 4832 1471 4882 res
1487 4837 1522 4882 est
1536 4830 1631 4883 moeret

324 4906 423 4956 enimse
439 4909 463 4956 et
477 4906 606 4958 consilium
622 4912 646 4958 et
660 4909 781 4959 scatentia
797 4910 911 4960 ciliciis.
927 4936 954 4945 -
973 4910 1013 4960 et.
1034 4910 1063 4958 et
1078 4913 1289 4972 corporascere
1302 4933 1316 4944 -
1328 4933 1342 4945 -
1355 4907 1393 4958 eti
1407 4921 1458 4958 ιιοιι
1469 4912 1549 4970 potet
1564 4905 1632 4967 Quin-

325 4979 428 5031 tilianus
444 4981 476 5031 V.
495 4982 539 5048 tt,
556 4981 597 5032 so.
618 5007 644 5017 —
663 4983 715 5033 dos
729 4983 816 5048 mmte]
834 4986 861 5034 io
876 4989 957 5035 mmte
972 4986 1000 5034 P.
1015 5009 1042 5020 ·-
1059 4984 1103 5046 sic]
1119 4985 1158 5034 ite
1174 4981 1354 5044 Quintilianus.
1369 5009 1396 5020 -
1414 4983 1524 5034 eeimms
1539 4982 1591 5032 ST.
1605 5001 1633 5016 -

325 5055 365 5106 32.
383 5053 419 5119 ct]
437 5059 460 5106 et
476 5056 536 5116 Pet
555 5069 608 5107 cm.
627 5059 653 5108 S.
673 5083 699 5093 -
720 5062 743 5110 et
757 5060 879 5122 scoqeirm
895 5063 957 5112 PL:
978 5073 1009 5110 ec
1025 5061 1145 5123 renquiae
1161 5058 1352 5113 STFMAPO
1369 5062 1396 5109 et
1413 5055 1592 5118 Quintilianus.
1608 5077 1629 5088 -

325 5129 365 5188 33.
383 5131 498 5204 magistr.
516 5136 540 5190 et
555 5131 637 5204 legam
653 5133 707 5190 ST.
728 5160 754 5171 -
779 5134 884 5192 tecte.
903 5134 968 5204 NIQ.
988 5133 1041 5198 (sic)
1058 5133 1185 5192 {DOIRGO
1203 5133 1315 5191 OMNES
1330 5132 1490 5190 sesilliis
1505 5133 1539 5184 P:
1561 5131 1632 5196 isaim
