3638 5868
259 365 321 435 366
626 369 669 433 ΙΝ
689 368 856 436 VERREM
875 368 997 435 torto
1020 367 1202 434 SECUNDA

239 533 404 607 ¹indicium
426 537 578 615 dedisset,
604 537 697 603 huius
718 539 766 616 vi,
795 538 913 604 scelere
941 540 1139 624 imperioque
1164 557 1233 604 esse
1255 537 1428 602 sublatum:
1459 537 1514 621 qui
1534 544 1571 601 ut

256 635 393 719 primum
420 633 452 696 in
479 631 558 696 illud
587 634 735 719 oppidum
764 634 867 710 venit,
895 634 1014 709 statim,
1041 641 1199 718 tamquam
1226 633 1269 698 ita
1294 629 1362 695 lieri
1383 652 1447 695 uon
1469 631 1570 695 solum

257 734 431 813 oporteret,
453 725 508 792 sod
532 728 623 791 etiam
644 748 773 792 necesse
788 735 886 803 essct,
908 736 1066 813 tamquam
1087 727 1146 791 boc
1167 734 1295 792 senatus
1316 725 1495 790 mandasset
1514 746 1570 809 po·

256 823 413 906 pulusque
445 823 601 886 Romanus
631 822 787 898 iussisset,
818 823 862 886 ita
894 823 1055 896 continuo,
1087 824 1209 904 signum
1237 829 1272 886 ut
1293 821 1518 886 demolireubur
1539 827 1570 884 et

233 918 431 982 lMessanam
452 916 669 1000 deportarent,
691 918 863 1002 imperavit.
905 912 956 978 85.
980 914 1073 991 Quod
1094 916 1263 992 cumillis,
1286 916 1341 1000 qui
1355 914 1501 988 aderant,
1522 913 1571 975 iu·

257 1009 399 1091 dignum,
423 1009 476 1093 qui
498 1009 680 1085 audiebant,
703 1009 884 1074 incredibile
901 1009 1077 1084 videretur,
1098 1031 1161 1074 non
1184 1018 1232 1074 est
1252 1010 1291 1073 ab
1312 1012 1372 1072 isto
1393 1009 1495 1092 primo
1514 1006 1570 1070 illo

107 1125 133 1211 ί
256 1103 391 1168 adventu
411 1112 653 1186 perseveratum.
689 1102 860 1167 Discedens
882 1103 1009 1166 mandat
1028 1124 1180 1195 proagoro
1203 1105 1351 1188 Sopatro,
1374 1104 1461 1166 cuius
1476 1100 1571 1166 verba

255 1198 402 1272 audistis,
424 1204 458 1260 ut
479 1197 684 1261 demoliatur:
706 1219 777 1261 cum
798 1204 972 1270 recusaret,
994 1197 1196 1262 vehementer
1216 1200 1350 1262 minatur
1368 1205 1399 1260 et
1414 1197 1515 1260 statim
1530 1214 1570 1257 ex

253 1291 309 1356 illo
332 1291 447 1375 oppido
468 1292 683 1376 proficiscitur.
725 1292 833 1356 Refert
852 1311 919 1355 rem
939 1291 993 1354 ille
1015 1291 1053 1353 ad
1077 1299 1235 1366 senatum:
1257 1292 1459 1354 vehementer
1478 1289 1571 1352 undi-

218 1390 317 1468 ⁴⁰que
348 1385 544 1450 reclamatur.
586 1388 634 1449 Ne
666 1387 782 1450 multa:
811 1387 923 1450 iterum
952 1385 1012 1448 iste
1035 1384 1074 1448 ad
1102 1386 1173 1448 illos
1196 1385 1356 1467 aliquanto
1378 1381 1569 1468 postvenit,

255 1479 375 1562 quaerit
405 1481 554 1543 contiuuo
588 1479 627 1543 de
657 1481 757 1564 signo.
800 1478 1018 1564 Respondetur
1049 1481 1078 1542 ei
1111 1486 1253 1542 senatum
1282 1499 1346 1542 nou
1374 1477 1569 1562 permittere:

253 1591 388 1655 poenam
409 1573 519 1656 capitis
541 1574 755 1649 constitutam,
779 1574 805 1637 si
825 1574 949 1636 iniussu
964 1581 1089 1637 senatus
1105 1574 1272 1658 quisquam
1287 1573 1455 1655 attigisset:
1477 1569 1570 1634 simul

168 1721 172 1730 .
252 1667 363 1749 religio
384 1676 652 1732 commemoratur.
688 1671 768 1732 Tum
789 1668 870 1732 iste:
895 1687 1008 1752 «quam
1030 1666 1106 1729 mibi
1125 1666 1309 1748 religionem
1323 1670 1452 1731 narras‘l
1475 1683 1570 1750 quam

253 1764 406 1843 poenam?
429 1782 522 1845 quom
544 1766 706 1826 senatum‘l
736 1763 842 1827 vivum
863 1771 894 1826 te
917 1782 980 1826 uon
1002 1761 1198 1844 relinquam:
1220 1762 1354 1825 moriere
1375 1761 1487 1844 virgis,
1508 1759 1570 1822 nisi

217 1853 330 1920 ⁴51nihi
363 1854 486 1937 siguum
519 1854 678 1920 traditur.»
725 1856 857 1940 Sopater
882 1859 994 1922 iterum
1024 1857 1103 1919 llcus
1131 1855 1172 1918 ad
1201 1863 1343 1920 senatum
1372 1875 1438 1919 rem
1460 1852 1569 1927 defert,

255 1946 346 2012 istius
377 1947 578 2030 cupiditatem
610 1951 773 2034 minasque
806 1951 1008 2015 demonstrat.
1052 1950 1185 2013 Senatus
1218 1951 1351 2033 Sopatro
1383 1967 1569 2033 responsum

252 2039 375 2103 nullum
396 2039 464 2116 dat,
486 2041 543 2103 sed
565 2051 738 2107 commotus
759 2045 1021 2129 perturbatusque
1037 2043 1176 2108 discedit.
1211 2044 1270 2108 lllc
1291 2045 1444 2128 praetoris
1466 2061 1570 2106 arces·

253 2133 331 2198 situs
359 2135 470 2198 nuntio
492 2153 559 2200 rom
581 2135 788 2202 demonstrat:
817 2147 911 2222 negat
932 2138 999 2201 ullo
1023 2135 1207 2202 madefieri
1232 2159 1335 2224 posse.
1377 2138 1443 2200 XL.
1465 2137 1569 2220 Atque

252 2225 331 2290 baec
353 2225 443 2309 (nibil
465 2230 547 2294 enim
569 2233 878 2314 praetermittendum
899 2233 938 2296 de
960 2233 1049 2296 istius
1070 2231 1267 2316 impudentia
1279 2232 1366 2298 ridet
1388 2229 1412 2315 r)
1436 2230 1571 2314 ageban-

216 2325 303 2384 totur
329 2321 362 2384 in
391 2332 547 2388 conventu
567 2325 684 2408 palam,
713 2326 753 2390 de
775 2327 853 2391 sella
874 2347 911 2390 ac
932 2326 1064 2390 deloco
1087 2328 1258 2410 superiore.
1301 2323 1351 2390 86.
1397 2333 1449 2409 gat
1468 2324 1569 2388 hiems

67 2405 167 2516 ,ᾖν
253 2431 386 2488 summa,
408 2409 650 2518 tempestasJut
671 2420 775 2503 ipsum
791 2422 959 2503 Sopatrum
974 2421 1078 2485 dicere
1093 2413 1449 2508 audistis,(pcririgida,
1471 2419 1572 2482 imber

17 2516 25 2541 ³
81 2514 123 2529 ““
252 2497 523 2667 maximuspacum
545 2513 603 2576 iste
625 2513 758 2598 imperat
779 2513 953 2589 lictoribus,
985 2523 1017 2578 ut
1038 2515 1204 2597 Sopatrum
1227 2514 1267 2579 de
1290 2515 1431 2599 porticu,
1453 2514 1486 2576 in
1507 2531 1571 2597 qua

252 2598 320 2681 ipse
340 2602 417 2667 sede
458 2611 485 2678 t,
506 2607 707 2690 praecipitem
730 2609 763 2670 in
783 2608 887 2672 lorum
903 2609 1052 2673 deiiciaut
1072 2609 1255 2692 nudumque
1276 2609 1479 2672 constituant.
1507 2607 1571 2670 Vix

253 2700 319 2761 erat
345 2694 404 2763 hoc
431 2697 523 2780 plane
552 2699 752 2784 imperatum,
781 2723 852 2765 cum
876 2703 966 2767 illum
988 2704 1156 2786 spoliatum
1179 2704 1388 2788 stipatumque
1410 2702 1569 2766 lictoribus

215 2785 385 2851 tevideres.
429 2789 546 2855 Omnes
576 2793 609 2855 id
636 2792 704 2857 iore
726 2795 893 2878 putabant,
921 2803 957 2858 ut
976 2797 1072 2860 miser
1093 2803 1188 2880 atquc
1210 2798 1361 2860 innocens
1383 2797 1477 2879 virgis
1500 2815 1570 2860 cae-

253 2877 390 2944 deretur.
432 2884 556 2950 Feiellit
582 2887 635 2952 hic
663 2888 806 2954 homines
836 2891 954 2974 opinio.
997 2891 1102 2973 Virgis
1132 2893 1191 2956 iste
1219 2891 1364 2956 caederet
1385 2891 1453 2954 sine
1476 2908 1569 2954 causa

252 2976 372 3038 socium
393 2980 504 3062 populi
525 2982 656 3047 Romani
678 2991 773 3067 atquc
795 2984 955 3048 amicum?
985 2987 1056 3048 Non
1070 3005 1172 3068 usque
1187 3005 1226 3048 eo
1242 2992 1290 3050 est
1302 2985 1483 3071 improbus:
1506 3003 1569 3048 uon

252 3070 358 3134 omnia
378 3081 452 3137 sunt
473 3075 506 3137 iu
527 3097 590 3140 uno
613 3077 704 3140 vitia:
726 3097 897 3161 numquam
917 3077 978 3141 luit
998 3079 1144 3142 crudelis.
1175 3080 1302 3142 Leniter
1322 3079 1481 3143 hominem
1500 3074 1569 3141 ¹cle-

252 3157 595 3254 menterque‘aceepit.
638 3172 808 3254 Equestres
836 3180 911 3236 suut
930 3173 1034 3236 medio
1056 3173 1176 3237 infore
1198 3173 1415 3237 Marcellorum
1437 3180 1568 3246 statuae,

214 3257 333 3322 sesicut
352 3258 421 3323 iere
442 3263 555 3326 ceteris
577 3265 610 3326 in
634 3267 760 3349 oppidis
783 3267 926 3344 Siciliae:
949 3288 990 3330 ex
1011 3268 1126 3351 quibus
1147 3269 1208 3331 iste
1231 3269 1265 3332 C.
1280 3267 1419 3332 Marcelli
1435 3273 1569 3329 statuam

252 3351 386 3436 delegit,
407 3357 497 3422 cuius
519 3354 623 3423 officia
643 3360 677 3422 in
696 3359 782 3424 illam
797 3361 954 3425 civitatem
971 3369 1130 3446 totamque
1144 3361 1339 3445 provinciam
1352 3361 1570 3424 recentissima

112 3433 128 3520 έ
252 3454 341 3511 orant
362 3456 394 3512 et
414 3451 560 3516 maxima.
602 3453 639 3514 ln
662 3473 699 3518 ea
721 3455 901 3538 Sopatrum,
932 3455 1089 3542 bominem
1118 3477 1188 3519 cum
1212 3456 1297 3520 domi
1318 3456 1474 3531 nobilem,
1503 3461 1569 3518 tum

251 3558 373 3610 Summo
394 3545 579 3626 magistratu
599 3548 792 3632 praeditum,
814 3549 975 3613 divaricari
997 3569 1032 3613 ac
1055 3549 1187 3633 deligari
1209 3549 1306 3613 iubet.
1342 3546 1393 3612 87.
1413 3550 1484 3625 Quo
1499 3567 1570 3612 cru·

251 3632 334 3695 ciatu
360 3634 400 3697 sit
430 3639 576 3716 allectus,
610 3642 717 3706 venire
743 3644 775 3706 in
803 3652 939 3707 mentem
965 3663 1095 3707 necesse
1126 3650 1175 3707 est
1195 3642 1358 3718 omnibus,
1394 3663 1466 3707 cum
1488 3647 1570 3704 esset

213 3724 372 3792 asrinctus
402 3729 505 3794 nudus
534 3733 568 3797 iu
594 3741 684 3811 a'e're,
712 3738 746 3800 in
775 3737 881 3813 imbri,
910 3737 1098 3820 infrigere.
1141 3740 1253 3820 Neque
1274 3745 1380 3800 tamen
1400 3734 1474 3800 linis
1495 3732 1570 3796 huic

250 3817 384 3884 iniuriae
413 3823 651 3911 crudelitatique
676 3825 787 3907 fiebat,
819 3822 1084 3928 donec(populus
1106 3839 1201 3916 atque
1222 3832 1369 3895 universa
1388 3825 1568 3902 multitudo,

316 4119 341 4170 t.
359 4120 478 4174 maleam
494 4125 562 4176 coni.
579 4127 649 4177 Bake
665 4141 693 4193 p.
705 4129 746 4180 26.
761 4155 788 4166 -
807 4131 831 4181 3.
846 4131 955 4194 popolus
964 4131 992 4182 ll.
1006 4133 1039 4182 ut
1053 4131 1078 4181 2.
1093 4153 1121 4166 -
1139 4131 1164 4182 6.
1182 4129 1224 4181 tlto
1237 4129 1409 4194 mugra.
1424 4149 1452 4164 -
1471 4127 1496 4178 'l.
1505 4139 1569 4192 pro-

251 4193 413 4255 aconem
432 4202 617 4262 remees.
642 4228 670 4240 -
694 4204 718 4254 e.
737 4203 1011 4258 commutate:
1036 4210 1060 4257 c
1080 4205 1253 4271 sammua:
1276 4207 1314 4256 to
1337 4203 1470 4256 coccea.
1489 4204 1519 4255 o.
1539 4227 1568 4242 -

251 4265 276 4318 tl.
293 4267 340 4331 ref.
357 4279 411 4320 rer:
426 4271 466 4322 tlte
483 4270 574 4324 Rth
594 4274 659 4327 La:
678 4279 725 4342 res.
743 4292 797 4329 cern
812 4293 861 4331 csse
877 4282 928 4342 62;
954 4281 1001 4345 res.
1018 4293 1072 4332 rem
1089 4282 1151 4346 (om.
1168 4281 1216 4344 tlte)
1233 4279 1314 4344 6829;
1335 4291 1479 4346 prospera:
1493 4278 1571 4343 refert

250 4354 305 4394 reru
320 4343 386 4394 dett.
404 4345 433 4396 0.
454 4373 481 4384 -
499 4348 540 4400 40.
557 4349 618 4412 aliq.
632 4358 689 4414 poet
704 4354 738 4404 cd
753 4355 808 4406 illos
824 4357 915 4405 contra
932 4355 1010 4406 codd.
1029 4357 1058 4407 0.
1079 4383 1106 4392 -
1124 4357 1164 4406 td.
1182 4355 1244 4406 mibi
1259 4367 1313 4406 om.
1332 4355 1397 4407 dett.
1416 4357 1446 4407 0.
1466 4381 1495 4394 -
1513 4360 1570 4406 tra·-

770 4434 787 4470 o

252 4474 335 4528 ditare
352 4476 386 4536 R;
404 4479 522 4528 amor
538 4481 615 4545 6862.
631 4511 658 4520 -
676 4486 746 4550 pecc]
761 4487 841 4551 [spem
857 4488 894 4538 sic
912 4489 943 4549 113
961 4488 1035 4539 hinc:
1053 4489 1151 4553 [optem
1167 4489 1200 4539 st
1215 4489 1240 4538 2.
1255 4513 1282 4523 -
1300 4499 1354 4538 rom
1368 4489 1518 4554 defertRGt
1532 4489 1567 4540 C:

251 4550 328 4614 refert
343 4563 396 4602 rem
413 4553 448 4604 62
465 4553 527 4616 66.;
554 4557 630 4620 resen
650 4560 702 4622 686
718 4573 754 4612 m.
773 4573 814 4626 pr.
832 4563 859 4611 et
878 4561 924 4622 293
946 4576 999 4613 rem
1015 4575 1070 4615 om.
1088 4562 1153 4614 dett.
1172 4564 1201 4614 0.
1222 4589 1250 4600 -·
1268 4563 1308 4614 tr.
1326 4565 1484 4627 aprocton's
1499 4560 1567 4628 66),

252 4624 312 4677 cod.
331 4626 390 4678 llot.
410 4653 437 4663 —
456 4630 589 4682 scommate
604 4632 668 4684 dett.
683 4661 711 4672 ··
728 4636 770 4688 48.
784 4649 856 4698 porse
870 4637 926 4701 :tort
941 4638 1019 4701 6823.
1034 4667 1062 4678 -
1081 4639 1120 4690 49.
1138 4640 1266 4702 inpedit.
1282 4663 1309 4678 -
1328 4641 1369 4692 26.
1386 4641 1479 4706 biceps
1494 4642 1524 4695 R.
1538 4667 1566 4678 -

251 4697 293 4752 23.
307 4701 386 4764 place
400 4703 452 4755 aa:
471 4704 548 4766 ploce
563 4707 639 4758 ettam
657 4706 720 4759 dett.
739 4711 769 4762 0.
789 4737 816 4748 -
834 4711 954 4775 sapatum
970 4714 1047 4777 6829.
1068 4741 1097 4754 -
1115 4716 1155 4767 26.
1173 4717 1201 4767 to
1215 4715 1270 4780 fore
1284 4715 1321 4768 113
1331 4713 1365 4766 l:
1383 4717 1438 4770 ideo
1454 4716 1518 4767 dett.
1537 4714 1566 4765 0.

254 4803 282 4813 -
301 4776 342 4828 26.
359 4777 399 4828 tto
414 4777 435 4830 u
452 4779 556 4844 6688.;
578 4781 638 4833 hacc
653 4782 723 4847 Lgtl
734 4785 775 4846 27,
793 4784 850 4836 rell.
869 4786 898 4837 0.
918 4811 945 4821 -
964 4789 1004 4839 27.
1023 4795 1058 4840 cst
1074 4803 1126 4842 om.
1144 4792 1222 4855 segg.
1242 4789 1307 4842 dett.
1326 4817 1354 4828 -
1372 4791 1413 4844 23.
1431 4794 1459 4843 to
1474 4805 1501 4842 eo
1516 4801 1567 4840 acc

253 4851 318 4934 dett.
330 4850 366 4938 Ι0..
390 4851 428 4902 Cl.
445 4853 532 4906 Madv.
550 4868 577 4921 p.
595 4857 636 4908 34.
657 4885 685 4896 -
703 4860 743 4911 26.
761 4861 789 4911 ia
803 4863 884 4912 nodio
900 4864 978 4926 lagg.
998 4864 1062 4917 dett.
1083 4893 1111 4904 -
1129 4865 1169 4918 36.
1187 4867 1259 4917 mres
1275 4865 1379 4931 lbagg.
1392 4867 1422 4918 0.
1441 4894 1469 4903 —
1487 4865 1528 4915 at.
1539 4865 1568 4914 tc

250 4923 298 4974 tlte
312 4929 413 4978 cutes:
427 4931 527 4990 totoqm
538 4931 671 4999 provincio
687 4933 752 4986 dett.
771 4961 798 4972 -
817 4935 858 4987 32.
876 4949 933 4988 cca
948 4939 983 5000 R,
1002 4936 1032 5003 l,
1051 4941 1135 5004 ugus:
1157 4945 1210 4991 taen
1227 4941 1263 4992 63
1280 4939 1346 4992 dett.
1364 4942 1392 4992 0.
1413 4967 1440 4979 -
1458 4940 1566 4992 domolt

253 4997 291 5051 62
306 4999 369 5064 tu:
392 5013 445 5055 om.
464 5004 510 5054 Gt.
530 5030 557 5040 -
576 5004 616 5057 33.
634 5007 737 5073 adipsci
750 5008 828 5072 aaa
854 5013 964 5079 dabam
979 5015 1056 5080 6829.
1077 5041 1104 5054 ·-
1129 5015 1169 5070 34.
1186 5017 1297 5082 adactus
1311 5018 1341 5071 a.
1361 5041 1389 5057 .-
1406 5017 1447 5070 36.
1464 5017 1491 5068 ta
1507 5017 1567 5068 aere

252 5073 356 5142 Madvig
372 5091 399 5145 p.
412 5078 457 5130 lt:
474 5078 501 5132 ta
517 5091 576 5134 cere
591 5082 620 5133 0.
641 5108 667 5121 -
686 5082 727 5136 36.
744 5091 769 5138 ct
783 5087 851 5139 actv.
871 5088 920 5154 63,
939 5086 964 5141 λ.
