3648 5888
784 332 1029 482 pm-m
1523 388 1566 460 ι

243 567 330 634 saris
352 587 411 654 pro
433 573 529 653 portu
550 557 751 652 stationeque
772 571 916 630 utuntur.
958 567 1037 629 Nam
1064 564 1097 628 in
1120 562 1195 629 dolo
1222 561 1307 642 malo
1328 561 1441 628 volunt
1461 561 1568 634 deliti-

215 718 221 729 .
243 683 347 742 scere;
369 663 403 726 in
425 683 490 748 quo
511 682 577 726 non
599 663 695 727 modo
718 685 790 727 cum
812 663 919 726 omnia
939 661 1001 744 ipsi
1021 660 1166 724 fecerunt
1180 678 1264 746 quae
1279 658 1433 736 fatentrrr,
1455 679 1566 723 verum

244 757 340 822 etiam
362 759 390 823 si
410 780 468 842 per
488 759 567 822 ahos
589 758 622 822 id
643 758 810 833 fecissent,
833 756 1003 820 haererent
1022 775 1059 818 ac
1080 759 1274 818 tenerentur.

327 849 379 916 3t.
393 852 469 936 -Ego
491 871 556 915 non
576 852 610 915 in
631 872 696 916 una
716 873 751 916 re
773 852 851 926 sola,
874 851 962 935 quod
983 850 1061 913 mihi
1083 850 1158 913 satis
1174 855 1231 923 est,
1247 865 1354 933 neque
1369 847 1404 910 in
1417 847 1566 912 universa

243 969 278 1012 re
300 947 419 1022 solum,
441 947 528 1031 quod
549 945 628 1009 mihi
650 947 724 1010 satis
747 953 808 1023 est,
831 947 888 1010 sed
903 944 1090 1029 singillatim
1107 944 1141 1006 in
1156 943 1304 1008 omnibus
1319 941 1428 1007 dolum
1449 941 1567 1007 malum
1589 954 1606 1004 t

244 1049 368 1108 exstare
384 1041 466 1105 dico.
490 1039 665 1104 Consilium
679 1041 818 1124 capiunt,
831 1047 868 1104 ut
881 1040 921 1104 ad
936 1058 1045 1102 servos
1059 1038 1102 1104 Μ.
1115 1037 1212 1100 Tullii
1226 1037 1370 1102 veniant:
1393 1036 1467 1102 dolo
1483 1037 1568 1102 malo

242 1137 373 1202 faciunt.
415 1137 511 1200 Arma
537 1134 687 1216 capiunt:
721 1135 795 1197 dolo
826 1134 908 1198 malo
936 1133 1066 1196 faciunt.
1119 1135 1258 1215 Tempus
1285 1133 1326 1196 ad
1352 1131 1570 1196 insidiandum

243 1240 340 1316 atque
363 1230 531 1294 celandum
552 1227 703 1292 idoneum
726 1229 866 1311 eligunt:
898 1227 972 1291 dolo
995 1227 1078 1291 malo
1101 1227 1231 1292 faciunt.
1264 1225 1304 1290 Vi
1325 1226 1359 1289 in
1380 1233 1500 1290 tectum
1520 1227 1570 1289 in·

243 1331 357 1390 ruunt:
385 1323 418 1388 in
445 1325 515 1406 ipsa
536 1323 568 1386 vi
589 1321 684 1386 dolus
712 1331 769 1386 est.
813 1323 972 1386 Occidunt
991 1321 1155 1397 homines,
1189 1327 1308 1384 tectum
1331 1321 1477 1386 diruunt:
1510 1341 1570 1385 nec

243 1421 339 1484 bomo
372 1418 475 1482 occidi
501 1437 561 1481 neo
589 1417 735 1481 consulto
763 1417 855 1481 alteri
883 1418 1033 1480 damnum
1061 1416 1129 1480 dari
1158 1418 1227 1481 sine
1251 1415 1324 1479 dolo
1347 1416 1431 1480 malo
1453 1422 1608 1500 potestte

242 1515 326 1597 Ergo
349 1513 376 1577 si
399 1532 509 1576 omnes
531 1520 638 1595 partes
661 1519 735 1576 sunt
756 1513 929 1588 eiusmodi,
951 1518 988 1575 ut
1008 1511 1041 1574 in
1057 1510 1191 1593 singulis
1208 1509 1301 1572 dolus
1315 1510 1417 1574 malus
1431 1509 1571 1586 baereat,

242 1609 425 1673 universam
457 1627 524 1671 rem
556 1613 589 1670 et
620 1613 721 1670 totum
752 1606 876 1672 facinus
905 1609 973 1674 sine
1004 1609 1078 1672 dolo
1106 1607 1190 1670 malo
1217 1604 1336 1669 factum
1366 1602 1571 1668 iudicabitisi

245 1701 295 1766 35.
319 1701 406 1778 Quid
428 1699 570 1765 adhaec
592 1699 786 1776 Quinctius‘i
823 1703 906 1767 Sane
935 1703 1015 1766 nihil
1037 1708 1159 1767 certum
1180 1721 1286 1783 neque
1307 1720 1421 1774 unum,
1450 1697 1485 1760 in
1506 1715 1570 1780 quo

245 1819 311 1863 non
333 1796 428 1860 modo
451 1797 567 1880 possit,
590 1817 700 1860 verum
720 1802 811 1879 putet
831 1817 866 1859 se
888 1818 983 1880 posse
1006 1797 1191 1861 consistere.
1223 1795 1364 1860 Primum
1381 1787 1470 1856 ‘enim
1491 1791 1570 1854 iilud

246 1894 371 1967 iniecit,
393 1891 474 1954 nihil
496 1911 592 1976 posse
614 1891 688 1953 dolo
711 1891 794 1953 malo
816 1890 955 1978 familiae
976 1888 1055 1955 fieri.
1100 1891 1170 1954 Hoo
1191 1889 1268 1954 loco,
1285 1909 1351 1952 non
1373 1887 1477 1951 solum
1495 1885 1607 1950 fecitte

245 1999 282 2054 ui
311 1987 495 2052 defenderet
523 1985 670 2060 Fabium,
701 1985 756 2048 sed
778 1992 815 2048 ut
837 1987 967 2049 omnino
989 1985 1211 2052 huiuscemodi
1234 1984 1353 2048 iudicia
1374 1981 1571 2047 dissolveret.

245 2085 326 2148 Nam
349 2083 375 2144 si
398 2081 485 2145 venit
506 2080 539 2143 id
561 2081 595 2143 in
616 2081 769 2144 iudicium
792 2081 831 2144 de
853 2079 989 2156 familia,
1012 2079 1100 2165 quod
1122 2078 1254 2142 omnino
1268 2076 1390 2142 faenilia
1405 2077 1493 2142 nulla
1514 2095 1572 2161 po·

246 2186 309 2243 test
329 2177 541 2250 committere,
564 2175 687 2238 nullum
710 2183 759 2238 est
772 2176 944 2254 iudicium3
965 2176 1171 2239 absolvantur
1185 2193 1295 2238 omnes
1310 2172 1351 2236 de
1365 2171 1462 2236 simili
1477 2191 1573 2237 causa

246 2293 377 2338 necesse
399 2280 456 2334 est.
500 2267 551 2331 36.
573 2269 642 2332 Ηοι
664 2270 783 2345 solum,
812 2271 897 2334 bona
920 2270 1098 2334 mehercule
1119 2269 1195 2352 fide,
1219 2267 1246 2332 si
1267 2267 1330 2330 boo
1352 2266 1456 2332 solum
1478 2273 1572 2343 esset,

245 2377 352 2434 tamen
372 2387 446 2440 vos,
477 2365 555 2428 tales
578 2364 654 2438 viri,
683 2364 769 2428 nolle
792 2365 951 2429 deberetis
973 2365 1142 2428 maximam
1163 2381 1246 2438 rem,
1275 2362 1478 2426 coniunctam
1500 2371 1610 2426 cumin
1689 2349 1714 2440 ζ

245 2482 367 2528 summa
389 2481 423 2524 re
444 2447 581 2542 publica
594 2457 795 2543 fortunisque
811 2459 1033 2542 privatorum,
1066 2457 1303 2522 severissimum
1330 2455 1485 2522 iudicium
1507 2476 1573 2520 ma-

244 2559 395 2640 ximaque
417 2555 542 2619 ratione
565 2553 776 2637 compositum
802 2574 860 2637 per
881 2574 939 2618 vos
961 2553 1062 2619 videri
1085 2573 1156 2618 esse
1178 2550 1378 2616 dissolutum.
1423 2548 1485 2617 Sed
1507 2570 1573 2615 non

246 2652 277 2715 id
299 2650 404 2716 solum
426 2649 530 2733 agitur

806 2731 824 2768 ὓ
900 2731 918 2770 t
994 2729 1013 2766 ἢ

245 2821 306 2889 hoc
328 2821 483 2886 iudicium
504 2819 550 2884 sic
572 2827 788 2905 exspectatur,
811 2825 848 2884 ut
869 2839 935 2884 nou
955 2837 1039 2883 unae
1054 2817 1101 2883 rei
1124 2818 1241 2898 statui,
1260 2816 1316 2883 sed
1333 2817 1480 2885 omnibus
1496 2833 1573 2882 con-

246 2917 334 2980 stitui
356 2923 487 3000 putetur
809 2950 827 2987 e
903 2950 921 2987 e
998 2949 1016 2986 e
1581 2941 1611 2991 tt

311 3097 335 3146 4.
349 3094 483 3144 delitiscere
494 3095 526 3144 l':
545 3093 683 3144 delitescere
694 3095 741 3144 PB
751 3094 771 3142 O
781 3095 841 3144 HK.
861 3093 900 3144 Cf.
914 3105 940 3158 p.
955 3093 1069 3144 Caecina
1081 3092 1105 3157 S.
1119 3093 1159 3144 64.
1173 3091 1214 3144 66.
1227 3092 1261 3142 de
1277 3091 1351 3144 deor.
1364 3094 1418 3144 nat.
1432 3093 1462 3144 11.
1475 3092 1517 3153 29,
1530 3091 1572 3145 32.

245 3169 286 3231 49,
300 3169 356 3220 tuo.
375 3169 472 3220 Fronto
484 3168 526 3218 ed.
539 3169 614 3220 Rom.
628 3183 652 3218 a.
667 3167 740 3220 4846.
752 3181 779 3232 p.
790 3169 843 3228 '¹⁰4
861 3167 924 3218 item
936 3169 1092 3218 conticiscere
1103 3166 1186 3218 Plaut.
1199 3168 1297 3219 Bacch.
1308 3167 1333 3229 4,
1344 3169 1368 3230 6,
1378 3169 1419 3220 28.
1438 3165 1489 3219 llil.
1503 3164 1536 3229 gl.
1547 3166 1573 3230 2,

245 3244 270 3306 4,
283 3244 324 3294 tt.
343 3243 408 3294 liud.
422 3245 447 3306 ii,
461 3247 486 3305 2,
500 3245 540 3294 69.
560 3245 614 3295 Liv.
628 3245 652 3305 2,
665 3244 706 3295 29,
720 3245 760 3293 544.
779 3242 804 3306 4,
818 3246 841 3294 4.
861 3244 948 3294 Front.
966 3257 992 3308 p.
1012 3243 1068 3293 tea.
1083 3243 1138 3293 465.
1158 3243 1275 3302 indecere
1286 3244 1390 3294 Terent.
1404 3245 1497 3294 Heaui.
1511 3241 1535 3304 3,
1549 3242 1573 3303 4,

246 3322 270 3370 4.
289 3321 377 3370 Front.
396 3333 422 3384 p.
436 3319 492 3370 443.
514 3349 541 3356 -
560 3321 584 3370 2.
603 3333 668 3383 quoe
683 3320 795 3383 fatentur
811 3331 903 3368 errore
921 3317 1038 3382 quodam
1055 3329 1108 3366 om.
1127 3318 1188 3368 lili.
1205 3343 1231 3354 -
1251 3319 1275 3368 5.
1287 3323 1323 3367 set
1338 3319 1427 3370 TPll.
1442 3345 1469 3354 -
1491 3317 1576 3380 sinpii-

246 3394 318 3444 latim
329 3391 459 3444 illotzius:
473 3393 609 3457 strietiorem
620 3394 726 3454 TPilll,
739 3393 883 3458 deputat-m
892 3393 947 3442 130.
964 3418 990 3427 —
1004 3392 1029 3443 6.
1042 3397 1131 3442 exiere
1140 3391 1271 3458 TPBlfll.
1287 3421 1314 3429 -
1329 3393 1391 3443 Tulli
1401 3392 1532 3456 inunt.
1545 3419 1573 3429 -

247 3470 272 3520 8.
285 3469 367 3530 adque
377 3468 520 3518 i'PBli.—
535 3469 574 3519 44.
587 3468 665 3532 Erpo]
679 3506 684 3518 .
701 3482 750 3518 ‚oo
761 3470 788 3519 T.
800 3499 827 3507 -
841 3483 924 3520 omues
932 3473 1019 3532 partes
1030 3470 1093 3532 oet]
1105 3469 1230 3520 Boethius
1243 3470 1272 3520 de
1283 3469 1423 3534 &finitione
1434 3481 1461 3533 p.
1474 3467 1516 3519 23.
1530 3467 1573 3518 ed.

247 3543 329 3596 Paris.
342 3556 366 3592 a.
381 3541 461 3594 teti:
480 3543 552 3594 eHoc
570 3544 651 3594 etiam
667 3557 716 3608 pro
733 3545 768 3595 M.
781 3543 862 3596 Tullio
881 3547 954 3596 tenet
970 3545 1091 3609 (Cicero),
1110 3544 1156 3594 ubi
1173 3557 1223 3609 per
1234 3546 1463 3596 enumerationem
1478 3541 1576 3594 modo-

247 3633 316 3680 rum,
334 3632 384 3683 per
395 3631 462 3682 quos
479 3617 508 3669 fit
525 3617 601 3670 dolus
619 3618 714 3682 maius,
733 3619 850 3671 definitio
868 3622 902 3672 ita
915 3621 957 3682 iit,
975 3623 1006 3672 ut
1021 3619 1130 3684 singuiis
1148 3619 1289 3684 speciebus
1301 3619 1377 3671 dolus
1390 3618 1474 3670 malus
1492 3621 1576 3685 possit

247 3695 381 3762 agnosci.»
399 3693 479 3746 lulius
496 3695 585 3745 Victor
601 3709 628 3761 p.
642 3694 699 3746 249.
712 3709 737 3745 v.
748 3695 835 3746 died.
849 3709 890 3746 n.:
916 3695 1005 3745 «idem
1023 3695 1125 3759 (Cicero
1142 3707 1190 3759 pro
1207 3696 1241 3745 M.
1255 3693 1362 3759 Tullioi:
1381 3695 1464 3744 dolien
1479 3695 1576 3746 murm

246 3787 310 3835 esse,
328 3785 386 3822 cum
401 3770 502 3836 [emiiio
518 3775 620 3822 amota
636 3771 680 3832 sit,
698 3783 756 3822 enm
772 3773 805 3822 od
821 3772 872 3821 nim
887 3771 994 3832 cmm,
1013 3784 1069 3820 com
1086 3771 1207 3820 ἀιιιιιιι
1221 3770 1359 3821 intulerit.»
1384 3770 1459 3822 idem
1475 3784 1502 3836 p.
1515 3773 1574 3823 249.

246 3862 271 3898 r.
285 3846 332 3898 24;
354 3845 402 3895 cli.
422 3843 519 3896 Tullius
536 3843 625 3898 dolum
644 3847 714 3898 circa
730 3860 823 3897 servos
840 3849 868 3896 P.
888 3845 959 3898 Fabii
977 3843 1094 3897 delinivit
1111 3859 1143 3896 ex
1160 3858 1205 3908 eo,
1224 3847 1297 3910 quod
1314 3845 1428 3898 insidiati
1439 3847 1516 3898 sint.»
1535 3847 1574 3900 Cf.

247 3937 272 3973 v.
285 3923 300 3973 Τ
312 3934 354 3985 sq.
369 3949 396 3957 -
411 3921 451 3972 43.
466 3922 581 3986 Quintiae
592 3921 749 3973 TPBOHK.
767 3921 826 3972 vid.
840 3920 874 3971 nd
885 3934 910 3986 p.
924 3921 965 3972 89.
978 3935 1003 3972 v.
1015 3924 1039 3972 t.
1054 3949 1081 3957 -
1101 3920 1142 3972 44.
1154 3933 1254 3973 ιιιιιιι
1268 3925 1272 3981 Ι
1286 3923 1420 3974 ι.ι.ιΤ,
1432 3951 1459 3960 -
1473 3923 1513 3974 48.
1526 3937 1577 3978 oss

250 4009 327 4050 ..ιιι
342 4008 417 4048 came
433 3996 466 4056 Τ,
492 3997 523 4046 de
538 3996 612 4046 emus·
628 4010 781 4048 caesareae
797 3997 931 4058 Kayserus
947 3994 964 4046 l.
983 3993 1000 4046 l.
1019 4010 1046 4060 p.
1060 3996 1116 4048 684.
1137 4024 1165 4033 -
1185 3996 1224 4046 49.
1243 3995 1308 4047 bono
1323 3997 1459 4050 mehercule
1474 4001 1536 4065 fide,
1555 4001 1577 4050 si

246 4075 313 4124 HK:
333 4061 647 4134 bonocrebercaiesi'fi’,
665 4071 742 4134 ὁοια,
761 4070 907 4130 rubuario,
928 4073 985 4122 resi
1002 4072 1091 4134 silio,
1110 4071 1180 4133 bene,
1198 4071 1363 4123 mehercrdesi
1379 4072 1573 4124 siliculus.—

246 4148 286 4200 29.
305 4146 362 4197 talis
377 4146 428 4196 oiri
444 4146 508 4198 nolte
524 4147 638 4198 deseretis
654 4148 712 4208 TP,
731 4147 793 4197 tates
807 4147 866 4208 oiri,
883 4145 947 4197 cotie
968 4148 1082 4199 deseretis
1097 4147 1128 4198 il.
1155 4144 1258 4198 Kellero
1275 4150 1366 4200 tamen
1381 4149 1478 4202 iterum
1495 4153 1575 4215 atque

246 4224 343 4274 iterum
358 4221 508 4286 inspicienti
520 4236 573 4274 non
583 4221 715 4286 liquebat,
734 4224 823 4272 uirum
834 4222 896 4272 tates
907 4225 933 4272 et
944 4222 1061 4274 deberetis
1072 4224 1099 4288 (ii
1106 4221 1160 4286 Olli
1173 4237 1207 4274 an
1218 4223 1276 4273 totis
1287 4227 1314 4274 et
1324 4226 1438 4278 meroth
1447 4227 1576 4292 scriptum

247 4300 327 4350 esset.
342 4327 370 4336 —
388 4299 430 4350 24.
442 4312 471 4350 re
486 4298 642 4361 [cruceque
653 4299 700 4348 Pii
711 4297 741 4348 il.
760 4300 898 4361 Peyronus
911 4297 982 4348 enim
999 4299 1026 4349 in
1038 4298 1129 4349 codice
1142 4299 1180 4350 sic
1193 4297 1300 4362 legerat.
1320 4299 1371 4351 Sed
1382 4300 1501 4354 llellerus
1511 4315 1577 4367 per-

247 4375 333 4438 spexit
345 4372 466 4426 codicem
477 4373 580 4424 babere
597 4384 802 4436 ιιιιοιιιιιιι,
821 4386 901 4437 quam
917 4371 1059 4426 lectionem
1076 4373 1241 4425 divinaverat
1252 4372 1370 4426 Orellius.
1385 4404 1413 4415 -
1431 4378 1472 4428 22.
1492 4389 1578 4428 ιιιιιιι

245 4449 425 4512 superscripta
442 4446 544 4513 syllaba
563 4461 591 4498 ru
608 4449 642 4510 Τ,
667 4449 794 4499 uideretur
810 4449 870 4500 PH.
888 4473 915 4486 -
941 4449 982 4502 23.
1001 4449 1094 4514 opiter]
1112 4451 1141 4500 in
1157 4449 1210 4500 hoo
1225 4448 1355 4501 vocabulo
1373 4449 1468 4504 desinit
1484 4450 1576 4503 folium

246 4523 408 4574 Taurinense
426 4525 560 4588 quinium,
580 4525 648 4574 inter
665 4523 738 4588 quod
756 4526 783 4574 et
799 4525 904 4576 sextum
921 4527 1050 4589 quantum
1067 4522 1149 4586 desii,
1168 4524 1230 4576 sciri
1247 4538 1300 4576 non
1316 4527 1413 4590 potest.
1437 4528 1524 4592 opilio·
1541 4525 1577 4592 [io

245 4598 291 4646 boc
307 4597 412 4660 iudicio,
433 4600 626 4661 reciperatores,
654 4603 682 4649 ut
698 4599 733 4650 di.
754 4599 845 4650 Tullius
858 4613 905 4662 per
920 4601 1078 4651 interdictam
1093 4613 1166 4650 ιιιιι
1181 4600 1221 4649 ius
1237 4604 1317 4650 wceot
1332 4605 1407 4664 etque
1421 4603 1543 4653 iniuriam
1559 4615 1577 4652 a

246 4673 273 4723 P.
292 4672 364 4722 Fabii
378 4672 479 4735 semitis
493 4673 589 4736 sectam
602 4679 782 4737 personantem
802 4675 898 4741 ceum]
921 4675 966 4726 boc
982 4673 1031 4726 ΒΟ
1049 4689 1144 4741 parum
1160 4674 1342 4740 probabiliter.
1362 4703 1389 4712 —
1414 4676 1455 4729 24.
1473 4676 1518 4726 troc
1533 4675 1576 4725 ire-

247 4746 340 4797 diciom
356 4747 418 4810 cet]
436 4749 556 4800 Servavit
571 4749 623 4802 boc
640 4750 831 4814 fragmentum,
850 4751 923 4818 quod
938 4752 1041 4818 primus
1058 4753 1167 4804 Beierus
1181 4751 1225 4803 hic
1242 4752 1366 4815 inseruit,
1384 4753 1531 4804 Priscianus
1548 4752 1573 4814 6,

248 4824 272 4884 4,
288 4823 313 4872 it.
331 4835 358 4886 p.
371 4823 428 4872 224.
448 4823 546 4875 lirebl.:
566 4826 678 4890 «ltaque
696 4839 749 4877 non
766 4824 852 4878 solum
869 4841 934 4890 uno,
952 4828 1038 4889 unius,
1055 4828 1115 4889 uni,
1134 4826 1183 4878 sed
1200 4827 1279 4877 etiam
1295 4827 1370 4878 buius
1385 4828 1413 4877 et
1427 4827 1485 4876 baie
1499 4839 1573 4888 uene,

248 4899 276 4950 ei
292 4897 413 4950 similiter
427 4899 502 4962 adice,
519 4903 616 4966 ιιιὶιι,
633 4905 711 4966 soloe,
730 4909 808 4968 totns,
826 4903 905 4966 aliae,
924 4903 1020 4954 atterm
1035 4903 1062 4953 in
1072 4915 1124 4955 usu
1141 4903 1288 4968 antiquiore
1300 4902 1457 4954 invenimus.
1481 4900 1574 4951 Cicero
1669 4949 1674 4959 ,

247 4986 296 5039 pro
313 4974 348 5026 bl.
367 4973 467 5026 Ttdlio:
490 4976 542 5028 Hoc
558 4977 677 5030 iudicium
693 4981 763 5032 cei.»
784 5008 811 5017 -
837 4980 882 5030 eet
897 4979 944 5030 ΒΟ
961 4992 1115 5044 perperam,
1141 4979 1169 5030 id
1189 4979 1260 5045 quod
1280 4980 1391 5045 apparet
1406 4991 1439 5028 ex
1450 4977 1575 5028 Prisciani

247 5048 346 5100 verbis.
371 5048 409 5101 Gi.
428 5049 523 5102 Halmii
539 5051 613 5104 duel.
631 5055 728 5108 Tutt.1.
745 5070 773 5122 p.
787 5057 826 5107 42.
842 5083 870 5092 -
888 5055 929 5106 25.
943 5055 1054 5120 potetur]
1080 5057 1143 5106 Post
1161 5055 1214 5108 hoo
1235 5055 1414 5120 fragmentum
1432 5051 1516 5104 verba
1532 5053 1574 5106 iii·

249 5125 343 5176 ctorini
358 5124 386 5175 in
403 5125 572 5184 adnotatione
589 5127 624 5182 ud
640 5129 664 5197 ἓ.
682 5131 724 5188 23.
743 5132 876 5197 exscripta
895 5131 1065 5186 inseruerunt
1079 5131 1139 5184 ΒΟ.

290 5217 378 5268 druso
392 5218 417 5270 Τ.
427 5217 456 5269 ii.
1344 5219 1365 5288 7
