3644 5874
114 1347 181 1404 'r‘

104 2865 126 2994 4

138 1943 159 2032 t

312 444 375 512 770
718 447 868 514 onsrio
889 447 968 513 PRO
990 449 1025 512 L.
1046 447 1214 514 MURENA

311 640 398 684 mare
421 627 453 683 et
472 618 583 682 leviter
604 616 770 683 emendare
791 619 922 702 possim.
965 619 1033 685 Non
1059 620 1153 682 000440
1180 637 1299 700 peccas,
1329 619 1432 702 inquit
1453 619 1509 684 iile
1530 619 1638 684 fortis·

312 715 393 778 simo
421 713 488 776 viro
519 711 624 776 senior
652 715 816 796 magister;
846 714 911 787 aed,
940 716 968 777 si
991 733 1116 796 peccas,
1149 723 1176 776 te
1205 731 1305 794 regere
1328 733 1460 794 pessum.
1505 716 1547 776 tit
1575 735 1637 796 ego

311 808 473 872 verissime
503 806 635 869 dixerim
660 827 792 890 peccare
820 816 852 870 ts
873 808 966 883 nihil,
997 828 1100 891 neque
1132 807 1197 870 uila
1218 808 1251 869 in
1273 827 1306 870 re
1329 827 1398 870 esse
1420 807 1515 871 huius
1537 807 1637 882 modi,

310 913 347 966 ut
368 901 573 984 corrigendus
594 902 700 983 potius
723 923 815 985 quam
838 902 948 965 leviter
961 899 1168 966 inflectendus
1184 921 1253 964 esse
1268 900 1404 964 videare.
1426 902 1534 965 Finxit
1549 903 1636 965 enim

287 1005 341 1061 ste
363 999 432 1078 ipsa
453 1002 564 1059 natura
586 995 625 1057 ad
646 994 862 1070 honestatem,
886 996 1083 1078 gravitatem,
1106 995 1359 1078 temperantiam,
1381 996 1635 1078 magnitudinem

310 1091 422 1165 animi,
444 1089 613 1162 iustitiam,
635 1088 673 1151 ad
698 1110 807 1153 omnes
830 1090 967 1174 denique
982 1090 1112 1153 virtutes
1134 1109 1280 1172 magnum
1302 1089 1461 1154 hominem
1481 1091 1636 1154 0400001-

309 1205 389 1248 sum.
415 1184 555 1247 Accessit
575 1183 625 1245 his
647 1182 774 1247 dotibus
789 1186 931 1248 doctrina
953 1205 1017 1248 non
1032 1185 1194 1249 moderata
1215 1205 1273 1250 nec
1294 1187 1395 1261 mitis,
1418 1183 1485 1258 sed,
1506 1193 1542 1248 ut
1555 1183 1635 1246 milri

308 1278 449 1353 videtur,
475 1277 571 1361 paulo
594 1278 736 1359 asperior
758 1265 1062 1370 et(dnrior,q‘quam
1084 1289 1138 1343 ant
1158 1280 1272 1342 veritas
1295 1287 1348 1342 aut
1368 1287 1482 1343 natura
1503 1279 1639 1361 patitur)

309 1369 359 1434 64.
382 1374 421 1434 Et
443 1372 591 1456 quoniam
615 1392 679 1434 non
702 1379 750 1435 est
772 1373 864 1435 nobis
885 1373 964 1436 haec
987 1374 1087 1437 oratio
1109 1374 1253 1436 habenda
1276 1381 1328 1437 aut
1346 1375 1380 1436 in
1393 1375 1538 1456 imperita
1552 1373 1634 1434 mul-

271 1467 441 1530 totitudine
472 1472 526 1528 aut
557 1466 588 1528 in
623 1466 729 1548 aliquo
759 1475 915 1532 conventu
946 1471 1131 1552 agrestium,
1162 1469 1311 1533 audacius
1341 1469 1436 1553 paulo
1458 1467 1498 1529 de
1521 1465 1634 1529 studiis

308 1559 529 1634 humanitatis,
552 1579 634 1643 quae
657 1567 688 1622 et
710 1559 786 1623 milri
809 1568 841 1624 et
861 1562 951 1626 vobis
973 1571 1047 1626 nota
1070 1571 1100 1626 et
1120 1563 1256 1627 iucunda
1277 1572 1366 1639 sunt,
1388 1560 1565 1645 disputabo.
1597 1560 1633 1620 ln

307 1657 348 1718 Μ.
374 1655 509 1727 Catone,
532 1652 672 1728 indices,
693 1653 771 1717 haec
793 1655 894 1730 hona,
917 1677 998 1740 qnae
1021 1658 1164 1721 videmus
1186 1658 1292 1722 divina
1314 1665 1346 1721 et
1368 1657 1510 1740 egregia,
1531 1655 1633 1738 ipsius

308 1749 416 1812 scitote
439 1767 509 1811 esse
531 1747 681 1830 propria:
702 1769 782 1830 quae
804 1769 1055 1834 nonnumquam
1075 1753 1279 1834 requirimus,
1302 1773 1340 1816 ea
1354 1759 1428 1815 sunt
1442 1751 1546 1814 omnia
1566 1769 1632 1812 non

307 1862 325 1904 a
354 1850 481 1916 natura,
513 1861 620 1904 verum
649 1861 667 1903 a
696 1843 856 1925 magistro.
899 1846 970 1907 Fuit
998 1846 1082 1908 enim
1114 1847 1242 1930 quidam
1272 1867 1392 1910 summo
1422 1844 1550 1928 ingenio
1572 1845 1631 1915 vir,

270 1940 409 2028 theno,
433 1937 521 1999 cuius
543 1935 743 1999 inventorum
766 1938 881 2000 aemuli
905 1939 1001 2001 Stoici
1018 1941 1229 2002 nominantur.
1252 1940 1355 2002 liuius
1371 1940 1545 2003 sententiae
1560 1944 1633 2001 sunt

308 2023 529 2114 et‘praeeepta
549 2029 645 2091 huius
668 2031 773 2093 modi:
796 2031 969 2114 sapientem
991 2033 1089 2114 gratia
1112 2053 1282 2117 numquam
1304 2033 1436 2106 moveri,
1459 2051 1631 2115 numquam

308 2127 494 2210 cuiusquam
516 2122 632 2186 delicto
653 2125 834 2206 ignoscere:
857 2128 1014 2190 neminem
1037 2126 1272 2191 misericordem
1295 2147 1365 2190 esse
1379 2126 1443 2189 nisi
1456 2127 1586 2190 stultum
1601 2132 1633 2187 et

307 2219 426 2282 levem:
449 2218 507 2281 viri
529 2236 594 2279 non
616 2236 813 2304 essemque
836 2221 959 2283 exorari
982 2241 1087 2305 neque
1109 2222 1242 2306 placari:
1265 2220 1350 2284 solos
1373 2221 1530 2304 sapientes
1550 2239 1632 2292 esse,

308 2316 334 2377 si
364 2311 580 2376 distortissimi
608 2310 685 2386 sint,
713 2310 887 2386 formosos;
921 2315 947 2377 si
971 2313 1213 2388 mendicissimi,
1243 2314 1373 2389 divites3
1401 2314 1426 2377 si
1450 2316 1630 2378 serviurtem

269 2408 461 2481 asserviant,
484 2425 592 2488 reges:
615 2424 674 2468 nos
697 2412 818 2481 autem,
841 2407 896 2490 qui
920 2409 1078 2492 sapientes
1096 2429 1159 2471 non
1175 2428 1299 2483 sumus,
1321 2407 1486 2491 frigitivos,
1509 2407 1631 2480 exules,

307 2502 432 2576 hostes,
459 2501 589 2562 insanos
620 2498 758 2583 denique
789 2521 858 2566 esse
888 2502 1014 2565 dieunt:
1042 2503 1147 2566 omnia
1170 2510 1297 2585 peccata
1320 2522 1389 2566 esse
1410 2503 1515 2584 paria:
1537 2520 1630 2564 omne

308 2595 457 2659 delictum
480 2593 584 2656 scelus
606 2613 676 2656 esse
699 2593 868 2670 nefarium,
898 2616 957 2658 nec
986 2597 1088 2660 minus
1112 2597 1296 2679 delinquere
1319 2615 1406 2670 enm,
1436 2594 1491 2677 qui
1514 2592 1630 2676 gallum

308 2690 535 2772 gallinaceum,
558 2708 630 2750 cnm
652 2708 733 2770 opus
755 2710 819 2752 non
841 2689 953 2766 fuerit,
976 2711 1070 2774 quam
1093 2711 1180 2765 euru,
1204 2693 1257 2773 qui
1280 2699 1400 2774 patrem
1415 2687 1630 2752 suffocaverit:

308 2783 482 2865 sapientem
505 2782 584 2844 nihii
606 2783 745 2865 opinari,
768 2783 885 2847 nullius
908 2785 953 2846 rei
974 2786 1151 2867 paenitere,
1181 2783 1268 2847 nulia
1289 2786 1320 2846 in
1343 2783 1482 2857 refelli,
1505 2789 1631 2844 senten-

269 2879 383 2946 rstiam
406 2884 529 2939 mutare
550 2897 731 2959 numquam.
776 2879 877 2941 XXX.
894 2875 944 2940 62.
967 2879 1053 2942 ilaec
1068 2879 1163 2942 homo
1179 2878 1465 2960 ingeniosissimus,
1488 2876 1529 2939 Μ.
1546 2874 1630 2946 Cato,

309 2973 489 3035 auctoribus
520 2970 741 3034 eruditissimis
774 2971 918 3036 inductus
948 2974 1097 3054 arripuit,
1128 2993 1234 3055 neque
1256 2970 1437 3054 disputandi
1460 2962 1567 3042 carisa,
1596 2975 1631 3030 ut

309 3086 422 3149 magna
444 3085 534 3149 pars,
565 3065 621 3128 sed
643 3066 687 3128 ita
709 3065 845 3130 vivendi.
881 3070 997 3130 Petunt
1018 3066 1139 3150 aliquid
1161 3065 1335 3149 publicani:
1362 3065 1627 3147 cavequicquam

308 3161 423 3224 haheat
444 3159 595 3224 momenti
616 3160 725 3242 gratia.
769 3161 936 3243 Supplices
964 3161 1062 3244 aliqui
1094 3162 1226 3224 veniunt
1252 3159 1356 3223 miseri
1386 3165 1418 3220 et
1439 3155 1628 3220 calamitosi:

309 3255 480 3318 sceleratus
503 3263 535 3317 et
556 3252 695 3317 nefarius
715 3253 830 3329 inens,
861 3255 887 3318 si
910 3256 1078 3338 quiequam
1101 3253 1318 3318 misericordia
1339 3251 1494 3315 adductus
1507 3249 1629 3312 iecoris.

374 3512 398 3559 4.
414 3521 515 3572 0000004
531 3507 587 3557 liv.
608 3532 635 3543 -
653 3519 703 3556 000
719 3507 975 3572 000440--400040400
990 3507 1072 3558 habet
1089 3505 1193 3567 Quintil.
1212 3506 1276 3556 viil.
1294 3506 1322 3565 s,
1341 3504 1382 3554 344.
1404 3503 1512 3555 Addunt
1532 3501 1629 3565 aliquot

308 3585 369 3636 edd.
383 3582 489 3644 Quintil.
507 3595 541 3631 ex
557 3581 684 3632 Cicerone
701 3586 725 3630 04
740 3583 762 3630 si
775 3595 877 3643 peccas,
895 3589 918 3633 40
934 3596 1018 3647 regere
1032 3595 1144 3646 possum
1163 3581 1211 3632 sed
1229 3580 1325 3630 desunt
1335 3580 1403 3630 haec
1414 3578 1497 3630 verba
1509 3579 1534 3628 in
1547 3579 1630 3628 omui·

307 3661 372 3722 isus,
390 3661 419 3708 ut
429 3656 543 3718 videtur,
561 3654 706 3706 codicibus.
719 3683 746 3692 -
759 3658 987 3720 iuquitiilepaccas
997 3658 1067 3709 nt—
1081 3659 1105 3707 4.
1118 3657 1191 3707 sadai
1207 3657 1267 3706 Asc.
1282 3655 1342 3705 4444
1357 3668 1363 3702 :
1382 3654 1403 3702 si
1419 3667 1473 3704 om.
1486 3655 1550 3712 moi,
1570 3653 1645 3710 cx„

308 3737 366 3785 Par.
381 3737 404 3784 4.
418 3732 443 3784 4.
456 3734 480 3782 7.
500 3730 538 3780 Ci.
557 3731 658 3793 Tragic.
676 3732 751 3781 44000.
771 3732 825 3783 Rei.
845 3733 887 3784 ed.
904 3733 1029 3785 Ribbeck.
1049 3747 1076 3798 p.
1088 3733 1145 3784 405.
1159 3757 1186 3767 -
1206 3743 1250 3793 epo
1267 3741 1330 3780 nos:
1350 3743 1394 3793 eqo
1410 3743 1461 3778 non
1477 3734 1500 3779 40
1516 3727 1628 3780 Eone

308 3819 371 3876 χψ,
389 3811 500 3867 dParr.;
519 3819 564 3870 epo
580 3811 602 3857 40
619 3821 709 3867 000ος
729 3820 773 3871 eqo
790 3815 812 3859 40
830 3809 872 3860 ed.
886 3811 967 3870 Crat,
981 3809 1035 3859 LO.
1048 3832 1076 3845 -
1094 3808 1118 3860 3.
1137 3812 1159 3858 tc
1175 3806 1236 3856 04444
1251 3805 1314 3865 mei,
1333 3804 1458 3868 Cilxrp,
1476 3805 1630 3854 inemtas

307 3885 421 3936 om.1.0
439 3896 500 3933 cum
518 3879 683 3932 ederat-
703 3895 754 3933 csse
770 3886 805 3934 G:
824 3890 847 3934 40
864 3883 1095 3935 esscEMvL0.-
1115 3883 1139 3934 4.
1153 3881 1300 3932 4004400040.
1314 3892 1345 3938 v;
1363 3880 1450 3930 4004400
1466 3893 1499 3939 χ,
1518 3881 1575 3929 Par.
1591 3877 1627 3935 7.,

306 3961 349 4012 ed.
361 3961 459 4011 ilanui.
478 3961 511 4009 Al
528 3957 560 4007 ci.
573 3969 613 4007 or.
631 3970 657 4022 p.
671 3958 744 4009 Foni.
763 3959 787 4022 5.
800 3958 840 4010 44.
860 3958 920 4023 [34]
934 3984 961 3994 -
974 3958 1086 4008 videmia
1101 3958 1162 4020 Lag.
1176 3956 1201 4006 9.
1216 3980 1242 3991 -
1262 3956 1286 4006 7.
1304 3955 1341 4004 iis
1358 3953 1454 4004 4044400
1469 3953 1574 4018 scripsi:
1591 3951 1630 4000 its

305 4043 340 4087 404
356 4037 449 4096 Eiiv,
468 4031 546 4083 codd.
560 4030 694 4096 plerique;
713 4038 748 4082 404
764 4037 799 4094 G,
823 4037 881 4084 Par.
902 4035 925 4083 4.
944 4032 972 4091 4;
991 4033 1053 4082 istac
1069 4032 1170 4083 Ernesti
1188 4031 1246 4081 etO
1263 4043 1296 4079 er
1314 4027 1372 4078 cod.
1391 4026 1485 4090 (inali,
1504 4029 1629 4092 quaeest

306 4110 443 4162 manifesta
461 4107 639 4172 interpolatio,
663 4109 744 4159 imrno
766 4110 793 4160 in
809 4115 844 4159 404
860 4108 923 4159 40404
939 4109 1046 4168 dotibus,
1068 4106 1137 4171 quud
1157 4103 1206 4168 (vei
1222 4103 1360 4166 uirtutibus)
1379 4105 1439 4167 post
1455 4107 1490 4153 404
1506 4104 1532 4154 40
1549 4100 1625 4154 codd.

305 4184 469 4237 intercidisse
486 4184 598 4233 Becirius
610 4183 637 4232 et
648 4184 688 4232 Fr.
703 4183 732 4233 C.
746 4183 866 4234 Woiliius
884 4184 1064 4234 coniecerunt.
1080 4209 1106 4218 -
1124 4193 1169 4230 uec
1184 4181 1315 4230 00400040
1331 4191 1360 4238 v,
1379 4179 1545 4229 immoderato
1560 4191 1586 4236 x.
1598 4201 1624 4210 -

304 4263 328 4312 8.
347 4273 424 4322 quom
439 4262 485 4308 004
501 4255 578 4307 codd.
598 4258 677 4308 etiam
695 4258 787 4320 Lugg:
806 4271 882 4320 qaam
898 4257 924 4312 8.
946 4285 973 4294 -
988 4258 1087 4320 paciscar
1103 4256 1202 4317 (iiix,
1221 4258 1278 4306 Par.
1293 4256 1317 4304 4.
1335 4252 1366 4304 4;
1383 4255 1500 4316 petiolas
1515 4251 1626 4304 EvLO.

305 4363 333 4373 -
353 4337 377 4386 9.
396 4336 424 4383 40
439 4333 556 4395 imperita
571 4333 625 4382 iiii
635 4332 653 4382 C
664 4333 686 4382 li
695 4371 701 4394 ,
719 4333 792 4383 Parr.
812 4334 840 4396 (E
856 4333 987 4396 inperito):
1010 4333 1037 4381 40
1053 4343 1106 4382 orn.
1125 4332 1144 4380 7
1154 4344 1188 4390 χ,
1211 4331 1298 4392 imper.
1315 4329 1343 4378 40
1359 4341 1390 4390 v,
1408 4333 1503 4378 004000
1519 4331 1564 4376 004
1578 4327 1628 4376 ios-

301 4412 385 4475 petto
401 4409 466 4471 [sine
483 4407 517 4469 40)
536 4409 568 4466 G;
586 4420 643 4456 cum
659 4407 872 4470 impediuerant,
892 4407 949 4456 LO.
964 4431 990 4441 -
1011 4407 1051 4456 44.
1069 4405 1204 4455 40000400
1224 4403 1281 4467 (sed
1295 4403 1406 4452 4000040
1422 4407 1445 4453 04
1460 4402 1544 4465 notai:
1560 4400 1627 4450 4044-

303 4482 495 4542 candnEGid,
512 4484 597 4541 Pare,
616 4483 709 4544 legg,
727 4482 816 4532 ltorx.
833 4507 859 4518 -
879 4483 906 4530 40
922 4482 957 4532 Μ.
977 4481 1030 4531 Cat.
1043 4481 1212 4544 ⁴-maqistro
1229 4491 1282 4530 om.
1302 4478 1360 4529 ΟΕ.
1381 4505 1407 4514 -
1426 4478 1467 4529 li.
1485 4478 1625 4528 0444044400.

306 4589 331 4599 -
352 4559 392 4610 44.
410 4567 498 4608 caum
514 4556 635 4618 Gitvx,
654 4557 712 4608 Par.
732 4559 755 4606 4.
774 4556 799 4607 i.
818 4557 851 4608 8:
868 4569 956 4608 00004
972 4558 1014 4607 scu
1029 4555 1130 4613 Par.9;
1148 4555 1190 4605 004
1205 4555 1263 4604 LO.
1279 4553 1359 4602 -oir
1374 4564 1469 4602 0040000
1484 4553 1537 4618 tog.
1555 4552 1625 4603 Ε.-

303 4638 343 4686 45.
363 4635 432 4684 «Cic.
451 4645 477 4697 p.
496 4631 562 4683 itur.
581 4631 644 4681 Zeno
666 4643 715 4697 pro
737 4631 818 4681 Zenon
839 4632 965 4697 profert.»
988 4631 1069 4683 Prisc.
1088 4631 1108 4681 1.
1126 4643 1153 4695 p.
1171 4629 1228 4682 238.
1247 4629 1289 4678 iir.
1311 4655 1338 4665 -
1356 4628 1454 4678 00400440
1471 4631 1500 4678 G.
1522 4655 1549 4665 -
1572 4629 1627 4676 suat

301 4715 376 4762 etium
391 4712 526 4774 prwcapia
541 4707 570 4757 E.
589 4733 616 4742 -
636 4708 676 4758 46.
694 4707 884 4758 intumescis:
903 4708 1022 4757 04000044
1038 4705 1123 4768 vulgo.
1144 4731 1171 4740 —
1190 4705 1277 4768 gratio
1292 4703 1426 4766 0004004004
1442 4715 1468 4752 v.
1489 4728 1517 4737 —
1536 4702 1575 4751 t7.
1588 4701 1628 4750 40

300 4789 360 4837 44040
376 4787 405 4836 Ε.
432 4811 459 4820 -
486 4794 536 4832 esec
555 4782 615 4831 ante
636 4781 685 4830 0404
701 4794 755 4832 orn.
774 4794 799 4831 v.
821 4808 847 4818 -
873 4781 1129 4844 recapessat..
1154 4805 1181 4814 -
1206 4779 1247 4830 49.
1264 4777 1439 4828 mesenam
1457 4775 1628 4840 [0000040404

300 4862 386 4911 diuites
402 4861 432 4908 G.
451 4883 478 4892 —
496 4857 617 4920 sonneras
633 4857 687 4908 ΕΜ
698 4871 703 4905 :
730 4856 833 4919 40004004
849 4857 930 4914 Τχν.
953 4882 980 4892 -
998 4855 1181 4907 mendacissimi
1197 4867 1228 4915 v,
1253 4852 1427 4904 mmdicismsi
1442 4853 1492 4902 0404
1509 4853 1573 4913 (acet
1590 4849 1626 4914 ψ)

300 4935 422 4998 (444800.
437 4961 465 4971 -
484 4931 599 4982 sanitato
615 4931 699 4981 ili'v.
715 4958 742 4967 -
761 4931 801 4982 et.
814 4931 890 4981 hostis
900 4933 963 4982 mei.
973 4960 1000 4969 -
1019 4933 1127 4982 4000000.
1141 4931 1245 4992 danique
1260 4931 1335 4980 ctiam
1346 4929 1430 4978 440004
1441 4926 1470 4977 Ε.
1479 4953 1506 4962 -
1520 4926 1560 4976 43.
1573 4923 1628 4988 qoi-

299 5010 420 5060 iinocium
435 5009 475 5071 li,
499 5006 663 5072 gallinariam
680 5005 713 5067 E,
731 5006 905 5056 000044οα400
922 5009 950 5057 G.
971 5033 996 5042 -
1022 5021 1079 5058 0400
1094 5019 1148 5056 orn.
1167 5018 1192 5056 v.
1213 5033 1240 5042 -
1257 5009 1387 5068 parantem
1403 5001 1434 5052 li.
1453 5026 1481 5036 -
1508 5001 1550 5050 ii.
1568 4999 1628 5049 tusc

301 5087 361 5136 Gr:
380 5085 425 5134 icc
442 5084 609 5142 EililSTx
627 5084 699 5132 Parr.
719 5109 746 5119 -
765 5082 805 5132 446.
826 5082 940 5131 inductos
957 5083 1015 5132 Gv:
1034 5081 1134 5131 irsdutus
1150 5093 1182 5142 x,
1201 5080 1248 5130 iter
1263 5079 1376 5130 40400404
1392 5075 1577 5138 1444644844.
1597 5100 1625 5112 ·-

302 5161 344 5210 27.
358 5163 447 5224 petunt
462 5158 499 5208 itii
516 5158 577 5224 quid
593 5159 622 5208 G.
