3642 5862
477 472 546 536 nn.
567 471 604 536 v.
628 469 702 536 crs.
724 454 991 534 xxm-xxv.
1017 463 1074 550 aa.
1095 461 1242 530 ss-ea.
1460 463 1523 531 aee
1620 429 1625 438 ’

203 641 325 726 pretio:
346 642 528 726 cognoscite
549 660 634 706 nunc
656 659 771 704 nevam
796 637 971 723 praedandi
991 636 1147 700 rationem
1168 635 1208 700 ab
1228 636 1290 700 hoc
1310 635 1448 720 primum
1470 655 1525 701 ex-

204 737 382 819 cogitatam.
424 737 538 800 XXIV.
568 737 734 818 Sumptum
767 753 893 798 omnem
925 734 967 796 in,
993 732 1127 796 classem
1156 730 1332 806 frumento,
1366 732 1525 816 stipendio

205 830 383 914 ceterisque
403 831 499 894 rebus
521 851 579 894 suo
602 850 749 914 quaeque
771 828 929 892 navarcho
952 826 1061 890 civitas
1089 845 1213 910 semper
1234 827 1309 889 dare
1331 825 1463 920 solebat.
1496 828 1526 892 Is

203 943 328 1008 neque,
349 931 386 988 ut
406 932 607 989 accusaretur
627 944 646 987 a
667 923 792 1000 nautis,
815 923 1011 986 committere
1034 920 1187 995 audebat,
1209 927 1241 983 et
1262 921 1383 985 civibus
1398 922 1463 986 suis
1477 942 1528 986 ra-

205 1019 308 1082 tiones
328 1018 412 1084 ferre
434 1019 568 1082 debebat
591 1026 622 1082 et
642 1018 676 1080 in
698 1017 753 1080 illo
776 1017 863 1081 omni
877 1016 1006 1099 negotio
1021 1034 1087 1077 non
1101 1015 1196 1077 modo
1212 1013 1338 1090 labore,
1361 1016 1417 1080 sed
1433 1018 1550 1080 etiams

203 1114 347 1196 periculo
369 1132 429 1177 sne
443 1113 635 1177 versabatur.
666 1113 742 1174 Erat
763 1111 839 1186 boo,
862 1117 899 1175 ut
912 1111 1002 1184 dice,
1022 1109 1199 1171 factitatum
1213 1128 1338 1192 semper
1351 1129 1410 1175 nec
1425 1112 1527 1176 solum

204 1209 238 1270 in
262 1207 386 1283 Sicilia,
417 1206 473 1270 sed
494 1207 529 1270 in
551 1208 698 1271 omnibus
718 1206 909 1290 provinciis,
938 1204 1032 1268 etiam
1055 1205 1087 1265 in
1109 1201 1268 1265 sociorum
1291 1211 1323 1266 et
1343 1205 1528 1272 Latinorum

205 1299 363 1386 stipendio
390 1320 427 1364 ac
455 1309 582 1385 sumptu
613 1310 696 1376 turn,
725 1320 797 1363 cum
818 1299 947 1363 illerum
968 1297 1096 1360 auxiliis
1118 1297 1166 1360 uti
1188 1297 1377 1363 solebamus.
1414 1303 1528 1368 Verres

203 1403 278 1480 post
306 1395 474 1478 imperium
502 1395 707 1459 constitutum
735 1393 857 1477 primus
884 1393 1068 1476 imperavit,
1101 1399 1138 1453 ut
1166 1411 1204 1455 ea
1229 1393 1364 1475 pecunia
1385 1397 1487 1460 omnis
1510 1417 1529 1461 a

206 1489 385 1554 civitatibus
407 1489 468 1553 sibi
489 1497 767 1564 annumeraretur,
790 1495 826 1551 ut
846 1489 874 1550 is
896 1506 968 1550 eam
982 1485 1148 1570 pecuniam
1164 1492 1327 1562 tractaret,
1349 1507 1444 1571 quem
1459 1490 1566 1575 ipsese

205 1583 419 1668 praefecisset.
462 1578 513 1646 6l.
538 1583 596 1647 Cui
619 1591 726 1667 potest
747 1603 817 1648 esse
833 1582 982 1657 dubium,
1005 1600 1100 1665 quam
1115 1580 1236 1676 obrem
1253 1589 1285 1644 et
1298 1583 1439 1647 omnium
1454 1606 1530 1649 con-

206 1679 406 1742 suetudinem
439 1686 578 1742 veterem
611 1679 731 1761 primus
766 1677 941 1739 immutaris
975 1683 1012 1738 et
1034 1682 1153 1740 tantam
1180 1675 1349 1739 utilitatem
1372 1698 1430 1760 per
1449 1679 1530 1744 alios

206 1771 388 1836 tractandae
409 1773 567 1854 pecuniae
590 1771 768 1855 neglexeris
786 1779 819 1834 et
838 1779 957 1835 tantam
972 1767 1189 1833 difficultatem
1205 1790 1276 1832 cum
1292 1771 1442 1848 crimine,
1464 1795 1531 1838 me·

206 1865 331 1928 lestiam
354 1885 426 1929 cum
448 1866 629 1952 suspicione
652 1865 855 1949 susceperis?
880 1863 1003 1926 Deinde
1025 1864 1080 1926 alii
1104 1872 1254 1949 quaestus
1268 1865 1477 1930 instituuntur
1492 1888 1532 1931 ex

207 1979 270 2022 uno
298 1978 414 2042 genere
435 1961 540 2022 navali
561 1961 666 2025 videte
690 1980 785 2044 quam
808 1958 918 2021 multi:
948 1957 1092 2040 accipere
1114 1978 1132 2022 a
1154 1958 1334 2022 ciuitatibus
1354 1961 1570 2042 pecuniamne

206 2071 248 2116 ne
277 2060 389 2117 nautas
417 2053 545 2128 darent,
578 2053 681 2136 pretio
710 2061 796 2117 certe
819 2054 933 2116 missos
959 2050 1063 2116 iacere
1085 2059 1214 2127 nautas,
1248 2052 1418 2116 missorum
1440 2073 1533 2118 omne

208 2145 403 2230 stipendium
424 2146 558 2222 lucrari,
588 2147 738 2232 reliquis,
765 2147 853 2231 qued
875 2147 1020 2221 deberet,
1042 2164 1108 2208 non
1129 2145 1215 2210 dare.
1257 2145 1344 2209 Ilaec
1366 2149 1472 2212 omnia
1493 2169 1534 2214 ex

208 2239 371 2305 civitatum
392 2242 584 2305 testimoniis
606 2243 798 2324 cognoscite.
821 2242 931 2325 Recita
951 2240 1133 2305 testimonia
1156 2239 1327 2304 civitatum.
1359 2242 1459 2304 XXV.
1482 2241 1533 2307 64.

208 2333 354 2422 Huncine
377 2335 556 2400 bominem!
578 2335 713 2426 hancine
732 2333 979 2418 impudentiam,
1001 2334 1139 2397 iudicesl
1160 2334 1242 2414 banc
1256 2333 1436 2398 audaciam!
1459 2334 1536 2399 civi·

209 2427 325 2491 tatibus
348 2449 406 2514 pro
431 2449 564 2493 numero
580 2429 715 2493 militum
730 2428 937 2513 pecuniarum
952 2446 1090 2491 summas
1106 2428 1301 2491 describerel
1322 2437 1444 2492 certum
1463 2445 1572 2514 pre-ae

207 2523 306 2598 tium,
328 2542 482 2587 sescenos
504 2543 667 2600 nummos,
688 2529 857 2587 nautarum
878 2521 1040 2586 missionis
1063 2523 1273 2587 constitueret
1300 2541 1381 2606 quos
1403 2524 1459 2608 qui
1481 2525 1536 2589 de-

166 2657 171 2670 ·
208 2615 313 2692 derat,
349 2608 557 2681 commeatum
588 2617 685 2681 totius
716 2617 845 2681 aestatis
874 2615 1063 2690 abstulerat,
1097 2615 1174 2691 iste,
1208 2616 1294 2700 quod
1325 2616 1395 2679 eius
1420 2626 1535 2683 nautae

207 2710 336 2774 nemine
366 2732 423 2796 pro
455 2711 615 2795 stipendio
643 2711 867 2794 frumentoque
889 2716 1068 2795 acceperat,
1091 2709 1288 2773 lucrabatur:
1318 2711 1363 2773 ita
1384 2719 1535 2793 quaestus

209 2802 327 2888 duplex
348 2805 444 2870 unius
466 2805 625 2869 missionis
647 2801 751 2868 fiebat.
794 2807 899 2888 Atque
920 2803 998 2868 baec
1019 2803 1115 2866 bomo
1135 2803 1370 2869 amentissimus
1391 2805 1424 2867 in
1448 2813 1535 2870 tanto

208 2896 405 2980 praedonum
432 2899 553 2984 impetu
582 2905 736 2982 tantoque
757 2899 898 2982 periculo
919 2897 1103 2983 provinciae
1126 2897 1172 2961 sic
1193 2897 1298 2981 palam
1319 2898 1469 2976 iaciebat,
1501 2908 1574 2966 utta

209 2999 242 3055 et
262 2993 325 3075 ipsi
345 2995 524 3077 praedones
546 2993 665 3058 scirent
686 3001 719 3056 et
739 3001 806 3056 tota
827 2991 991 3076 provincia
1012 2991 1103 3055 testis
1125 3001 1219 3056 esset.

294 3083 345 3149 63.
368 3088 446 3152 Cum
467 3095 599 3171 prepter
620 3089 713 3151 istius
735 3086 817 3150 banc
831 3087 995 3150 avaritiam
1017 3085 1146 3150 nemine
1168 3087 1278 3152 elassis
1300 3095 1384 3152 esset
1404 3089 1438 3152 in
1457 3089 1538 3155 Sici·

209 3179 267 3256 lia,
300 3201 335 3244 re
365 3183 495 3265 quidem
524 3201 599 3245 vera
621 3201 718 3244 naves
744 3181 872 3256 inanes,
906 3199 989 3264 quae
1010 3181 1159 3263 praedam
1180 3184 1336 3265 praetori,
1368 3203 1433 3247 non
1456 3205 1537 3269 quae

121 3307 125 3316 ·
208 3275 424 3360 praedonibus
453 3283 573 3339 metum
603 3276 768 3338 afferrent:
800 3281 922 3349 tamen,
955 3294 1026 3337 oum
1056 3274 1089 3337 P.
1113 3273 1276 3338 Caesetius
1304 3283 1337 3339 et
1363 3278 1396 3339 P.
1419 3277 1538 3343 Tadius

212 3370 320 3435 decem
349 3369 484 3434 navibus
510 3369 576 3431 suis
598 3366 781 3451 semiplenis
803 3368 1007 3449 navigarant,
1038 3387 1151 3432 navem
1174 3369 1334 3453 quandam
1355 3371 1576 3454 piratarum,ao

210 3464 328 3551 praeda
349 3464 514 3538 refertam,
536 3482 601 3525 non
617 3468 784 3545 ceperunt,
807 3461 863 3524 sed
878 3459 1094 3537 abduxerunt,
1117 3480 1215 3526 onere
1230 3481 1289 3526 sno
1305 3462 1400 3546 plane
1416 3471 1538 3549 captam

211 3565 309 3642 atque
331 3557 523 3639 depressam.
565 3557 642 3621 Erat
663 3575 701 3621 ea
722 3557 812 3619 navis
843 3555 937 3638 plena
958 3556 1133 3619 iuventutis
1155 3555 1417 3633 formosissimae,
1444 3559 1540 3642 plena

212 3653 335 3736 argenti
356 3652 432 3716 facti
452 3658 548 3736 atque
570 3651 702 3734 signati,
731 3650 830 3713 multa
860 3670 932 3713 curn
957 3650 1095 3733 stragarla
1116 3657 1215 3715 veste.
1257 3651 1344 3715 Haec
1365 3671 1430 3717 una
1449 3654 1539 3718 naris

278 3901 303 3952 3.
321 3915 366 3952 soe
383 3914 495 3964 eaoew
510 3913 569 3951 noe.
588 3901 624 3952 443
636 3897 665 3950 l:
686 3913 745 3951 noc.
764 3913 809 3950 seo
825 3913 938 3964 paceque
953 3899 1017 3952 dett.
1036 3901 1065 3951 0.
1085 3923 1113 3936 -
1132 3899 1157 3952 4.
1174 3901 1300 3952 cadesam
1314 3901 1409 3966 rafam
1425 3902 1490 3956 dett.
1509 3906 1539 3957 0.

215 4001 242 4011 -
262 3977 286 4027 5.
305 3981 328 4027 et
344 3977 371 4026 tn
387 3977 420 4027 a:
445 3981 469 4027 et
484 3989 537 4026 em.
557 3976 593 4026 G3
609 3977 687 4040 Lsgg.
706 3977 735 4027 0.
756 3999 784 4012 -
811 3977 835 4026 6.
858 3989 903 4026 nec
922 3989 972 4026 nen
994 3975 1074 4026 selem
1089 3976 1135 4027 R3.
1156 4001 1183 4012 —
1210 3976 1235 4028 7.
1253 3978 1378 4028 sostenen
1393 3979 1541 4031 bettnerren

215 4050 248 4101 de
265 4051 327 4102 Ern.
347 4051 416 4104 ceni.
434 4053 465 4103 0.
491 4053 524 4104 At
541 4051 573 4103 cl.
592 4051 678 4104 Madv.
696 4065 723 4116 p.
743 4053 800 4102 444.
821 4078 849 4088 -
868 4053 909 4102 49.
928 4051 1030 4102 ednem.
1051 4051 1081 4100 a.
1096 4075 1123 4086 —-
1143 4049 1183 4100 43.
1202 4055 1226 4102 et
1240 4063 1299 4100 caan
1313 4056 1412 4103 tonum
1427 4055 1540 4120 44444444.

213 4126 378 4178 criminalia.
399 4151 427 4162 -
444 4125 572 4176 mekotes
587 4125 652 4177 dett.
672 4151 699 4162 -
724 4125 763 4178 44.
782 4127 915 4190 suspiciens
932 4128 961 4178 R.
981 4151 1008 4162 —
1034 4125 1074 4176 44.
1090 4126 1212 4188 nonem
1227 4125 1292 4178 dett.
1311 4128 1340 4178 0.
1360 4153 1388 4165 -
1414 4130 1454 4182 48.
1473 4132 1542 4182 testi-

213 4203 300 4251 mente
315 4202 394 4263 etett]
410 4201 576 4251 ostimentum
592 4199 628 4251 444
646 4200 708 4264 [em.
726 4201 819 4263 cteta„
837 4207 890 4253 test.
909 4203 976 4252 mett.
995 4213 1049 4251 em.
1066 4201 1144 4265 Lagg.
1163 4199 1206 4265 [de
1219 4199 1315 4266 quibus
1326 4203 1353 4254 Z.
1366 4203 1445 4268 tacet]
1462 4217 1543 4271 prae·

213 4277 257 4326 ter
272 4275 304 4326 47
321 4278 349 4326 et
359 4274 400 4326 48.
419 4274 506 4326 Habet
522 4275 619 4326 deinde
631 4277 668 4326 0:
688 4275 900 4340 [TESTIMONIA.
919 4275 1114 4340 0444444441,
1133 4289 1215 4342 quem
1232 4275 1339 4329 titulum
1355 4279 1384 4330 1..
1397 4279 1540 4334 adiecerat.

216 4375 244 4386 -
264 4349 305 4399 49.
323 4349 428 4400 4444444
443 4349 468 4400 4.
486 4349 599 4414 teneam]
617 4349 656 4400 sio
673 4349 742 4401 44444
759 4349 816 4402 alil:
834 4352 954 4402 nonense
968 4351 992 4402 4.
1010 4353 1129 4404 nonense
1145 4353 1174 4404 0.
1190 4379 1218 4391 -
1230 4354 1318 4416 lnpod.
1335 4353 1365 4406 n.
1384 4381 1412 4392 -
1430 4355 1542 4410 tencltb

148 4452 150 4458 ,
215 4420 247 4474 l:
266 4424 385 4474 tancane
401 4423 466 4475 dett.
485 4425 514 4475 0.
535 4452 562 4462 -
587 4425 719 4475 ommium
734 4427 764 4476 ll.
784 4455 812 4464 -
835 4428 876 4478 49.
895 4432 962 4478 certe
976 4427 1057 4490 praeto
1074 4425 1139 4478 dett.
1160 4453 1185 4466 -
1211 4428 1343 4480 onnam
1358 4431 1378 4483 R
1395 4445 1436 4496 pr.
1455 4443 1493 4484 nr.
1512 4459 1540 4471 -

214 4499 257 4552 44.
275 4505 402 4549 acuemus
418 4498 544 4562 agatae:
562 4513 671 4552 umens
686 4500 720 4559 44;
738 4507 896 4552 sexcentenas
913 4504 965 4565 Gt,
984 4501 1026 4553 alii
1044 4503 1121 4566 lagg.
1136 4528 1164 4538 -
1181 4503 1305 4554 madenia
1321 4504 1341 4554 R
1358 4517 1398 4569 pr.
1412 4519 1463 4557 m.:
1482 4506 1544 4557 snb·

215 4573 295 4624 sones
310 4573 331 4624 a
348 4585 416 4624 corr.
436 4574 464 4624 st
479 4573 528 4634 o3;
550 4575 666 4625 minione
682 4572 760 4635 dettr,
786 4577 898 4627 mbsient
920 4577 954 4628 de
972 4579 1040 4628 conl.
1060 4579 1163 4629 llotem.
1182 4579 1212 4630 0.
1237 4579 1263 4629 Sl
1280 4581 1391 4631 Grutero
1408 4581 1476 4633 fides
1493 4583 1543 4633 ha-

216 4647 317 4709 banda,
335 4649 362 4699 in
380 4650 399 4700 C
416 4649 527 4699 madent
542 4649 646 4714 legitur.
661 4656 693 4686 '—
717 4651 757 4700 44.
776 4657 940 4703 connectens
961 4652 1044 4717 Lgltl:
1071 4657 1210 4703 conensem
1231 4651 1289 4704 rell.
1308 4655 1403 4718 Lagg·;
1426 4669 1485 4706 cam
1499 4670 1544 4706 co-

215 4729 325 4775 manaem
341 4723 376 4785 9,·
392 4737 450 4775 cem
466 4731 604 4776 commem
621 4725 666 4776 (33.
682 4751 709 4762 -
724 4727 810 4788 portes
824 4727 914 4778 notetis
929 4729 1008 4792 Lagg.
1023 4753 1051 4764 -
1071 4728 1123 4778 etna
1137 4733 1233 4779 nemos
1244 4729 1294 4790 R3,
1312 4729 1328 4778 4
1345 4727 1424 4780 codd.
1436 4730 1542 4794 lamb,

217 4799 300 4864 4349ε
318 4804 342 4849 et
357 4804 452 4851 neutroe
468 4798 547 4863 dett.;
565 4801 618 4852 etro
634 4813 688 4853 om.
708 4801 780 4866 049).
794 4817 829 4840 ··-
848 4803 889 4854 43.
908 4803 946 4854 tto
961 4803 998 4854 R3
1010 4800 1040 4852 l:
1063 4803 1148 4865 imeae
1164 4803 1229 4855 dett.
1247 4801 1293 4868 [tto
1309 4804 1389 4856 etlam
1406 4806 1497 4870 lagg„
1513 4808 1544 4857 ut
1569 4867 1572 4875 y

217 4875 376 4941 ridetur.]-
386 4875 428 4929 44.
440 4878 564 4929 metienda
573 4877 619 4929 R3:
632 4877 747 4929 modone
756 4878 821 4929 dett.
832 4878 861 4929 0.
875 4879 1009 4942 (mnnenea
1020 4879 1040 4928 a
1053 4879 1076 4928 4.
1089 4890 1126 4930 nr.
1136 4879 1363 4943 eerr.eadem.)-
1373 4881 1414 4933 45.
1427 4886 1545 4945 sunmerso

218 4949 256 4999 (44
272 4949 318 5001 Ld.
337 4952 433 5014 44339
462 4956 531 5002 tonte
548 4953 599 5013 Gt;
626 4957 696 5003 tonte
719 4954 745 5003 tn
761 4949 791 5014 λς
818 4958 888 5004 tonte
904 4966 923 5003 e
939 4955 959 5006 R
979 4953 1021 5018 [er
1038 4954 1159 5020 contemp
1185 4957 1213 5005 tn
1233 4959 1303 5005 tonte
1324 4956 1393 5006 coni.
1411 4953 1493 5006 Klotz.
1513 4981 1540 4992 -—

217 5023 260 5073 47.
278 5023 344 5074 hone
360 5025 438 5077 codd.
457 5028 525 5077 noti:
543 5027 608 5077 lenc
624 5031 721 5078 tentem
737 5027 829 5092 vulgo,
848 5029 877 5078 Ο.
898 5056 925 5067 -
944 5029 985 5080 48.
1002 5029 1090 5079 taenea
1105 5042 1159 5081 om.
1178 5030 1255 5095 4349.
1270 5054 1298 5066 -
1316 5029 1358 5080 49.
1376 5029 1503 5092 aberent
1512 5030 1542 5082 a.

220 5123 248 5135 -
267 5098 309 5151 39.
326 5101 378 5150 sets
393 5101 444 5152 Ra:
461 5101 500 5152 44
517 5101 625 5154 detto.
645 5129 672 5139 -
691 5103 731 5154 34.
750 5103 912 5153 warmunt
926 5102 963 5155 na
975 5103 1043 5166 4344
1055 5103 1096 5155 49.
1115 5103 1153 5156 Gi.
1167 5103 1202 5156 ad
1217 5103 1260 5155 lv.
1273 5103 1298 5168 S.
1311 5103 1351 5156 44.
1365 5105 1431 5155 Non.
1444 5117 1471 5170 p.
1483 5105 1541 5158 443.

222 5199 249 5210 -
269 5171 310 5225 44.
327 5174 373 5225 illc
387 5177 460 5228 mota
476 5177 513 5229 (94
529 5177 576 5228 Ld.
596 5203 624 5215 -
641 5177 717 5242 34444
732 5180 794 5230 ante
810 5177 909 5244 areentt
924 5189 978 5231 ern.
996 5177 1061 5230 dett.
