3610 5860
536 477 862 545 cmxvnr-xx.
889 471 1118 562 §pst-ae.
1422 453 1483 542 rer

165 649 255 714 Actio
278 655 327 713 est
354 648 388 712 in
416 655 573 713 auctorem
602 657 801 733 praesentem
827 647 877 712 his
905 648 1026 712 verbis:
1058 648 1252 725 Qveunoovn
1283 667 1323 711 rs
1350 667 1383 711 rrs
1410 667 1482 711 rnen

166 761 338 808 conserere.
370 743 437 806 Hac
458 744 582 807 actione
603 743 726 826 Appius
748 743 802 806 ille
825 742 945 806 Caecus
970 743 1101 806 utinen
1123 750 1245 826 posset,
1275 743 1387 806 sitam
1410 762 1483 805 vere

164 836 310 902 homines
332 837 427 901 verba
448 845 713 913 consectarentur,
735 845 771 902 ut
790 858 867 912 rem,
890 837 988 900 cuius.
1001 856 1095 901 causa
1116 837 1211 901 verba
1225 844 1308 911 eunt,
1330 856 1394 899 non
1410 857 1484 901 con-

163 932 347 996 siderarent.
384 931 585 995 Testamento
608 932 634 994 si
655 933 805 996 recitatus
826 931 918 994 heres
941 937 1025 994 esset
1046 931 1185 1015 pupillus
1209 931 1371 995 Cornelius
1393 931 1483 1014 isque

163 1024 226 1090 iam
247 1045 348 1089 annos
368 1045 415 1088 xx
435 1025 576 1101 haberet,
598 1027 688 1090 vobis
703 1025 925 1110 interpretibus
941 1026 1099 1089 amitteret
1112 1025 1328 1088 hereditatem.
1349 1023 1401 1088 55.
1422 1026 1508 1090 lle-e

163 1120 256 1183 niunt
275 1121 308 1182 in
330 1127 467 1183 mentem
495 1119 572 1183 mihi
604 1120 776 1203 permulta,
808 1119 898 1184 vobis
920 1119 1027 1203 plura,
1055 1114 1240 1184 cerib'scio.
1282 1121 1414 1196 Verum,
1443 1141 1484 1184 ne

163 1215 298 1278 nimium
319 1215 417 1277 multa
440 1215 686 1299 complectamur
706 1220 801 1299 atque
823 1213 862 1278 ab
885 1234 934 1288 eo,
957 1213 1042 1296 quod
1064 1215 1258 1298 propositum
1281 1223 1339 1289 est,
1360 1214 1484 1299 longius

164 1310 287 1372 aberret
309 1310 419 1384 oratio,
440 1309 499 1372 hoc
521 1311 624 1392 ipsum
645 1307 857 1383 interdictum,
881 1328 944 1391 quo
969 1306 1008 1371 de
1030 1308 1142 1391 agitur,
1165 1308 1414 1373 consideremus:
1436 1309 1485 1371 in-

164 1402 313 1486 telligetis
336 1403 476 1466 enimin
500 1424 538 1467 eo
559 1403 639 1486 ipso,
663 1402 689 1465 si
711 1401 743 1464 in
766 1402 871 1465 verbis
893 1403 943 1465 ius
965 1403 1201 1478 constituamus,
1224 1420 1347 1466 omnem
1368 1403 1486 1465 utilita-

164 1503 227 1560 tem
251 1517 309 1561 nos
331 1497 425 1560 huius
448 1497 617 1571 interdicti,
639 1496 713 1559 dum
736 1497 853 1559 versuti
876 1502 907 1560 et
928 1495 1033 1560 callidi
1054 1497 1188 1560 velimus
1204 1515 1282 1570 esse,
1304 1497 1521 1560 amissurosto

164 1592 253 1655 Vena
283 1611 323 1654 rv
352 1611 413 1654 rvr
441 1611 572 1654 rsuram
601 1611 662 1654 rvr
690 1609 893 1654 rnocvnsron
915 1609 1000 1679 ms.
1044 1591 1077 1653 Si
1098 1611 1148 1654 me
1170 1590 1281 1653 vilicus
1302 1597 1377 1653 tuus
1399 1588 1485 1652 solus
1608 1595 1631 1676 3

164 1684 343 1759 deiecisset,
363 1704 427 1748 non
450 1685 569 1748 familia
585 1685 760 1759 deiecisset,
783 1691 818 1746 ut
832 1685 953 1768 opinor,
976 1684 1031 1747 sed
1046 1685 1162 1770 aliquis
1177 1684 1215 1746 de
1228 1682 1357 1746 familia.
1389 1684 1485 1746 Recte

164 1776 261 1862 igitur
282 1779 401 1842 diceres
422 1787 454 1844 te
476 1780 673 1843 restituisset
710 1778 849 1862 Quippe:
878 1779 956 1862 quid
978 1779 1062 1842 enim
1083 1779 1206 1842 facilius
1228 1785 1276 1841 est
1297 1797 1392 1860 quam
1412 1797 1486 1861 pro-

164 1872 232 1935 bari
260 1873 319 1948 iis,
349 1872 404 1956 qui
436 1873 529 1938 modo
557 1872 668 1936 Latine
691 1873 807 1946 sciant,
839 1873 873 1936 in
894 1892 958 1935 uno
980 1872 1104 1936 servulo
1124 1871 1263 1936 familiae
1283 1891 1398 1934 nemen
1419 1890 1485 1934 non

165 1967 290 2030 valeret
334 1966 367 2028 si
392 1985 465 2031 vero
488 1987 527 2030 ne
549 1966 666 2029 habeas
689 1967 816 2048 quidem
839 1987 965 2030 servum
986 1973 1112 2049 praeter
1133 1985 1222 2040 eum,
1250 1967 1305 2048 qui
1326 1985 1376 2028 me
1399 1964 1522 2028 deie-eo

165 2061 252 2136 cerit,
275 2061 390 2125 clames
412 2061 578 2125 videlicet:
604 2061 657 2123 usi
678 2061 780 2123 habeo
801 2059 964 2136 familiam,
986 2080 1005 2123 a
1025 2059 1145 2124 familia
1166 2078 1237 2123 mea
1256 2057 1357 2124 fateor
1368 2066 1400 2123 te
1415 2077 1485 2122 esse

167 2154 352 2220 deiectum.»
397 2155 508 2239 Neque
530 2155 614 2218 enirn
636 2154 767 2218 dubium
789 2161 838 2218 eet
858 2155 953 2237 quin,
975 2154 1003 2218 si
1024 2154 1063 2218 ad
1085 2173 1152 2218 rem
1172 2152 1369 2218 iudicandam
1389 2152 1485 2218 verbo

163 2248 326 2324 ducimur,
354 2268 417 2312 non
443 2269 494 2324 re,
523 2248 674 2312 familiam
703 2247 931 2332 intelligamus,
961 2269 1043 2333 quae
1065 2254 1188 2312 constet
1207 2268 1249 2311 ex
1269 2248 1368 2312 servis
1389 2247 1487 2332 pluri·

162 2344 239 2418 bus3
273 2343 351 2427 quin
378 2363 460 2408 unus
485 2342 581 2408 horno
608 2343 730 2407 familia
758 2363 821 2406 non
852 2343 901 2405 sit.
944 2343 1083 2406 Verbum
1111 2349 1196 2406 certo
1223 2341 1285 2405 hoc
1305 2362 1370 2405 non
1390 2340 1484 2406 modo

149 2437 317 2522 ¹postulat,
348 2436 404 2500 sed
434 2437 528 2501 etiam
557 2437 650 2520 cogit.
694 2432 1111 2520 tabenensiorum
1135 2436 1357 2520 interdictique
1385 2437 1432 2502 vis
1454 2442 1522 2501 etet

163 2537 341 2613 praetorum
373 2530 520 2596 voluntas
553 2539 586 2594 et
617 2531 782 2594 hominum
817 2530 1020 2614 prudentium
1055 2529 1221 2594 consilium
1254 2537 1286 2594 et
1317 2530 1485 2594 auotoritas

162 2632 290 2714 requat
314 2624 396 2688 hanc
424 2619 659 2724 defensionem)
672 2631 704 2688 et
732 2643 791 2707 pro
819 2625 919 2688 nihilo
941 2631 1040 2708 putet.
1083 2623 1155 2686 XX.
1189 2623 1274 2700 Quid
1304 2627 1400 2708 ergoi
1432 2624 1484 2687 isti
1572 2573 1658 2666 A*

162 2719 306 2783 homines
328 2719 438 2782 Latine
460 2720 739 2804 conloquuntur?
771 2721 871 2782 Immo
894 2739 969 2782 vero
988 2726 1108 2782 tanturn
1129 2718 1310 2802 loquuntur,
1332 2724 1485 2802 quantum

165 2822 212 2878 est
238 2815 312 2878 satie
340 2813 380 2877 ad
402 2813 641 2897 intelligendam
669 2815 879 2889 voluntatem,
909 2834 980 2878 cum
1007 2813 1067 2876 sihi
1095 2812 1156 2876 hoo
1184 2813 1423 2898 proposuerint,
1451 2818 1485 2874 ut

163 2911 229 2972 sire
251 2927 301 2972 me
323 2916 357 2971 tu
380 2907 550 2984 deieceris,
573 2911 638 2972 sive
661 2915 788 2972 tuorum
810 2909 978 2993 quispiam,
1000 2907 1066 2971 eive
1089 2927 1259 2982 servorum,
1281 2909 1346 2971 sive
1369 2906 1522 2971 amico-eo

163 3022 251 3078 rum,
270 3009 307 3066 nt
329 3021 435 3066 servos
456 3023 521 3066 non
543 3022 675 3066 numero
698 3002 903 3085 distinguant,
926 3000 982 3065 sed
1004 3002 1164 3085 appellent
1184 3022 1248 3064 uno
1268 3001 1406 3065 familiae
1428 3021 1487 3063 no-

165 3095 261 3171 mine,
283 3095 323 3159 de
344 3095 452 3160 liberis
475 3105 580 3161 autem
604 3097 750 3182 quisquis
766 3103 823 3171 est,
844 3097 1055 3181 procuratoris
1069 3096 1196 3161 nomine
1210 3097 1399 3181 appelletur:
1422 3116 1485 3160 non

230 3386 254 3435 t.
272 3389 381 3435 actorem
398 3397 459 3436 eum
475 3386 576 3436 Iuntina
593 3381 618 3436 tl.
633 3411 660 3423 -
680 3386 826 3448 quandoque
842 3383 865 3436 a
883 3383 925 3447 (de
942 3385 962 3434 Τ
979 3385 1067 3436 tamen
1085 3383 1232 3437 llarleesius
1249 3384 1315 3450 silet)
1333 3387 1367 3436 A:
1386 3386 1485 3448 quoodo

164 3458 279 3518 lentium
297 3459 496 3522 qumooqutaem
511 3471 574 3510 curn
589 3457 754 3520 elaturum
773 3461 872 3522 quoodo
889 3457 1005 3522 [quiden]
1022 3460 1052 3523 0,
1070 3457 1130 3510 coll.
1144 3461 1198 3512 Cic.
1215 3473 1264 3526 pro
1281 3462 1390 3512 Murena
1408 3459 1483 3524 §.Th

166 3535 204 3588 ct.
221 3535 298 3585 Verr.
316 3536 411 3585 Accus.
431 3536 471 3585 tlt.
491 3533 514 3598 5.
529 3534 584 3586 ter.
603 3535 657 3586 Liv.
675 3535 739 3586 Vltl.
759 3535 782 3584 T.
800 3535 842 3585 lx.
862 3536 902 3586 44.
920 3535 967 3586 Th.
987 3536 1135 3586 Mommsen
1152 3535 1182 3586 de
1199 3536 1347 3586 auctoritate
1363 3549 1389 3601 p.
1403 3537 1443 3587 44.
1457 3561 1483 3571 -

164 3611 189 3661 2.
207 3607 272 3674 vere]
291 3607 338 3660 eal.
356 3623 451 3662 seuere·
469 3622 522 3673 mg.
540 3605 565 3660 t.
585 3609 625 3660 ct.
643 3607 666 3674 5.
685 3609 725 3660 oo.
745 3609 784 3660 60.
805 3637 832 3646 -
852 3609 875 3660 3.
894 3615 922 3661 ut
938 3610 1032 3662 ETO:
1057 3624 1133 3674 quem
1150 3607 1262 3662 aaut.
1282 3637 1309 3647 -
1328 3625 1406 3662 caluo
1422 3611 1448 3661 in
1465 3611 1485 3662 T.

164 3697 298 3750 superem.
317 3685 366 3736 est.
387 3711 414 3722 -
438 3685 487 3736 det
503 3697 572 3735 cerr.
590 3685 617 3735 in
633 3689 689 3734 sent
705 3685 738 3744 E,
762 3696 816 3735 orn.
835 3685 863 3735 T.
883 3712 909 3723 -
939 3684 963 3735 8.
983 3685 1089 3751 aberet]
1110 3690 1175 3735 erret
1191 3687 1219 3736 T.
1238 3711 1265 3721 -
1290 3700 1338 3748 quo
1355 3687 1385 3736 de
1401 3688 1488 3750 opiter

164 3758 198 3810 E:
222 3759 288 3822 qaod
307 3771 339 3810 eo
358 3759 444 3824 opiter
459 3760 479 3810 T
498 3759 538 3823 (cl.
558 3759 582 3824 S.
600 3758 654 3821 7.);
678 3761 707 3810 de
723 3773 771 3822 quo
788 3759 874 3824 opiter
889 3757 1031 3812 Recto.
1051 3786 1078 3796 -
1100 3759 1235 3824 intelligitis
1251 3760 1487 3828 ETGebempt

164 3849 185 3900 ᾳ
191 3831 285 3895 lieth.
306 3861 333 3872 -
353 3834 377 3886 9.
395 3835 443 3898 tue]
460 3835 538 3898 ipsius
553 3835 582 3886 T.
605 3835 698 3886 Omisit
712 3835 781 3886 hanc
799 3833 941 3887 lectionem
958 3835 1093 3888 londanus.
1113 3863 1141 3872 -
1158 3835 1290 3886 utttttotem
1305 3849 1401 3887 omnen
1417 3839 1445 3888 T.
1457 3865 1484 3874 —

164 3909 205 3960 to.
222 3909 326 3961 velimus
340 3911 360 3962 E
372 3911 405 3960 T:
426 3910 539 3962 celsonae
554 3905 697 3962 Recto.
718 3937 746 3946 -
771 3911 810 3961 44.
828 3912 893 3962 ende
909 3915 937 3960 tu
947 3938 983 3950 --
994 3911 1059 3961 eolus
1074 3910 1196 3961 deiecisset
1212 3910 1317 3970 Quintil.
1334 3912 1365 3962 V.
1384 3913 1424 3974 to,
1443 3912 1484 3963 98.

163 3983 244 4036 lulius
265 3985 357 4036 ldctor
380 3999 406 4051 p.
425 3986 482 4037 445.
504 3997 530 4036 v.
549 3985 581 4037 27
597 3999 639 4050 eq.
659 4011 686 4022 -
712 3985 800 4036 uilicus
820 3987 840 4036 T
861 3989 888 4036 et
909 3984 988 4037 lulius
1004 3987 1107 4038 Victor:
1134 3987 1231 4036 vuemo
1251 3981 1378 4037 4440.
1410 3985 1484 4038 Conl.

164 4059 190 4124 ἕ.
203 4060 243 4113 443.
262 4073 289 4126 p.
302 4059 384 4112 Tullio
401 4061 425 4126 5.
438 4061 477 4111 tT.
497 4061 646 4112 Lachmann
660 4073 757 4112 comm.
773 4059 922 4112 adhaeret.
935 4074 962 4125 p.
976 4059 1016 4111 33.
1032 4088 1060 4098 -
1080 4062 1119 4112 ta.
1136 4061 1174 4124 at]
1189 4073 1239 4110 eoo
1249 4061 1282 4122 T;
1301 4073 1354 4111 om.
1367 4063 1386 4112 t.
1398 4089 1426 4099 -
1445 4064 1486 4115 43.

163 4136 280 4186 netttteee
295 4137 315 4187 E
332 4135 374 4199 (de
392 4136 412 4186 T
429 4134 489 4186 silet
505 4133 661 4200 llarlessius)
680 4135 750 4186 Gab
760 4136 838 4187 elrm
850 4149 866 4200 q
880 4137 942 4198 [sec.
956 4137 1004 4200 m.)
1017 4133 1067 4198 αβ
1081 4138 1108 4186 et
1122 4139 1158 4196 A;
1175 4137 1272 4187 restiese
1287 4147 1332 4200 pq
1347 4137 1394 4201 (pr.
1405 4137 1452 4202 m.)
1466 4140 1485 4190 t.

163 4207 321 4260 Emendavit
336 4211 482 4274 Naugerius
499 4212 525 4260 tn
542 4209 642 4263 Aldine.
673 4211 711 4261 ct.
731 4211 755 4276 ξ.
775 4211 814 4262 to.
834 4238 862 4247 -
878 4211 983 4274 prebent
999 4211 1038 4274 tte]
1051 4211 1169 4274 proberis
1185 4211 1205 4262 E
1219 4209 1247 4262 T.
1276 4210 1364 4262 ltalim
1379 4212 1488 4274 prebere

164 4283 205 4334 lie.
224 4284 263 4336 Gi.
280 4298 307 4352 p.
325 4283 407 4336 Tullio
425 4285 448 4349 5.
468 4285 509 4337 lb.
522 4311 550 4324 -
562 4286 601 4338 tt.
620 4287 662 4349 qut
679 4287 751 4336 medo
768 4286 890 4337 lmineT:
909 4287 952 4350 qui
963 4287 1098 4337 tattoeltd
1109 4285 1190 4337 neo.
1209 4285 1247 4336 cl.
1261 4285 1338 4337 lland
1352 4288 1427 4339 Ture.
1443 4289 1503 4344 tlt.

165 4370 192 4424 p.
211 4357 268 4410 634.
289 4385 316 4396 -
339 4361 379 4411 tt.
398 4361 426 4411 st
440 4374 599 4412 cercnme
616 4362 729 4411 4444444444
746 4360 850 4422 Quintil.
868 4361 898 4412 V.
918 4361 958 4421 40,
977 4361 1018 4412 98.
1037 4359 1116 4412 lulius
1131 4361 1221 4411 Victor
1236 4373 1263 4424 p.
1280 4362 1338 4413 443.
1356 4375 1383 4414 v.
1401 4363 1486 4427 eosq.

166 4457 194 4468 —
213 4431 301 4484 detero
315 4435 344 4487 T.
372 4436 477 4498 (Deerat
500 4435 567 4487 hoec
589 4434 666 4488 lectio
689 4437 714 4486 in
735 4436 782 4486 Th.
801 4435 965 4487 blommsenh
987 4434 1113 4498 schedis.)
1141 4433 1179 4486 ct.
1198 4433 1222 4498 5.
1241 4435 1280 4486 83.
1302 4463 1329 4474 -
1348 4438 1388 4489 47.
1410 4451 1489 4500 oeque

165 4508 231 4559 oeten
247 4509 349 4560 dublum
364 4512 426 4562 ET:
444 4525 523 4574 oeque
539 4511 641 4562 dubium
658 4513 719 4576 (orn.
732 4511 808 4574 euim)
824 4507 965 4562 netto,
981 4537 1009 4548 ·-
1029 4511 1068 4561 48.
1086 4508 1170 4574 4444444]
1186 4509 1269 4560 uerbo
1283 4512 1311 4562 T.
1323 4538 1350 4547 -
1362 4512 1402 4563 49.
1414 4514 1489 4564 onim

167 4595 219 4634 err.
236 4585 340 4648 typogr.
359 4586 387 4635 L.
408 4613 436 4624 -
457 4587 569 4652 Verbum]
586 4586 662 4637 uerbo
678 4599 737 4636 eum
754 4585 828 4636 ETb
843 4583 975 4650 mpqto
994 4587 1022 4636 et
1035 4587 1070 4644 Α;
1093 4584 1168 4636 uerbo
1183 4599 1249 4635 ooec
1265 4587 1296 4646 G;
1319 4587 1395 4638 uerbo
1410 4602 1488 4638 unum

166 4671 227 4720 eot;
245 4659 322 4710 aerbo
337 4673 470 4712 nonarum
485 4663 511 4713 k.
531 4663 686 4713 correctum
704 4663 746 4712 eet
763 4661 815 4711 iam
831 4661 857 4711 in
874 4661 1023 4712 tantine-
1033 4674 1084 4710 ooo
1095 4659 1176 4722 eodo]
1192 4661 1326 4711 modoaoo
1336 4663 1365 4712 T.
1384 4662 1489 4726 (Deerat

166 4733 234 4785 haec
249 4731 328 4786 lectio
344 4736 372 4787 in
389 4737 554 4788 Mommsenii
571 4737 696 4800 schedis.)
711 4763 739 4773 -
754 4737 794 4787 2⁰.
809 4735 952 4798 postulabat
967 4737 996 4787 T.
1010 4762 1037 4774 -
1050 4735 1135 4800 coeit]
1150 4734 1233 4799 coqtt?
1249 4735 1278 4786 E.
1289 4763 1317 4773 -
1330 4751 1391 4789 uero
1407 4739 1489 4788 oratio

166 4808 195 4859 T.
215 4836 242 4845 —
260 4809 306 4876 oe's]
322 4809 362 4861 tue
377 4813 408 4862 Α.
429 4839 456 4849 -
475 4813 516 4863 22.
536 4811 603 4878 erqo]
620 4811 700 4876 tqe'tur
716 4813 773 4875 qet
787 4811 815 4862 0.
836 4838 863 4849 -
882 4811 922 4862 43.
941 4811 1057 4861 beantur
1071 4811 1184 4875 utroque
1201 4809 1261 4861 loco
1277 4809 1413 4872 E,·altero
1429 4810 1489 4863 loco

167 4885 247 4936 etiarn
264 4885 292 4937 T.
313 4911 340 4922 -
359 4885 400 4937 il.
418 4887 610 4948 momentu
626 4886 916 4938 meceeETvetra
934 4883 1001 4937 etl:
1019 4887 1196 4937 osmonte
1212 4887 1326 4938 deleam
1342 4900 1374 4952 q;
1392 4892 1421 4937 ut
1437 4888 1489 4938 eice

166 4959 1487 5027 metodeteceetsampt3utsteemetodetecerted;atauenmeetdeieootsbti,mg.teth;

167 5039 196 5084 ot
210 5049 250 5087 ene
264 5037 389 5100 reddum,
407 5036 460 5088 eloe
476 5042 504 5088 to
519 5037 635 5088 doceam
651 5049 717 5103 «ope
733 5037 831 5088 veteris
848 5036 962 5088 codicis·
980 5039 1011 5097 ις
1029 5043 1058 5088 ot
1073 5051 1112 5089 me
1121 5037 1247 5099 restituae,
1264 5038 1317 5088 eloe
1332 5041 1407 5088 tranet
1417 5037 1490 5087 eiece-

168 5109 205 5160 rte
220 5111 250 5163 0.
268 5111 391 5164 Formam
409 5117 485 5164 tuenet
502 5112 600 5164 diserte
617 5112 725 5164 damnat
741 5113 889 5164 Priscianus
905 5111 957 5162 llll.
977 5114 1002 5172 5,
1020 5112 1060 5164 33.
1080 5139 1109 5151 -
1126 5113 1168 5165 46.
1186 5125 1237 5164 ooo
1251 5112 1280 5163 te
1294 5125 1397 5164 emmo
1412 5109 1441 5162 T.
1459 5135 1487 5147 -

166 5184 320 5251 4444444444
333 5201 438 5243 moero
454 5190 483 5242 1..
503 5215 530 5229 ·-
553 5189 593 5242 44.
613 5189 738 5253 mamiato
753 5197 789 5240 eet
799 5191 978 5252 procuratores
992 5187 1021 5239 T.

209 5277 298 5330 draeo
314 5280 341 5330 T.
354 5279 382 5332 ll.
1236 5279 1278 5350 32
