3642 5868
87 1683 163 1794 οἱ

290 381 353 452 aia
664 387 707 452 IN
728 383 895 453 VERREM
915 384 1038 452 acrio
1061 385 1246 452 SECUNDA

288 556 406 622 tellites
428 555 637 639 cupiditatum
658 577 802 632 suarum,
824 577 883 642 per
896 579 977 642 quos
992 557 1157 622 ostendam
1172 559 1218 622 sio
1235 555 1432 641 provinciam
1446 577 1504 642 per
1516 558 1617 624 trien-

288 652 377 716 nium
399 659 545 717 vexatam
567 658 665 735 atque
686 660 853 728 vastatam,
881 652 1018 729 iudices,
1048 660 1086 716 ut
1105 672 1176 716 eam
1197 652 1305 717 multis
1327 653 1420 716 annis
1441 653 1615 717 multorum

287 746 471 810 innocentia
500 745 720 830 sapientiaque
749 767 892 810 recreare
919 769 1124 834 nequeamus.
1168 749 1224 813 lx.
1246 745 1298 814 ii.
1320 749 1439 812 Eorum
1460 749 1613 823 omnium,

287 839 344 922 qui
367 838 534 904 decumani
554 840 763 916 vocabantur,
785 843 933 925 princeps
956 851 1024 907 erat
1045 843 1084 920 Q.
1099 842 1154 906 ille
1168 843 1345 926 Apronius,
1368 863 1464 926 quem
1484 843 1613 908 videtis:

263 934 327 997 ode
358 936 448 998 cuius
479 934 680 1019 improbitate
710 936 861 1018 singulari
891 938 1145 1019 gravissimarum
1172 937 1367 1020 legationum
1397 937 1614 1021 querimonias

286 1028 430 1093 audistis.
459 1029 640 1113 Adspicite,
662 1030 801 1105 iudices,
822 1030 945 1094 vultum
959 1030 1099 1096 bominis
1114 1039 1146 1096 et
1160 1031 1357 1117 adspectum,
1379 1039 1466 1095 etex
1486 1051 1525 1094 ea
1539 1050 1614 1095 con-

286 1125 439 1204 tumacia,
463 1143 559 1207 quarn
579 1123 632 1187 bic
654 1125 687 1188 in
709 1125 840 1208 perditis
861 1125 957 1188 rebus
977 1126 1108 1200 retinet,
1129 1125 1202 1189 illos
1225 1125 1295 1188 eius
1316 1125 1448 1208 spiritus
1470 1124 1615 1188 Sicilien-

286 1238 337 1283 ses
360 1238 442 1301 quos
463 1217 563 1282 luisse
584 1218 702 1301 putetis
717 1220 852 1302 cogitate
875 1239 912 1282 ac
933 1205 1242 1299 recordamini.(lljc
1257 1226 1306 1284 est
1318 1219 1496 1304 Apronius,
1519 1237 1615 1302 quem

284 1311 320 1376 in
349 1312 515 1395 provincia
542 1318 609 1375 tota
636 1310 785 1406 Verrem)
799 1335 871 1378 cum
899 1313 1043 1399 undique
1070 1314 1284 1399 nequissimos
1314 1315 1460 1379 homines
1482 1311 1615 1395 conqui-

246 1408 380 1470 risisset
407 1413 440 1469 et
461 1427 533 1470 cum
561 1406 630 1489 ipse
653 1427 761 1470 secum
783 1409 833 1471 sui
864 1409 983 1473 similes
1007 1409 1151 1472 duxisset
1171 1428 1192 1471 n
1215 1429 1237 1470 n
1259 1428 1372 1492 parum
1393 1407 1528 1484 multos,
1559 1425 1615 1470 ne-

284 1499 567 1609 quitiaqluxuria,
580 1493 723 1564 'audacia
743 1501 793 1564 sui
815 1502 1013 1566 simillimum
1035 1427 1348 1602 iudicavitl7(ltaque
1373 1504 1452 1566 istos
1474 1502 1559 1566 inter
1579 1520 1614 1564 se

281 1596 428 1679 perbrevi
450 1601 593 1678 tempore
615 1615 681 1658 uon
702 1615 770 1669 res,
793 1615 858 1658 non
880 1597 978 1671 ratio,
1000 1615 1065 1660 non
1081 1596 1313 1660 commendatio
1329 1596 1454 1679 aliqua,
1477 1596 1534 1660 sed
1548 1601 1615 1659 stu·

282 1689 409 1753 diorum
437 1690 602 1774 turpitudo
634 1689 874 1774 similitudoque
901 1677 1092 1777 coniunxit.)
1120 1686 1171 1754 23.
1194 1691 1302 1755 Verris
1324 1710 1428 1754 mores
1450 1691 1614 1774 improbos

281 1781 490 1868 impurosque
511 1784 632 1847 nostis:
662 1782 773 1866 fingite
794 1785 903 1860 vobis,
930 1785 957 1848 si
979 1777 1131 1868 potestis,
1153 1784 1311 1868 aliquem,
1332 1786 1389 1868 qui
1410 1785 1445 1848 iu
1466 1784 1614 1850 omnibus

244 1876 335 1940 sitisti
361 1878 457 1944 rebus
480 1878 600 1960 parad
622 1878 765 1941 omnium
794 1879 985 1961 flagitiorum
1014 1878 1150 1943 nefarias
1172 1878 1321 1942 libidines
1344 1899 1414 1942 esse
1436 1878 1553 1962 possit:
1586 1877 1613 1940 is

281 1972 343 2035 erit
361 1971 522 2055 Apronius
544 1972 617 2047 ille,
639 1973 712 2056 qui,
734 1979 771 2034 ut
791 1972 862 2056 ipse
884 1992 948 2036 non
970 1972 1075 2037 solum
1096 1975 1176 2049 vita,
1203 1974 1261 2038 sed
1283 1993 1417 2056 corpore
1439 1978 1536 2057 atque
1559 1989 1613 2035 ore

280 2063 454 2149 significat,
475 2067 631 2148 immensa
652 2066 761 2151 aliqua
783 2086 901 2149 vorago
924 2073 973 2130 est
994 2075 1049 2130 aut
1070 2086 1185 2149 gurges
1200 2068 1350 2132 vitiorum
1367 2065 1614 2151 turpitudinum·

281 2181 344 2245 que
368 2162 519 2224 omnium.
554 2161 646 2224 Hunc
668 2161 703 2223 in
725 2161 873 2225 omnibus
889 2161 1022 2244 stupris,
1045 2161 1130 2225 hunc
1144 2162 1341 2226 insanorum
1356 2161 1613 2246 expilationibus,

278 2254 364 2321 bunc
386 2258 420 2320 in
441 2257 574 2340 impuris
596 2254 752 2318 conviviis
773 2257 951 2339 principem
966 2255 1155 2320 adhibebat:
1180 2264 1363 2340 tantamque
1377 2257 1475 2321 babet
1489 2272 1614 2319 morum

241 2349 456 2414 osimilitudo
478 2349 736 2414 coniunctionem
759 2357 855 2435 atque
878 2349 1097 2424 concordiam,
1125 2359 1162 2414 ut
1182 2351 1359 2433 Apronius,
1393 2351 1449 2435 qui
1471 2350 1543 2415 aliis
1565 2347 1614 2410 in·

161 2447 165 2456 “
276 2443 436 2510 humanus
459 2465 495 2508 ιο
516 2445 687 2518 barbarus,
710 2443 763 2507 isti
781 2445 837 2506 uni
857 2443 1042 2508 commodus
1057 2463 1094 2508 ac
1111 2444 1248 2509 disertus
1262 2444 1436 2522 videretur,
1458 2451 1504 2519 ut,
1518 2461 1614 2526 quem

278 2559 389 2604 omues
406 2540 550 2603 odissent
563 2557 669 2622 neque
683 2538 791 2601 videre
806 2538 933 2612 vellent,
952 2539 1020 2601 sine
1037 2558 1074 2602 eo
1091 2539 1151 2602 iste
1167 2559 1237 2603 esse
1254 2559 1320 2602 non
1341 2544 1459 2621 posset,
1481 2545 1528 2612 ut,
1541 2555 1613 2600 cum

278 2633 333 2696 alii
355 2653 395 2697 ne
417 2632 572 2696 conviviis
594 2631 724 2716 quidem
745 2632 847 2696 isdem
862 2633 979 2716 quibus
993 2633 1170 2715 Apronius,
1193 2633 1245 2697 bic
1260 2633 1361 2696 isdem
1378 2634 1472 2696 etiam
1487 2629 1614 2717 poculis

277 2733 438 2802 uteretur,
461 2734 641 2809 postremo,
664 2734 700 2788 ut
722 2725 803 2788 odor
822 2726 956 2809 Apronii
979 2728 1179 2791 taeterrimus
1195 2727 1259 2790 oris
1276 2736 1307 2791 et
1322 2727 1482 2811 corporis,
1506 2744 1604 2809 quem

239 2828 314 2885 out
333 2821 439 2896 aiunt,
468 2841 509 2884 ne
529 2820 651 2884 bestiae
673 2819 804 2905 quidem
825 2820 908 2884 ferre
929 2828 1078 2902 possent,
1111 2821 1167 2884 uni
1189 2822 1241 2885 isti
1264 2822 1369 2886 suavis
1393 2828 1425 2886 et
1444 2818 1603 2886 iucundus

276 2914 446 2980 videretur.
489 2915 548 2978 llle
569 2915 691 2978 eratin
711 2915 860 2978 tribunali
882 2917 1066 2998 proximus,
1087 2915 1121 2978 in
1143 2916 1290 2980 cubiculo
1312 2915 1415 2992 solus,
1437 2919 1471 2982 in
1493 2915 1603 2982 convi-

277 3011 330 3076 vio
353 3009 521 3084 dominus,
544 3028 581 3073 ac
604 3015 671 3073 tum
693 3009 845 3083 maxime,
869 3029 941 3072 eum
956 3009 1131 3074 accubante
1153 3018 1351 3093 praetextato
1374 3011 1531 3094 praetoris
1546 3007 1613 3074 filio

276 3107 311 3170 in
339 3104 484 3170 convivio
514 3104 627 3168 saltare
658 3105 763 3168 nudus
792 3111 951 3187 coeperat.
994 3103 1035 3168 X.
1058 3100 1109 3168 ii.
1132 3105 1242 3180 Hunc,
1270 3105 1317 3168 uti
1340 3104 1446 3170 dicere
1467 3103 1613 3178 institui,

276 3201 455 3285 principem
483 3200 597 3263 Verres
629 3198 669 3262 ad
700 3198 845 3264 fortunas
873 3206 1032 3263 aratorum
1060 3200 1222 3263 vexandas
1252 3198 1513 3283 diripiendasque
1543 3217 1614 3262 esse

239 3294 398 3359 euvoluit:
425 3293 721 3368 buius'audaciae,
749 3293 930 3376 nequitiae,
967 3292 1146 3358 crudelitati
1177 3290 1380 3356 fidelissimos
1402 3294 1508 3358 socios
1531 3292 1614 3376 opti·

276 3408 412 3473 mosque
427 3389 513 3453 cives
528 3387 641 3450 scitote
655 3387 718 3450 boc
732 3396 879 3470 praetore
895 3387 1047 3463 traditos,
1070 3387 1209 3461 iudices,
1229 3393 1326 3471 atque
1341 3387 1488 3452 addictos
1503 3386 1614 3469 luisse,

277 3482 370 3546 novis
391 3481 547 3545 institutis
569 3487 601 3542 et
623 3480 754 3556 edictis,
786 3488 853 3546 tota
879 3481 1052 3545 Hieronica
1080 3482 1164 3565 lege,
1198 3501 1295 3566 quem
1324 3480 1519 3546 admodum
1541 3487 1615 3549 ante

278 3575 363 3651 dixi,
385 3577 502 3640 reiecta
525 3595 562 3638 ac
583 3577 760 3658 repudiata.

364 3667 415 3734 25.
436 3671 576 3733 Primum
598 3669 754 3745 edictum,
777 3670 915 3745 iudices,
937 3670 1046 3734 audite
1065 3670 1284 3754 praeclarum:
1310 3669 1463 3748 Quantum
1475 3670 1615 3734 mesom-

241 3781 335 3829 esrsue
356 3764 492 3828 edidisset
512 3771 666 3828 oratorem
686 3763 743 3826 sibi
763 3762 902 3828 decumae
925 3765 999 3828 dere
1020 3774 1171 3848 oportere,
1202 3774 1236 3828 ot
1260 3773 1377 3829 tentum
1397 3773 1506 3828 orator
1526 3763 1614 3828 ieci-

328 3990 353 4041 2.
365 3991 490 4039 oosmmm
500 3986 564 4036 V.-·
578 3985 602 4036 3,
616 3987 727 4036 mnium
739 3999 792 4037 om.
802 3988 833 4036 V.
848 3987 977 4052 [Egregia
989 3989 1094 4054 opinor.
1106 3989 1200 4052 lirum]
1212 3989 1267 4041 -i.
1282 3990 1388 4052 Quintus
1399 3987 1462 4038 V.-
1476 3990 1500 4040 b.
1513 3987 1611 4061 ioprob.

278 4079 298 4116 r.
311 4065 528 4130 praetoritorum
538 4061 570 4111 V.
580 4087 608 4096 -
627 4063 802 4122 quaerimonia
813 4064 842 4113 L.
856 4063 962 4114 4584-
977 4065 1001 4115 6.
1015 4065 1117 4126 aspicite
1125 4064 1156 4124 V;
1174 4065 1253 4115 uidete
1264 4064 1375 4127 Lgt9.-
1393 4064 1425 4128 et]
1443 4068 1520 4128 atque
1531 4063 1609 4128 Lgtlil.

282 4167 309 4177 —
317 4141 341 4190 7.
354 4141 382 4190 in
391 4137 474 4189 hebet
485 4139 566 4188 etiam
577 4137 640 4188 V.-
653 4137 713 4202 οἱιιι]
725 4138 802 4188 etiam
812 4139 841 4188 L.
855 4139 962 4190 issi·
975 4139 1109 4190 Siciliensis
1119 4139 1230 4203 igin·
1243 4140 1269 4191 8.
1283 4139 1417 4202 operosius
1427 4138 1491 4189 V.—-
1505 4141 1613 4204 cecitate

279 4229 310 4266 ce
321 4213 409 4265 om.V.
425 4239 452 4250 -·
465 4213 489 4264 9.
501 4213 669 4275 sepulcrorum
680 4212 710 4262 V.
722 4239 749 4248 —
764 4214 803 4263 49.
818 4218 841 4263 et
851 4227 905 4264 om.
919 4214 950 4264 V.
970 4214 1069 4278 [Recta
1083 4216 1185 4279 opinor,
1205 4226 1268 4265 nam
1285 4219 1309 4265 et
1325 4214 1412 4279 posito
1430 4211 1545 4265 alterum
1556 4225 1614 4264 euro

279 4288 406 4340 abundat.
420 4286 512 4351 lirum]
523 4311 551 4322 -
566 4286 606 4337 tt.
618 4287 685 4349 ipsos
694 4286 772 4349 igis.
781 4313 807 4321 -
821 4288 831 4337 4
836 4288 860 4337 i.
875 4287 963 4350 atiquo
974 4290 1016 4339 sed
1026 4303 1080 4340 om.
1093 4288 1203 4353 igli-
1219 4288 1259 4340 44.
1273 4289 1425 4352 inparesque
1435 4289 1500 4340 V.-
1514 4287 1615 4339 macilis

280 4363 328 4414 dtt.
338 4389 366 4401 -
384 4363 501 4425 aliquem,
518 4361 738 4425 eporegia-
757 4363 797 4412 io.
816 4362 870 4412 istis
886 4364 933 4425 eV,
947 4365 1021 4414 laun.
1035 4365 1064 4415 0.
1077 4391 1103 4400 —
1123 4362 1181 4429 esse]
1200 4377 1250 4414 sese
1261 4364 1292 4414 V.
1305 4389 1332 4399 -
1353 4364 1392 4416 io.
1411 4366 1460 4416 erit
1475 4364 1501 4426 4,
1512 4364 1613 4416 vitu:

279 4445 334 4490 erat
350 4439 399 4490 dtt.
419 4465 447 4475 ·-
465 4439 507 4489 rod
523 4437 642 4500 egisti:
658 4437 793 4488 sedetiam
809 4436 865 4488 rell.
885 4438 914 4488 0.
939 4438 972 4488 el.
991 4439 1016 4502 g.
1030 4440 1053 4488 4.
1069 4468 1096 4477 -
1116 4439 1156 4490 ii.
1175 4451 1206 4488 se
1222 4451 1297 4503 perp.
1311 4437 1370 4489 cod.
1384 4439 1441 4492 Urs.
1461 4437 1612 4504 [Suspicorz

277 4527 374 4579 coreas
390 4519 425 4565 est
440 4519 464 4564 et
478 4527 578 4579 perpes.
606 4514 644 4564 Ci.
664 4527 690 4580 p.
709 4515 776 4565 Sest.
796 4513 820 4577 5,
840 4516 895 4564 iti.
917 4515 1009 4580 ilium]
1030 4541 1057 4550 -
1081 4514 1121 4565 48.
1140 4515 1205 4564 lucc
1222 4515 1249 4564 io
1263 4514 1283 4579 s.
1301 4514 1331 4576 4,
1350 4517 1390 4565 N:
1408 4528 1463 4566 om.
1481 4515 1547 4565 bime
1563 4512 1611 4563 dit.

282 4615 310 4628 ·-
329 4591 369 4640 49.
389 4589 504 4640 adhibeat
519 4589 597 4653 ugit.
618 4617 646 4625 -
673 4590 745 4640 lebet
769 4589 796 4652 4,
816 4591 854 4640 bl:
881 4587 986 4640 liciebat
1008 4589 1056 4640 dtt.
1083 4616 1110 4625 -
1138 4587 1179 4640 ii.
1197 4587 1292 4651 Aproni
1317 4587 1398 4640 Probi
1422 4601 1466 4640 ers
1482 4589 1571 4640 minor
1586 4587 1614 4636 in

279 4666 362 4719 Anall.
381 4679 494 4731 mamm.
512 4678 539 4731 p.
558 4664 615 4716 xii.
636 4691 664 4700 -
683 4666 724 4716 46.
742 4666 788 4716 iste
804 4669 859 4716 erat
875 4662 954 4727 igis.
977 4693 1004 4702 -
1022 4663 1096 4728 sotus]
1114 4665 1224 4714 sociusl.
1243 4676 1276 4714 ex
1293 4662 1353 4715 cod.
1367 4663 1517 4716 Hotomani.
1537 4663 1619 4714 «Este

280 4741 353 4795 eolus
376 4754 458 4803 unus,
485 4739 530 4805 qui
547 4741 574 4790 in
591 4739 744 4791 cubiculum
761 4741 961 4802 admitteretur,
989 4755 1075 4807 ecque
1096 4741 1174 4794 lectio
1195 4741 1369 4793 confirmatur
1389 4741 1505 4792 maxime
1528 4751 1553 4789 ο.
1570 4735 1613 4788 2³.

280 4820 306 4884 5.
324 4819 382 4871 tto.»
401 4819 446 4869 Os.
467 4843 495 4856 -
513 4816 555 4867 28.
573 4817 655 4866 sudus
671 4829 724 4866 om.
743 4817 878 4880 egessit.
900 4845 928 4854 -
947 4817 988 4868 29.
1007 4819 1041 4869 od
1055 4817 1172 4882 {urcem
1188 4816 1333 4882 triarii:
1353 4818 1388 4868 ad
1403 4812 1547 4868 eoerunder
1561 4810 1614 4874 sor·

279 4899 354 4946 tonas
369 4893 426 4945 rell.
452 4917 480 4928 -
504 4893 652 4955 ...despire
672 4905 769 4942 essen
779 4905 857 4954 oeque
877 4896 962 4942 tamn
985 4891 1009 4956 5.
1028 4893 1069 4943 99.
1089 4895 1155 4943 extr.
1182 4891 1266 4943 babet
1281 4893 1313 4942 V.
1337 4917 1365 4929 -
1392 4891 1434 4944 34.
1452 4888 1515 4940 duic
1530 4885 1562 4936 V.
1583 4910 1611 4921 -

279 4969 320 5022 32.
339 4971 442 5021 oedictie
456 4969 487 5018 V.
508 4991 536 5002 -
556 4971 615 5016 cote
631 4967 654 5016 V
670 4969 698 5016 et
714 4964 848 5031 plerique:
876 4967 998 5017 anteco.
1024 4967 1057 5017 ci.
1076 4967 1111 5018 ad
1127 4968 1158 5018 ll.
1178 4967 1202 5032 fi.
1220 4967 1261 5019 84.
1286 4993 1314 5002 -
1337 4965 1378 5017 33.
1395 4964 1488 5016 reiecto
1509 4973 1541 5012 cc
1555 4971 1610 5023 rep·
1713 4961 1717 4970 '

280 5057 349 5096 corr.
367 5045 400 5094 V:
426 5043 667 5105 retecmcrepudiera
682 5054 723 5107 pr.
742 5043 777 5102 Ἣ
804 5043 897 5092 reiecta
912 5047 936 5093 et
951 5055 1004 5106 rep.
1023 5044 1086 5094 cett.
1107 5069 1134 5081 -
1162 5041 1203 5096 34.
1222 5042 1321 5106 modim,
1345 5041 1439 5094 isaeo
1454 5036 1538 5105 ligii:
1556 5035 1610 5088 iud.

279 5120 365 5173 cudite
380 5117 438 5173 rell.
457 5120 486 5171 0.
505 5141 534 5156 -·
553 5117 594 5169 34.
612 5122 727 5182 oportere
743 5131 797 5169 om.
809 5117 888 5182 Lgli.
