3648 5888
561 480 630 544 ιι..
651 481 675 542 r.
706 479 780 542 cre.
803 469 1235 557 v111-x.-s§.at-27.
1491 465 1552 532 rac

225 651 373 716 nonnulli
395 649 547 735 suspicati
569 656 659 726 sunt,
682 669 747 711 non
770 647 838 712 sine
860 665 956 709 causa
973 645 1060 708 illius
1075 642 1244 708 consilium
1259 649 1322 707 tam
1337 647 1468 724 repente
1483 659 1553 704 essa

225 753 391 808 mutatum.

312 839 367 900 lll.
390 835 441 900 84.
462 840 553 901 Nunc
576 855 616 899 ne
637 855 721 900 novo
746 835 965 920 querimoniae
987 852 1103 916 genere
1126 833 1172 894 uti
1194 832 1298 916 possit
1318 831 1508 895 Hortensius
1524 833 1555 890 et

227 953 265 996 ea
289 932 411 1007 dicero,
433 931 570 1015 opprimi
592 951 697 1005 reum,
721 930 759 993 de
783 951 847 1014 quo
871 929 951 992 nihil
975 928 1059 991 dicat
1080 933 1260 1002 accusator3
1295 927 1375 990 nihil
1397 945 1467 989 esse
1490 933 1554 987 tam

227 1026 440 1110 periculosum
463 1025 601 1088 fortunis
623 1024 857 1098 innocentium,
884 1044 979 1107 quam
994 1031 1098 1086 tacere
1113 1022 1327 1097 adversarios;
1349 1027 1437 1098 etna
1452 1018 1579 1091 olitana

229 1139 324 1205 quam
346 1140 405 1203 ego
428 1119 540 1195 velim,
563 1139 669 1181 meum
690 1116 802 1182 landet
821 1117 1002 1198 ingenium,
1024 1137 1096 1179 oum
1112 1117 1197 1179 dicat
1210 1136 1277 1190 me,
1300 1115 1327 1178 si
1342 1114 1442 1177 multa
1457 1111 1556 1175 dixis-

229 1235 313 1289 sem,
336 1214 574 1278 sublevaturum
595 1212 695 1275 fuisse
717 1233 806 1286 eum,
829 1233 924 1295 quem
941 1219 1050 1274 contra
1065 1211 1217 1284 dicerem;
1241 1211 1315 1294 quia
1330 1230 1395 1272 non
1410 1207 1556 1280 dixerim,

227 1308 421 1392 perdidisse:
443 1329 563 1371 morem
587 1306 633 1369 illi
656 1326 779 1389 geram,
802 1313 873 1368 utar
895 1306 1039 1368 oratione
1061 1310 1231 1387 perpetua;
1255 1324 1320 1366 non
1338 1324 1403 1389 quo
1419 1305 1480 1366 iam
1494 1302 1557 1364 hoc

228 1405 269 1467 sit
290 1422 435 1476 necesse,
465 1421 575 1464 verum
599 1406 634 1462 ut
656 1399 818 1481 experiar,
848 1405 953 1461 utrum
976 1399 1030 1461 ille
1052 1397 1137 1460 ierat·
1153 1396 1318 1461 molestius
1340 1419 1390 1460 me
1412 1404 1488 1461 tunc
1510 1401 1558 1458 ta·

228 1496 332 1559 ouisse
354 1515 393 1558 an
417 1517 501 1558 nunc
525 1496 640 1557 dicere.
685 1490 736 1556 25.
759 1492 819 1555 llic
842 1502 875 1555 tu
897 1492 1032 1555 fortasse
1055 1493 1117 1554 eris
1140 1492 1292 1574 diligens,
1314 1513 1354 1556 ne
1377 1511 1471 1576 quam
1498 1508 1595 1571 egotu

227 1593 337 1654 horam
361 1590 401 1653 de
424 1591 503 1652 meis
525 1586 676 1670 legitimis
699 1586 786 1649 horis
808 1585 977 1649 remittam.
1009 1586 1078 1649 Nisi
1095 1587 1181 1649 omni
1197 1593 1354 1669 ternpore,
1377 1583 1464 1669 quod
1478 1581 1556 1646 mibi

227 1687 297 1768 lege
320 1704 508 1748 concessum
530 1689 594 1754 est,
623 1681 741 1744 abusus
763 1699 835 1755 ero,
863 1699 1013 1763 querere,
1042 1681 1137 1742 deum
1159 1687 1256 1764 atquc
1276 1679 1441 1742 hominurn
1462 1673 1557 1739 iidem

228 1778 429 1862 implorabis,
452 1775 672 1840 circumveniri
697 1775 729 1837 C.
744 1775 893 1848 Verrem,
917 1772 1003 1858 quod
1019 1782 1184 1838 accusator
1197 1774 1278 1836 nolit
1291 1780 1355 1837 tam
1370 1773 1439 1846 diu,
1462 1791 1557 1856 quam

229 1871 284 1935 diu
312 1871 423 1945 liccat,
452 1869 570 1932 dicere.
614 1867 709 1942 Quod
739 1868 814 1930 mihi
844 1868 898 1931 lcx
921 1888 990 1930 mea
1012 1889 1108 1932 causa
1129 1869 1234 1943 dedit,
1263 1887 1302 1932 eo
1325 1867 1402 1931 mihi
1424 1885 1488 1930 non
1511 1865 1558 1928 uti

229 1987 294 2030 non
316 1965 446 2027 licebitl
480 1965 559 2025 Nam
581 1961 750 2024 accusandi
773 1963 848 2026 mibi
872 1970 997 2046 tempus
1020 1981 1089 2025 meu
1111 1983 1205 2026 carisa
1225 1965 1334 2027 datum
1349 1968 1413 2036 est,
1435 1966 1471 2023 ut
1485 1979 1596 2043 pos-tu

229 2080 297 2124 sem
320 2060 465 2122 oratione
487 2074 556 2118 mea
578 2055 710 2119 crimina
732 2076 925 2141 causamque
948 2055 1119 2139 explicare.
1163 2057 1231 2120 Hoc
1253 2057 1280 2120 si
1302 2077 1367 2119 non
1382 2061 1472 2129 utor,
1494 2072 1558 2116 non

230 2155 287 2219 tibi
318 2145 466 2215 iniuriam
491 2150 593 2224 lucio,
621 2150 677 2212 sed
707 2151 746 2212 de
775 2170 846 2214 meo
870 2151 940 2215 iure
961 2150 1084 2234 aliquid
1106 2159 1138 2214 et
1160 2153 1329 2214 commodo
1353 2150 1496 2214 detraho.
1517 2180 1559 2194 -

231 2249 364 2311 Causam
386 2246 488 2318 enim,
516 2244 638 2326 inquit,
671 2235 823 2326 cognosci
843 2253 980 2328 oportet.
1002 2279 1044 2292 -
1064 2246 1110 2308 Ea
1133 2265 1166 2309 re
1189 2247 1337 2330 quidem,
1360 2245 1447 2330 quod
1468 2243 1561 2306 aliter

230 2339 434 2405 condemnari
456 2357 543 2412 reus,
568 2337 712 2421 quamvis
735 2339 777 2401 sit
797 2359 935 2414 nocens,
958 2360 1022 2403 non
1046 2347 1161 2424 potest.
1195 2340 1230 2403 ld
1251 2341 1349 2422 igitur
1369 2350 1404 2404 tu
1427 2339 1559 2402 moleste

230 2437 348 2511 tulisti,
377 2453 396 2497 a
424 2452 474 2495 me
504 2432 626 2515 aliquid
649 2431 766 2495 lactum
789 2453 878 2507 esse,
907 2454 972 2517 quo
994 2435 1099 2497 minus
1121 2435 1180 2498 iste
1202 2435 1407 2498 condemnari
1428 2433 1597 2516 possetint

215 2514 309 2599 (Nam
331 2545 425 2591 causa
447 2525 576 2608 cognita
597 2533 732 2607 possunt
753 2527 843 2589 multi
866 2528 1007 2602 absolvi,
1029 2529 1193 2611 incognita
1210 2530 1339 2614 quidem
1355 2525 1559 2592 condemnari

230 2608 478 2712 nemopotest.)
503 2616 555 2682 26.
580 2617 713 2683 uAdimo
737 2623 822 2684 enim
845 2624 1202 2706 comperendinatuma:
1226 2625 1312 2708 quod
1333 2623 1431 2686 habet
1451 2621 1502 2682 lex
1525 2619 1559 2682 in
1645 2577 1717 2661 ‘’i’'

230 2738 265 2781 se
287 2715 564 2788 molestissimum,
587 2715 635 2777 bis
656 2723 694 2776 ut
715 2734 811 2779 causa
832 2717 974 2793 dicatur,
997 2717 1084 2801 quod
1106 2726 1161 2780 aut
1182 2737 1254 2780 mea
1275 2736 1371 2780 causa
1388 2713 1495 2798 potius
1511 2718 1560 2774 esi

229 2809 434 2874 constitutum
464 2829 560 2893 quiam
590 2816 659 2883 tua,
689 2816 743 2872 aut
765 2811 866 2874 nihilo
889 2811 1079 2895 trra-potius
1111 2832 1206 2895 quam
1236 2832 1316 2875 mea.
1358 2811 1437 2872 Nam
1461 2807 1488 2870 si
1509 2806 1558 2869 bis

229 2904 335 2966 dicere
357 2911 406 2965 est
427 2903 647 2976 commodum,
670 2912 753 2967 certe
770 2905 940 2989 utriusque
956 2926 1122 2969 commune
1138 2911 1206 2969 est:
1229 2908 1255 2970 si
1271 2926 1358 2982 eum,
1382 2906 1437 2990 qui
1452 2909 1596 2988 poste-at

228 2997 295 3060 rius
317 2995 414 3071 dixit,
442 3014 525 3079 opus
547 3004 596 3059 est
617 2997 781 3080 redargui,
814 3001 1008 3064 accusatoris
1030 3020 1150 3076 causa,
1168 3001 1274 3065 uthis
1296 3007 1461 3083 ageretur,
1484 3017 1560 3060 con-

228 3089 374 3152 stitutum
399 3097 456 3152 est.
501 3091 633 3165 Verum,
666 3099 703 3153 ut
724 3092 856 3173 opinor,
879 3093 1010 3156 Glaucia
1032 3094 1152 3177 primus
1174 3094 1262 3169 tulit,
1284 3101 1320 3156 ut
1341 3092 1561 3177 comperendi-

229 3191 359 3246 naretur
380 3204 472 3259 reus;
495 3192 588 3247 antea
610 3185 661 3248 vel
683 3183 817 3247 iudicari
840 3187 943 3268 primo
975 3187 1100 3270 poterat
1121 3189 1171 3252 vel
1193 3189 1329 3271 amplius
1351 3185 1561 3269 pronuntiari.

229 3279 336 3342 Utram
366 3279 464 3361 igitur
492 3287 586 3361 putas
615 3273 717 3360 legem
749 3279 953 3343 molliorem?
987 3281 1110 3363 Opinon
1131 3282 1219 3344 illam
1241 3288 1396 3353 veterem,
1426 3293 1490 3362 qua
1510 3279 1560 3341 vel

229 3373 293 3435 cito
316 3372 438 3434 absolvi
460 3373 511 3434 vel
535 3371 622 3434 tarde
645 3372 850 3435 condemnari
872 3373 997 3438 licebat.
1040 3377 1108 3458 Ego
1130 3376 1187 3438 tibi
1205 3375 1292 3438 illam
1311 3373 1444 3437 Aciliam
1459 3373 1599 3456 legemus

230 3464 382 3538 restituo,
413 3485 477 3548 qua
500 3466 569 3549 lege
593 3466 684 3529 multi
707 3467 804 3529 semel
828 3469 983 3543 accusati,
1013 3469 1112 3532 semel
1138 3470 1222 3533 dicta
1244 3487 1355 3542 causa,
1385 3467 1483 3530 semel
1505 3485 1563 3528 au-

231 3557 308 3620 ditis
329 3558 464 3622 testibus
487 3561 690 3623 condemnati
712 3567 803 3635 sunt,
826 3581 1030 3646 nequaquam
1053 3572 1117 3626 tum
1141 3563 1317 3628 manifestis
1339 3581 1444 3647 neque
1466 3559 1562 3624 tantis
1680 3611 1689 3639 ,

231 3653 436 3729 criminibus,
464 3657 592 3740 quantis
622 3665 656 3720 tu
686 3656 893 3720 convinceris.
938 3656 1017 3719 Puta
1045 3665 1077 3720 te
1109 3677 1173 3720 non
1195 3657 1254 3720 hac
1276 3665 1340 3720 tam
1362 3657 1478 3732 atroci,
1506 3653 1562 3716 sed

231 3747 286 3811 illa
320 3747 390 3829 lege
417 3751 584 3813 mitissima
612 3770 741 3814 causam
771 3749 886 3812 dicere.
936 3751 1121 3814 accusabo:
1153 3751 1371 3834 respondebis.
1415 3749 1563 3812 Testibus

232 3843 326 3907 editis
349 3844 394 3906 ita
415 3845 537 3907 mittam
560 3845 593 3907 in
616 3844 802 3918 consilium,
831 3851 884 3916 ut,
914 3845 1008 3907 etiam
1031 3845 1058 3907 si
1085 3845 1138 3908 lex
1160 3844 1334 3928 ampliandi
1356 3844 1451 3907 iaciat
1472 3849 1602 3926 pote-st

232 3944 361 4011 statem,
383 3946 488 4000 tamen
513 3939 565 4003 isti
586 3947 680 4022 turpe
704 3937 764 4001 sibi
787 3937 970 4001 existiment
992 3957 1057 4000 non
1072 3939 1176 4020 primo
1191 3938 1344 4002 iudicare.
1379 3940 1420 4000 X.
1434 3935 1486 4002 27.
1500 3938 1564 3999 Ve-

231 4051 303 4094 rum
325 4032 352 4094 si
375 4051 503 4096 causam
525 4033 675 4116 cognosci
699 4051 781 4115 opus
803 4038 867 4105 cst,
890 4049 1044 4113 pammac
1068 4032 1194 4115 cognita
1217 4036 1288 4094 esti
1314 4032 1562 4110 dissimulamus,

231 4125 398 4201 Hortensi,
421 4129 508 4210 quod
531 4148 627 4210 saepe
650 4125 774 4210 experti
796 4126 829 4188 in
852 4126 987 4188 dicendo
1011 4147 1131 4189 sumus.
1162 4127 1243 4202 Quis
1258 4145 1318 4188 nos
1333 4145 1447 4209 magno
1466 4145 1563 4210 opero

232 4221 369 4285 attendit
389 4242 540 4306 umquam
563 4223 596 4284 in
618 4222 681 4286 hoc
704 4220 835 4304 quidem
856 4239 971 4303 genere
994 4239 1179 4295 causarum,
1201 4219 1255 4282 nbi
1278 4220 1400 4303 aliquid
1418 4228 1562 4305 ereptum

298 4498 324 4549 8.
341 4513 392 4548 oon
408 4513 457 4561 prm
473 4499 526 4549 tom
543 4500 613 4550 coni.
633 4497 719 4549 Madv.
738 4497 772 4548 de
789 4501 850 4548 Asc.
863 4499 930 4561 App.
943 4511 970 4562 p.
983 4497 1031 4547 3⁹:
1050 4511 1098 4548 ooo
1117 4499 1236 4560 montom
1253 4498 1332 4550 codd.
1347 4524 1376 4537 -
1395 4498 1435 4550 44.
1449 4500 1514 4550 dedit
1525 4500 1560 4549 li:

230 4573 271 4623 det
287 4573 367 4623 codd.
387 4575 416 4625 0.
437 4601 464 4608 —
490 4588 540 4624 ooo
561 4577 598 4625 uti
618 4574 698 4624 licebit
715 4574 809 4633 utar.
831 4599 857 4609 -
886 4573 926 4622 48.
945 4574 1026 4635 inquit
1043 4585 1096 4623 om.
1115 4575 1160 4624 Gt.
1183 4599 1208 4612 ··
1237 4575 1361 4625 litcurc
1377 4575 1476 4637 quidem
1492 4576 1561 4623 conl.

229 4648 302 4698 Bake
320 4648 354 4699 ad
371 4650 450 4712 Legg.
468 4661 495 4713 p.
515 4649 572 4700 648.
592 4651 645 4700 Rau
663 4651 682 4700 1.
702 4661 728 4713 p.
743 4648 783 4698 68.
800 4675 827 4684 -
845 4647 887 4697 84.
905 4649 977 4697 matti
992 4653 1095 4711 possunt
1111 4648 1159 4698 dtt.
1173 4650 1202 4699 0.
1217 4675 1244 4686 -
1263 4649 1304 4700 83.
1324 4651 1390 4712 quod
1405 4645 1457 4710 out]
1476 4648 1562 4698 Locus

229 4716 273 4772 vix
290 4735 381 4775 sanus.
399 4724 461 4774 Ero.
480 4725 548 4774 coni.
568 4725 594 4774 u
610 4730 667 4782 out;
689 4725 768 4775 beck.
782 4722 855 4773 delet
871 4726 949 4785 quod,
968 4724 1045 4774 uncis
1061 4722 1167 4775 inclusit
1182 4725 1211 4777 0.
1227 4751 1255 4760 -
1274 4725 1315 4774 83.
1332 4723 1420 4788 igitur]
1437 4736 1497 4786 erpo
1514 4722 1560 4771 Gt.

232 4822 260 4833 -
279 4797 408 4849 moliorem
424 4801 469 4861 Lg.
483 4799 532 4858 8ῖῖς
554 4800 681 4850 meliorem
698 4801 759 4850 648
776 4799 881 4863 Zumpt.
909 4801 958 4849 ulit
975 4796 1016 4848 lex
1034 4813 1080 4860 ea,
1102 4813 1172 4863 quae
1198 4798 1280 4850 multo
1298 4801 1398 4850 maiora
1416 4797 1468 4848 reis
1486 4808 1562 4846 oom-

231 4871 310 4922 moda
328 4871 417 4932 offert,
435 4885 516 4936 quam
533 4871 583 4923 alia
600 4873 695 4924 iisdem
712 4874 839 4934 atrocior,
857 4875 1016 4937 praesertim
1034 4887 1110 4934 oum,
1131 4877 1160 4925 ut
1176 4876 1228 4925 hoc
1243 4873 1301 4926 loco
1313 4875 1355 4935 iit,
1374 4873 1487 4924 oratorie
1500 4870 1564 4921 effe·

231 4949 305 4998 ratur
322 4949 349 4998 et
366 4947 399 4998 de
421 4947 548 4998 industria
566 4951 702 5011 tamquam
720 4951 897 5012 praestantior
913 4949 1095 5013 praedicetur,
1121 4961 1169 4999 cur
1186 4963 1237 5000 oon
1256 4953 1329 5001 recte
1344 4947 1426 4998 mollis
1441 4946 1562 4996 dicatur‘l

232 5031 298 5082 inira
316 5029 463 5095 appellatur
479 5031 635 5081 mitissima·
653 5033 748 5082 liabnt.
767 5046 794 5096 p.
808 5033 848 5084 43.
869 5059 893 5070 -
915 5033 957 5082 36.
975 5033 1066 5097 tomen]
1084 5046 1197 5084 comam.
1224 5035 1252 5084 lo
1270 5035 1331 5085 Gla
1347 5014 1405 5084 ε’ἇτῖι
1422 5031 1447 5093 (4.
1461 5043 1485 5078 e.
1501 5043 1562 5080 σαε-

230 5105 296 5234 amp
313 5112 366 5156 mm
382 5108 410 5156 et
425 5111 509 5158 mmm
524 5107 680 5172 saepissime
698 5107 904 5160 contunduntur.
926 5135 952 5144 -
977 5108 1027 5176 itti]
1047 5109 1095 5178 lpst
1111 5110 1180 5168 cont,
1200 5107 1285 5168 Halm,
1306 5135 1333 5146 -
1351 5109 1392 5169 38.
1410 5121 1562 5179 magnopore
