3642 5868
303 335 366 413 256
677 348 719 413 IN
740 347 907 415 VERREM
927 346 1050 415 ACTIO
1073 349 1259 417 SECUNDA

302 538 375 581 cum
397 518 584 582 anctoritate
605 525 690 582 esset
710 518 847 598 locutus.
876 519 1047 597 Statuitur,
1068 528 1106 585 ut
1126 521 1215 597 dico,
1237 541 1336 607 eques
1352 523 1515 587 Romanus
1530 543 1636 590 annos

301 633 402 697 prope
423 631 464 676 xc
487 620 580 676 natus
602 613 637 676 in
658 613 790 696 Apronii
813 615 978 690 convivio,
1001 637 1073 679 cum
1095 617 1216 682 interea
1234 618 1394 701 Apronius
1415 626 1512 700 caput
1533 627 1635 702 atquc

303 727 454 771 ossuum
475 716 639 791 unguento
661 707 859 772 confricaret.
906 709 1010 786 «Quid
1033 718 1098 784 est,
1119 711 1226 775 Lollii
1255 712 1376 796 inquit;
1405 719 1441 774 tu
1463 712 1523 775 nisi
1546 711 1634 775 malo

301 809 429 866 coactus
455 809 541 865 recte
569 801 674 864 lacere
703 803 859 865 nescistn
893 803 997 865 Homo
1019 804 1097 887 quid
1119 813 1244 888 ageret,
1274 812 1392 869 taceret
1412 804 1634 888 responderet,

277 895 378 979 equid
401 897 517 960 laceret
540 896 678 980 denique
700 894 755 958 illa
777 903 881 960 aetate
903 904 936 959 et
949 898 1135 961 auctoritate
1149 900 1312 981 praeditus
1327 898 1498 962 nesciebat
1529 901 1635 981 Apro-

300 996 373 1057 nius
394 993 514 1055 interea
536 1009 646 1055 cenam
669 1011 706 1054 ac
729 992 844 1074 pocula
865 991 1033 1075 poscebat:
1063 993 1145 1056 servi
1168 1003 1274 1058 antem
1296 995 1383 1068 eius,
1405 995 1460 1077 qui
1482 1001 1514 1056 et
1535 993 1634 1056 mori-

299 1087 359 1150 bus
379 1085 481 1148 isdem
504 1093 611 1149 essent
633 1087 749 1171 quibus
772 1087 920 1151 dominns
943 1095 975 1151 et
996 1087 1109 1151 eodem
1124 1107 1240 1169 genere
1261 1109 1297 1151 ac
1311 1089 1383 1152 loco
1398 1086 1481 1162 nati,
1505 1095 1634 1169 praeter

301 1181 410 1244 oculos
437 1178 531 1243 Lollii
560 1179 638 1244 haec
668 1181 775 1244 omnia
799 1181 952 1246 ferebant.
996 1182 1111 1244 Ridere
1143 1183 1312 1246 convivae:
1342 1182 1532 1246 cachinnare
1560 1182 1631 1264 ipse

299 1277 475 1360 Apronius:
498 1274 559 1337 nisi
581 1275 662 1338 forte
685 1275 875 1339 existimatis
897 1295 970 1338 eum
992 1276 1026 1338 in
1047 1276 1121 1338 vino
1136 1282 1233 1358 atque
1249 1276 1327 1340 luxu
1343 1297 1408 1340 non
1424 1277 1550 1351 risisse,
1572 1277 1630 1360 qui

262 1389 383 1436 tonnnc
412 1371 444 1433 in
474 1369 617 1452 periculo
639 1377 735 1453 atque
758 1370 856 1432 exitio
879 1388 937 1432 suo
958 1370 1059 1432 risum
1081 1375 1189 1431 tenere
1211 1388 1276 1432 non
1298 1371 1409 1453 possit.
1454 1373 1498 1432 Ne
1520 1370 1631 1444 multa,

299 1465 440 1528 iudices:
469 1464 519 1527 his
551 1465 751 1528 contumeliis
781 1464 893 1527 scitote
922 1464 960 1540 Q.
982 1462 1120 1526 Lollium
1148 1472 1292 1527 coactum
1321 1465 1362 1528 ad
1383 1462 1517 1547 Apronii
1541 1463 1630 1545 leges

299 1559 567 1642 condicionesque
591 1559 726 1622 venisse.
770 1555 822 1620 63.
844 1557 981 1632 Lollius,
1005 1564 1106 1620 aetate
1129 1564 1161 1620 et
1182 1557 1294 1620 morbo
1315 1559 1503 1641 impeditus,
1526 1558 1567 1622 ad
1581 1566 1630 1620 te·

297 1654 482 1719 stimonium
513 1651 683 1716 dicendum
712 1654 821 1716 venire
850 1671 914 1714 non
936 1653 1050 1734 potuit.
1095 1650 1180 1726 Quid
1202 1671 1284 1734 opus
1305 1660 1354 1715 est
1374 1652 1504 1716 Lolliot
1533 1671 1629 1716 nemo

295 1749 357 1813 boc
378 1745 496 1811 nescit:
519 1765 613 1808 nemo
636 1753 762 1807 tuorum
784 1746 973 1818 amicorum,
996 1764 1089 1807 nemo
1112 1745 1169 1807 abs
1192 1752 1223 1808 te
1245 1746 1436 1828 productus,
1458 1767 1552 1811 nemo
1570 1747 1630 1810 abs

259 1851 327 1910 tate
355 1844 566 1922 interrogatus
593 1860 679 1903 nunc
707 1860 741 1903 se
769 1841 905 1923 primum
934 1838 996 1900 hoe
1019 1838 1139 1904 diceret
1160 1839 1280 1903 audire.
1324 1843 1366 1905 Μ.
1388 1842 1528 1916 Lollius,
1557 1843 1629 1905 eius

179 1935 203 2028 A
268 1943 282 2003 4
295 1934 395 2021 444444,
422 1934 609 1998 adolescens
637 1934 842 2008 lectissimus,
869 1940 997 2016 praesto
1027 1940 1091 1996 est:
1121 1933 1217 1996 huius
1238 1935 1336 2000 verba
1357 1935 1503 1998 audietis.
1546 1937 1628 1999 lt'am

268 2028 335 2108 JQ.
358 2030 497 2102 Lollius,
521 2030 590 2118 cipp
612 2026 713 2104 filius,
737 2030 791 2112 qui
815 2028 972 2091 Calidium
995 2027 1173 2102 accusavit,
1206 2028 1392 2094 adolescens
1415 2039 1447 2093 et
1468 2031 1572 2094 bonus
1595 2037 1629 2092 et

294 2125 385 2188 fortis
408 2130 440 2186 et
461 2123 494 2185 in
515 2123 627 2205 primis
649 2123 804 2198 disertus,
834 2143 906 2186 cum
936 2122 986 2186 bis
1015 2121 1139 2185 iniuriis
1162 2124 1427 2209 contumeliisque
1449 2133 1627 2188 commotus

294 2220 328 2282 in
351 2216 491 2280 Siciliam
513 2223 598 2278 esset
619 2216 797 2298 protectus,
820 2218 853 2280 in
875 2215 988 2278 itinere
1004 2215 1127 2277 occisus
1151 2222 1208 2278 est.
1246 2218 1344 2280 Cuius
1367 2221 1475 2283 mortis
1497 2239 1626 2282 causam

256 2310 420 2395 tolugitivi
442 2309 615 2374 sustinent:
645 2331 679 2374 re
702 2311 830 2394 quidem
853 2330 928 2374 vera
949 2329 1043 2373 nemo
1071 2310 1105 2371 in
1127 2309 1235 2374 Sicilia
1257 2311 1396 2388 dubitat,
1420 2314 1499 2397 quin
1521 2332 1560 2376 eo
1584 2313 1627 2376 sit

295 2406 437 2478 occisus,
467 2404 555 2488 quod
584 2402 701 2466 habere
733 2405 841 2468 clausa
863 2425 928 2468 non
951 2405 1092 2488 potuerit
1113 2423 1172 2466 sua
1194 2405 1325 2469 consilia
1347 2407 1386 2470 de
1408 2408 1517 2471 Verre.
1561 2407 1626 2469 Iste

292 2519 388 2583 porro
411 2518 476 2561 non
499 2497 678 2571 dubitabat,
701 2498 780 2581 quin
802 2497 846 2572 is,
869 2499 924 2584 qui
946 2499 1042 2562 alium
1065 2505 1159 2561 antea
1180 2500 1287 2563 studio
1306 2501 1462 2565 adductus
1477 2521 1626 2564 accusas·

293 2601 358 2668 set,
381 2593 440 2656 sibi
463 2591 643 2654 advenienti
666 2600 793 2675 praesto
817 2602 901 2656 esset
921 2592 1064 2667 iuturus,
1087 2613 1159 2656 cum
1182 2602 1265 2658 esset
1286 2596 1428 2679 parentis
1452 2595 1575 2659 iniuriis
1591 2602 1626 2657 et

293 2685 468 2750 domestico
492 2684 602 2747 dolore
624 2693 811 2750 commotus.

155 2793 175 2854 3
253 2799 283 2851 tt
376 2778 492 2841 XXVI.
513 2761 696 2856 til.(lamne
718 2780 911 2866 intelligitis,
933 2782 1071 2857 iudices,
1093 2803 1176 2870 quac
1198 2785 1315 2867 pestis,
1338 2805 1421 2874 qnae
1443 2785 1623 2849 immanitas

290 2876 325 2939 in
349 2882 454 2938 vestra
467 2874 704 2958 antiquissima,
727 2871 909 2940 fidelissima
930 2877 1138 2960 proximaque
1156 2879 1320 2960 provincia
1334 2888 1459 2944 versata
1473 2872 1545 2956 sit‘D
1558 2879 1623 2942 iam

290 2968 424 3042 videtis,
458 2987 552 3052 quam
583 2969 624 3030 ob
646 2988 774 3032 cansam
797 2968 921 3045 Sicilia,
950 2976 998 3032 tot
1027 2971 1192 3036 bominum
1222 2982 1314 3038 antea
1340 2974 1443 3048 tuma,
1474 2972 1620 3054 rapinas,

290 3062 476 3147 iniquitates
497 3063 754 3146 ignominiasque
776 3083 944 3146 perpessa,
972 3064 1032 3128 hoc
1060 3083 1125 3127 non
1150 3069 1293 3148 potuerit
1313 3087 1431 3132 novum
1452 3087 1490 3129 ac
1511 3067 1621 3147 singu-

290 3158 355 3220 lare
377 3164 473 3242 atque
493 3157 678 3220 incredibile
699 3178 800 3240 genus
822 3159 1009 3222 iniuriarum
1025 3159 1353 3246 contumeliarumque
1369 3161 1532 3244 perferret
1554 3161 1620 3222 lam

250 3272 399 3321 soomnes
421 3251 618 3334 intelligunt,
647 3272 704 3316 cur
728 3253 878 3316 universa
904 3253 1069 3335 provincia
1091 3254 1292 3318 defensorem
1314 3275 1390 3318 suae
1413 3254 1524 3318 salutis
1547 3273 1619 3315 eum

289 3346 497 3430 quaesiverit,
530 3348 620 3410 cuius
648 3348 707 3410 iste
741 3343 831 3422 fidei,
865 3347 1063 3430 diligentiae,
1094 3350 1350 3430 perseverantiae
1380 3348 1468 3411 nulla
1496 3349 1619 3410 ratione

289 3440 370 3524 eripi
392 3440 503 3525 possit
540 3442 600 3505 Tot
621 3441 747 3506 iudiciis
769 3441 971 3516 interfuistis,
993 3449 1041 3506 tot
1061 3441 1207 3507 homines
1229 3450 1381 3507 nocentes
1403 3448 1436 3505 et
1456 3440 1618 3524 improbos

353 3713 377 3762 4.
393 3724 473 3774 propa
488 3723 568 3762 aaaos
584 3714 604 3764 0
621 3715 713 3765 contra
731 3713 809 3766 codd.
831 3735 858 3751 —-
877 3716 902 3765 4.
920 3714 1016 3777 Aproat
1031 3715 1062 3765 V.
1082 3715 1144 3778 (om.
1162 3715 1190 3765 ta
1205 3713 1265 3778 Apa.
1284 3729 1355 3766 coca.
1375 3713 1463 3777 4349.)
1478 3740 1505 3750 -
1524 3713 1548 3764 3.
1560 3727 1619 3763 coo·

285 3789 390 3855 tricaret
406 3783 488 3849 egle:
513 3789 664 3850 perfricaret
688 3791 733 3839 ctt.
753 3790 782 3840 0.
810 3789 1015 3855 (confricaretu
1027 3795 1120 3840 taceret
1135 3801 1190 3840 om.
1209 3790 1298 3853 4349.)
1318 3816 1345 3826 -
1369 3788 1394 3840 4.
1413 3793 1498 3852 operat
1513 3789 1618 3851 dentque

286 3864 364 3928 4349.
386 3888 413 3898 -
432 3863 456 3911 5.
475 3867 556 3914 actea
572 3868 596 3913 et
612 3867 679 3914 auct.
699 3864 730 3916 l:
754 3870 821 3914 auct.
840 3869 863 3914 et
879 3869 927 3914 act.
946 3863 993 3914 dtt.
1012 3864 1042 3914 0.
1064 3891 1089 3902 -
1117 3865 1141 3915 7.
1160 3863 1250 3914 aedem
1267 3862 1344 3927 4344.
1365 3890 1392 3901 ·-
1417 3864 1441 3914 8.
1458 3862 1551 3927 fiebam
1567 3862 1614 3913 dtt.

288 3967 316 3978 -
334 3937 481 3989 cachinnari
498 3936 545 3987 dtt.
565 3939 594 3988 0.
615 3965 642 3975 -
661 3939 685 3988 9.
704 3943 779 4000 atque
797 3937 881 4003 4344ι
900 3949 931 3987 ac
948 3936 1003 3988 rell.
1023 3939 1051 3988 0.
1067 3965 1095 3975 -
1114 3938 1178 3989 tacu
1194 3937 1237 3988 ed.
1257 3941 1318 3988 Asc.
1338 3938 1396 3988 4444
1419 3941 1446 3988 44
1463 3937 1568 4000 44433.
1586 3939 1616 3987 ut

284 4014 406 4064 uidetur:
424 4013 496 4062 laco
512 4013 582 4075 4349
593 4011 625 4063 44
637 4014 763 4074 asco,
783 4011 837 4073 elii;
862 4011 939 4063 lustra
957 4014 1008 4076 435
1020 4013 1060 4062 44.
1080 4013 1131 4075 [sic
1148 4013 1310 4076 digerendae
1327 4015 1403 4062 erant
1419 4011 1490 4063 lectt.
1510 4012 1613 4069 verlee;

285 4089 383 4140 erravit
399 4088 470 4138 enim
487 4087 623 4151 Zumptius
641 4086 675 4138 de
693 4087 781 4152 4344]
803 4115 828 4124 -
853 4089 897 4150 qut
912 4104 963 4140 aaa
979 4091 1006 4139 tn
1019 4089 1109 4152 pacato
1126 4089 1204 4152 4344.
1225 4115 1252 4124 -
1272 4089 1312 4139 tt.
1330 4088 1368 4138 444
1384 4099 1438 4138 om.
1457 4085 1539 4149 4349;
1563 4086 1616 4135 tetis

284 4163 363 4228 4344.
385 4162 417 4213 ct.
437 4161 461 4224 S.
481 4161 521 4211 63.
542 4189 570 4198 -
590 4163 629 4213 44.
647 4163 732 4227 nescit]
748 4177 799 4212 aaa
815 4164 891 4213 nescit
908 4166 937 4215 N.
953 4191 982 4200 -
999 4177 1071 4214 oeno
1088 4164 1132 4214 abs
1149 4169 1172 4215 tc
1185 4165 1322 4226 productas
1338 4165 1403 4213 Nou.
1422 4174 1448 4226 p.
1461 4159 1526 4210 ³73:
1543 4173 1615 4210 acam

281 4243 396 4304 prosapta
412 4235 534 4286 meratus
550 4238 584 4296 N;
602 4251 674 4287 nano
688 4252 737 4299 pro
754 4243 808 4300 opta
825 4238 946 4288 abductas
962 4237 1044 4301 4344;
1073 4251 1126 4288 om.
1146 4241 1192 4288 ctt.
1213 4265 1239 4276 -
1258 4250 1329 4287 cocao
1346 4236 1390 4287 aba
1406 4242 1428 4287 ta
1443 4237 1532 4286 4444444.
1551 4236 1612 4299 433.

285 4325 388 4374 omnes,
407 4310 500 4362 ARC:
520 4311 565 4360 aba
575 4317 598 4361 tc
610 4325 662 4363 orn.
675 4314 741 4362 Non.
756 4313 785 4362 0.
806 4310 858 4376 [aba
874 4318 898 4364 tc
915 4316 982 4363 teste
1000 4312 1075 4363 Nieb.
1095 4313 1121 4362 iu
1139 4312 1196 4364 solo
1215 4313 1274 4374 443.
1288 4311 1320 4362 44
1332 4313 1396 4362 etin
1409 4310 1472 4361 edit.
1487 4323 1558 4361 num.
1571 4309 1612 4360 8³.

284 4388 404 4439 additum
421 4384 480 4448 est]
501 4415 527 4425 -
548 4389 587 4438 ts.
605 4388 651 4436 boc
667 4388 758 4438 dicarat
774 4389 813 4437 N:
832 4388 923 4437 4444444
939 4387 1024 4450 4344;
1052 4387 1097 4437 Aac
1113 4389 1176 4438 dicet
1193 4389 1238 4437 ott.
1258 4389 1286 4436 0.
1308 4410 1335 4422 -
1354 4387 1407 4436 cire
1420 4387 1455 4450 144.
1475 4384 1560 4448 43444
1576 4385 1612 4449 444.

282 4465 335 4516 cius
351 4467 396 4513 ctt.
415 4462 444 4514 0.
459 4491 486 4502 -
507 4464 547 4514 46.
565 4461 672 4511 audiatis
688 4462 748 4513 tu:
767 4462 860 4511 aadttis
876 4462 924 4511 dtt.
940 4487 967 4496 -
987 4463 1027 4512 44.
1047 4463 1155 4514 4444444444
1169 4462 1236 4527 attissa
1253 4460 1330 4525 4344.
1350 4461 1392 4525 [cl.
1406 4459 1612 4526 4444344444]-

283 4540 327 4602 pat
342 4539 452 4589 cattdwa
468 4539 550 4604 4344,
570 4538 613 4598 pat
629 4536 752 4586 cabellum
769 4537 846 4600 4349.
876 4562 904 4572 —-
933 4537 972 4587 48.
991 4550 1022 4586 aa
1038 4538 1065 4586 ia
1079 4553 1121 4601 pr.
1141 4538 1218 4601 4344.
1244 4563 1273 4574 -
1299 4536 1452 4587 contumeliis
1468 4536 1614 4596 salomeque

282 4612 360 4678 4344.
381 4613 442 4678 [non
459 4621 524 4666 caat.
543 4614 640 4675 totquc,
660 4614 689 4662 ut
706 4613 741 4661 ait
757 4613 785 4661 Z.
803 4614 866 4662 nota
882 4611 957 4662 Nieb.
977 4624 1119 4676 perperam
1136 4612 1278 4664 intellecta.
1299 4611 1389 4662 Lectio
1406 4611 1506 4661 codicis
1523 4610 1613 4674 optimt

282 4691 335 4740 iam
352 4689 516 4741 restituenda
534 4689 602 4750 erit]
617 4713 644 4722 -
663 4701 713 4737 aaa
730 4692 865 4736 accusatas
877 4685 955 4749 4344.
971 4713 998 4723 -
1017 4689 1058 4737 tt.
1076 4702 1127 4738 aaa
1144 4700 1198 4738 om.
1212 4688 1290 4751 4349.
1306 4711 1333 4724 -
1352 4687 1432 4736 adum
1448 4691 1524 4735 antea
1535 4683 1611 4747 Lgts:

281 4765 361 4815 alicua
377 4769 435 4814 eata
445 4765 514 4828 4349
525 4763 588 4821 AB3
607 4767 683 4810 antea
699 4761 778 4810 attam
795 4763 839 4811 ctt.
854 4761 881 4810 0.
897 4787 924 4797 -
944 4761 984 4810 45.
1003 4761 1143 4826 4444943444
1160 4761 1228 4825 4344
1246 4760 1288 4824 [ex
1299 4759 1455 4824 tatellapittsl.
1470 4785 1497 4796 -
1515 4759 1557 4809 46.
1569 4771 1613 4808 aa·

281 4845 336 4891 stra
352 4841 429 4904 4344.
455 4865 482 4876 -
503 4839 627 4902 praetura
644 4835 721 4900 4344.
747 4863 772 4875 -
801 4838 884 4888 tomas
900 4835 934 4886 al.
953 4837 978 4886 in
998 4851 1080 4900 marg.
1101 4837 1174 4888 4584.
1196 4865 1222 4874 -
1246 4837 1287 4887 st.
1305 4837 1377 4902 sarta
1392 4840 1468 4886 antec
1485 4833 1561 4896 4344.
1583 4859 1607 4872 ·-

281 4917 322 4968 48.
341 4918 387 4967 boc
402 4915 577 4979 aoapotaerit
594 4913 688 4964 codd:
715 4927 765 4964 aaa
778 4929 806 4976 p.
825 4913 870 4963 Aac
886 4914 915 4963 Ο.
937 4937 964 4948 -
990 4914 1030 4962 49.
1046 4913 1159 4976 partem
1176 4911 1293 4977 egeas:
1315 4912 1383 4975 fara
1400 4913 1444 4962 ctt.
1465 4930 1493 4945 -·
1512 4909 1553 4959 39.
1571 4909 1613 4958 ta·

280 4991 393 5055 tctltpaot
409 4990 486 5054 4344.
502 5013 530 5026 -
550 4989 590 5039 34.
610 4988 759 5052 qamstvera
770 4986 838 5052 4344
848 4989 883 5038 ll:
903 4989 1036 5050 quaestam
1052 4989 1149 5052 43494
1160 4990 1194 5048 B;
1213 4987 1334 5052 qaaadatt
1347 4985 1395 5037 dtt.
1412 5012 1437 5022 -
1458 4985 1498 5034 34.
1516 4988 1540 5033 44
1550 4981 1611 5032 44444

280 5069 356 5132 tmpr.
375 5079 428 5118 cm.
447 5065 525 5131 4344.
