3642 5862
292 473 353 539 lid
654 471 697 535 Ill
716 471 883 537 VERREM
902 469 1024 536 ACTIO
1048 467 1230 534 SECUNDA

291 647 345 722 bs,
372 645 427 728 qui
440 641 544 706 nobili
565 661 680 726 genere
701 641 766 704 nati
789 649 875 716 sunt,
905 641 1016 724 quibus
1038 639 1143 702 omnia
1163 637 1272 723 populi
1292 639 1424 703 Romani
1445 639 1597 706 beneficia

292 739 514 805 dormientibus
529 735 727 799 deteruntur:
749 737 842 818 longe
858 735 919 798 alia
934 734 1010 798 mihi
1024 733 1093 816 lege
1108 735 1141 796 in
1155 733 1214 796 hac
1229 732 1353 796 civitate
1370 741 1402 797 et
1416 735 1599 798 condicione

145 855 171 967 p
290 835 459 900 vivendum
481 837 537 894 est.
573 831 667 893 Venit
687 829 764 893 mibi
785 831 817 891 in
840 835 975 892 mentem
997 829 1038 890 Μ.
1062 827 1198 902 Catonis,
1220 826 1356 890 bominis
1378 827 1598 912 sapientissimi

291 935 322 992 ct
340 925 590 1010 vigilantissimi:
613 924 665 1007 qui
688 943 758 986 oum
781 943 814 986 se
836 923 960 996 virtute,
982 940 1046 983 non
1068 940 1192 1003 genere,
1213 909 1492 1004 populo‘llomanc
1515 941 1599 984 com-

267 1019 431 1084 cmendari
456 1024 599 1101 partaret,
625 1037 696 1079 cum
725 1017 793 1099 ipre
807 1017 867 1078 ¹sui
897 1016 1019 1098 generis
1042 1015 1163 1077 initium
1184 1033 1220 1077 ac
1242 1014 1376 1078 nominis
1397 1014 1437 1077 ab
1459 1035 1493 1078 se
1516 1015 1601 1096 gigni

290 1123 322 1179 et
348 1112 515 1196 propagari
542 1110 654 1185 vellet,
687 1110 849 1173 bominum
881 1109 1167 1192 potentissimorum
1199 1109 1336 1191 suscepit
1364 1108 1540 1171 inimicitias
1568 1115 1601 1169 et

290 1205 432 1272 maximis
458 1205 614 1268 laboribus
642 1223 743 1287 usque
773 1203 811 1266 ad
846 1222 996 1266 summam
1026 1209 1217 1266 senectutem
1246 1221 1367 1264 summa
1397 1221 1468 1264 cum
1501 1201 1600 1284 gloria

289 1303 377 1367 vixit.
428 1294 498 1361 l8l.
530 1296 642 1361 Postea
671 1297 709 1372 Q.
739 1299 925 1380 Pompeius,
956 1297 1068 1360 humili
1099 1303 1194 1378 atque
1226 1295 1359 1360 obscuro
1394 1297 1464 1360 loco
1497 1305 1599 1370 natus,

289 1415 395 1460 nonne
416 1392 560 1478 plurimis
581 1391 751 1455 inimicitiis
772 1393 978 1474 maximisque
999 1393 1065 1454 suis
1086 1389 1234 1474 periculis
1249 1409 1285 1452 ac
1299 1391 1459 1455 laboribus
1473 1392 1600 1474 amplis·

255 1507 280 1552 to
290 1493 385 1555 simos
405 1490 541 1552 bonores
564 1493 613 1548 est
634 1485 787 1568 adeptus?
816 1485 911 1548 bledo
934 1486 967 1548 C.
989 1485 1166 1558 Fimbriam,
1189 1485 1222 1546 C.
1246 1485 1387 1561 Marium,
1410 1486 1443 1547 C.
1460 1485 1599 1548 Caelium

289 1585 424 1664 vidimus
445 1601 507 1644 non
530 1578 736 1642 mediocribus
759 1579 929 1642 inimicitiis
950 1599 987 1642 ac
1008 1578 1168 1641 laboribus
1190 1578 1390 1654 contendere,
1410 1587 1446 1642 nt
1467 1580 1506 1642 ad
1521 1580 1598 1644 istos

86 1677 143 1754 {ut
173 1663 204 1709 ¹³³
218 1665 248 1710 ‘¹³
288 1681 426 1743 bonores
453 1675 669 1762 pervenirent,
697 1673 736 1735 ad
765 1693 845 1757 quos
873 1693 929 1736 vos
950 1693 1007 1756 per
1027 1672 1135 1734 ludum
1158 1679 1189 1735 et
1209 1693 1266 1755 per
1286 1674 1507 1757 negligentiam
1529 1694 1599 1757 per·

72 1761 145 1866 ᾦ
160 1755 251 1863 ff<
288 1772 428 1836 venistis.
445 1769 543 1860 {llaec
566 1767 674 1831 eadem
697 1773 744 1830 est
766 1773 891 1829 nostrae
904 1767 1033 1829 rationis
1055 1767 1142 1848 regio
1165 1773 1197 1829 et
1212 1745 1280 1848 via)
1299 1766 1412 1830 berum
1425 1786 1485 1830 nos
1499 1767 1599 1830 homi·

167 1924 171 1933 .
289 1887 364 1929 num
387 1871 503 1928 sectam
525 1869 620 1945 atque
641 1839 781 1924 instituta
808 1861 1036 1944 persequimur.
1079 1859 1190 1923 LXXI.
1219 1859 1532 1950 Videmus,(qu·anta
1559 1853 1608 1936 sit)

166 1913 187 1988 ‘l
253 1959 320 2024 ltin
342 1958 460 2021 invidia
482 1962 664 2044 quantoque
685 1956 718 2017 in
739 1954 814 2018 odio
840 1954 922 2038 apud
954 1953 1107 2037 quosdam
1134 1954 1256 2025 nobiles
1281 1954 1424 2019 homines
1446 1975 1599 2018 novorum

133 2067 220 2138 ,fisa
273 2049 448 2144 thominum
470 2041 572 2112 virtus
590 2055 620 2110 et
636 2032 819 2156 ¹industria}
847 2048 873 2110 si
902 2047 1057 2110 tantulum
1087 2047 1196 2111 oculos
1224 2047 1445 2124 deiecerimus,
1473 2057 1599 2131 praesto

162 2131 192 2154 Ν
289 2167 358 2211 esse
380 2135 540 2210 insidias(
554 2134 701 2207 s‘t'utlum
721 2144 826 2205 locum
848 2142 1062 2224 aperuerimus
1084 2143 1256 2224 suspicioni
1278 2151 1332 2205 aut
1353 2144 1492 2217 crimini,
1518 2143 1599 2205 acci·

287 2241 435 2326 piendum
458 2239 559 2302 statim
581 2238 696 2302 vulnus
718 2257 804 2299 esse:
826 2255 949 2319 semper
969 2236 1059 2299 nobis
1081 2236 1288 2318 vigilandum,
1312 2256 1435 2321 semper
1456 2237 1601 2300 laboran-

289 2337 362 2399 dum
392 2333 545 2398 ridemus.
586 2327 665 2393 482.
698 2330 879 2393 inimicitiae
914 2333 1006 2392 sunt‘l
1042 2331 1230 2393 subeantura
1263 2331 1370 2395 labort
1404 2331 1599 2413 suscipiatur.

251 2429 411 2492 tolltenim
431 2425 546 2488 tacitae
566 2426 665 2506 magis
689 2431 721 2486 et
749 2424 889 2486 occultae
916 2423 1096 2486 inimicitiae
1126 2423 1283 2488 timendae
1312 2431 1400 2499 sunt,
1428 2444 1522 2508 quam
1550 2426 1600 2486 in-

288 2521 389 2585 dictae
411 2527 506 2604 atque
528 2525 662 2602 apertae.
710 2517 880 2581 Hominum
908 2517 1059 2580 nobilium
1088 2537 1152 2580 non
1180 2517 1246 2582 fere
1279 2519 1457 2604 quisquam
1474 2524 1599 2581 nostrae

287 2616 458 2679 industriae
489 2613 586 2676 lavet:
619 2613 713 2675 nullis
744 2611 860 2674 nostris
893 2611 1004 2674 officiis
1036 2610 1285 2676 benevolentiam
1316 2614 1442 2676 illorum
1475 2613 1599 2676 allicere

286 2727 471 2794 possumus:
499 2707 589 2789 quasi
620 2713 731 2768 natura
759 2715 790 2770 et
818 2707 931 2788 genere
960 2704 1088 2769 diiuncti
1115 2707 1192 2780 sint,
1220 2707 1264 2770 ita
1294 2706 1447 2770 dissident
1467 2727 1486 2770 a
1507 2706 1599 2770 nobis

288 2804 392 2866 animo
421 2821 458 2865 ao
485 2801 657 2864 voluntate.
708 2800 812 2875 Quare
846 2797 923 2882 quid
956 2799 1071 2863 habent
1103 2820 1212 2863 eorum
1244 2801 1424 2864 inimicitiae
1454 2801 1599 2887 periculi,

252 2914 422 2982 aequorum
443 2896 563 2958 animos
585 2896 741 2958 laniante
762 2894 908 2958 habueris
930 2895 1073 2957 inimicos
1096 2902 1128 2958 et
1149 2894 1290 2969 invidos,
1317 2916 1410 2978 quam
1437 2897 1518 2960 ullas
1540 2897 1600 2959 ini·

287 2989 419 3054 micitias
446 2989 644 3071 susceperis?
687 2984 758 3050 l83.
802 2989 1053 3064 Quamobrem
1074 2988 1166 3062 mibi,
1197 2987 1332 3063 iudices,
1359 2996 1499 3072 optatum
1521 2990 1599 3054 illud

287 3091 350 3158 est,
380 3082 414 3145 in
441 3083 502 3145 boc
523 3103 578 3146 reo
599 3081 695 3146 finem
723 3080 887 3147 accusandi
915 3081 1034 3156 lacere,
1064 3103 1135 3144 cum
1157 3088 1189 3145 et
1209 3083 1325 3165 populo
1356 3084 1497 3149 Romano
1525 3085 1599 3148 satis

286 3175 402 3242 lactum
423 3185 456 3239 et
473 3169 635 3258 receptum
657 3173 795 3240 officium
818 3177 945 3251 Siculis,
975 3178 1159 3241 necessariis
1180 3177 1273 3250 meis,
1303 3179 1362 3240 erit
1389 3178 1598 3262 persolutum3

288 3271 493 3337 deliberatum
514 3279 617 3332 autem
641 3279 702 3345 est,
725 3271 752 3334 si
775 3291 824 3334 res
847 3273 1027 3355 opinionem
1053 3290 1170 3345 meam,
1199 3290 1293 3354 quam
1315 3272 1355 3333 de
1376 3271 1465 3334 vobis
1486 3270 1599 3348 babeo,

250 3363 443 3436 eclefcllerit,
465 3383 528 3426 non
549 3363 644 3426 modo
667 3383 721 3427 eos
742 3367 897 3448 persequi,
920 3365 960 3428 ad
977 3385 1057 3445 quos
1073 3366 1206 3427 maxime
1221 3365 1313 3447 culpa
1327 3365 1466 3448 corrupti
1480 3364 1599 3440 indicii,

288 3457 341 3521 sed
365 3459 456 3520 etiam
477 3457 558 3530 illos,
581 3458 620 3520 ad
643 3477 723 3541 quos
746 3459 954 3521 conscientiae
976 3459 1119 3540 contagio
1142 3458 1319 3540 pertinebit.
1350 3457 1484 3522 Proinde
1500 3459 1526 3520 si
1543 3459 1598 3542 qui

287 3557 376 3624 sunt,
405 3551 459 3635 qui
482 3551 515 3612 in
536 3551 597 3612 hoc
619 3566 674 3613 reo
695 3559 749 3614 aut
770 3559 913 3635 potentes
939 3557 993 3614 aut
1014 3552 1146 3614 audaces
1168 3558 1222 3613 aut
1243 3548 1377 3614 artifices
1400 3551 1440 3613 ad
1462 3571 1599 3615 corrum-

284 3643 422 3730 pendum
438 3637 587 3707 iudicium
601 3635 699 3708 velint
714 3664 792 3720 esse,
806 3645 850 3707 ita
866 3645 931 3707 sint
945 3646 1055 3728 parati,
1070 3652 1106 3707 nt
1122 3644 1315 3728 disceptante
1329 3646 1597 3729 populollomano

286 3757 409 3802 mecum
432 3739 491 3800 sibi
513 3757 578 3800 rem
599 3738 726 3802 videant
746 3739 897 3801 futuram:
920 3747 960 3812 et,
983 3740 1008 3802 si
1031 3758 1081 3801 me
1102 3739 1136 3800 in
1157 3738 1216 3802 boo
1237 3759 1302 3814 reo,
1325 3760 1419 3823 quem
1441 3739 1517 3802 mihi
1539 3741 1599 3802 ini-

249 3833 403 3901 aamicum
419 3833 517 3895 Siculi
540 3832 703 3907 dedeumt,
727 3832 799 3896 satis
815 3833 1039 3906 vehementem,
1062 3833 1134 3896 satis
1149 3839 1411 3916 perseverantem,
1432 3833 1507 3896 satis
1520 3833 1599 3914 vigi·

351 4041 375 4090 t.
395 4039 432 4088 bis
447 4040 476 4090 44.
497 4065 524 4075 -
541 4039 567 4088 2.
587 4039 725 4100 deferentur
741 4037 786 4090 443.
806 4066 832 4074 -
852 4039 875 4090 3.
899 4040 965 4088 oeott
987 4039 1051 4088 actm
1071 4037 1131 4087 mihi
1153 4037 1217 4088 dett.
1236 4038 1265 4088 0.
1286 4063 1312 4073 -
1332 4037 1356 4088 4.
1375 4043 1398 4088 et
1417 4037 1600 4102 6494466444ήωί

287 4125 340 4165 om.
359 4115 437 4176 lagg.
457 4139 485 4150 -
504 4113 528 4163 6.
546 4115 652 4176 meeoptt
668 4115 696 4163 44.
716 4139 743 4150 -
762 4114 786 4163 7.
803 4115 831 4164 to
847 4113 970 4163 nemitos
987 4113 1049 4163 dett.
1069 4114 1103 4172 03
1122 4127 1177 4162 ctam
1194 4112 1243 4162 tab.
1263 4114 1308 4163 st.
1323 4138 1350 4149 -
1363 4113 1487 4164 aeonae
1502 4115 1600 4176 sateqae

286 4191 320 4240 ed
336 4189 364 4239 44.
380 4212 408 4225 --
425 4193 570 4238 moctotem
585 4201 683 4238 suanno
699 4203 751 4238 om.
764 4189 809 4240 aa.
825 4216 851 4224 —
865 4191 888 4240 8.
903 4189 942 4252 0.]
955 4201 1002 4252 quo
1012 4190 1088 4250 lagg.
1103 4188 1260 4252 praeterit.
1275 4214 1301 4222 —
1315 4188 1339 4238 9.
1351 4189 1471 4238 macoma
1481 4186 1497 4238 λ
1509 4190 1554 4240 (43.
1570 4215 1597 4226 -

286 4263 411 4316 noceam
426 4262 463 4312 443
479 4259 496 4312 λ
512 4263 595 4326 agae:
616 4263 740 4313 dobrtbas
755 4261 818 4314 dett.
839 4291 866 4300 -
885 4265 925 4314 40.
944 4265 1071 4326 emmelos
1086 4265 1115 4314 44.
1136 4291 1163 4300 -
1181 4263 1208 4313 C.
1227 4263 1288 4313 ante
1304 4265 1416 4314 blesim
1432 4277 1484 4314 om.
1503 4265 1549 4315 443.
1569 4291 1596 4300 -

287 4341 314 4392 C.
333 4338 451 4399 caetham]
469 4337 495 4388 G.
515 4338 649 4389 coeddam
664 4341 684 4390 lt
701 4340 737 4389 ca
755 4340 817 4399 Ld.;
836 4339 862 4391 0.
880 4340 976 4390 ctutssm
992 4341 1038 4388 Gt.
1058 4365 1085 4374 -
1105 4338 1145 4387 42.
1163 4343 1186 4386 et
1199 4351 1246 4401 per
1260 4339 1310 4389 443ε
1332 4343 1356 4388 et
1371 4339 1454 4402 L329;
1472 4353 1503 4389 oc
1519 4341 1597 4403 Lagg.

287 4413 384 4466 4441.-
399 4413 438 4463 43.
456 4417 492 4462 ost
506 4425 560 4464 orn.
579 4415 655 4477 Late.
670 4439 698 4451 -
710 4415 818 4465 caecata
834 4415 944 4478 Lgat‘fl.
960 4440 987 4450 -·
1000 4413 1040 4464 44.
1053 4418 1162 4476 spectem
1173 4415 1221 4477 (pr.
1234 4414 1281 4475 m.)
1293 4415 1515 4474 aquimolum
1526 4419 1555 4467 44.
1570 4441 1598 4454 -·

266 4537 270 4548 ,
286 4491 415 4541 otdecmos
431 4489 476 4539 443.
492 4515 520 4526 -—
540 4490 579 4539 46.
598 4489 625 4538 to
640 4492 701 4540 anm
717 4489 767 4539 too.
786 4491 889 4540 om.1t3
905 4490 981 4552 ugia.
1002 4515 1029 4525 -
1047 4489 1155 4539 sanae
1169 4487 1226 4537 nob.
1244 4487 1312 4551 4342
1325 4491 1352 4538 et
1362 4489 1390 4537 0.
1404 4485 1501 4552 (44644446
1516 4491 1555 4553 44.)
1570 4517 1597 4528 -

288 4567 328 4618 46.
346 4570 443 4616 tantm
459 4565 504 4615 443.
519 4588 547 4601 -
560 4564 658 4615 codam
669 4567 697 4615 44.
712 4591 739 4601 -
753 4566 793 4616 48.
811 4566 895 4615 atatim
909 4565 977 4614 cato.
995 4575 1045 4614 ease
1055 4564 1091 4614 443
1108 4563 1202 4628 (coloes
1212 4564 1255 4624 44);
1272 4564 1420 4613 crustatim
1434 4564 1597 4614 oohredett.

288 4643 317 4691 Ο.
338 4663 365 4676 -
385 4653 434 4690 eam
449 4639 519 4689 cobis
534 4653 628 4704 seraper
644 4641 709 4691 dett.
728 4642 756 4691 0.
777 4667 804 4678 -
824 4641 863 4691 43.
882 4639 971 4690 lotor?
986 4641 1137 4702 ouaptmur
1152 4639 1187 4689 443
1205 4637 1221 4688 λ
1238 4639 1378 4703 (coaptum
1393 4639 1464 4702 Ld.):
1485 4638 1599 4689 tuberes?

287 4716 454 4778 mavemur
469 4713 534 4765 dett.
552 4716 580 4765 0.
611 4715 677 4779 [Non
693 4719 735 4766 ast
751 4718 840 4766 tamen
856 4717 881 4765 in
899 4717 920 4766 a
936 4716 1039 4779 signum
1056 4713 1150 4765 falsum
1167 4715 1389 4778 intermgationis;
1407 4725 1468 4764 nam
1486 4715 1521 4762 ita
1538 4716 1600 4763 anot

287 4789 367 4842 verba
385 4788 582 4852 distinguenda:
600 4791 744 4840 iobatdttns
760 4795 825 4850 secat,
842 4789 989 4849 advectam
1006 4789 1085 4851 tabor,
1102 4789 1271 4853 cumpletum]
1290 4816 1316 4824 —
1335 4791 1377 4840 24).
1394 4789 1510 4839 todttctne
1525 4789 1554 4838 44.
1570 4815 1597 4826 -

285 4867 327 4917 24.
345 4869 421 4926 utque
435 4863 472 4915 443
489 4865 571 4928 43294
596 4870 619 4916 et
635 4865 699 4916 dett.
718 4867 747 4916 0.
769 4893 795 4904 -
813 4867 854 4916 22.
871 4865 946 4930 tacet}
967 4866 1015 4928 facit
1034 4864 1079 4914 R3.
1099 4889 1127 4899 -
1146 4865 1236 4914 elicere
1251 4866 1280 4915 44.
1300 4891 1328 4900 -
1346 4865 1387 4914 23.
1405 4863 1485 4928 maon]
1501 4863 1557 4924 qais
1571 4864 1599 4912 to

286 4943 306 4992 lt
317 4953 357 5005 pr.
371 4953 425 5001 ηις
444 4941 486 5002 oet
497 4941 519 4989 aa·
529 4941 556 4988 ta
567 4941 586 4990 44
597 4941 613 4989 2
625 4953 660 4992 m.
675 4943 702 4991 et
712 4941 757 4992 (43.
773 4965 800 4978 ·-
813 4941 915 4990 diiuncti
926 4941 946 4990 44
959 4941 1040 5002 agae:
1058 4940 1173 4989 disiuncti
1183 4938 1239 4990 rell.
1252 4941 1282 4992 0.
1295 4965 1323 4975 -
1335 4945 1392 4989 erest
1401 4941 1479 5002 Lagg.
1492 4940 1599 5003 praeter

285 5015 327 5067 42.
342 5043 370 5053 -
382 5015 422 5066 24.
441 5021 464 5065 ct
478 5015 528 5066 col.
546 5015 582 5065 Gd
594 5012 619 5064 λ.
634 5041 661 5052 -
674 5017 715 5066 26.
734 5021 846 5078 optatam
861 5021 897 5065 cat
911 5015 972 5064 illud
989 5017 1021 5064 et
1037 5015 1071 5072 C;
1089 5017 1224 5076 optandam
1242 5015 1271 5078 (4)
1288 5015 1351 5064 illud
1366 5019 1402 5064 eat
1416 5011 1444 5074 λς
1463 5014 1598 5076 optmsdam

286 5095 322 5139 cat
336 5091 398 5140 tuoe
408 5089 482 5149 dett.;
501 5090 637 5152 optandam
651 5091 712 5140 mitt
727 5091 790 5140 4444444
804 5095 839 5140 est
855 5092 916 5152 (om.
928 5090 1027 5154 tadum)
1046 5090 1121 5153 Lgtt.
1138 5115 1164 5125 —
1178 5090 1218 5140 30,
1229 5091 1345 5140 anacim
1354 5091 1431 5152 lagg.
1446 5113 1473 5124 -
1486 5087 1599 5148 conopas

279 5163 509 5229 toumaatugaa
519 5165 575 5232 (sed
583 5167 603 5217 44
611 5165 731 5232 iudicet:
744 5165 918 5230 corrumpendi
925 5167 976 5218 aaa.
987 5165 1051 5220 dett.
1065 5165 1104 5217 Cl.
1112 5165 1197 5222 Madv.
1208 5179 1234 5230 p.
1243 5166 1299 5217 436.
1307 5191 1334 5202 -
1342 5163 1382 5218 33.
1393 5163 1543 5230 dtecopmlt
1549 5162 1596 5213 443.
