<?xml version="1.0" encoding="UTF-8"?>
<!DOCTYPE html PUBLIC "-//W3C//DTD XHTML 1.0 Transitional//EN"
    "http://www.w3.org/TR/xhtml1/DTD/xhtml1-transitional.dtd">
<html xmlns="http://www.w3.org/1999/xhtml" xml:lang="en" lang="en">
 <head>
  <title>
</title>
<meta http-equiv="Content-Type" content="text/html;charset=utf-8" />
  <meta name='ocr-system' content='tesseract 3.04.00' />
  <meta name='ocr-capabilities' content='ocr_page ocr_carea ocr_par ocr_line ocrx_word'/>
</head>
<body>
  <div class='ocr_page' id='page_1' title='image "./mtulliiciceroni00baitgoog_0173.png"; bbox 0 0 3648 5888; ppageno 0'>
   <div class='ocr_carea' id='block_1_1' title="bbox 528 462 1544 550">
    <p class='ocr_par' dir='ltr' id='par_1_1' title="bbox 528 462 1544 550">
     <span class='ocr_line' id='line_1_1' title="bbox 528 462 1544 550; baseline -0.003 -14"><span class='ocrx_word' id='word_1_1' title='bbox 528 467 647 536; x_wconf 75' lang='lat' dir='ltr'><strong>nmr.</strong></span> <span class='ocrx_word' id='word_1_2' title='bbox 676 465 978 534; x_wconf 72' lang='lat' dir='ltr'><strong>cmxx-xxa.</strong></span> <span class='ocrx_word' id='word_1_3' title='bbox 1002 462 1227 550; x_wconf 63' lang='lat' dir='ltr'><strong>egeo-or.</strong></span> <span class='ocrx_word' id='word_1_4' title='bbox 1481 463 1544 534; x_wconf 84' lang='lat' dir='ltr'><strong>ur</strong></span> 
     </span>
    </p>
   </div>
   <div class='ocr_carea' id='block_1_2' title="bbox 87 634 1705 4206">
    <p class='ocr_par' dir='ltr' id='par_1_2' title="bbox 212 634 1705 3642">
     <span class='ocr_line' id='line_1_2' title="bbox 214 634 1545 723; baseline 0.002 -21"><span class='ocrx_word' id='word_1_5' title='bbox 214 636 399 702; x_wconf 78' lang='lat' dir='ltr'><strong>hominihus</strong></span> <span class='ocrx_word' id='word_1_6' title='bbox 419 635 453 702; x_wconf 92' lang='lat' dir='ltr'><strong>in</strong></span> <span class='ocrx_word' id='word_1_7' title='bbox 474 637 662 722; x_wconf 83' lang='lat' dir='ltr'><strong>proverbio,</strong></span> <span class='ocrx_word' id='word_1_8' title='bbox 684 657 781 723; x_wconf 64' lang='lat' dir='ltr'><strong>mem</strong></span> <span class='ocrx_word' id='word_1_9' title='bbox 802 637 910 702; x_wconf 87' lang='lat' dir='ltr'><strong>omnia</strong></span> <span class='ocrx_word' id='word_1_10' title='bbox 930 638 1017 702; x_wconf 92' lang='lat' dir='ltr'><strong>intus</strong></span> <span class='ocrx_word' id='word_1_11' title='bbox 1038 655 1152 700; x_wconf 81' lang='lat' dir='ltr'><strong>canem</strong></span> <span class='ocrx_word' id='word_1_12' title='bbox 1173 634 1339 711; x_wconf 84' lang='lat' dir='ltr'><strong>dicebant,</strong></span> <span class='ocrx_word' id='word_1_13' title='bbox 1361 634 1491 702; x_wconf 74' lang='lat' dir='ltr'><strong>sustulit</strong></span> <span class='ocrx_word' id='word_1_14' title='bbox 1511 643 1545 704; x_wconf 83' lang='lat' dir='ltr'><strong>u</strong></span> 
     </span>
     <span class='ocr_line' id='line_1_3' title="bbox 214 727 1544 818; baseline -0.003 -21"><span class='ocrx_word' id='word_1_15' title='bbox 214 734 249 798; x_wconf 91' lang='lat' dir='ltr'><strong>in</strong></span> <span class='ocrx_word' id='word_1_16' title='bbox 269 733 390 798; x_wconf 79' lang='lat' dir='ltr'><strong>intimis</strong></span> <span class='ocrx_word' id='word_1_17' title='bbox 412 733 478 798; x_wconf 88' lang='lat' dir='ltr'><strong>suis</strong></span> <span class='ocrx_word' id='word_1_18' title='bbox 500 733 632 799; x_wconf 67' lang='lat' dir='ltr'><strong>sednon</strong></span> <span class='ocrx_word' id='word_1_19' title='bbox 653 735 779 818; x_wconf 78' lang='lat' dir='ltr'>posuit,</span> <span class='ocrx_word' id='word_1_20' title='bbox 800 740 837 798; x_wconf 91' lang='lat' dir='ltr'><strong>ut</strong></span> <span class='ocrx_word' id='word_1_21' title='bbox 858 733 953 797; x_wconf 89' lang='lat' dir='ltr'><strong>etium</strong></span> <span class='ocrx_word' id='word_1_22' title='bbox 973 731 1065 796; x_wconf 89' lang='lat' dir='ltr'><strong>illum</strong></span> <span class='ocrx_word' id='word_1_23' title='bbox 1086 731 1192 814; x_wconf 92' lang='lat' dir='ltr'><strong>ipsum</strong></span> <span class='ocrx_word' id='word_1_24' title='bbox 1212 749 1272 796; x_wconf 87' lang='lat' dir='ltr'><strong>suo</strong></span> <span class='ocrx_word' id='word_1_25' title='bbox 1291 727 1425 794; x_wconf 74' lang='lat' dir='ltr'><strong>artfficio</strong></span> <span class='ocrx_word' id='word_1_26' title='bbox 1448 749 1544 814; x_wconf 90' lang='lat' dir='ltr'><strong>supe-</strong></span> 
     </span>
     <span class='ocr_line' id='line_1_4' title="bbox 213 823 1543 912; baseline -0.006 -18"><span class='ocrx_word' id='word_1_27' title='bbox 213 849 302 894; x_wconf 88' lang='lat' dir='ltr'><strong>rasse</strong></span> <span class='ocrx_word' id='word_1_28' title='bbox 322 829 478 894; x_wconf 84' lang='lat' dir='ltr'><strong>rideatur.</strong></span> <span class='ocrx_word' id='word_1_29' title='bbox 510 823 562 892; x_wconf 80' lang='grc'><strong>54.</strong></span> <span class='ocrx_word' id='word_1_30' title='bbox 583 829 701 911; x_wconf 79' lang='lat' dir='ltr'>Pergae</span> <span class='ocrx_word' id='word_1_31' title='bbox 722 827 833 891; x_wconf 83' lang='lat' dir='ltr'><strong>fanum</strong></span> <span class='ocrx_word' id='word_1_32' title='bbox 853 824 1113 912; x_wconf 89' lang='lat' dir='ltr'><strong>antiquissimum</strong></span> <span class='ocrx_word' id='word_1_33' title='bbox 1128 832 1161 889; x_wconf 91' lang='lat' dir='ltr'><strong>et</strong></span> <span class='ocrx_word' id='word_1_34' title='bbox 1173 825 1409 890; x_wconf 86' lang='lat' dir='ltr'><strong>sanctissimum</strong></span> <span class='ocrx_word' id='word_1_35' title='bbox 1421 825 1543 888; x_wconf 87' lang='lat' dir='ltr'><strong>Dianae</strong></span> 
     </span>
     <span class='ocr_line' id='line_1_5' title="bbox 214 917 1544 1007; baseline -0.005 -19"><span class='ocrx_word' id='word_1_36' title='bbox 214 923 333 988; x_wconf 90' lang='lat' dir='ltr'><strong>scimus</strong></span> <span class='ocrx_word' id='word_1_37' title='bbox 355 942 436 988; x_wconf 87' lang='lat' dir='ltr'><strong>esso.</strong></span> <span class='ocrx_word' id='word_1_38' title='bbox 470 921 507 986; x_wconf 92' lang='lat' dir='ltr'><strong>ld</strong></span> <span class='ocrx_word' id='word_1_39' title='bbox 530 941 660 1007; x_wconf 91' lang='lat' dir='ltr'><strong>quoque</strong></span> <span class='ocrx_word' id='word_1_40' title='bbox 682 941 701 986; x_wconf 84' lang='lat' dir='ltr'><strong>a</strong></span> <span class='ocrx_word' id='word_1_41' title='bbox 721 929 753 986; x_wconf 88' lang='lat' dir='ltr'><strong>te</strong></span> <span class='ocrx_word' id='word_1_42' title='bbox 774 919 930 984; x_wconf 89' lang='lat' dir='ltr'><strong>nudatum</strong></span> <span class='ocrx_word' id='word_1_43' title='bbox 952 939 989 983; x_wconf 89' lang='lat' dir='ltr'><strong>ac</strong></span> <span class='ocrx_word' id='word_1_44' title='bbox 1005 917 1177 1000; x_wconf 89' lang='lat' dir='ltr'><strong>spoliatum</strong></span> <span class='ocrx_word' id='word_1_45' title='bbox 1192 939 1280 994; x_wconf 88' lang='lat' dir='ltr'><strong>esse,</strong></span> <span class='ocrx_word' id='word_1_46' title='bbox 1302 939 1344 984; x_wconf 85' lang='lat' dir='ltr'><strong>ex</strong></span> <span class='ocrx_word' id='word_1_47' title='bbox 1357 918 1544 1002; x_wconf 76' lang='lat' dir='ltr'><strong>ipsaniam</strong></span> 
     </span>
     <span class='ocr_line' id='line_1_6' title="bbox 215 1012 1568 1104; baseline -0.005 -21"><span class='ocrx_word' id='word_1_48' title='bbox 215 1020 303 1104; x_wconf 91' lang='lat' dir='ltr'><strong>quod</strong></span> <span class='ocrx_word' id='word_1_49' title='bbox 323 1017 461 1082; x_wconf 75' lang='grc'><strong>4444444444</strong></span> <span class='ocrx_word' id='word_1_50' title='bbox 481 1017 551 1080; x_wconf 89' lang='lat' dir='ltr'><strong>nuri</strong></span> <span class='ocrx_word' id='word_1_51' title='bbox 572 1016 749 1080; x_wconf 78' lang='lat' dir='ltr'><strong>dsuaetum</strong></span> <span class='ocrx_word' id='word_1_52' title='bbox 770 1021 868 1098; x_wconf 88' lang='lat' dir='ltr'><strong>atquo</strong></span> <span class='ocrx_word' id='word_1_53' title='bbox 890 1012 1032 1078; x_wconf 81' lang='lat' dir='ltr'><strong>ablatum</strong></span> <span class='ocrx_word' id='word_1_54' title='bbox 1052 1033 1122 1078; x_wconf 88' lang='lat' dir='ltr'><strong>esse</strong></span> <span class='ocrx_word' id='word_1_55' title='bbox 1145 1014 1227 1079; x_wconf 90' lang='lat' dir='ltr'><strong>dico.</strong></span> <span class='ocrx_word' id='word_1_56' title='bbox 1271 1013 1379 1092; x_wconf 84' lang='lat' dir='ltr'><strong>Quae,</strong></span> <span class='ocrx_word' id='word_1_57' title='bbox 1406 1013 1568 1080; x_wconf 81' lang='lat' dir='ltr'><strong>mulumlc</strong></span> 
     </span>
     <span class='ocr_line' id='line_1_7' title="bbox 214 1107 1705 1195; baseline -0.003 -17"><span class='ocrx_word' id='word_1_58' title='bbox 214 1119 264 1178; x_wconf 86' lang='lat' dir='ltr'><strong>est</strong></span> <span class='ocrx_word' id='word_1_59' title='bbox 287 1113 350 1178; x_wconf 87' lang='lat' dir='ltr'><strong>ista</strong></span> <span class='ocrx_word' id='word_1_60' title='bbox 375 1119 463 1177; x_wconf 87' lang='lat' dir='ltr'><strong>tanta</strong></span> <span class='ocrx_word' id='word_1_61' title='bbox 483 1111 618 1176; x_wconf 83' lang='lat' dir='ltr'><strong>audacia</strong></span> <span class='ocrx_word' id='word_1_62' title='bbox 639 1117 738 1195; x_wconf 89' lang='lat' dir='ltr'><strong>atque</strong></span> <span class='ocrx_word' id='word_1_63' title='bbox 760 1109 922 1175; x_wconf 71' lang='lat' dir='ltr'><strong>amentia?</strong></span> <span class='ocrx_word' id='word_1_64' title='bbox 954 1128 1037 1192; x_wconf 88' lang='lat' dir='ltr'><strong>quas</strong></span> <span class='ocrx_word' id='word_1_65' title='bbox 1058 1107 1145 1172; x_wconf 87' lang='lat' dir='ltr'><strong>enim</strong></span> <span class='ocrx_word' id='word_1_66' title='bbox 1166 1109 1327 1176; x_wconf 84' lang='lat' dir='ltr'><strong>sociorum</strong></span> <span class='ocrx_word' id='word_1_67' title='bbox 1347 1114 1444 1194; x_wconf 88' lang='lat' dir='ltr'><strong>atque</strong></span> <span class='ocrx_word' id='word_1_68' title='bbox 1465 1108 1545 1174; x_wconf 89' lang='lat' dir='ltr'><strong>ami·</strong></span> <span class='ocrx_word' id='word_1_69' title='bbox 1687 1111 1705 1182; x_wconf 70' lang='grc'><strong>4</strong></span> 
     </span>
     <span class='ocr_line' id='line_1_8' title="bbox 214 1197 1545 1288; baseline -0.005 -16"><span class='ocrx_word' id='word_1_70' title='bbox 214 1227 325 1272; x_wconf 77' lang='lat' dir='ltr'><strong>comm</strong></span> <span class='ocrx_word' id='word_1_71' title='bbox 343 1197 440 1271; x_wconf 74' lang='lat' dir='ltr'><strong>urbes</strong></span> <span class='ocrx_word' id='word_1_72' title='bbox 461 1205 558 1270; x_wconf 89' lang='lat' dir='ltr'><strong>adisti</strong></span> <span class='ocrx_word' id='word_1_73' title='bbox 579 1204 750 1288; x_wconf 79' lang='lat' dir='ltr'><strong>legationis</strong></span> <span class='ocrx_word' id='word_1_74' title='bbox 772 1205 842 1268; x_wconf 92' lang='lat' dir='ltr'><strong>iure</strong></span> <span class='ocrx_word' id='word_1_75' title='bbox 864 1209 896 1269; x_wconf 89' lang='lat' dir='ltr'><strong>ct</strong></span> <span class='ocrx_word' id='word_1_76' title='bbox 916 1203 1064 1279; x_wconf 90' lang='lat' dir='ltr'><strong>nomine,</strong></span> <span class='ocrx_word' id='word_1_77' title='bbox 1085 1203 1114 1266; x_wconf 92' lang='lat' dir='ltr'><strong>si</strong></span> <span class='ocrx_word' id='word_1_78' title='bbox 1134 1203 1170 1266; x_wconf 91' lang='lat' dir='ltr'><strong>in</strong></span> <span class='ocrx_word' id='word_1_79' title='bbox 1190 1223 1245 1269; x_wconf 88' lang='lat' dir='ltr'><strong>eas</strong></span> <span class='ocrx_word' id='word_1_80' title='bbox 1259 1202 1291 1268; x_wconf 78' lang='lat' dir='ltr'><strong>ui</strong></span> <span class='ocrx_word' id='word_1_81' title='bbox 1313 1223 1386 1270; x_wconf 84' lang='lat' dir='ltr'><strong>cum</strong></span> <span class='ocrx_word' id='word_1_82' title='bbox 1401 1203 1545 1268; x_wconf 85' lang='lat' dir='ltr'><strong>exercitu</strong></span> 
     </span>
     <span class='ocr_line' id='line_1_9' title="bbox 213 1296 1545 1388; baseline -0.004 -23"><span class='ocrx_word' id='word_1_83' title='bbox 213 1300 413 1386; x_wconf 86' lang='lat' dir='ltr'><strong>imperioque</strong></span> <span class='ocrx_word' id='word_1_84' title='bbox 434 1297 623 1373; x_wconf 78' lang='lat' dir='ltr'><strong>invenisses,</strong></span> <span class='ocrx_word' id='word_1_85' title='bbox 653 1303 777 1374; x_wconf 62' lang='lat' dir='ltr'><strong>umen,</strong></span> <span class='ocrx_word' id='word_1_86' title='bbox 806 1297 937 1381; x_wconf 81' lang='lat' dir='ltr'><strong>opinor,</strong></span> <span class='ocrx_word' id='word_1_87' title='bbox 959 1315 1042 1388; x_wconf 75' lang='lat' dir='ltr'><strong>quae</strong></span> <span class='ocrx_word' id='word_1_88' title='bbox 1064 1296 1274 1382; x_wconf 83' lang='lat' dir='ltr'><strong>signentque</strong></span> <span class='ocrx_word' id='word_1_89' title='bbox 1296 1303 1481 1362; x_wconf 83' lang='lat' dir='ltr'><strong>ornamenta</strong></span> <span class='ocrx_word' id='word_1_90' title='bbox 1503 1317 1545 1360; x_wconf 86' lang='lat' dir='ltr'><strong>ex</strong></span> 
     </span>
     <span class='ocr_line' id='line_1_10' title="bbox 213 1391 1545 1475; baseline 0 -17"><span class='ocrx_word' id='word_1_91' title='bbox 213 1396 253 1460; x_wconf 87' lang='lat' dir='ltr'><strong>iis</strong></span> <span class='ocrx_word' id='word_1_92' title='bbox 273 1395 407 1460; x_wconf 86' lang='lat' dir='ltr'><strong>urbibus</strong></span> <span class='ocrx_word' id='word_1_93' title='bbox 434 1391 637 1468; x_wconf 87' lang='lat' dir='ltr'><strong>sustulisses,</strong></span> <span class='ocrx_word' id='word_1_94' title='bbox 665 1391 745 1456; x_wconf 87' lang='lat' dir='ltr'><strong>heco</strong></span> <span class='ocrx_word' id='word_1_95' title='bbox 775 1413 841 1456; x_wconf 90' lang='lat' dir='ltr'><strong>non</strong></span> <span class='ocrx_word' id='word_1_96' title='bbox 862 1391 898 1454; x_wconf 93' lang='lat' dir='ltr'><strong>in</strong></span> <span class='ocrx_word' id='word_1_97' title='bbox 918 1397 1005 1454; x_wconf 85' lang='lat' dir='ltr'><strong>tuam</strong></span> <span class='ocrx_word' id='word_1_98' title='bbox 1027 1391 1158 1454; x_wconf 91' lang='lat' dir='ltr'><strong>domum</strong></span> <span class='ocrx_word' id='word_1_99' title='bbox 1178 1411 1285 1475; x_wconf 84' lang='lat' dir='ltr'><strong>neque</strong></span> <span class='ocrx_word' id='word_1_100' title='bbox 1306 1391 1341 1456; x_wconf 88' lang='lat' dir='ltr'><strong>ln</strong></span> <span class='ocrx_word' id='word_1_101' title='bbox 1362 1392 1545 1458; x_wconf 83' lang='lat' dir='ltr'><strong>suburbana</strong></span> 
     </span>
     <span class='ocr_line' id='line_1_11' title="bbox 213 1482 1583 1571; baseline -0.001 -18"><span class='ocrx_word' id='word_1_102' title='bbox 213 1489 407 1564; x_wconf 88' lang='lat' dir='ltr'><strong>amicorum,</strong></span> <span class='ocrx_word' id='word_1_103' title='bbox 436 1487 492 1552; x_wconf 90' lang='lat' dir='ltr'><strong>sed</strong></span> <span class='ocrx_word' id='word_1_104' title='bbox 521 1487 655 1550; x_wconf 85' lang='lat' dir='ltr'><strong>Romam</strong></span> <span class='ocrx_word' id='word_1_105' title='bbox 684 1485 718 1548; x_wconf 90' lang='lat' dir='ltr'><strong>in</strong></span> <span class='ocrx_word' id='word_1_106' title='bbox 753 1485 914 1568; x_wconf 90' lang='lat' dir='ltr'><strong>publicum</strong></span> <span class='ocrx_word' id='word_1_107' title='bbox 937 1482 1148 1566; x_wconf 87' lang='lat' dir='ltr'><strong>deportasses.</strong></span> <span class='ocrx_word' id='word_1_108' title='bbox 1191 1486 1278 1550; x_wconf 85' lang='lat' dir='ltr'><strong>Xlll.</strong></span> <span class='ocrx_word' id='word_1_109' title='bbox 1299 1482 1352 1550; x_wconf 78' lang='lat' dir='ltr'><strong>do.</strong></span> <span class='ocrx_word' id='word_1_110' title='bbox 1374 1486 1461 1563; x_wconf 80' lang='lat' dir='ltr'><strong>Quid</strong></span> <span class='ocrx_word' id='word_1_111' title='bbox 1483 1507 1543 1571; x_wconf 88' lang='lat' dir='ltr'><strong>ego</strong></span> <span class='ocrx_word' id='word_1_112' title='bbox 1553 1510 1583 1557; x_wconf 84' lang='grc'><strong>44</strong></span> 
     </span>
     <span class='ocr_line' id='line_1_12' title="bbox 213 1577 1694 1674; baseline 0.001 -27"><span class='ocrx_word' id='word_1_113' title='bbox 213 1584 254 1649; x_wconf 84' lang='lat' dir='ltr'><strong>dc</strong></span> <span class='ocrx_word' id='word_1_114' title='bbox 275 1586 318 1650; x_wconf 83' lang='lat' dir='ltr'><strong>ll.</strong></span> <span class='ocrx_word' id='word_1_115' title='bbox 332 1581 482 1649; x_wconf 79' lang='lat' dir='ltr'><strong>Marcello</strong></span> <span class='ocrx_word' id='word_1_116' title='bbox 497 1579 627 1664; x_wconf 86' lang='lat' dir='ltr'><strong>loquar,</strong></span> <span class='ocrx_word' id='word_1_117' title='bbox 649 1577 707 1663; x_wconf 91' lang='lat' dir='ltr'><strong>qui</strong></span> <span class='ocrx_word' id='word_1_118' title='bbox 722 1579 911 1666; x_wconf 80' lang='lat' dir='ltr'><strong>Syracusas,</strong></span> <span class='ocrx_word' id='word_1_119' title='bbox 933 1577 1045 1642; x_wconf 88' lang='lat' dir='ltr'><strong>urbem</strong></span> <span class='ocrx_word' id='word_1_120' title='bbox 1060 1579 1313 1670; x_wconf 87' lang='lat' dir='ltr'><strong>ornatissimam,</strong></span> <span class='ocrx_word' id='word_1_121' title='bbox 1334 1581 1442 1664; x_wconf 81' lang='lat' dir='ltr'><strong>cepitl</strong></span> <span class='ocrx_word' id='word_1_122' title='bbox 1465 1581 1545 1667; x_wconf 90' lang='lat' dir='ltr'><strong>quid</strong></span> <span class='ocrx_word' id='word_1_123' title='bbox 1663 1577 1694 1674; x_wconf 59' lang='lat' dir='ltr'><em>A</em></span> 
     </span>
     <span class='ocr_line' id='line_1_13' title="bbox 215 1671 1685 1765; baseline -0.001 -23"><span class='ocrx_word' id='word_1_124' title='bbox 215 1677 255 1742; x_wconf 90' lang='lat' dir='ltr'><strong>dc</strong></span> <span class='ocrx_word' id='word_1_125' title='bbox 276 1679 312 1743; x_wconf 83' lang='lat'><strong>1.</strong></span> <span class='ocrx_word' id='word_1_126' title='bbox 334 1678 505 1762; x_wconf 75' lang='lat' dir='ltr'><strong>Scipione,</strong></span> <span class='ocrx_word' id='word_1_127' title='bbox 527 1674 584 1759; x_wconf 92' lang='lat' dir='ltr'><strong>qui</strong></span> <span class='ocrx_word' id='word_1_128' title='bbox 604 1672 726 1738; x_wconf 84' lang='lat' dir='ltr'><strong>bellum</strong></span> <span class='ocrx_word' id='word_1_129' title='bbox 747 1673 782 1736; x_wconf 91' lang='lat' dir='ltr'><strong>in</strong></span> <span class='ocrx_word' id='word_1_130' title='bbox 802 1673 879 1736; x_wconf 82' lang='lat' dir='ltr'><strong>Asia</strong></span> <span class='ocrx_word' id='word_1_131' title='bbox 900 1672 998 1755; x_wconf 78' lang='lat' dir='ltr'><strong>gessit</strong></span> <span class='ocrx_word' id='word_1_132' title='bbox 1011 1671 1286 1758; x_wconf 75' lang='lat' dir='ltr'><strong>Antiochumque,</strong></span> <span class='ocrx_word' id='word_1_133' title='bbox 1307 1695 1414 1758; x_wconf 87' lang='lat' dir='ltr'><strong>regem</strong></span> <span class='ocrx_word' id='word_1_134' title='bbox 1431 1682 1545 1760; x_wconf 90' lang='lat' dir='ltr'><strong>poten·</strong></span> <span class='ocrx_word' id='word_1_135' title='bbox 1661 1700 1685 1765; x_wconf 68' lang='lat' dir='ltr'><em>s</em></span> 
     </span>
     <span class='ocr_line' id='line_1_14' title="bbox 214 1763 1690 1852; baseline -0.003 -14"><span class='ocrx_word' id='word_1_136' title='bbox 214 1773 391 1847; x_wconf 80' lang='lat' dir='ltr'><strong>tissimum,</strong></span> <span class='ocrx_word' id='word_1_137' title='bbox 420 1769 519 1835; x_wconf 83' lang='lat' dir='ltr'><strong>vicit‘l</strong></span> <span class='ocrx_word' id='word_1_138' title='bbox 551 1767 628 1852; x_wconf 92' lang='lat' dir='ltr'><strong>qnid</strong></span> <span class='ocrx_word' id='word_1_139' title='bbox 651 1768 690 1832; x_wconf 89' lang='lat' dir='ltr'><strong>de</strong></span> <span class='ocrx_word' id='word_1_140' title='bbox 712 1767 910 1842; x_wconf 81' lang='lat' dir='ltr'><strong>Flaminino,</strong></span> <span class='ocrx_word' id='word_1_141' title='bbox 932 1765 990 1850; x_wconf 93' lang='lat' dir='ltr'><strong>qui</strong></span> <span class='ocrx_word' id='word_1_142' title='bbox 1010 1784 1119 1852; x_wconf 74' lang='lat' dir='ltr'><strong>regam</strong></span> <span class='ocrx_word' id='word_1_143' title='bbox 1140 1768 1324 1852; x_wconf 83' lang='lat' dir='ltr'><strong>Philippum</strong></span> <span class='ocrx_word' id='word_1_144' title='bbox 1346 1776 1378 1832; x_wconf 91' lang='lat' dir='ltr'><strong>et</strong></span> <span class='ocrx_word' id='word_1_145' title='bbox 1398 1769 1547 1835; x_wconf 81' lang='lat' dir='ltr'><strong>Macedo·</strong></span> <span class='ocrx_word' id='word_1_146' title='bbox 1656 1763 1690 1828; x_wconf 58' lang='lat' dir='ltr'><strong>‘s‘</strong></span> 
     </span>
     <span class='ocr_line' id='line_1_15' title="bbox 214 1853 1677 1953; baseline 0.001 -24"><span class='ocrx_word' id='word_1_147' title='bbox 214 1866 302 1932; x_wconf 79' lang='lat' dir='ltr'><strong>niem</strong></span> <span class='ocrx_word' id='word_1_148' title='bbox 322 1865 470 1948; x_wconf 78' lang='lat' dir='ltr'><strong>sulegiti</strong></span> <span class='ocrx_word' id='word_1_149' title='bbox 492 1862 570 1947; x_wconf 90' lang='lat' dir='ltr'><strong>qnid</strong></span> <span class='ocrx_word' id='word_1_150' title='bbox 591 1860 632 1925; x_wconf 88' lang='lat' dir='ltr'><strong>de</strong></span> <span class='ocrx_word' id='word_1_151' title='bbox 653 1863 690 1925; x_wconf 90' lang='lat' dir='ltr'><strong>L.</strong></span> <span class='ocrx_word' id='word_1_152' title='bbox 711 1861 839 1936; x_wconf 87' lang='lat' dir='ltr'><strong>Paullo,</strong></span> <span class='ocrx_word' id='word_1_153' title='bbox 862 1861 919 1945; x_wconf 90' lang='lat' dir='ltr'><strong>qui</strong></span> <span class='ocrx_word' id='word_1_154' title='bbox 941 1879 1048 1953; x_wconf 83' lang='lat' dir='ltr'><strong>regem</strong></span> <span class='ocrx_word' id='word_1_155' title='bbox 1070 1862 1188 1938; x_wconf 78' lang='lat' dir='ltr'><strong>Persen</strong></span> <span class='ocrx_word' id='word_1_156' title='bbox 1211 1863 1243 1926; x_wconf 83' lang='lat' dir='ltr'><strong>vi</strong></span> <span class='ocrx_word' id='word_1_157' title='bbox 1263 1883 1302 1928; x_wconf 81' lang='lat' dir='ltr'><strong>ac</strong></span> <span class='ocrx_word' id='word_1_158' title='bbox 1316 1864 1434 1930; x_wconf 81' lang='lat' dir='ltr'><strong>virtute</strong></span> <span class='ocrx_word' id='word_1_159' title='bbox 1450 1885 1547 1949; x_wconf 89' lang='lat' dir='ltr'><strong>supe·</strong></span> <span class='ocrx_word' id='word_1_160' title='bbox 1666 1853 1677 1881; x_wconf 65' lang='lat'>⁰</span> 
     </span>
     <span class='ocr_line' id='line_1_16' title="bbox 214 1945 1684 2064; baseline -0.001 -39"><span class='ocrx_word' id='word_1_161' title='bbox 214 1961 322 2025; x_wconf 74' lang='lat' dir='ltr'><strong>ravit?</strong></span> <span class='ocrx_word' id='word_1_162' title='bbox 352 1959 432 2044; x_wconf 90' lang='lat' dir='ltr'><strong>quid</strong></span> <span class='ocrx_word' id='word_1_163' title='bbox 461 1958 502 2022; x_wconf 87' lang='lat' dir='ltr'><strong>de</strong></span> <span class='ocrx_word' id='word_1_164' title='bbox 523 1959 559 2020; x_wconf 87' lang='lat' dir='ltr'><strong>L.</strong></span> <span class='ocrx_word' id='word_1_165' title='bbox 581 1955 753 2030; x_wconf 80' lang='lat' dir='ltr'><strong>Mummio,</strong></span> <span class='ocrx_word' id='word_1_166' title='bbox 782 1955 839 2040; x_wconf 94' lang='lat' dir='ltr'><strong>qui</strong></span> <span class='ocrx_word' id='word_1_167' title='bbox 860 1955 972 2018; x_wconf 84' lang='lat' dir='ltr'><strong>urbem</strong></span> <span class='ocrx_word' id='word_1_168' title='bbox 993 1945 1241 2040; x_wconf 83' lang='lat' dir='ltr'><strong>pulcherrimam</strong></span> <span class='ocrx_word' id='word_1_169' title='bbox 1261 1963 1359 2042; x_wconf 73' lang='grc'><strong>44444</strong></span> <span class='ocrx_word' id='word_1_170' title='bbox 1381 1960 1589 2064; x_wconf 64' lang='lat' dir='ltr'><strong>ornatum-eq</strong></span> <span class='ocrx_word' id='word_1_171' title='bbox 1670 1946 1684 2035; x_wconf 67' lang='lat'><strong>¹,</strong></span> 
     </span>
     <span class='ocr_line' id='line_1_17' title="bbox 216 2044 1671 2137; baseline 0.001 -20"><span class='ocrx_word' id='word_1_172' title='bbox 216 2073 317 2129; x_wconf 89' lang='lat' dir='ltr'><strong>marn,</strong></span> <span class='ocrx_word' id='word_1_173' title='bbox 333 2051 529 2125; x_wconf 84' lang='lat' dir='ltr'><strong>Corinthum,</strong></span> <span class='ocrx_word' id='word_1_174' title='bbox 550 2049 770 2133; x_wconf 84' lang='lat' dir='ltr'><strong>plenissimam</strong></span> <span class='ocrx_word' id='word_1_175' title='bbox 784 2069 892 2114; x_wconf 88' lang='lat' dir='ltr'><strong>rerum</strong></span> <span class='ocrx_word' id='word_1_176' title='bbox 908 2047 1049 2112; x_wconf 90' lang='lat' dir='ltr'><strong>omnium</strong></span> <span class='ocrx_word' id='word_1_177' title='bbox 1058 2093 1068 2124; x_wconf 93' lang='lat'>‚</span> <span class='ocrx_word' id='word_1_178' title='bbox 1090 2049 1220 2114; x_wconf 86' lang='lat' dir='ltr'><strong>sustulit</strong></span> <span class='ocrx_word' id='word_1_179' title='bbox 1233 2051 1394 2137; x_wconf 81' lang='lat' dir='ltr'><strong>urbesque</strong></span> <span class='ocrx_word' id='word_1_180' title='bbox 1407 2053 1547 2119; x_wconf 77' lang='lat' dir='ltr'><strong>Achaiae</strong></span> <span class='ocrx_word' id='word_1_181' title='bbox 1653 2044 1671 2106; x_wconf 56' lang='grc' dir='ltr'><strong><em>ἓ</em></strong></span> 
     </span>
     <span class='ocr_line' id='line_1_18' title="bbox 214 2142 1548 2232; baseline 0.003 -22"><span class='ocrx_word' id='word_1_182' title='bbox 214 2145 431 2229; x_wconf 72' lang='lat' dir='ltr'><strong>Boeotiaeque</strong></span> <span class='ocrx_word' id='word_1_183' title='bbox 452 2145 569 2208; x_wconf 88' lang='lat' dir='ltr'><strong>multas</strong></span> <span class='ocrx_word' id='word_1_184' title='bbox 590 2143 650 2206; x_wconf 86' lang='lat' dir='ltr'><strong>sul)</strong></span> <span class='ocrx_word' id='word_1_185' title='bbox 671 2143 842 2226; x_wconf 86' lang='lat' dir='ltr'><strong>imperium</strong></span> <span class='ocrx_word' id='word_1_186' title='bbox 869 2142 988 2227; x_wconf 49' lang='lat' dir='ltr'><strong>populi,</strong></span> <span class='ocrx_word' id='word_1_187' title='bbox 1009 2143 1143 2208; x_wconf 88' lang='lat' dir='ltr'><strong>llomani</strong></span> <span class='ocrx_word' id='word_1_188' title='bbox 1172 2143 1393 2232; x_wconf 79' lang='lat' dir='ltr'><strong>ditionemque</strong></span> <span class='ocrx_word' id='word_1_189' title='bbox 1413 2148 1548 2216; x_wconf 82' lang='lat' dir='ltr'><strong>subiun-</strong></span> 
     </span>
     <span class='ocr_line' id='line_1_19' title="bbox 214 2237 1548 2325; baseline 0.001 -21"><span class='ocrx_word' id='word_1_190' title='bbox 214 2241 289 2304; x_wconf 75' lang='lat' dir='ltr'><strong>xit?</strong></span> <span class='ocrx_word' id='word_1_191' title='bbox 318 2259 454 2325; x_wconf 86' lang='lat' dir='ltr'><strong>quorum</strong></span> <span class='ocrx_word' id='word_1_192' title='bbox 484 2239 598 2303; x_wconf 89' lang='lat' dir='ltr'><strong>domus</strong></span> <span class='ocrx_word' id='word_1_193' title='bbox 620 2257 692 2302; x_wconf 88' lang='lat' dir='ltr'><strong>cum</strong></span> <span class='ocrx_word' id='word_1_194' title='bbox 712 2237 837 2302; x_wconf 88' lang='lat' dir='ltr'><strong>honore</strong></span> <span class='ocrx_word' id='word_1_195' title='bbox 858 2259 896 2304; x_wconf 89' lang='lat' dir='ltr'><strong>ac</strong></span> <span class='ocrx_word' id='word_1_196' title='bbox 916 2239 1034 2304; x_wconf 80' lang='lat' dir='ltr'><strong>virtute</strong></span> <span class='ocrx_word' id='word_1_197' title='bbox 1055 2238 1223 2316; x_wconf 88' lang='lat' dir='ltr'><strong>llorerent,</strong></span> <span class='ocrx_word' id='word_1_198' title='bbox 1254 2240 1355 2324; x_wconf 87' lang='lat' dir='ltr'><strong>signis</strong></span> <span class='ocrx_word' id='word_1_199' title='bbox 1375 2248 1410 2306; x_wconf 84' lang='lat' dir='ltr'><strong>st</strong></span> <span class='ocrx_word' id='word_1_200' title='bbox 1430 2241 1548 2306; x_wconf 73' lang='lat' dir='ltr'><strong>tabidis</strong></span> 
     </span>
     <span class='ocr_line' id='line_1_20' title="bbox 215 2331 1548 2420; baseline 0.002 -22"><span class='ocrx_word' id='word_1_201' title='bbox 215 2333 310 2416; x_wconf 85' lang='lat' dir='ltr'><strong>pictis</strong></span> <span class='ocrx_word' id='word_1_202' title='bbox 332 2339 422 2398; x_wconf 86' lang='lat' dir='ltr'><strong>erant</strong></span> <span class='ocrx_word' id='word_1_203' title='bbox 441 2352 571 2398; x_wconf 83' lang='lat' dir='ltr'><strong>vacuae.</strong></span> <span class='ocrx_word' id='word_1_204' title='bbox 606 2331 648 2396; x_wconf 81' lang='lat' dir='ltr'><strong>At</strong></span> <span class='ocrx_word' id='word_1_205' title='bbox 668 2333 871 2398; x_wconf 87' lang='lat' dir='ltr'><strong>vcro&#39;urbem</strong></span> <span class='ocrx_word' id='word_1_206' title='bbox 886 2341 985 2398; x_wconf 82' lang='lat' dir='ltr'><strong>totum</strong></span> <span class='ocrx_word' id='word_1_207' title='bbox 1010 2333 1194 2418; x_wconf 89' lang='lat' dir='ltr'><strong>templaque</strong></span> <span class='ocrx_word' id='word_1_208' title='bbox 1215 2333 1350 2400; x_wconf 74' lang='lat' dir='ltr'><strong>deorumn</strong></span> <span class='ocrx_word' id='word_1_209' title='bbox 1369 2355 1548 2420; x_wconf 79' lang='lat' dir='ltr'><strong>omnesque</strong></span> 
     </span>
     <span class='ocr_line' id='line_1_21' title="bbox 215 2425 1586 2512; baseline 0.005 -20"><span class='ocrx_word' id='word_1_210' title='bbox 215 2429 325 2494; x_wconf 86' lang='lat' dir='ltr'><strong>ltaliae</strong></span> <span class='ocrx_word' id='word_1_211' title='bbox 345 2435 452 2512; x_wconf 88' lang='lat' dir='ltr'><strong>partes</strong></span> <span class='ocrx_word' id='word_1_212' title='bbox 473 2427 604 2490; x_wconf 86' lang='lat' dir='ltr'><strong>illorum</strong></span> <span class='ocrx_word' id='word_1_213' title='bbox 625 2425 718 2490; x_wconf 85' lang='lat' dir='ltr'><strong>donis</strong></span> <span class='ocrx_word' id='word_1_214' title='bbox 740 2445 778 2490; x_wconf 88' lang='lat' dir='ltr'><strong>nc</strong></span> <span class='ocrx_word' id='word_1_215' title='bbox 799 2428 1015 2492; x_wconf 88' lang='lat' dir='ltr'><strong>monumentis</strong></span> <span class='ocrx_word' id='word_1_216' title='bbox 1037 2437 1208 2494; x_wconf 85' lang='lat' dir='ltr'><strong>exornatas</strong></span> <span class='ocrx_word' id='word_1_217' title='bbox 1226 2429 1383 2496; x_wconf 85' lang='lat' dir='ltr'><strong>ridemus.</strong></span> <span class='ocrx_word' id='word_1_218' title='bbox 1419 2429 1470 2496; x_wconf 79' lang='lat'><strong>56.</strong></span> <span class='ocrx_word' id='word_1_219' title='bbox 1485 2432 1586 2501; x_wconf 67' lang='lat' dir='ltr'><strong>Vsu</strong></span> 
     </span>
     <span class='ocr_line' id='line_1_22' title="bbox 214 2517 1548 2606; baseline 0.005 -21"><span class='ocrx_word' id='word_1_220' title='bbox 214 2541 289 2586; x_wconf 89' lang='lat' dir='ltr'><strong>reor</strong></span> <span class='ocrx_word' id='word_1_221' title='bbox 327 2541 368 2588; x_wconf 85' lang='lat' dir='ltr'><strong>ne</strong></span> <span class='ocrx_word' id='word_1_222' title='bbox 397 2521 477 2586; x_wconf 83' lang='lat' dir='ltr'><strong>haec</strong></span> <span class='ocrx_word' id='word_1_223' title='bbox 506 2517 589 2585; x_wconf 75' lang='lat' dir='ltr'><strong>torte</strong></span> <span class='ocrx_word' id='word_1_224' title='bbox 619 2519 761 2602; x_wconf 88' lang='lat' dir='ltr'><strong>cuipiam</strong></span> <span class='ocrx_word' id='word_1_225' title='bbox 788 2521 882 2585; x_wconf 90' lang='lat' dir='ltr'><strong>nimis</strong></span> <span class='ocrx_word' id='word_1_226' title='bbox 904 2519 1038 2606; x_wconf 84' lang='lat' dir='ltr'><strong>antiqua</strong></span> <span class='ocrx_word' id='word_1_227' title='bbox 1059 2528 1091 2586; x_wconf 89' lang='lat' dir='ltr'><strong>et</strong></span> <span class='ocrx_word' id='word_1_228' title='bbox 1111 2521 1176 2588; x_wconf 84' lang='lat' dir='ltr'><strong>iarn</strong></span> <span class='ocrx_word' id='word_1_229' title='bbox 1198 2523 1343 2590; x_wconf 84' lang='lat' dir='ltr'><strong>obsoleta</strong></span> <span class='ocrx_word' id='word_1_230' title='bbox 1363 2525 1548 2594; x_wconf 78' lang='lat' dir='ltr'><strong>videantura</strong></span> 
     </span>
     <span class='ocr_line' id='line_1_23' title="bbox 215 2613 1692 2704; baseline 0.004 -24"><span class='ocrx_word' id='word_1_231' title='bbox 215 2617 259 2680; x_wconf 84' lang='lat' dir='ltr'><strong>itu</strong></span> <span class='ocrx_word' id='word_1_232' title='bbox 280 2615 364 2680; x_wconf 91' lang='lat' dir='ltr'><strong>enim</strong></span> <span class='ocrx_word' id='word_1_233' title='bbox 385 2623 453 2680; x_wconf 90' lang='lat' dir='ltr'><strong>tum</strong></span> <span class='ocrx_word' id='word_1_234' title='bbox 474 2613 685 2699; x_wconf 75' lang='lat' dir='ltr'><strong>aequabiliter</strong></span> <span class='ocrx_word' id='word_1_235' title='bbox 706 2633 817 2678; x_wconf 84' lang='lat' dir='ltr'><strong>omnes</strong></span> <span class='ocrx_word' id='word_1_236' title='bbox 844 2622 934 2678; x_wconf 87' lang='lat' dir='ltr'><strong>erant</strong></span> <span class='ocrx_word' id='word_1_237' title='bbox 956 2613 1130 2691; x_wconf 87' lang='lat' dir='ltr'><strong>eiusmodi,</strong></span> <span class='ocrx_word' id='word_1_238' title='bbox 1158 2622 1195 2679; x_wconf 91' lang='lat' dir='ltr'><strong>ut</strong></span> <span class='ocrx_word' id='word_1_239' title='bbox 1215 2615 1296 2682; x_wconf 83' lang='lat' dir='ltr'><strong>haec</strong></span> <span class='ocrx_word' id='word_1_240' title='bbox 1315 2617 1388 2684; x_wconf 79' lang='lat' dir='ltr'><strong>laus</strong></span> <span class='ocrx_word' id='word_1_241' title='bbox 1410 2620 1547 2704; x_wconf 79' lang='lat' dir='ltr'><strong>eximiae</strong></span> <span class='ocrx_word' id='word_1_242' title='bbox 1674 2650 1692 2681; x_wconf 56' lang='grc'><strong>4</strong></span> 
     </span>
     <span class='ocr_line' id='line_1_24' title="bbox 214 2701 1547 2798; baseline 0.006 -25"><span class='ocrx_word' id='word_1_243' title='bbox 214 2709 340 2774; x_wconf 85' lang='lat' dir='ltr'><strong>virtutis</strong></span> <span class='ocrx_word' id='word_1_244' title='bbox 375 2717 408 2774; x_wconf 86' lang='lat' dir='ltr'><strong>et</strong></span> <span class='ocrx_word' id='word_1_245' title='bbox 437 2709 641 2774; x_wconf 82' lang='lat' dir='ltr'><strong>innocentiae</strong></span> <span class='ocrx_word' id='word_1_246' title='bbox 673 2727 741 2772; x_wconf 89' lang='lat' dir='ltr'><strong>non</strong></span> <span class='ocrx_word' id='word_1_247' title='bbox 773 2709 878 2774; x_wconf 87' lang='lat' dir='ltr'><strong>solum</strong></span> <span class='ocrx_word' id='word_1_248' title='bbox 904 2707 1085 2785; x_wconf 87' lang='lat' dir='ltr'><strong>hominum,</strong></span> <span class='ocrx_word' id='word_1_249' title='bbox 1118 2712 1346 2778; x_wconf 84' lang='lat' dir='ltr'><strong>verumetiam</strong></span> <span class='ocrx_word' id='word_1_250' title='bbox 1367 2701 1547 2798; x_wconf 76' lang='lat' dir='ltr'><strong>temporum</strong></span> 
     </span>
     <span class='ocr_line' id='line_1_25' title="bbox 213 2802 1548 2895; baseline 0.007 -27"><span class='ocrx_word' id='word_1_251' title='bbox 213 2803 342 2868; x_wconf 86' lang='lat' dir='ltr'><strong>illorum</strong></span> <span class='ocrx_word' id='word_1_252' title='bbox 363 2825 435 2868; x_wconf 92' lang='lat' dir='ltr'><strong>esse</strong></span> <span class='ocrx_word' id='word_1_253' title='bbox 456 2803 612 2870; x_wconf 80' lang='lat' dir='ltr'><strong>rideatur.</strong></span> <span class='ocrx_word' id='word_1_254' title='bbox 656 2803 690 2868; x_wconf 91' lang='lat' dir='ltr'><strong>P.</strong></span> <span class='ocrx_word' id='word_1_255' title='bbox 711 2803 881 2879; x_wconf 83' lang='lat' dir='ltr'><strong>Servilius,</strong></span> <span class='ocrx_word' id='word_1_256' title='bbox 902 2803 952 2867; x_wconf 82' lang='lat' dir='ltr'><strong>vir</strong></span> <span class='ocrx_word' id='word_1_257' title='bbox 973 2802 1186 2882; x_wconf 88' lang='lat' dir='ltr'><strong>clarissimus,</strong></span> <span class='ocrx_word' id='word_1_258' title='bbox 1206 2806 1356 2874; x_wconf 85' lang='lat' dir='ltr'><strong>maximis</strong></span> <span class='ocrx_word' id='word_1_259' title='bbox 1376 2810 1472 2876; x_wconf 82' lang='lat' dir='ltr'><strong>rebus</strong></span> <span class='ocrx_word' id='word_1_260' title='bbox 1494 2831 1548 2895; x_wconf 72' lang='lat' dir='ltr'><strong>ge</strong></span> 
     </span>
     <span class='ocr_line' id='line_1_26' title="bbox 213 2896 1585 2982; baseline 0.005 -20"><span class='ocrx_word' id='word_1_261' title='bbox 213 2898 270 2962; x_wconf 83' lang='lat' dir='ltr'><strong>stis</strong></span> <span class='ocrx_word' id='word_1_262' title='bbox 293 2899 385 2964; x_wconf 88' lang='lat' dir='ltr'><strong>adest</strong></span> <span class='ocrx_word' id='word_1_263' title='bbox 406 2899 445 2963; x_wconf 93' lang='lat' dir='ltr'><strong>de</strong></span> <span class='ocrx_word' id='word_1_264' title='bbox 467 2906 499 2963; x_wconf 88' lang='lat' dir='ltr'><strong>te</strong></span> <span class='ocrx_word' id='word_1_265' title='bbox 521 2899 713 2964; x_wconf 87' lang='lat' dir='ltr'><strong>sententiam</strong></span> <span class='ocrx_word' id='word_1_266' title='bbox 736 2899 872 2962; x_wconf 85' lang='lat' dir='ltr'><strong>laturus:</strong></span> <span class='ocrx_word' id='word_1_267' title='bbox 903 2896 1075 2982; x_wconf 79' lang='lat' dir='ltr'><strong>Olympum</strong></span> <span class='ocrx_word' id='word_1_268' title='bbox 1096 2897 1145 2975; x_wconf 85' lang='lat' dir='ltr'><strong>vi,</strong></span> <span class='ocrx_word' id='word_1_269' title='bbox 1168 2899 1286 2982; x_wconf 89' lang='lat' dir='ltr'><strong>copiis,</strong></span> <span class='ocrx_word' id='word_1_270' title='bbox 1307 2903 1461 2982; x_wconf 84' lang='lat' dir='ltr'><strong>consilio,</strong></span> <span class='ocrx_word' id='word_1_271' title='bbox 1483 2906 1585 2974; x_wconf 79' lang='lat' dir='ltr'><strong>vir-rc</strong></span> 
     </span>
     <span class='ocr_line' id='line_1_27' title="bbox 213 2990 1548 3078; baseline 0.006 -22"><span class='ocrx_word' id='word_1_272' title='bbox 213 2998 281 3057; x_wconf 89' lang='lat' dir='ltr'><strong>tute</strong></span> <span class='ocrx_word' id='word_1_273' title='bbox 301 2994 404 3077; x_wconf 80' lang='lat' dir='ltr'><strong>cepit,</strong></span> <span class='ocrx_word' id='word_1_274' title='bbox 426 2992 538 3057; x_wconf 81' lang='lat' dir='ltr'><strong>urbem</strong></span> <span class='ocrx_word' id='word_1_275' title='bbox 559 2993 723 3078; x_wconf 85' lang='lat' dir='ltr'><strong>antiquam</strong></span> <span class='ocrx_word' id='word_1_276' title='bbox 745 2999 778 3056; x_wconf 92' lang='lat' dir='ltr'><strong>et</strong></span> <span class='ocrx_word' id='word_1_277' title='bbox 808 2991 957 3056; x_wconf 86' lang='lat' dir='ltr'><strong>omnibus</strong></span> <span class='ocrx_word' id='word_1_278' title='bbox 978 2990 1074 3054; x_wconf 82' lang='lat' dir='ltr'><strong>rebus</strong></span> <span class='ocrx_word' id='word_1_279' title='bbox 1096 3000 1222 3058; x_wconf 65' lang='lat' dir='ltr'><strong>aucum</strong></span> <span class='ocrx_word' id='word_1_280' title='bbox 1243 3001 1276 3060; x_wconf 83' lang='lat' dir='ltr'><strong>et</strong></span> <span class='ocrx_word' id='word_1_281' title='bbox 1297 3004 1450 3066; x_wconf 73' lang='lat' dir='ltr'><strong>muntem.</strong></span> <span class='ocrx_word' id='word_1_282' title='bbox 1486 3001 1548 3064; x_wconf 81' lang='lat' dir='ltr'><strong>lte-</strong></span> 
     </span>
     <span class='ocr_line' id='line_1_28' title="bbox 213 3081 1548 3175; baseline 0.004 -25"><span class='ocrx_word' id='word_1_283' title='bbox 213 3105 289 3152; x_wconf 84' lang='lat' dir='ltr'><strong>cens</strong></span> <span class='ocrx_word' id='word_1_284' title='bbox 311 3081 494 3171; x_wconf 80' lang='lat' dir='ltr'><strong>exemplum</strong></span> <span class='ocrx_word' id='word_1_285' title='bbox 514 3085 680 3150; x_wconf 78' lang='lat' dir='ltr'><strong>tortissimi</strong></span> <span class='ocrx_word' id='word_1_286' title='bbox 702 3086 762 3150; x_wconf 84' lang='lat' dir='ltr'><strong>viri</strong></span> <span class='ocrx_word' id='word_1_287' title='bbox 783 3083 923 3167; x_wconf 80' lang='lat' dir='ltr'><strong>profero.</strong></span> <span class='ocrx_word' id='word_1_288' title='bbox 959 3085 1040 3148; x_wconf 87' lang='lat' dir='ltr'><strong>Nam</strong></span> <span class='ocrx_word' id='word_1_289' title='bbox 1061 3091 1176 3167; x_wconf 82' lang='lat' dir='ltr'><strong>postea</strong></span> <span class='ocrx_word' id='word_1_290' title='bbox 1197 3085 1352 3156; x_wconf 82' lang='lat' dir='ltr'><strong>Servilius</strong></span> <span class='ocrx_word' id='word_1_291' title='bbox 1372 3091 1548 3175; x_wconf 74' lang='lat' dir='ltr'><strong>imperator</strong></span> 
     </span>
     <span class='ocr_line' id='line_1_29' title="bbox 212 3171 1703 3272; baseline 0.007 -27"><span class='ocrx_word' id='word_1_292' title='bbox 212 3181 325 3266; x_wconf 68' lang='lat' dir='ltr'><strong>pepon</strong></span> <span class='ocrx_word' id='word_1_293' title='bbox 353 3181 488 3248; x_wconf 68' lang='lat' dir='ltr'><strong>nomm</strong></span> <span class='ocrx_word' id='word_1_294' title='bbox 516 3179 708 3270; x_wconf 64' lang='lat' dir='ltr'><strong>olympum,</strong></span> <span class='ocrx_word' id='word_1_295' title='bbox 740 3179 852 3258; x_wconf 65' lang='lat' dir='ltr'><strong>urben</strong></span> <span class='ocrx_word' id='word_1_296' title='bbox 874 3178 1032 3262; x_wconf 60' lang='lat' dir='ltr'><strong>ausuum,</strong></span> <span class='ocrx_word' id='word_1_297' title='bbox 1067 3181 1170 3262; x_wconf 80' lang='lat' dir='ltr'><strong>cepit,</strong></span> <span class='ocrx_word' id='word_1_298' title='bbox 1203 3200 1299 3270; x_wconf 65' lang='lat' dir='ltr'><strong>quan</strong></span> <span class='ocrx_word' id='word_1_299' title='bbox 1320 3188 1359 3272; x_wconf 64' lang='lat' dir='ltr'><strong>cu</strong></span> <span class='ocrx_word' id='word_1_300' title='bbox 1383 3184 1418 3248; x_wconf 79' lang='lat' dir='ltr'><strong>n</strong></span> <span class='ocrx_word' id='word_1_301' title='bbox 1444 3185 1547 3252; x_wconf 72' lang='lat' dir='ltr'><strong>noem</strong></span> <span class='ocrx_word' id='word_1_302' title='bbox 1671 3171 1703 3254; x_wconf 66' lang='lat' dir='ltr'><strong>l</strong></span> 
     </span>
     <span class='ocr_line' id='line_1_30' title="bbox 212 3273 1679 3362; baseline 0.001 -22"><span class='ocrx_word' id='word_1_303' title='bbox 212 3275 278 3340; x_wconf 84' lang='lat' dir='ltr'><strong>illis</strong></span> <span class='ocrx_word' id='word_1_304' title='bbox 308 3275 388 3340; x_wconf 86' lang='lat' dir='ltr'><strong>loeis</strong></span> <span class='ocrx_word' id='word_1_305' title='bbox 417 3274 555 3362; x_wconf 32' lang='lat' dir='ltr'><strong>legatus·</strong></span> <span class='ocrx_word' id='word_1_306' title='bbox 571 3275 774 3358; x_wconf 64' lang='lat' dir='ltr'><strong>quaestorius</strong></span> <span class='ocrx_word' id='word_1_307' title='bbox 796 3273 917 3357; x_wconf 83' lang='lat' dir='ltr'><strong>oppida</strong></span> <span class='ocrx_word' id='word_1_308' title='bbox 936 3279 1050 3358; x_wconf 85' lang='lat' dir='ltr'><strong>pacata</strong></span> <span class='ocrx_word' id='word_1_309' title='bbox 1068 3263 1350 3359; x_wconf 72' lang='lat' dir='ltr'><strong>sociorumatque</strong></span> <span class='ocrx_word' id='word_1_310' title='bbox 1370 3279 1547 3350; x_wconf 83' lang='lat' dir='ltr'><strong>amicorum</strong></span> <span class='ocrx_word' id='word_1_311' title='bbox 1669 3338 1679 3355; x_wconf 76' lang='grc'><strong>,</strong></span> 
     </span>
     <span class='ocr_line' id='line_1_31' title="bbox 213 3359 1673 3456; baseline 0.004 -24"><span class='ocrx_word' id='word_1_312' title='bbox 213 3366 393 3452; x_wconf 77' lang='lat' dir='ltr'><strong>diripienda</strong></span> <span class='ocrx_word' id='word_1_313' title='bbox 414 3387 452 3432; x_wconf 90' lang='lat' dir='ltr'><strong>ac</strong></span> <span class='ocrx_word' id='word_1_314' title='bbox 473 3359 625 3432; x_wconf 70' lang='lat' dir='ltr'><strong>veiarfda&#39;</strong></span> <span class='ocrx_word' id='word_1_315' title='bbox 641 3368 771 3434; x_wconf 83' lang='lat' dir='ltr'><strong>curasti.</strong></span> <span class='ocrx_word' id='word_1_316' title='bbox 814 3365 867 3432; x_wconf 78' lang='lat'><strong>57.</strong></span> <span class='ocrx_word' id='word_1_317' title='bbox 888 3369 937 3432; x_wconf 86' lang='lat' dir='ltr'><strong>‘lu</strong></span> <span class='ocrx_word' id='word_1_318' title='bbox 960 3387 1043 3452; x_wconf 88' lang='lat' dir='ltr'><strong>quae</strong></span> <span class='ocrx_word' id='word_1_319' title='bbox 1065 3387 1108 3431; x_wconf 83' lang='lat' dir='ltr'><strong>ex</strong></span> <span class='ocrx_word' id='word_1_320' title='bbox 1129 3367 1213 3432; x_wconf 81' lang='lat' dir='ltr'><strong>fanis</strong></span> <span class='ocrx_word' id='word_1_321' title='bbox 1225 3368 1475 3451; x_wconf 78' lang='lat' dir='ltr'><strong>religiosissimis</strong></span> <span class='ocrx_word' id='word_1_322' title='bbox 1490 3392 1585 3456; x_wconf 77' lang='lat' dir='ltr'><strong>pereo</strong></span> <span class='ocrx_word' id='word_1_323' title='bbox 1664 3360 1673 3376; x_wconf 77' lang='grc'><em>“</em></span> 
     </span>
     <span class='ocr_line' id='line_1_32' title="bbox 213 3460 1547 3550; baseline 0.004 -25"><span class='ocrx_word' id='word_1_324' title='bbox 213 3462 320 3526; x_wconf 87' lang='lat' dir='ltr'><strong>scelus</strong></span> <span class='ocrx_word' id='word_1_325' title='bbox 341 3468 375 3526; x_wconf 89' lang='lat' dir='ltr'><strong>et</strong></span> <span class='ocrx_word' id='word_1_326' title='bbox 394 3460 598 3526; x_wconf 80' lang='lat' dir='ltr'><strong>latrocinium</strong></span> <span class='ocrx_word' id='word_1_327' title='bbox 619 3461 797 3539; x_wconf 87' lang='lat' dir='ltr'><strong>abstulisti,</strong></span> <span class='ocrx_word' id='word_1_328' title='bbox 820 3483 858 3527; x_wconf 85' lang='lat' dir='ltr'><strong>ea</strong></span> <span class='ocrx_word' id='word_1_329' title='bbox 879 3481 939 3526; x_wconf 91' lang='lat' dir='ltr'><strong>nos</strong></span> <span class='ocrx_word' id='word_1_330' title='bbox 960 3462 1069 3526; x_wconf 86' lang='lat' dir='ltr'><strong>ridere</strong></span> <span class='ocrx_word' id='word_1_331' title='bbox 1090 3461 1154 3526; x_wconf 85' lang='lat' dir='ltr'><strong>uisi</strong></span> <span class='ocrx_word' id='word_1_332' title='bbox 1175 3462 1210 3526; x_wconf 92' lang='lat' dir='ltr'><strong>in</strong></span> <span class='ocrx_word' id='word_1_333' title='bbox 1228 3463 1292 3528; x_wconf 88' lang='lat' dir='ltr'><strong>tuis</strong></span> <span class='ocrx_word' id='word_1_334' title='bbox 1306 3464 1547 3550; x_wconf 72' lang='lat' dir='ltr'><strong>amicorumque</strong></span> 
     </span>
     <span class='ocr_line' id='line_1_33' title="bbox 212 3556 1548 3642; baseline 0.004 -20"><span class='ocrx_word' id='word_1_335' title='bbox 212 3563 343 3622; x_wconf 86' lang='lat' dir='ltr'><strong>tuorum</strong></span> <span class='ocrx_word' id='word_1_336' title='bbox 364 3556 457 3622; x_wconf 85' lang='lat' dir='ltr'><strong>tectis</strong></span> <span class='ocrx_word' id='word_1_337' title='bbox 478 3576 545 3621; x_wconf 91' lang='lat' dir='ltr'><strong>non</strong></span> <span class='ocrx_word' id='word_1_338' title='bbox 565 3577 758 3640; x_wconf 85' lang='lat' dir='ltr'><strong>possumus:</strong></span> <span class='ocrx_word' id='word_1_339' title='bbox 779 3558 813 3622; x_wconf 91' lang='lat' dir='ltr'><strong>P.</strong></span> <span class='ocrx_word' id='word_1_340' title='bbox 828 3557 1001 3632; x_wconf 82' lang='lat' dir='ltr'><strong>Servilius,</strong></span> <span class='ocrx_word' id='word_1_341' title='bbox 1023 3576 1106 3641; x_wconf 88' lang='lat' dir='ltr'><strong>quae</strong></span> <span class='ocrx_word' id='word_1_342' title='bbox 1128 3557 1220 3641; x_wconf 87' lang='lat' dir='ltr'><strong>signa</strong></span> <span class='ocrx_word' id='word_1_343' title='bbox 1241 3565 1339 3642; x_wconf 85' lang='lat' dir='ltr'><strong>atquc</strong></span> <span class='ocrx_word' id='word_1_344' title='bbox 1360 3567 1548 3628; x_wconf 82' lang='lat' dir='ltr'><strong>ornamenta</strong></span> 
     </span>
    </p>

    <p class='ocr_par' dir='ltr' id='par_1_3' title="bbox 87 3648 1585 4206">
     <span class='ocr_line' id='line_1_34' title="bbox 87 3648 1546 3736; baseline 0.001 -20"><span class='ocrx_word' id='word_1_345' title='bbox 87 3697 89 3700; x_wconf 91' lang='lat'>-</span> <span class='ocrx_word' id='word_1_346' title='bbox 214 3670 255 3716; x_wconf 86' lang='lat' dir='ltr'><strong>cx</strong></span> <span class='ocrx_word' id='word_1_347' title='bbox 283 3649 362 3716; x_wconf 84' lang='lat' dir='ltr'><strong>urhe</strong></span> <span class='ocrx_word' id='word_1_348' title='bbox 391 3648 534 3715; x_wconf 87' lang='lat' dir='ltr'><strong>hostium</strong></span> <span class='ocrx_word' id='word_1_349' title='bbox 560 3650 592 3715; x_wconf 86' lang='lat' dir='ltr'><strong>ri</strong></span> <span class='ocrx_word' id='word_1_350' title='bbox 622 3657 655 3716; x_wconf 92' lang='lat' dir='ltr'><strong>et</strong></span> <span class='ocrx_word' id='word_1_351' title='bbox 681 3650 801 3716; x_wconf 67' lang='lat' dir='ltr'><strong>uirtute</strong></span> <span class='ocrx_word' id='word_1_352' title='bbox 823 3660 917 3736; x_wconf 86' lang='lat' dir='ltr'><strong>capta</strong></span> <span class='ocrx_word' id='word_1_353' title='bbox 937 3649 1015 3716; x_wconf 84' lang='lat' dir='ltr'><strong>belli</strong></span> <span class='ocrx_word' id='word_1_354' title='bbox 1036 3651 1107 3733; x_wconf 87' lang='lat' dir='ltr'><strong>lege</strong></span> <span class='ocrx_word' id='word_1_355' title='bbox 1129 3656 1226 3736; x_wconf 87' lang='lat' dir='ltr'><strong>atque</strong></span> <span class='ocrx_word' id='word_1_356' title='bbox 1247 3650 1454 3735; x_wconf 90' lang='lat' dir='ltr'><strong>imperatorio</strong></span> <span class='ocrx_word' id='word_1_357' title='bbox 1477 3655 1546 3718; x_wconf 87' lang='lat' dir='ltr'><strong>iure</strong></span> 
     </span>
     <span class='ocr_line' id='line_1_35' title="bbox 213 3743 1547 3830; baseline 0.001 -20"><span class='ocrx_word' id='word_1_358' title='bbox 213 3743 361 3821; x_wconf 78' lang='lat' dir='ltr'><strong>sustudt,</strong></span> <span class='ocrx_word' id='word_1_359' title='bbox 383 3764 422 3810; x_wconf 86' lang='lat' dir='ltr'><strong>ea</strong></span> <span class='ocrx_word' id='word_1_360' title='bbox 442 3744 564 3829; x_wconf 90' lang='lat' dir='ltr'><strong>populo</strong></span> <span class='ocrx_word' id='word_1_361' title='bbox 585 3745 729 3810; x_wconf 88' lang='lat' dir='ltr'><strong>llcmano</strong></span> <span class='ocrx_word' id='word_1_362' title='bbox 745 3747 944 3830; x_wconf 83' lang='lat' dir='ltr'><strong>apportavit,</strong></span> <span class='ocrx_word' id='word_1_363' title='bbox 965 3765 1023 3829; x_wconf 93' lang='lat' dir='ltr'><strong>per</strong></span> <span class='ocrx_word' id='word_1_364' title='bbox 1037 3744 1234 3827; x_wconf 86' lang='lat' dir='ltr'><strong>triumphum</strong></span> <span class='ocrx_word' id='word_1_365' title='bbox 1248 3745 1351 3824; x_wconf 82' lang='lat' dir='ltr'><strong>vexit,</strong></span> <span class='ocrx_word' id='word_1_366' title='bbox 1373 3747 1407 3812; x_wconf 93' lang='lat' dir='ltr'><strong>in</strong></span> <span class='ocrx_word' id='word_1_367' title='bbox 1423 3748 1547 3811; x_wconf 72' lang='lat' dir='ltr'><strong>ululas</strong></span> 
     </span>
     <span class='ocr_line' id='line_1_36' title="bbox 214 3837 1585 3924; baseline 0.004 -22"><span class='ocrx_word' id='word_1_368' title='bbox 214 3837 358 3923; x_wconf 78' lang='lat' dir='ltr'><strong>publicas</strong></span> <span class='ocrx_word' id='word_1_369' title='bbox 379 3837 422 3904; x_wconf 90' lang='lat' dir='ltr'><strong>ud</strong></span> <span class='ocrx_word' id='word_1_370' title='bbox 443 3839 602 3904; x_wconf 82' lang='lat' dir='ltr'><strong>aerarium</strong></span> <span class='ocrx_word' id='word_1_371' title='bbox 615 3839 842 3922; x_wconf 80' lang='lat' dir='ltr'><strong>perscribenda</strong></span> <span class='ocrx_word' id='word_1_372' title='bbox 856 3839 988 3904; x_wconf 79' lang='lat' dir='ltr'><strong>curarit.</strong></span> <span class='ocrx_word' id='word_1_373' title='bbox 1018 3838 1210 3921; x_wconf 86' lang='lat' dir='ltr'><strong>Cognoscite</strong></span> <span class='ocrx_word' id='word_1_374' title='bbox 1225 3859 1265 3903; x_wconf 87' lang='lat' dir='ltr'><strong>ex</strong></span> <span class='ocrx_word' id='word_1_375' title='bbox 1279 3839 1394 3905; x_wconf 84' lang='lat' dir='ltr'><strong>litteris</strong></span> <span class='ocrx_word' id='word_1_376' title='bbox 1408 3841 1585 3924; x_wconf 69' lang='lat' dir='ltr'><strong>publicisne</strong></span> 
     </span>
     <span class='ocr_line' id='line_1_37' title="bbox 213 3931 1546 4018; baseline 0.002 -22"><span class='ocrx_word' id='word_1_377' title='bbox 213 3931 354 3997; x_wconf 79' lang='lat' dir='ltr'><strong>hominis</strong></span> <span class='ocrx_word' id='word_1_378' title='bbox 375 3931 563 4016; x_wconf 82' lang='lat' dir='ltr'><strong>amplissimi</strong></span> <span class='ocrx_word' id='word_1_379' title='bbox 585 3933 795 4018; x_wconf 82' lang='lat' dir='ltr'><strong>diligentiam.</strong></span> <span class='ocrx_word' id='word_1_380' title='bbox 830 3934 951 3998; x_wconf 83' lang='lat' dir='ltr'><strong>Recita.</strong></span> <span class='ocrx_word' id='word_1_381' title='bbox 987 3933 1148 3996; x_wconf 80' lang='lat' dir='ltr'><strong>llnrrouns</strong></span> <span class='ocrx_word' id='word_1_382' title='bbox 1169 3951 1315 3999; x_wconf 73' lang='lat' dir='ltr'><strong>marran</strong></span> <span class='ocrx_word' id='word_1_383' title='bbox 1337 3935 1371 3998; x_wconf 87' lang='lat' dir='ltr'><strong>P.</strong></span> <span class='ocrx_word' id='word_1_384' title='bbox 1394 3935 1546 4001; x_wconf 84' lang='lat' dir='ltr'><strong>Snnrrnn.</strong></span> 
     </span>
     <span class='ocr_line' id='line_1_38' title="bbox 213 4023 1546 4116; baseline 0.004 -27"><span class='ocrx_word' id='word_1_385' title='bbox 213 4023 286 4090; x_wconf 81' lang='lat' dir='ltr'><strong>lton</strong></span> <span class='ocrx_word' id='word_1_386' title='bbox 306 4025 412 4090; x_wconf 89' lang='lat' dir='ltr'><strong>solum</strong></span> <span class='ocrx_word' id='word_1_387' title='bbox 432 4045 602 4092; x_wconf 89' lang='lat' dir='ltr'><strong>numerum</strong></span> <span class='ocrx_word' id='word_1_388' title='bbox 623 4027 798 4110; x_wconf 86' lang='lat' dir='ltr'><strong>signorum,</strong></span> <span class='ocrx_word' id='word_1_389' title='bbox 820 4026 987 4092; x_wconf 85' lang='lat' dir='ltr'><strong>sedetiam</strong></span> <span class='ocrx_word' id='word_1_390' title='bbox 1001 4027 1098 4091; x_wconf 92' lang='lat' dir='ltr'><strong>unius</strong></span> <span class='ocrx_word' id='word_1_391' title='bbox 1114 4026 1270 4116; x_wconf 86' lang='lat' dir='ltr'><strong>cuiusque</strong></span> <span class='ocrx_word' id='word_1_392' title='bbox 1285 4029 1546 4114; x_wconf 85' lang='lat' dir='ltr'><strong>magnitudinem,</strong></span> 
     </span>
     <span class='ocr_line' id='line_1_39' title="bbox 213 4113 1547 4206; baseline -0.001 -18"><span class='ocrx_word' id='word_1_393' title='bbox 213 4113 362 4206; x_wconf 76' lang='lat' dir='ltr'><strong>fignnn,</strong></span> <span class='ocrx_word' id='word_1_394' title='bbox 382 4125 500 4188; x_wconf 75' lang='lat' dir='ltr'><strong>suum</strong></span> <span class='ocrx_word' id='word_1_395' title='bbox 521 4121 636 4188; x_wconf 79' lang='lat' dir='ltr'><strong>litteris</strong></span> <span class='ocrx_word' id='word_1_396' title='bbox 659 4117 784 4186; x_wconf 84' lang='lat' dir='ltr'><strong>deliniri</strong></span> <span class='ocrx_word' id='word_1_397' title='bbox 805 4120 908 4186; x_wconf 82' lang='lat' dir='ltr'><strong>rides.</strong></span> <span class='ocrx_word' id='word_1_398' title='bbox 940 4119 1030 4185; x_wconf 88' lang='lat' dir='ltr'><strong>Certe</strong></span> <span class='ocrx_word' id='word_1_399' title='bbox 1052 4119 1156 4186; x_wconf 89' lang='lat' dir='ltr'><strong>maior</strong></span> <span class='ocrx_word' id='word_1_400' title='bbox 1175 4129 1225 4188; x_wconf 88' lang='lat' dir='ltr'><strong>est</strong></span> <span class='ocrx_word' id='word_1_401' title='bbox 1237 4122 1364 4188; x_wconf 76' lang='lat' dir='ltr'><strong>vntutis</strong></span> <span class='ocrx_word' id='word_1_402' title='bbox 1378 4121 1547 4188; x_wconf 85' lang='lat' dir='ltr'><strong>victoriae·</strong></span> 
     </span>
    </p>
   </div>
   <div class='ocr_carea' id='block_1_3' title="bbox 210 4361 1548 5262">
    <p class='ocr_par' dir='ltr' id='par_1_4' title="bbox 210 4361 1548 5262">
     <span class='ocr_line' id='line_1_40' title="bbox 278 4361 1548 4430; baseline 0 -14"><span class='ocrx_word' id='word_1_403' title='bbox 278 4364 302 4418; x_wconf 83' lang='grc'><strong>4.</strong></span> <span class='ocrx_word' id='word_1_404' title='bbox 320 4361 461 4418; x_wconf 69' lang='lat' dir='ltr'><strong>muudus</strong></span> <span class='ocrx_word' id='word_1_405' title='bbox 478 4361 549 4426; x_wconf 71' lang='lat' dir='ltr'><strong>cac.</strong></span> <span class='ocrx_word' id='word_1_406' title='bbox 570 4390 598 4402; x_wconf 94' lang='lat'><strong>-·</strong></span> <span class='ocrx_word' id='word_1_407' title='bbox 622 4361 869 4428; x_wconf 76' lang='lat' dir='ltr'><strong>queusndieslust</strong></span> <span class='ocrx_word' id='word_1_408' title='bbox 890 4364 965 4414; x_wconf 84' lang='lat' dir='ltr'><strong>Serv.</strong></span> <span class='ocrx_word' id='word_1_409' title='bbox 983 4362 1018 4416; x_wconf 86' lang='lat' dir='ltr'><strong>ad</strong></span> <span class='ocrx_word' id='word_1_410' title='bbox 1035 4363 1101 4416; x_wconf 78' lang='lat' dir='ltr'><strong>Aen.</strong></span> <span class='ocrx_word' id='word_1_411' title='bbox 1119 4363 1152 4416; x_wconf 84' lang='lat' dir='ltr'><strong>V.</strong></span> <span class='ocrx_word' id='word_1_412' title='bbox 1170 4362 1229 4414; x_wconf 75' lang='lat'><strong>203.</strong></span> <span class='ocrx_word' id='word_1_413' title='bbox 1249 4390 1277 4402; x_wconf 90' lang='lat'>-</span> <span class='ocrx_word' id='word_1_414' title='bbox 1295 4363 1321 4414; x_wconf 76' lang='grc'><strong>9.</strong></span> <span class='ocrx_word' id='word_1_415' title='bbox 1339 4363 1548 4430; x_wconf 55' lang='lat' dir='ltr'><strong>intermisistis</strong></span> 
     </span>
     <span class='ocr_line' id='line_1_41' title="bbox 213 4437 1546 4505; baseline 0 -13"><span class='ocrx_word' id='word_1_416' title='bbox 213 4440 260 4492; x_wconf 81' lang='lat' dir='ltr'><strong>ut.</strong></span> <span class='ocrx_word' id='word_1_417' title='bbox 279 4439 582 4505; x_wconf 55' lang='lat' dir='ltr'><strong>-arwsrtitdttffl</strong></span> <span class='ocrx_word' id='word_1_418' title='bbox 606 4445 657 4492; x_wconf 82' lang='grc'><strong>444.</strong></span> <span class='ocrx_word' id='word_1_419' title='bbox 676 4440 786 4492; x_wconf 79' lang='grc'><strong>44444444.</strong></span> <span class='ocrx_word' id='word_1_420' title='bbox 805 4439 852 4501; x_wconf 83' lang='grc'><strong>0.;</strong></span> <span class='ocrx_word' id='word_1_421' title='bbox 875 4441 1039 4490; x_wconf 67' lang='lat' dir='ltr'><strong>resumat.</strong></span> <span class='ocrx_word' id='word_1_422' title='bbox 1060 4462 1088 4476; x_wconf 96' lang='lat'><em>-</em></span> <span class='ocrx_word' id='word_1_423' title='bbox 1108 4437 1283 4504; x_wconf 67' lang='grc'><strong>44444444]</strong></span> <span class='ocrx_word' id='word_1_424' title='bbox 1308 4440 1546 4504; x_wconf 61' lang='lat' dir='ltr'><strong>quemdam</strong></span> 
     </span>
     <span class='ocr_line' id='line_1_42' title="bbox 212 4513 1548 4580; baseline 0.001 -11"><span class='ocrx_word' id='word_1_425' title='bbox 212 4513 427 4580; x_wconf 54' lang='lat' dir='ltr'><strong>quntum</strong></span> <span class='ocrx_word' id='word_1_426' title='bbox 452 4513 667 4568; x_wconf 72' lang='lat' dir='ltr'><strong>amtsmlll.</strong></span> <span class='ocrx_word' id='word_1_427' title='bbox 687 4541 713 4551; x_wconf 95' lang='lat'><em>—</em></span> <span class='ocrx_word' id='word_1_428' title='bbox 734 4515 759 4568; x_wconf 87' lang='lat'><strong>8.</strong></span> <span class='ocrx_word' id='word_1_429' title='bbox 777 4513 1075 4580; x_wconf 60' lang='lat' dir='ltr'><strong>mqchetquuthffi</strong></span> <span class='ocrx_word' id='word_1_430' title='bbox 1101 4516 1187 4567; x_wconf 79' lang='lat' dir='ltr'><strong>uua.</strong></span> <span class='ocrx_word' id='word_1_431' title='bbox 1213 4513 1297 4566; x_wconf 78' lang='lat' dir='ltr'><strong>Atcl.</strong></span> <span class='ocrx_word' id='word_1_432' title='bbox 1316 4513 1340 4580; x_wconf 71' lang='lat'><strong>5.</strong></span> <span class='ocrx_word' id='word_1_433' title='bbox 1359 4515 1401 4568; x_wconf 78' lang='lat' dir='ltr'><strong>tl.</strong></span> <span class='ocrx_word' id='word_1_434' title='bbox 1421 4516 1548 4570; x_wconf 78' lang='grc'><strong>-44444</strong></span> 
     </span>
     <span class='ocr_line' id='line_1_43' title="bbox 212 4588 1545 4655; baseline -0.002 -11"><span class='ocrx_word' id='word_1_435' title='bbox 212 4590 418 4654; x_wconf 69' lang='lat' dir='ltr'><strong>contempt:</strong></span> <span class='ocrx_word' id='word_1_436' title='bbox 437 4589 539 4642; x_wconf 82' lang='grc'><strong>4444444</strong></span> <span class='ocrx_word' id='word_1_437' title='bbox 554 4589 610 4650; x_wconf 76' lang='lat' dir='ltr'><strong>G2;</strong></span> <span class='ocrx_word' id='word_1_438' title='bbox 633 4589 721 4644; x_wconf 76' lang='grc'><strong>444444</strong></span> <span class='ocrx_word' id='word_1_439' title='bbox 737 4589 787 4641; x_wconf 90' lang='lat' dir='ltr'><strong>dtt.</strong></span> <span class='ocrx_word' id='word_1_440' title='bbox 805 4590 834 4642; x_wconf 92' lang='lat'><strong>0.</strong></span> <span class='ocrx_word' id='word_1_441' title='bbox 859 4617 887 4627; x_wconf 92' lang='lat'><em>-</em></span> <span class='ocrx_word' id='word_1_442' title='bbox 911 4589 935 4641; x_wconf 96' lang='grc'><strong>9.</strong></span> <span class='ocrx_word' id='word_1_443' title='bbox 953 4588 1228 4653; x_wconf 77' lang='grc'><strong>4444·-44444444444</strong></span> <span class='ocrx_word' id='word_1_444' title='bbox 1242 4589 1321 4642; x_wconf 74' lang='lat' dir='ltr'><strong>arus.</strong></span> <span class='ocrx_word' id='word_1_445' title='bbox 1339 4589 1373 4641; x_wconf 86' lang='lat' dir='ltr'><strong>ll.</strong></span> <span class='ocrx_word' id='word_1_446' title='bbox 1390 4603 1419 4655; x_wconf 88' lang='lat' dir='ltr'><strong>p.</strong></span> <span class='ocrx_word' id='word_1_447' title='bbox 1436 4589 1495 4642; x_wconf 73' lang='grc'><strong>295.</strong></span> <span class='ocrx_word' id='word_1_448' title='bbox 1515 4613 1545 4629; x_wconf 90' lang='lat'><strong>-·</strong></span> 
     </span>
     <span class='ocr_line' id='line_1_44' title="bbox 212 4662 1546 4730; baseline 0 -14"><span class='ocrx_word' id='word_1_449' title='bbox 212 4663 254 4716; x_wconf 79' lang='grc'><strong>44.</strong></span> <span class='ocrx_word' id='word_1_450' title='bbox 273 4663 304 4718; x_wconf 82' lang='grc'><strong>44</strong></span> <span class='ocrx_word' id='word_1_451' title='bbox 318 4663 442 4716; x_wconf 63' lang='grc'><strong>4444444444</strong></span> <span class='ocrx_word' id='word_1_452' title='bbox 453 4663 528 4716; x_wconf 89' lang='lat' dir='ltr'><strong>multi</strong></span> <span class='ocrx_word' id='word_1_453' title='bbox 540 4664 621 4716; x_wconf 89' lang='lat' dir='ltr'><strong>codd.</strong></span> <span class='ocrx_word' id='word_1_454' title='bbox 634 4691 663 4702; x_wconf 89' lang='lat'>—</span> <span class='ocrx_word' id='word_1_455' title='bbox 683 4664 723 4718; x_wconf 88' lang='grc'><strong>44.</strong></span> <span class='ocrx_word' id='word_1_456' title='bbox 741 4665 821 4718; x_wconf 81' lang='lat' dir='ltr'><strong>Paulo</strong></span> <span class='ocrx_word' id='word_1_457' title='bbox 838 4665 870 4715; x_wconf 84' lang='lat' dir='ltr'><strong>Gt</strong></span> <span class='ocrx_word' id='word_1_458' title='bbox 884 4663 977 4730; x_wconf 71' lang='lat' dir='ltr'><strong>ttgta</strong></span> <span class='ocrx_word' id='word_1_459' title='bbox 994 4662 1031 4714; x_wconf 87' lang='lat' dir='ltr'><strong>al.</strong></span> <span class='ocrx_word' id='word_1_460' title='bbox 1045 4689 1073 4699; x_wconf 90' lang='lat'><strong>—-</strong></span> <span class='ocrx_word' id='word_1_461' title='bbox 1092 4663 1133 4716; x_wconf 79' lang='lat' dir='ltr'><strong>tl.</strong></span> <span class='ocrx_word' id='word_1_462' title='bbox 1146 4663 1191 4716; x_wconf 83' lang='grc'><strong>4444</strong></span> <span class='ocrx_word' id='word_1_463' title='bbox 1206 4663 1546 4728; x_wconf 49' lang='lat' dir='ltr'><strong>rnna-muceranus.</strong></span> 
     </span>
     <span class='ocr_line' id='line_1_45' title="bbox 210 4735 1543 4805; baseline 0 -13"><span class='ocrx_word' id='word_1_464' title='bbox 210 4735 370 4805; x_wconf 66' lang='lat' dir='ltr'><strong>Equiti.</strong></span> <span class='ocrx_word' id='word_1_465' title='bbox 390 4737 601 4790; x_wconf 82' lang='lat' dir='ltr'><strong>-t8.ucctrt.</strong></span> <span class='ocrx_word' id='word_1_466' title='bbox 621 4740 805 4804; x_wconf 64' lang='lat' dir='ltr'><strong>Gltctgw:</strong></span> <span class='ocrx_word' id='word_1_467' title='bbox 828 4737 1041 4792; x_wconf 72' lang='lat' dir='ltr'><strong>contractae</strong></span> <span class='ocrx_word' id='word_1_468' title='bbox 1061 4735 1225 4804; x_wconf 74' lang='lat' dir='ltr'><strong>coll.§.57.</strong></span> <span class='ocrx_word' id='word_1_469' title='bbox 1246 4737 1543 4804; x_wconf 59' lang='lat' dir='ltr'><strong>-tampuqaooa</strong></span> 
     </span>
     <span class='ocr_line' id='line_1_46' title="bbox 211 4811 1546 4882; baseline 0.003 -18"><span class='ocrx_word' id='word_1_470' title='bbox 211 4812 352 4882; x_wconf 71' lang='lat' dir='ltr'><strong>tctgtta</strong></span> <span class='ocrx_word' id='word_1_471' title='bbox 367 4811 462 4876; x_wconf 70' lang='grc'><strong>4444444</strong></span> <span class='ocrx_word' id='word_1_472' title='bbox 478 4812 527 4864; x_wconf 91' lang='lat' dir='ltr'><strong>dtt.</strong></span> <span class='ocrx_word' id='word_1_473' title='bbox 545 4814 575 4865; x_wconf 90' lang='lat'><strong>0.</strong></span> <span class='ocrx_word' id='word_1_474' title='bbox 595 4838 623 4854; x_wconf 90' lang='lat'><strong>·-</strong></span> <span class='ocrx_word' id='word_1_475' title='bbox 642 4817 684 4868; x_wconf 73' lang='lat' dir='ltr'><strong>tt.</strong></span> <span class='ocrx_word' id='word_1_476' title='bbox 701 4816 767 4882; x_wconf 69' lang='lat' dir='ltr'><strong>(orn</strong></span> <span class='ocrx_word' id='word_1_477' title='bbox 783 4826 838 4868; x_wconf 90' lang='lat' dir='ltr'><strong>om.</strong></span> <span class='ocrx_word' id='word_1_478' title='bbox 856 4815 902 4866; x_wconf 83' lang='lat' dir='ltr'><strong>Gt.</strong></span> <span class='ocrx_word' id='word_1_479' title='bbox 923 4840 950 4854; x_wconf 92' lang='lat'>-</span> <span class='ocrx_word' id='word_1_480' title='bbox 969 4814 1082 4878; x_wconf 83' lang='lat' dir='ltr'><strong>cuipiam</strong></span> <span class='ocrx_word' id='word_1_481' title='bbox 1097 4815 1131 4866; x_wconf 78' lang='lat' dir='ltr'><strong>ot</strong></span> <span class='ocrx_word' id='word_1_482' title='bbox 1148 4829 1166 4878; x_wconf 76' lang='grc' dir='ltr'><em>ς</em></span> <span class='ocrx_word' id='word_1_483' title='bbox 1182 4815 1244 4880; x_wconf 72' lang='lat' dir='ltr'><strong>lgg.</strong></span> <span class='ocrx_word' id='word_1_484' title='bbox 1263 4825 1366 4868; x_wconf 85' lang='lat' dir='ltr'><strong>omncs.</strong></span> <span class='ocrx_word' id='word_1_485' title='bbox 1385 4815 1411 4868; x_wconf 88' lang='lat' dir='ltr'><strong>S.</strong></span> <span class='ocrx_word' id='word_1_486' title='bbox 1430 4814 1546 4868; x_wconf 73' lang='lat' dir='ltr'><strong>arisel.</strong></span> 
     </span>
     <span class='ocr_line' id='line_1_47' title="bbox 211 4883 1547 4956; baseline -0.001 -16"><span class='ocrx_word' id='word_1_487' title='bbox 211 4901 239 4956; x_wconf 89' lang='lat' dir='ltr'><strong>p.</strong></span> <span class='ocrx_word' id='word_1_488' title='bbox 255 4883 515 4955; x_wconf 57' lang='grc' dir='ltr'><strong>4684444444499ς</strong></span> <span class='ocrx_word' id='word_1_489' title='bbox 533 4887 701 4954; x_wconf 75' lang='grc'><strong>4444444444.</strong></span> <span class='ocrx_word' id='word_1_490' title='bbox 720 4915 749 4928; x_wconf 93' lang='grc'><strong>-</strong></span> <span class='ocrx_word' id='word_1_491' title='bbox 769 4891 811 4944; x_wconf 78' lang='lat'><strong>22.</strong></span> <span class='ocrx_word' id='word_1_492' title='bbox 829 4889 1033 4956; x_wconf 76' lang='lat' dir='ltr'><strong>acqualiterdt.</strong></span> <span class='ocrx_word' id='word_1_493' title='bbox 1052 4889 1219 4942; x_wconf 78' lang='lat' dir='ltr'><strong>—ciaumodi</strong></span> <span class='ocrx_word' id='word_1_494' title='bbox 1235 4887 1547 4954; x_wconf 73' lang='lat' dir='ltr'><strong>Gtclglil.:ocllu·</strong></span> 
     </span>
     <span class='ocr_line' id='line_1_48' title="bbox 211 4960 1548 5031; baseline -0.001 -15"><span class='ocrx_word' id='word_1_495' title='bbox 211 4961 653 5031; x_wconf 58' lang='lat' dir='ltr'><strong>amenumsstsomournm</strong></span> <span class='ocrx_word' id='word_1_496' title='bbox 670 4965 812 5020; x_wconf 77' lang='grc'><strong>4444444444</strong></span> <span class='ocrx_word' id='word_1_497' title='bbox 829 4961 965 5018; x_wconf 83' lang='lat' dir='ltr'><strong>dtt.0.-</strong></span> <span class='ocrx_word' id='word_1_498' title='bbox 983 4961 1026 5016; x_wconf 77' lang='lat' dir='ltr'><strong>aa:</strong></span> <span class='ocrx_word' id='word_1_499' title='bbox 1043 4960 1424 5027; x_wconf 56' lang='lat' dir='ltr'><strong>humata-teoddlbt:</strong></span> <span class='ocrx_word' id='word_1_500' title='bbox 1448 4961 1548 5014; x_wconf 75' lang='grc'><strong>44444444</strong></span> 
     </span>
     <span class='ocr_line' id='line_1_49' title="bbox 212 5036 1545 5103; baseline -0.002 -9"><span class='ocrx_word' id='word_1_501' title='bbox 212 5044 248 5094; x_wconf 81' lang='lat' dir='ltr'><strong>cst</strong></span> <span class='ocrx_word' id='word_1_502' title='bbox 274 5037 323 5092; x_wconf 87' lang='lat' dir='ltr'><strong>dtt</strong></span> <span class='ocrx_word' id='word_1_503' title='bbox 339 5039 372 5092; x_wconf 85' lang='grc'><strong>9.</strong></span> <span class='ocrx_word' id='word_1_504' title='bbox 395 5063 425 5078; x_wconf 88' lang='grc'><strong>-</strong></span> <span class='ocrx_word' id='word_1_505' title='bbox 448 5037 582 5103; x_wconf 63' lang='lat' dir='ltr'><strong>unm</strong></span> <span class='ocrx_word' id='word_1_506' title='bbox 602 5041 735 5094; x_wconf 74' lang='lat' dir='ltr'><strong>Manutius</strong></span> <span class='ocrx_word' id='word_1_507' title='bbox 758 5053 791 5093; x_wconf 80' lang='lat' dir='ltr'><strong>ex</strong></span> <span class='ocrx_word' id='word_1_508' title='bbox 809 5041 887 5092; x_wconf 80' lang='lat' dir='ltr'><strong>lec:</strong></span> <span class='ocrx_word' id='word_1_509' title='bbox 921 5039 1054 5103; x_wconf 66' lang='grc'><strong>0444444444</strong></span> <span class='ocrx_word' id='word_1_510' title='bbox 1076 5039 1157 5094; x_wconf 86' lang='lat' dir='ltr'><strong>codd.</strong></span> <span class='ocrx_word' id='word_1_511' title='bbox 1180 5067 1209 5080; x_wconf 89' lang='lat'><em>—</em></span> <span class='ocrx_word' id='word_1_512' title='bbox 1234 5040 1277 5092; x_wconf 74' lang='lat'><strong>29.</strong></span> <span class='ocrx_word' id='word_1_513' title='bbox 1298 5039 1349 5090; x_wconf 82' lang='grc'><strong>44444</strong></span> <span class='ocrx_word' id='word_1_514' title='bbox 1370 5048 1424 5090; x_wconf 91' lang='lat' dir='ltr'><strong>om.</strong></span> <span class='ocrx_word' id='word_1_515' title='bbox 1443 5037 1480 5090; x_wconf 73' lang='lat' dir='ltr'><strong>Gn</strong></span> <span class='ocrx_word' id='word_1_516' title='bbox 1496 5036 1545 5091; x_wconf 80' lang='lat' dir='ltr'><strong>to.</strong></span> 
     </span>
     <span class='ocr_line' id='line_1_50' title="bbox 213 5110 1544 5186; baseline 0 -18"><span class='ocrx_word' id='word_1_517' title='bbox 213 5111 288 5168; x_wconf 69' lang='lat' dir='ltr'><strong>uas</strong></span> <span class='ocrx_word' id='word_1_518' title='bbox 308 5139 336 5154; x_wconf 89' lang='lat'>-</span> <span class='ocrx_word' id='word_1_519' title='bbox 354 5111 592 5180; x_wconf 67' lang='grc'><strong>9444444444.</strong></span> <span class='ocrx_word' id='word_1_520' title='bbox 610 5113 743 5168; x_wconf 78' lang='lat' dir='ltr'><strong>utto·</strong></span> <span class='ocrx_word' id='word_1_521' title='bbox 762 5115 997 5172; x_wconf 77' lang='lat' dir='ltr'><strong>33.otom.tlli.</strong></span> <span class='ocrx_word' id='word_1_522' title='bbox 1015 5110 1544 5186; x_wconf 69' lang='lat' dir='ltr'><strong>cl.g.st.-3t.ataatsttrpsdttotsu</strong></span> 
     </span>
     <span class='ocr_line' id='line_1_51' title="bbox 214 5187 953 5262; baseline 0.004 -19"><span class='ocrx_word' id='word_1_523' title='bbox 214 5212 245 5258; x_wconf 70' lang='grc'><strong>,-</strong></span> <span class='ocrx_word' id='word_1_524' title='bbox 261 5187 304 5243; x_wconf 82' lang='grc'><strong>96.</strong></span> <span class='ocrx_word' id='word_1_525' title='bbox 320 5187 632 5248; x_wconf 65' lang='lat' dir='ltr'><strong>new-seutdom</strong></span> <span class='ocrx_word' id='word_1_526' title='bbox 648 5189 705 5257; x_wconf 66' lang='grc'><strong>(444</strong></span> <span class='ocrx_word' id='word_1_527' title='bbox 723 5187 833 5248; x_wconf 80' lang='grc'><strong>44444444</strong></span> <span class='ocrx_word' id='word_1_528' title='bbox 845 5191 953 5262; x_wconf 83' lang='lat' dir='ltr'><strong>Zumpt.</strong></span> 
     </span>
    </p>
   </div>
   <div class='ocr_carea' id='block_1_4' title="bbox 0 0 1828 5888">
    <p class='ocr_par' dir='ltr' id='par_1_5' title="bbox 0 0 1828 5888">
     <span class='ocr_line' id='line_1_52' title="bbox 0 0 1828 5888; baseline 0 0"><span class='ocrx_word' id='word_1_529' title='bbox 0 0 1828 5888; x_wconf 95' lang='lat' dir='ltr'><strong> </strong></span> 
     </span>
    </p>
   </div>
  </div>
 </body>
</html>
