<?xml version="1.0" encoding="UTF-8"?>
<!DOCTYPE html PUBLIC "-//W3C//DTD XHTML 1.0 Transitional//EN"
    "http://www.w3.org/TR/xhtml1/DTD/xhtml1-transitional.dtd">
<html xmlns="http://www.w3.org/1999/xhtml" xml:lang="en" lang="en">
 <head>
  <title>
</title>
<meta http-equiv="Content-Type" content="text/html;charset=utf-8" />
  <meta name='ocr-system' content='tesseract 3.04.00' />
  <meta name='ocr-capabilities' content='ocr_page ocr_carea ocr_par ocr_line ocrx_word'/>
</head>
<body>
  <div class='ocr_page' id='page_1' title='image "./mtulliiciceroni00baitgoog_0216.png"; bbox 0 0 3642 5868; ppageno 0'>
   <div class='ocr_carea' id='block_1_1' title="bbox 294 423 1244 498">
    <p class='ocr_par' dir='ltr' id='par_1_1' title="bbox 294 423 1244 498">
     <span class='ocr_line' id='line_1_1' title="bbox 294 423 1244 498; baseline 0.008 -8"><span class='ocrx_word' id='word_1_1' title='bbox 294 423 357 490; x_wconf 87' lang='grc'><strong>190</strong></span> <span class='ocrx_word' id='word_1_2' title='bbox 662 427 706 492; x_wconf 84' lang='grc' dir='ltr'><strong>ΙΝ</strong></span> <span class='ocrx_word' id='word_1_3' title='bbox 725 427 894 495; x_wconf 78' lang='lat' dir='ltr'>VERREM</span> <span class='ocrx_word' id='word_1_4' title='bbox 914 428 1037 496; x_wconf 79' lang='lat' dir='ltr'>ACTIO</span> <span class='ocrx_word' id='word_1_5' title='bbox 1061 430 1244 498; x_wconf 80' lang='lat' dir='ltr'>SECUNDA</span> 
     </span>
    </p>
   </div>
   <div class='ocr_carea' id='block_1_2' title="bbox 102 599 1619 3695">
    <p class='ocr_par' dir='ltr' id='par_1_2' title="bbox 102 599 1619 2283">
     <span class='ocr_line' id='line_1_2' title="bbox 294 599 1619 687; baseline 0.003 -25"><span class='ocrx_word' id='word_1_6' title='bbox 294 619 389 684; x_wconf 87' lang='lat' dir='ltr'><strong>quam</strong></span> <span class='ocrx_word' id='word_1_7' title='bbox 409 605 503 663; x_wconf 87' lang='lat' dir='ltr'><strong>antea</strong></span> <span class='ocrx_word' id='word_1_8' title='bbox 524 599 727 674; x_wconf 77' lang='lat' dir='ltr'><strong>surrexisset,</strong></span> <span class='ocrx_word' id='word_1_9' title='bbox 749 599 868 666; x_wconf 90' lang='lat' dir='ltr'><strong>iudices</strong></span> <span class='ocrx_word' id='word_1_10' title='bbox 890 601 976 666; x_wconf 83' lang='lat' dir='ltr'><strong>citari</strong></span> <span class='ocrx_word' id='word_1_11' title='bbox 997 601 1092 666; x_wconf 85' lang='lat' dir='ltr'><strong>iubet</strong></span> <span class='ocrx_word' id='word_1_12' title='bbox 1124 603 1183 666; x_wconf 86' lang='lat' dir='ltr'><strong>Ubi</strong></span> <span class='ocrx_word' id='word_1_13' title='bbox 1197 603 1348 687; x_wconf 87' lang='lat' dir='ltr'><strong>comperit</strong></span> <span class='ocrx_word' id='word_1_14' title='bbox 1361 601 1539 668; x_wconf 83' lang='lat' dir='ltr'><strong>Heraclium</strong></span> <span class='ocrx_word' id='word_1_15' title='bbox 1553 623 1619 668; x_wconf 93' lang='lat' dir='ltr'><strong>non</strong></span> 
     </span>
     <span class='ocr_line' id='line_1_3' title="bbox 293 693 1618 778; baseline 0.002 -20"><span class='ocrx_word' id='word_1_16' title='bbox 293 693 420 770; x_wconf 84' lang='lat' dir='ltr'><strong>adesse,</strong></span> <span class='ocrx_word' id='word_1_17' title='bbox 442 713 553 776; x_wconf 76' lang='lat' dir='ltr'><strong>cogere</strong></span> <span class='ocrx_word' id='word_1_18' title='bbox 574 693 682 778; x_wconf 91' lang='lat' dir='ltr'><strong>incipit</strong></span> <span class='ocrx_word' id='word_1_19' title='bbox 703 715 773 768; x_wconf 90' lang='lat' dir='ltr'><strong>eos,</strong></span> <span class='ocrx_word' id='word_1_20' title='bbox 806 704 841 758; x_wconf 91' lang='lat' dir='ltr'><strong>ut</strong></span> <span class='ocrx_word' id='word_1_21' title='bbox 859 696 1020 760; x_wconf 77' lang='lat' dir='ltr'><strong>absentem</strong></span> <span class='ocrx_word' id='word_1_22' title='bbox 1035 696 1211 760; x_wconf 86' lang='lat' dir='ltr'><strong>Heraclium</strong></span> <span class='ocrx_word' id='word_1_23' title='bbox 1228 695 1446 763; x_wconf 74' lang='lat' dir='ltr'><strong>condemnent.</strong></span> <span class='ocrx_word' id='word_1_24' title='bbox 1475 697 1525 760; x_wconf 86' lang='lat' dir='ltr'><strong>llll</strong></span> <span class='ocrx_word' id='word_1_25' title='bbox 1546 719 1618 761; x_wconf 91' lang='lat' dir='ltr'><strong>eum</strong></span> 
     </span>
     <span class='ocr_line' id='line_1_4' title="bbox 293 787 1617 874; baseline 0.003 -23"><span class='ocrx_word' id='word_1_26' title='bbox 293 787 590 862; x_wconf 77' lang='lat' dir='ltr'><strong>commonefaciunt,</strong></span> <span class='ocrx_word' id='word_1_27' title='bbox 616 795 667 863; x_wconf 90' lang='lat' dir='ltr'><strong>ut,</strong></span> <span class='ocrx_word' id='word_1_28' title='bbox 694 790 720 852; x_wconf 90' lang='lat' dir='ltr'><strong>sl</strong></span> <span class='ocrx_word' id='word_1_29' title='bbox 743 791 772 851; x_wconf 90' lang='lat' dir='ltr'><strong>ei</strong></span> <span class='ocrx_word' id='word_1_30' title='bbox 792 789 951 865; x_wconf 88' lang='lat' dir='ltr'><strong>videatur,</strong></span> <span class='ocrx_word' id='word_1_31' title='bbox 980 797 1084 855; x_wconf 89' lang='lat' dir='ltr'><strong>utatur</strong></span> <span class='ocrx_word' id='word_1_32' title='bbox 1106 791 1246 854; x_wconf 90' lang='lat' dir='ltr'><strong>instituto</strong></span> <span class='ocrx_word' id='word_1_33' title='bbox 1274 811 1332 854; x_wconf 90' lang='lat' dir='ltr'><strong>suo</strong></span> <span class='ocrx_word' id='word_1_34' title='bbox 1355 813 1414 855; x_wconf 92' lang='lat' dir='ltr'><strong>nec</strong></span> <span class='ocrx_word' id='word_1_35' title='bbox 1435 799 1523 874; x_wconf 79' lang='lat' dir='ltr'><strong>cogat</strong></span> <span class='ocrx_word' id='word_1_36' title='bbox 1544 798 1617 855; x_wconf 87' lang='lat' dir='ltr'><strong>ante</strong></span> 
     </span>
     <span class='ocr_line' id='line_1_5' title="bbox 291 881 1616 970; baseline 0.002 -25"><span class='ocrx_word' id='word_1_37' title='bbox 291 882 400 948; x_wconf 85' lang='lat' dir='ltr'><strong>horam</strong></span> <span class='ocrx_word' id='word_1_38' title='bbox 434 883 582 947; x_wconf 89' lang='lat' dir='ltr'><strong>decimam</strong></span> <span class='ocrx_word' id='word_1_39' title='bbox 613 881 652 944; x_wconf 89' lang='lat' dir='ltr'><strong>de</strong></span> <span class='ocrx_word' id='word_1_40' title='bbox 680 883 809 946; x_wconf 88' lang='lat' dir='ltr'><strong>absente</strong></span> <span class='ocrx_word' id='word_1_41' title='bbox 837 884 1008 947; x_wconf 87' lang='lat' dir='ltr'><strong>secundum</strong></span> <span class='ocrx_word' id='word_1_42' title='bbox 1029 891 1225 968; x_wconf 83' lang='lat' dir='ltr'><strong>praesentem</strong></span> <span class='ocrx_word' id='word_1_43' title='bbox 1248 886 1394 948; x_wconf 88' lang='lat' dir='ltr'><strong>iudicare.</strong></span> <span class='ocrx_word' id='word_1_44' title='bbox 1438 887 1616 970; x_wconf 84' lang='lat' dir='ltr'><strong>impetrant.</strong></span> 
     </span>
     <span class='ocr_line' id='line_1_6' title="bbox 268 967 1617 1076; baseline 0.005 -39"><span class='ocrx_word' id='word_1_45' title='bbox 268 967 489 1076; x_wconf 63' lang='lat' dir='ltr'><strong>tl2.[luterea</strong></span> <span class='ocrx_word' id='word_1_46' title='bbox 517 995 592 1039; x_wconf 89' lang='lat' dir='ltr'><strong>sane</strong></span> <span class='ocrx_word' id='word_1_47' title='bbox 620 977 817 1066; x_wconf 85' lang='lat' dir='ltr'><strong>perturbatus</strong></span> <span class='ocrx_word' id='word_1_48' title='bbox 840 986 871 1040; x_wconf 93' lang='lat' dir='ltr'><strong>et</strong></span> <span class='ocrx_word' id='word_1_49' title='bbox 897 979 965 1070; x_wconf 81' lang='lat' dir='ltr'><strong>ipse</strong></span> <span class='ocrx_word' id='word_1_50' title='bbox 987 985 1019 1040; x_wconf 91' lang='lat' dir='ltr'><strong>et</strong></span> <span class='ocrx_word' id='word_1_51' title='bbox 1041 980 1108 1042; x_wconf 89' lang='lat' dir='ltr'><strong>eius</strong></span> <span class='ocrx_word' id='word_1_52' title='bbox 1130 979 1273 1062; x_wconf 74' lang='lat' dir='ltr'><strong>amiciet</strong></span> <span class='ocrx_word' id='word_1_53' title='bbox 1295 979 1463 1042; x_wconf 86' lang='lat' dir='ltr'><strong>consiliarii</strong></span> <span class='ocrx_word' id='word_1_54' title='bbox 1486 979 1617 1044; x_wconf 89' lang='lat' dir='ltr'><strong>moleste</strong></span> 
     </span>
     <span class='ocr_line' id='line_1_7' title="bbox 289 1053 1616 1182; baseline 0.001 -46"><span class='ocrx_word' id='word_1_55' title='bbox 289 1073 373 1137; x_wconf 82' lang='lat' dir='ltr'><strong>ferre</strong></span> <span class='ocrx_word' id='word_1_56' title='bbox 403 1079 572 1160; x_wconf 79' lang='lat' dir='ltr'><strong>coeperunt</strong></span> <span class='ocrx_word' id='word_1_57' title='bbox 598 1061 776 1134; x_wconf 87' lang='lat' dir='ltr'><strong>Heraclium</strong></span> <span class='ocrx_word' id='word_1_58' title='bbox 805 1053 1011 1182; x_wconf 64' lang='lat' dir='ltr'><strong>profugisse.)</strong></span> <span class='ocrx_word' id='word_1_59' title='bbox 1041 1057 1194 1135; x_wconf 69' lang='lat' dir='ltr'><strong>Putabant</strong></span> <span class='ocrx_word' id='word_1_60' title='bbox 1226 1072 1362 1136; x_wconf 88' lang='lat' dir='ltr'><strong>absentis</strong></span> <span class='ocrx_word' id='word_1_61' title='bbox 1385 1073 1616 1137; x_wconf 79' lang='lat' dir='ltr'><strong>damnationem</strong></span> 
     </span>
     <span class='ocr_line' id='line_1_8' title="bbox 290 1163 1616 1252; baseline 0.001 -23"><span class='ocrx_word' id='word_1_62' title='bbox 290 1167 475 1252; x_wconf 87' lang='lat' dir='ltr'><strong>praesertim</strong></span> <span class='ocrx_word' id='word_1_63' title='bbox 505 1170 608 1228; x_wconf 86' lang='lat' dir='ltr'><strong>tantae</strong></span> <span class='ocrx_word' id='word_1_64' title='bbox 637 1166 788 1247; x_wconf 87' lang='lat' dir='ltr'><strong>pecuniae</strong></span> <span class='ocrx_word' id='word_1_65' title='bbox 812 1165 910 1228; x_wconf 91' lang='lat' dir='ltr'><strong>multo</strong></span> <span class='ocrx_word' id='word_1_66' title='bbox 933 1165 1166 1230; x_wconf 79' lang='lat' dir='ltr'><strong>invidiosiorem</strong></span> <span class='ocrx_word' id='word_1_67' title='bbox 1187 1163 1270 1240; x_wconf 80' lang='lat' dir='ltr'><strong>fore,</strong></span> <span class='ocrx_word' id='word_1_68' title='bbox 1302 1185 1395 1250; x_wconf 89' lang='lat' dir='ltr'><strong>quarn</strong></span> <span class='ocrx_word' id='word_1_69' title='bbox 1418 1167 1444 1228; x_wconf 89' lang='lat' dir='ltr'><strong>si</strong></span> <span class='ocrx_word' id='word_1_70' title='bbox 1465 1187 1616 1249; x_wconf 88' lang='lat' dir='ltr'><strong>praesens</strong></span> 
     </span>
     <span class='ocr_line' id='line_1_9' title="bbox 291 1257 1616 1344; baseline -0.001 -19"><span class='ocrx_word' id='word_1_71' title='bbox 291 1262 454 1325; x_wconf 88' lang='lat' dir='ltr'><strong>damnatus</strong></span> <span class='ocrx_word' id='word_1_72' title='bbox 482 1267 575 1322; x_wconf 90' lang='lat' dir='ltr'><strong>esset.</strong></span> <span class='ocrx_word' id='word_1_73' title='bbox 616 1259 663 1322; x_wconf 86' lang='lat' dir='ltr'><strong>Eo</strong></span> <span class='ocrx_word' id='word_1_74' title='bbox 691 1257 873 1334; x_wconf 83' lang='lat' dir='ltr'><strong>accedebat,</strong></span> <span class='ocrx_word' id='word_1_75' title='bbox 908 1259 993 1344; x_wconf 94' lang='lat' dir='ltr'><strong>quod</strong></span> <span class='ocrx_word' id='word_1_76' title='bbox 1022 1259 1139 1323; x_wconf 88' lang='lat' dir='ltr'><strong>iudices</strong></span> <span class='ocrx_word' id='word_1_77' title='bbox 1169 1281 1186 1322; x_wconf 91' lang='lat' dir='ltr'><strong>e</strong></span> <span class='ocrx_word' id='word_1_78' title='bbox 1216 1259 1287 1342; x_wconf 79' lang='lat' dir='ltr'><strong>iege</strong></span> <span class='ocrx_word' id='word_1_79' title='bbox 1315 1260 1439 1344; x_wconf 87' lang='lat' dir='ltr'><strong>Rupilia</strong></span> <span class='ocrx_word' id='word_1_80' title='bbox 1463 1260 1525 1324; x_wconf 90' lang='lat' dir='ltr'><strong>dati</strong></span> <span class='ocrx_word' id='word_1_81' title='bbox 1552 1281 1616 1324; x_wconf 93' lang='lat' dir='ltr'><strong>non</strong></span> 
     </span>
     <span class='ocr_line' id='line_1_10' title="bbox 291 1353 1617 1438; baseline 0 -19"><span class='ocrx_word' id='word_1_82' title='bbox 291 1362 397 1419; x_wconf 88' lang='lat' dir='ltr'><strong>erant:</strong></span> <span class='ocrx_word' id='word_1_83' title='bbox 420 1353 517 1417; x_wconf 90' lang='lat' dir='ltr'><strong>multo</strong></span> <span class='ocrx_word' id='word_1_84' title='bbox 539 1355 632 1416; x_wconf 91' lang='lat' dir='ltr'><strong>ctiam</strong></span> <span class='ocrx_word' id='word_1_85' title='bbox 653 1372 720 1416; x_wconf 89' lang='lat' dir='ltr'><strong>rem</strong></span> <span class='ocrx_word' id='word_1_86' title='bbox 741 1353 909 1438; x_wconf 85' lang='lat' dir='ltr'><strong>turpiorem</strong></span> <span class='ocrx_word' id='word_1_87' title='bbox 930 1354 997 1417; x_wconf 87' lang='lat' dir='ltr'><strong>lore</strong></span> <span class='ocrx_word' id='word_1_88' title='bbox 1021 1361 1052 1417; x_wconf 91' lang='lat' dir='ltr'><strong>et</strong></span> <span class='ocrx_word' id='word_1_89' title='bbox 1072 1355 1260 1438; x_wconf 88' lang='lat' dir='ltr'><strong>iniquiorem</strong></span> <span class='ocrx_word' id='word_1_90' title='bbox 1280 1355 1381 1418; x_wconf 69' lang='lat' dir='ltr'><strong>nsum</strong></span> <span class='ocrx_word' id='word_1_91' title='bbox 1402 1355 1439 1417; x_wconf 92' lang='lat' dir='ltr'><strong>iri</strong></span> <span class='ocrx_word' id='word_1_92' title='bbox 1460 1354 1617 1438; x_wconf 79' lang='lat' dir='ltr'><strong>iutellige-</strong></span> 
     </span>
     <span class='ocr_line' id='line_1_11' title="bbox 253 1428 1616 1535; baseline -0.001 -21"><span class='ocrx_word' id='word_1_93' title='bbox 253 1451 374 1514; x_wconf 87' lang='lat' dir='ltr'><strong>lobant.</strong></span> <span class='ocrx_word' id='word_1_94' title='bbox 397 1428 406 1509; x_wconf 82' lang='lat' dir='ltr'><strong>l</strong></span> <span class='ocrx_word' id='word_1_95' title='bbox 417 1449 527 1533; x_wconf 86' lang='lat' dir='ltr'><strong>ltaque</strong></span> <span class='ocrx_word' id='word_1_96' title='bbox 547 1447 609 1510; x_wconf 93' lang='lat' dir='ltr'><strong>hoc</strong></span> <span class='ocrx_word' id='word_1_97' title='bbox 629 1449 704 1510; x_wconf 89' lang='lat' dir='ltr'><strong>dum</strong></span> <span class='ocrx_word' id='word_1_98' title='bbox 727 1450 880 1530; x_wconf 83' lang='lat' dir='ltr'><strong>corrigere</strong></span> <span class='ocrx_word' id='word_1_99' title='bbox 901 1447 983 1521; x_wconf 87' lang='lat' dir='ltr'><strong>vult,</strong></span> <span class='ocrx_word' id='word_1_100' title='bbox 1005 1449 1143 1534; x_wconf 89' lang='lat' dir='ltr'><strong>apertior</strong></span> <span class='ocrx_word' id='word_1_101' title='bbox 1164 1449 1232 1512; x_wconf 89' lang='lat' dir='ltr'><strong>eius</strong></span> <span class='ocrx_word' id='word_1_102' title='bbox 1248 1448 1400 1530; x_wconf 89' lang='lat' dir='ltr'><strong>cupiditas</strong></span> <span class='ocrx_word' id='word_1_103' title='bbox 1421 1451 1616 1535; x_wconf 87' lang='lat' dir='ltr'><strong>improbitas-</strong></span> 
     </span>
     <span class='ocr_line' id='line_1_12' title="bbox 102 1523 1615 1634; baseline 0 -30"><span class='ocrx_word' id='word_1_104' title='bbox 102 1595 119 1604; x_wconf 93' lang='lat'><strong>-</strong></span> <span class='ocrx_word' id='word_1_105' title='bbox 133 1523 189 1619; x_wconf 47' lang='lat'><strong>,23</strong></span> <span class='ocrx_word' id='word_1_106' title='bbox 291 1565 353 1630; x_wconf 93' lang='lat' dir='ltr'><strong>que</strong></span> <span class='ocrx_word' id='word_1_107' title='bbox 375 1534 545 1634; x_wconf 43' lang='lat' dir='ltr'><strong>iactu-cst.)</strong></span> <span class='ocrx_word' id='word_1_108' title='bbox 575 1545 654 1606; x_wconf 89' lang='lat' dir='ltr'><strong>Nam</strong></span> <span class='ocrx_word' id='word_1_109' title='bbox 675 1541 738 1603; x_wconf 90' lang='lat' dir='ltr'><strong>illis</strong></span> <span class='ocrx_word' id='word_1_110' title='bbox 761 1543 901 1624; x_wconf 89' lang='lat' dir='ltr'><strong>quinque</strong></span> <span class='ocrx_word' id='word_1_111' title='bbox 923 1541 1076 1606; x_wconf 87' lang='lat' dir='ltr'><strong>iudicibus</strong></span> <span class='ocrx_word' id='word_1_112' title='bbox 1098 1543 1143 1604; x_wconf 91' lang='lat' dir='ltr'><strong>uti</strong></span> <span class='ocrx_word' id='word_1_113' title='bbox 1166 1563 1199 1604; x_wconf 91' lang='lat' dir='ltr'><strong>se</strong></span> <span class='ocrx_word' id='word_1_114' title='bbox 1221 1549 1330 1624; x_wconf 80' lang='lat' dir='ltr'><strong>negat:</strong></span> <span class='ocrx_word' id='word_1_115' title='bbox 1352 1543 1454 1618; x_wconf 87' lang='lat' dir='ltr'><strong>iubet,</strong></span> <span class='ocrx_word' id='word_1_116' title='bbox 1476 1540 1508 1604; x_wconf 92' lang='lat' dir='ltr'><strong>id</strong></span> <span class='ocrx_word' id='word_1_117' title='bbox 1531 1542 1615 1626; x_wconf 92' lang='lat' dir='ltr'><strong>quod</strong></span> 
     </span>
     <span class='ocr_line' id='line_1_13' title="bbox 289 1631 1614 1722; baseline -0.002 -20"><span class='ocrx_word' id='word_1_118' title='bbox 289 1641 377 1702; x_wconf 90' lang='lat' dir='ltr'><strong>initio</strong></span> <span class='ocrx_word' id='word_1_119' title='bbox 406 1639 476 1720; x_wconf 80' lang='lat' dir='ltr'><strong>lege</strong></span> <span class='ocrx_word' id='word_1_120' title='bbox 505 1636 628 1722; x_wconf 86' lang='lat' dir='ltr'><strong>Rupilia</strong></span> <span class='ocrx_word' id='word_1_121' title='bbox 658 1631 726 1699; x_wconf 81' lang='lat' dir='ltr'><strong>lieri</strong></span> <span class='ocrx_word' id='word_1_122' title='bbox 755 1641 948 1718; x_wconf 87' lang='lat' dir='ltr'><strong>oportuerat,</strong></span> <span class='ocrx_word' id='word_1_123' title='bbox 977 1637 1062 1700; x_wconf 89' lang='lat' dir='ltr'><strong>citari</strong></span> <span class='ocrx_word' id='word_1_124' title='bbox 1084 1636 1263 1700; x_wconf 86' lang='lat' dir='ltr'><strong>Heraclium</strong></span> <span class='ocrx_word' id='word_1_125' title='bbox 1285 1645 1317 1700; x_wconf 90' lang='lat' dir='ltr'><strong>ct</strong></span> <span class='ocrx_word' id='word_1_126' title='bbox 1338 1657 1409 1710; x_wconf 91' lang='lat' dir='ltr'><strong>eos,</strong></span> <span class='ocrx_word' id='word_1_127' title='bbox 1438 1639 1492 1720; x_wconf 92' lang='lat' dir='ltr'><strong>qui</strong></span> <span class='ocrx_word' id='word_1_128' title='bbox 1514 1637 1614 1700; x_wconf 88' lang='lat' dir='ltr'><strong>dicam</strong></span> 
     </span>
     <span class='ocr_line' id='line_1_14' title="bbox 288 1727 1614 1820; baseline -0.005 -20"><span class='ocrx_word' id='word_1_129' title='bbox 288 1737 493 1820; x_wconf 87' lang='lat' dir='ltr'><strong>scripserant:</strong></span> <span class='ocrx_word' id='word_1_130' title='bbox 515 1732 559 1793; x_wconf 82' lang='lat' dir='ltr'><strong>ait</strong></span> <span class='ocrx_word' id='word_1_131' title='bbox 581 1749 615 1792; x_wconf 87' lang='lat' dir='ltr'><strong>se</strong></span> <span class='ocrx_word' id='word_1_132' title='bbox 638 1727 757 1791; x_wconf 88' lang='lat' dir='ltr'><strong>iudices</strong></span> <span class='ocrx_word' id='word_1_133' title='bbox 780 1727 913 1812; x_wconf 74' lang='lat' dir='ltr'><strong>exlege</strong></span> <span class='ocrx_word' id='word_1_134' title='bbox 934 1729 1016 1792; x_wconf 78' lang='lat' dir='ltr'><strong>velle</strong></span> <span class='ocrx_word' id='word_1_135' title='bbox 1040 1731 1151 1793; x_wconf 89' lang='lat' dir='ltr'><strong>sortiri.</strong></span> <span class='ocrx_word' id='word_1_136' title='bbox 1175 1729 1268 1806; x_wconf 89' lang='lat' dir='ltr'><strong>Quod</strong></span> <span class='ocrx_word' id='word_1_137' title='bbox 1290 1730 1329 1793; x_wconf 90' lang='lat' dir='ltr'><strong>ab</strong></span> <span class='ocrx_word' id='word_1_138' title='bbox 1352 1749 1390 1793; x_wconf 89' lang='lat' dir='ltr'><strong>eo</strong></span> <span class='ocrx_word' id='word_1_139' title='bbox 1411 1730 1523 1814; x_wconf 89' lang='lat' dir='ltr'><strong>pridie,</strong></span> <span class='ocrx_word' id='word_1_140' title='bbox 1545 1753 1614 1794; x_wconf 90' lang='lat' dir='ltr'><strong>cum</strong></span> 
     </span>
     <span class='ocr_line' id='line_1_15' title="bbox 287 1823 1614 1908; baseline -0.004 -15"><span class='ocrx_word' id='word_1_141' title='bbox 287 1829 393 1893; x_wconf 88' lang='lat' dir='ltr'><strong>multis</strong></span> <span class='ocrx_word' id='word_1_142' title='bbox 414 1825 549 1890; x_wconf 87' lang='lat' dir='ltr'><strong>lacrimis</strong></span> <span class='ocrx_word' id='word_1_143' title='bbox 571 1845 641 1887; x_wconf 91' lang='lat' dir='ltr'><strong>cum</strong></span> <span class='ocrx_word' id='word_1_144' title='bbox 663 1829 766 1886; x_wconf 87' lang='lat' dir='ltr'><strong>oraret</strong></span> <span class='ocrx_word' id='word_1_145' title='bbox 787 1831 880 1906; x_wconf 88' lang='lat' dir='ltr'><strong>atquc</strong></span> <span class='ocrx_word' id='word_1_146' title='bbox 896 1823 1086 1899; x_wconf 86' lang='lat' dir='ltr'><strong>obsecraret,</strong></span> <span class='ocrx_word' id='word_1_147' title='bbox 1109 1823 1271 1887; x_wconf 85' lang='lat' dir='ltr'><strong>Heraclius</strong></span> <span class='ocrx_word' id='word_1_148' title='bbox 1293 1825 1459 1906; x_wconf 89' lang='lat' dir='ltr'><strong>impetrare</strong></span> <span class='ocrx_word' id='word_1_149' title='bbox 1481 1845 1543 1888; x_wconf 93' lang='lat' dir='ltr'><strong>non</strong></span> <span class='ocrx_word' id='word_1_150' title='bbox 1559 1845 1614 1908; x_wconf 91' lang='lat' dir='ltr'><strong>po-</strong></span> 
     </span>
     <span class='ocr_line' id='line_1_16' title="bbox 250 1917 1615 2002; baseline -0.004 -17"><span class='ocrx_word' id='word_1_151' title='bbox 250 1930 403 1998; x_wconf 77' lang='lat' dir='ltr'><strong>tetuerat,</strong></span> <span class='ocrx_word' id='word_1_152' title='bbox 427 1921 459 1984; x_wconf 93' lang='lat' dir='ltr'><strong>id</strong></span> <span class='ocrx_word' id='word_1_153' title='bbox 483 1919 511 1983; x_wconf 89' lang='lat' dir='ltr'><strong>ei</strong></span> <span class='ocrx_word' id='word_1_154' title='bbox 533 1917 682 2002; x_wconf 87' lang='lat' dir='ltr'><strong>postridie</strong></span> <span class='ocrx_word' id='word_1_155' title='bbox 697 1917 783 1981; x_wconf 88' lang='lat' dir='ltr'><strong>venit</strong></span> <span class='ocrx_word' id='word_1_156' title='bbox 803 1917 835 1981; x_wconf 91' lang='lat' dir='ltr'><strong>in</strong></span> <span class='ocrx_word' id='word_1_157' title='bbox 850 1924 1004 1990; x_wconf 89' lang='lat' dir='ltr'><strong>mentem,</strong></span> <span class='ocrx_word' id='word_1_158' title='bbox 1029 1939 1069 1981; x_wconf 84' lang='lat' dir='ltr'><strong>ex</strong></span> <span class='ocrx_word' id='word_1_159' title='bbox 1084 1917 1155 2000; x_wconf 80' lang='lat' dir='ltr'><strong>lege</strong></span> <span class='ocrx_word' id='word_1_160' title='bbox 1169 1917 1294 2002; x_wconf 85' lang='lat' dir='ltr'><strong>Rupilia</strong></span> <span class='ocrx_word' id='word_1_161' title='bbox 1308 1918 1409 1981; x_wconf 88' lang='lat' dir='ltr'><strong>sortiri</strong></span> <span class='ocrx_word' id='word_1_162' title='bbox 1425 1919 1508 1982; x_wconf 88' lang='lat' dir='ltr'><strong>dicas</strong></span> <span class='ocrx_word' id='word_1_163' title='bbox 1523 1939 1615 2001; x_wconf 92' lang='lat' dir='ltr'><strong>opor·</strong></span> 
     </span>
     <span class='ocr_line' id='line_1_17' title="bbox 287 2011 1614 2087; baseline -0.005 -6"><span class='ocrx_word' id='word_1_164' title='bbox 287 2025 362 2081; x_wconf 90' lang='lat' dir='ltr'><strong>tere.</strong></span> <span class='ocrx_word' id='word_1_165' title='bbox 406 2015 519 2079; x_wconf 88' lang='lat' dir='ltr'><strong>Educit</strong></span> <span class='ocrx_word' id='word_1_166' title='bbox 541 2031 581 2076; x_wconf 86' lang='lat' dir='ltr'><strong>ex</strong></span> <span class='ocrx_word' id='word_1_167' title='bbox 603 2032 682 2074; x_wconf 89' lang='lat' dir='ltr'><strong>urna</strong></span> <span class='ocrx_word' id='word_1_168' title='bbox 703 2019 783 2074; x_wconf 87' lang='lat' dir='ltr'><strong>tres:</strong></span> <span class='ocrx_word' id='word_1_169' title='bbox 805 2011 861 2085; x_wconf 91' lang='lat' dir='ltr'><strong>iis,</strong></span> <span class='ocrx_word' id='word_1_170' title='bbox 882 2019 918 2074; x_wconf 89' lang='lat' dir='ltr'><strong>ut</strong></span> <span class='ocrx_word' id='word_1_171' title='bbox 938 2011 1102 2075; x_wconf 85' lang='lat' dir='ltr'><strong>absentem</strong></span> <span class='ocrx_word' id='word_1_172' title='bbox 1116 2011 1294 2074; x_wconf 86' lang='lat' dir='ltr'><strong>Heraclium</strong></span> <span class='ocrx_word' id='word_1_173' title='bbox 1309 2012 1534 2087; x_wconf 87' lang='lat' dir='ltr'><strong>condemnent,</strong></span> <span class='ocrx_word' id='word_1_174' title='bbox 1556 2013 1614 2076; x_wconf 90' lang='lat' dir='ltr'><strong>lm-</strong></span> 
     </span>
     <span class='ocr_line' id='line_1_18' title="bbox 120 2098 1613 2216; baseline -0.004 -40"><span class='ocrx_word' id='word_1_175' title='bbox 120 2114 225 2216; x_wconf 51' lang='lat' dir='ltr'><strong>Vq-fps</strong></span> <span class='ocrx_word' id='word_1_176' title='bbox 285 2119 384 2196; x_wconf 89' lang='lat' dir='ltr'><strong>perat.</strong></span> <span class='ocrx_word' id='word_1_177' title='bbox 406 2110 516 2192; x_wconf 88' lang='lat' dir='ltr'><strong>Itaque</strong></span> <span class='ocrx_word' id='word_1_178' title='bbox 532 2105 751 2170; x_wconf 87' lang='lat' dir='ltr'><strong>condemnant.</strong></span> <span class='ocrx_word' id='word_1_179' title='bbox 781 2098 946 2192; x_wconf 75' lang='lat' dir='ltr'><strong>l3.&#39;Qae,</strong></span> <span class='ocrx_word' id='word_1_180' title='bbox 970 2105 1100 2168; x_wconf 86' lang='lat' dir='ltr'><strong>maluml</strong></span> <span class='ocrx_word' id='word_1_181' title='bbox 1123 2105 1182 2196; x_wconf 62' lang='lat' dir='ltr'><strong>iffi</strong></span> <span class='ocrx_word' id='word_1_182' title='bbox 1196 2106 1254 2168; x_wconf 88' lang='lat' dir='ltr'><strong>luit</strong></span> <span class='ocrx_word' id='word_1_183' title='bbox 1268 2108 1425 2169; x_wconf 73' lang='lat' dir='ltr'><strong>amentia?</strong></span> <span class='ocrx_word' id='word_1_184' title='bbox 1443 2100 1613 2190; x_wconf 74' lang='lat' dir='ltr'><strong>ecquando</strong></span> 
     </span>
     <span class='ocr_line' id='line_1_19' title="bbox 286 2197 1613 2283; baseline -0.005 -13"><span class='ocrx_word' id='word_1_185' title='bbox 286 2214 317 2269; x_wconf 90' lang='lat' dir='ltr'><strong>te</strong></span> <span class='ocrx_word' id='word_1_186' title='bbox 338 2206 492 2269; x_wconf 87' lang='lat' dir='ltr'><strong>rationem</strong></span> <span class='ocrx_word' id='word_1_187' title='bbox 515 2200 665 2263; x_wconf 83' lang='lat' dir='ltr'><strong>factorum</strong></span> <span class='ocrx_word' id='word_1_188' title='bbox 686 2207 810 2262; x_wconf 91' lang='lat' dir='ltr'><strong>tuorum</strong></span> <span class='ocrx_word' id='word_1_189' title='bbox 833 2197 1027 2262; x_wconf 87' lang='lat' dir='ltr'><strong>redditurum</strong></span> <span class='ocrx_word' id='word_1_190' title='bbox 1048 2198 1185 2283; x_wconf 77' lang='lat' dir='ltr'><strong>putasti?</strong></span> <span class='ocrx_word' id='word_1_191' title='bbox 1208 2200 1371 2283; x_wconf 88' lang='lat' dir='ltr'><strong>ecquando</strong></span> <span class='ocrx_word' id='word_1_192' title='bbox 1393 2200 1442 2262; x_wconf 90' lang='lat' dir='ltr'><strong>his</strong></span> <span class='ocrx_word' id='word_1_193' title='bbox 1457 2201 1497 2264; x_wconf 91' lang='lat' dir='ltr'><strong>de</strong></span> <span class='ocrx_word' id='word_1_194' title='bbox 1520 2201 1613 2264; x_wconf 88' lang='lat' dir='ltr'><strong>rebus</strong></span> 
     </span>
    </p>

    <p class='ocr_par' dir='ltr' id='par_1_3' title="bbox 201 2289 1613 3695">
     <span class='ocr_line' id='line_1_20' title="bbox 237 2289 1613 2388; baseline -0.005 -24"><span class='ocrx_word' id='word_1_195' title='bbox 237 2381 240 2388; x_wconf 15' lang='grc' dir='ltr'><strong><em>γ</em></strong></span> <span class='ocrx_word' id='word_1_196' title='bbox 286 2300 364 2364; x_wconf 89' lang='lat' dir='ltr'><strong>tales</strong></span> <span class='ocrx_word' id='word_1_197' title='bbox 386 2301 469 2362; x_wconf 83' lang='lat' dir='ltr'><strong>viror</strong></span> <span class='ocrx_word' id='word_1_198' title='bbox 491 2295 651 2358; x_wconf 85' lang='lat' dir='ltr'><strong>audituros</strong></span> <span class='ocrx_word' id='word_1_199' title='bbox 673 2293 878 2357; x_wconf 80' lang='lat' dir='ltr'><strong>existimasti:</strong></span> <span class='ocrx_word' id='word_1_200' title='bbox 910 2294 1036 2356; x_wconf 85' lang='lat' dir='ltr'><strong>Petatur</strong></span> <span class='ocrx_word' id='word_1_201' title='bbox 1055 2293 1212 2357; x_wconf 89' lang='lat' dir='ltr'><strong>hereditas</strong></span> <span class='ocrx_word' id='word_1_202' title='bbox 1237 2289 1317 2377; x_wconf 87' lang='lat' dir='ltr'><strong>[ca],</strong></span> <span class='ocrx_word' id='word_1_203' title='bbox 1347 2313 1427 2378; x_wconf 87' lang='lat' dir='ltr'><strong>quae</strong></span> <span class='ocrx_word' id='word_1_204' title='bbox 1450 2293 1536 2357; x_wconf 90' lang='lat' dir='ltr'><strong>nulla</strong></span> <span class='ocrx_word' id='word_1_205' title='bbox 1558 2295 1613 2358; x_wconf 87' lang='lat' dir='ltr'><strong>dc-</strong></span> 
     </span>
     <span class='ocr_line' id='line_1_21' title="bbox 201 2386 1613 2476; baseline -0.003 -20"><span class='ocrx_word' id='word_1_206' title='bbox 201 2399 206 2410; x_wconf 88' lang='lat'>&#39;</span> <span class='ocrx_word' id='word_1_207' title='bbox 248 2393 393 2466; x_wconf 78' lang='lat' dir='ltr'><strong>sonetur,</strong></span> <span class='ocrx_word' id='word_1_208' title='bbox 420 2391 453 2453; x_wconf 93' lang='lat' dir='ltr'><strong>in</strong></span> <span class='ocrx_word' id='word_1_209' title='bbox 482 2389 631 2476; x_wconf 86' lang='lat' dir='ltr'><strong>praedam</strong></span> <span class='ocrx_word' id='word_1_210' title='bbox 659 2388 834 2473; x_wconf 76' lang='lat' dir='ltr'><strong>praetoris?</strong></span> <span class='ocrx_word' id='word_1_211' title='bbox 865 2386 1081 2473; x_wconf 89' lang='lat' dir='ltr'><strong>interponatur</strong></span> <span class='ocrx_word' id='word_1_212' title='bbox 1108 2407 1223 2451; x_wconf 92' lang='lat' dir='ltr'><strong>nomen</strong></span> <span class='ocrx_word' id='word_1_213' title='bbox 1256 2389 1408 2452; x_wconf 87' lang='lat' dir='ltr'><strong>civitatisl</strong></span> <span class='ocrx_word' id='word_1_214' title='bbox 1436 2389 1613 2472; x_wconf 90' lang='lat' dir='ltr'><strong>imponatur</strong></span> 
     </span>
     <span class='ocr_line' id='line_1_22' title="bbox 285 2481 1612 2568; baseline -0.004 -18"><span class='ocrx_word' id='word_1_215' title='bbox 285 2487 437 2552; x_wconf 87' lang='lat' dir='ltr'><strong>honestae</strong></span> <span class='ocrx_word' id='word_1_216' title='bbox 467 2483 582 2548; x_wconf 87' lang='lat' dir='ltr'><strong>civitati</strong></span> <span class='ocrx_word' id='word_1_217' title='bbox 611 2483 790 2566; x_wconf 88' lang='lat' dir='ltr'><strong>turpissima</strong></span> <span class='ocrx_word' id='word_1_218' title='bbox 817 2502 952 2565; x_wconf 89' lang='lat' dir='ltr'><strong>persona</strong></span> <span class='ocrx_word' id='word_1_219' title='bbox 973 2482 1172 2546; x_wconf 72' lang='lat' dir='ltr'><strong>calumniae?</strong></span> <span class='ocrx_word' id='word_1_220' title='bbox 1201 2502 1305 2568; x_wconf 88' lang='lat' dir='ltr'><strong>neque</strong></span> <span class='ocrx_word' id='word_1_221' title='bbox 1327 2481 1387 2545; x_wconf 91' lang='lat' dir='ltr'><strong>boc</strong></span> <span class='ocrx_word' id='word_1_222' title='bbox 1409 2484 1526 2558; x_wconf 89' lang='lat' dir='ltr'><strong>solum,</strong></span> <span class='ocrx_word' id='word_1_223' title='bbox 1555 2482 1612 2547; x_wconf 90' lang='lat' dir='ltr'><strong>sed</strong></span> 
     </span>
     <span class='ocr_line' id='line_1_23' title="bbox 286 2576 1611 2662; baseline -0.003 -18"><span class='ocrx_word' id='word_1_224' title='bbox 286 2583 329 2646; x_wconf 90' lang='lat' dir='ltr'><strong>iia</strong></span> <span class='ocrx_word' id='word_1_225' title='bbox 350 2601 400 2643; x_wconf 91' lang='lat' dir='ltr'><strong>res</strong></span> <span class='ocrx_word' id='word_1_226' title='bbox 423 2585 547 2662; x_wconf 78' lang='lat' dir='ltr'><strong>agatur,</strong></span> <span class='ocrx_word' id='word_1_227' title='bbox 573 2584 608 2640; x_wconf 94' lang='lat' dir='ltr'><strong>ut</strong></span> <span class='ocrx_word' id='word_1_228' title='bbox 628 2597 669 2638; x_wconf 88' lang='lat' dir='ltr'><strong>ne</strong></span> <span class='ocrx_word' id='word_1_229' title='bbox 692 2576 848 2640; x_wconf 89' lang='lat' dir='ltr'><strong>simulatio</strong></span> <span class='ocrx_word' id='word_1_230' title='bbox 871 2577 999 2659; x_wconf 91' lang='lat' dir='ltr'><strong>quidem</strong></span> <span class='ocrx_word' id='word_1_231' title='bbox 1021 2577 1186 2660; x_wconf 91' lang='lat' dir='ltr'><strong>aequitatis</strong></span> <span class='ocrx_word' id='word_1_232' title='bbox 1207 2576 1276 2646; x_wconf 86' lang='lat' dir='ltr'><strong>ulla</strong></span> <span class='ocrx_word' id='word_1_233' title='bbox 1294 2576 1501 2640; x_wconf 77' lang='lat' dir='ltr'><strong>adhibeatur:</strong></span> <span class='ocrx_word' id='word_1_234' title='bbox 1522 2579 1611 2652; x_wconf 85' lang='lat' dir='ltr'><strong>Nam,</strong></span> 
     </span>
     <span class='ocr_line' id='line_1_24' title="bbox 285 2671 1612 2760; baseline -0.006 -20"><span class='ocrx_word' id='word_1_235' title='bbox 285 2697 342 2760; x_wconf 88' lang='lat' dir='ltr'><strong>per</strong></span> <span class='ocrx_word' id='word_1_236' title='bbox 364 2674 440 2738; x_wconf 91' lang='lat' dir='ltr'><strong>deos</strong></span> <span class='ocrx_word' id='word_1_237' title='bbox 462 2671 669 2738; x_wconf 87' lang='lat' dir='ltr'><strong>immortalesi</strong></span> <span class='ocrx_word' id='word_1_238' title='bbox 700 2671 775 2754; x_wconf 91' lang='lat' dir='ltr'><strong>quid</strong></span> <span class='ocrx_word' id='word_1_239' title='bbox 808 2671 954 2745; x_wconf 89' lang='lat' dir='ltr'><strong>interest,</strong></span> <span class='ocrx_word' id='word_1_240' title='bbox 982 2678 1086 2733; x_wconf 90' lang='lat' dir='ltr'><strong>utrum</strong></span> <span class='ocrx_word' id='word_1_241' title='bbox 1108 2678 1233 2754; x_wconf 91' lang='lat' dir='ltr'><strong>praetor</strong></span> <span class='ocrx_word' id='word_1_242' title='bbox 1253 2672 1386 2755; x_wconf 90' lang='lat' dir='ltr'><strong>imperet</strong></span> <span class='ocrx_word' id='word_1_243' title='bbox 1406 2673 1501 2754; x_wconf 88' lang='lat' dir='ltr'><strong>vique</strong></span> <span class='ocrx_word' id='word_1_244' title='bbox 1523 2679 1612 2754; x_wconf 79' lang='lat' dir='ltr'><strong>cogat</strong></span> 
     </span>
     <span class='ocr_line' id='line_1_25' title="bbox 285 2763 1610 2855; baseline -0.005 -21"><span class='ocrx_word' id='word_1_245' title='bbox 285 2771 423 2855; x_wconf 89' lang='lat' dir='ltr'><strong>aliquem</strong></span> <span class='ocrx_word' id='word_1_246' title='bbox 445 2768 484 2832; x_wconf 94' lang='lat' dir='ltr'><strong>de</strong></span> <span class='ocrx_word' id='word_1_247' title='bbox 507 2768 570 2830; x_wconf 89' lang='lat' dir='ltr'><strong>suis</strong></span> <span class='ocrx_word' id='word_1_248' title='bbox 592 2765 683 2828; x_wconf 89' lang='lat' dir='ltr'><strong>bonis</strong></span> <span class='ocrx_word' id='word_1_249' title='bbox 706 2764 849 2828; x_wconf 89' lang='lat' dir='ltr'><strong>omnibus</strong></span> <span class='ocrx_word' id='word_1_250' title='bbox 871 2763 1040 2839; x_wconf 88' lang='lat' dir='ltr'><strong>decedere,</strong></span> <span class='ocrx_word' id='word_1_251' title='bbox 1070 2784 1110 2827; x_wconf 91' lang='lat' dir='ltr'><strong>an</strong></span> <span class='ocrx_word' id='word_1_252' title='bbox 1138 2763 1354 2828; x_wconf 89' lang='lat' dir='ltr'><strong>huiuscemodi</strong></span> <span class='ocrx_word' id='word_1_253' title='bbox 1378 2763 1526 2828; x_wconf 90' lang='lat' dir='ltr'><strong>iudicium</strong></span> <span class='ocrx_word' id='word_1_254' title='bbox 1548 2765 1610 2838; x_wconf 89' lang='lat' dir='ltr'><strong>dei,</strong></span> 
     </span>
     <span class='ocr_line' id='line_1_26' title="bbox 248 2853 1608 2949; baseline -0.002 -26"><span class='ocrx_word' id='word_1_255' title='bbox 248 2877 349 2949; x_wconf 77' lang='lat' dir='ltr'><strong>aequo</strong></span> <span class='ocrx_word' id='word_1_256' title='bbox 371 2863 485 2926; x_wconf 89' lang='lat' dir='ltr'><strong>iudicio</strong></span> <span class='ocrx_word' id='word_1_257' title='bbox 507 2859 621 2924; x_wconf 87' lang='lat' dir='ltr'><strong>indicia</strong></span> <span class='ocrx_word' id='word_1_258' title='bbox 642 2878 735 2923; x_wconf 89' lang='lat' dir='ltr'><strong>causa</strong></span> <span class='ocrx_word' id='word_1_259' title='bbox 755 2857 888 2921; x_wconf 82' lang='lat' dir='ltr'><strong>fortunis</strong></span> <span class='ocrx_word' id='word_1_260' title='bbox 911 2857 1055 2922; x_wconf 91' lang='lat' dir='ltr'><strong>omnibus</strong></span> <span class='ocrx_word' id='word_1_261' title='bbox 1071 2861 1168 2922; x_wconf 87' lang='lat' dir='ltr'><strong>everti</strong></span> <span class='ocrx_word' id='word_1_262' title='bbox 1182 2880 1313 2923; x_wconf 91' lang='lat' dir='ltr'><strong>necesse</strong></span> <span class='ocrx_word' id='word_1_263' title='bbox 1329 2861 1395 2922; x_wconf 84' lang='lat' dir='ltr'><strong>siti</strong></span> <span class='ocrx_word' id='word_1_264' title='bbox 1430 2857 1543 2920; x_wconf 82' lang='lat' dir='ltr'><strong>XVlll.</strong></span> <span class='ocrx_word' id='word_1_265' title='bbox 1559 2853 1608 2920; x_wconf 89' lang='grc'><strong>14.</strong></span> 
     </span>
     <span class='ocr_line' id='line_1_27' title="bbox 284 2951 1608 3037; baseline -0.005 -15"><span class='ocrx_word' id='word_1_266' title='bbox 284 2956 425 3023; x_wconf 86' lang='lat' dir='ltr'><strong>Proiecto</strong></span> <span class='ocrx_word' id='word_1_267' title='bbox 448 2956 531 3019; x_wconf 91' lang='lat' dir='ltr'><strong>euim</strong></span> <span class='ocrx_word' id='word_1_268' title='bbox 553 2973 668 3036; x_wconf 81' lang='lat' dir='ltr'><strong>negare</strong></span> <span class='ocrx_word' id='word_1_269' title='bbox 683 2973 748 3017; x_wconf 91' lang='lat' dir='ltr'><strong>uon</strong></span> <span class='ocrx_word' id='word_1_270' title='bbox 769 2960 858 3035; x_wconf 91' lang='lat' dir='ltr'><strong>potes</strong></span> <span class='ocrx_word' id='word_1_271' title='bbox 873 2959 904 3016; x_wconf 92' lang='lat' dir='ltr'><strong>te</strong></span> <span class='ocrx_word' id='word_1_272' title='bbox 920 2973 961 3015; x_wconf 90' lang='lat' dir='ltr'><strong>ex</strong></span> <span class='ocrx_word' id='word_1_273' title='bbox 977 2951 1046 3034; x_wconf 79' lang='lat' dir='ltr'><strong>lege</strong></span> <span class='ocrx_word' id='word_1_274' title='bbox 1062 2953 1185 3037; x_wconf 84' lang='lat' dir='ltr'><strong>liupilia</strong></span> <span class='ocrx_word' id='word_1_275' title='bbox 1200 2955 1303 3018; x_wconf 89' lang='lat' dir='ltr'><strong>sortiri</strong></span> <span class='ocrx_word' id='word_1_276' title='bbox 1317 2953 1436 3018; x_wconf 86' lang='lat' dir='ltr'><strong>iudices</strong></span> <span class='ocrx_word' id='word_1_277' title='bbox 1450 2952 1608 3027; x_wconf 88' lang='lat' dir='ltr'><strong>debuisse,</strong></span> 
     </span>
     <span class='ocr_line' id='line_1_28' title="bbox 284 3046 1609 3138; baseline -0.006 -20"><span class='ocrx_word' id='word_1_278' title='bbox 284 3076 354 3118; x_wconf 90' lang='lat' dir='ltr'><strong>cum</strong></span> <span class='ocrx_word' id='word_1_279' title='bbox 374 3051 557 3138; x_wconf 88' lang='lat' dir='ltr'><strong>praesertim</strong></span> <span class='ocrx_word' id='word_1_280' title='bbox 577 3047 740 3111; x_wconf 86' lang='lat' dir='ltr'><strong>Heraclius</strong></span> <span class='ocrx_word' id='word_1_281' title='bbox 763 3047 794 3110; x_wconf 93' lang='lat' dir='ltr'><strong>id</strong></span> <span class='ocrx_word' id='word_1_282' title='bbox 815 3046 998 3132; x_wconf 87' lang='lat' dir='ltr'><strong>postularet.</strong></span> <span class='ocrx_word' id='word_1_283' title='bbox 1042 3048 1098 3111; x_wconf 89' lang='lat' dir='ltr'><strong>Sin</strong></span> <span class='ocrx_word' id='word_1_284' title='bbox 1121 3047 1198 3110; x_wconf 90' lang='lat' dir='ltr'><strong>illud</strong></span> <span class='ocrx_word' id='word_1_285' title='bbox 1222 3047 1317 3121; x_wconf 91' lang='lat' dir='ltr'><strong>dicis,</strong></span> <span class='ocrx_word' id='word_1_286' title='bbox 1344 3056 1376 3110; x_wconf 90' lang='lat' dir='ltr'><strong>te</strong></span> <span class='ocrx_word' id='word_1_287' title='bbox 1398 3046 1533 3110; x_wconf 84' lang='lat' dir='ltr'><strong>Heraclii</strong></span> <span class='ocrx_word' id='word_1_288' title='bbox 1553 3069 1609 3110; x_wconf 85' lang='lat' dir='ltr'><strong>ro-</strong></span> 
     </span>
     <span class='ocr_line' id='line_1_29' title="bbox 284 3139 1609 3228; baseline -0.007 -16"><span class='ocrx_word' id='word_1_289' title='bbox 284 3149 402 3212; x_wconf 89' lang='lat' dir='ltr'><strong>luntate</strong></span> <span class='ocrx_word' id='word_1_290' title='bbox 424 3145 463 3210; x_wconf 91' lang='lat' dir='ltr'><strong>ab</strong></span> <span class='ocrx_word' id='word_1_291' title='bbox 486 3145 555 3228; x_wconf 85' lang='lat' dir='ltr'><strong>lege</strong></span> <span class='ocrx_word' id='word_1_292' title='bbox 578 3144 766 3206; x_wconf 88' lang='lat' dir='ltr'><strong>recessisse:</strong></span> <span class='ocrx_word' id='word_1_293' title='bbox 797 3143 864 3226; x_wconf 89' lang='lat' dir='ltr'><strong>ipse</strong></span> <span class='ocrx_word' id='word_1_294' title='bbox 886 3149 917 3205; x_wconf 89' lang='lat' dir='ltr'><strong>te</strong></span> <span class='ocrx_word' id='word_1_295' title='bbox 938 3141 1108 3225; x_wconf 87' lang='lat' dir='ltr'><strong>impedies,</strong></span> <span class='ocrx_word' id='word_1_296' title='bbox 1136 3142 1204 3224; x_wconf 88' lang='lat' dir='ltr'><strong>ipse</strong></span> <span class='ocrx_word' id='word_1_297' title='bbox 1226 3149 1279 3206; x_wconf 88' lang='lat' dir='ltr'><strong>tua</strong></span> <span class='ocrx_word' id='word_1_298' title='bbox 1301 3139 1486 3205; x_wconf 80' lang='lat' dir='ltr'><strong>defensione</strong></span> <span class='ocrx_word' id='word_1_299' title='bbox 1508 3140 1609 3225; x_wconf 91' lang='lat' dir='ltr'><strong>impli-</strong></span> 
     </span>
     <span class='ocr_line' id='line_1_30' title="bbox 283 3235 1608 3323; baseline -0.007 -16"><span class='ocrx_word' id='word_1_300' title='bbox 283 3245 404 3307; x_wconf 87' lang='lat' dir='ltr'><strong>cabere.</strong></span> <span class='ocrx_word' id='word_1_301' title='bbox 447 3240 552 3317; x_wconf 85' lang='lat' dir='ltr'><strong>Quare</strong></span> <span class='ocrx_word' id='word_1_302' title='bbox 575 3239 658 3301; x_wconf 88' lang='lat' dir='ltr'><strong>enirn</strong></span> <span class='ocrx_word' id='word_1_303' title='bbox 681 3238 814 3323; x_wconf 90' lang='lat' dir='ltr'><strong>primum</strong></span> <span class='ocrx_word' id='word_1_304' title='bbox 837 3235 890 3299; x_wconf 89' lang='lat' dir='ltr'><strong>ille</strong></span> <span class='ocrx_word' id='word_1_305' title='bbox 912 3236 1024 3300; x_wconf 89' lang='lat' dir='ltr'><strong>adesse</strong></span> <span class='ocrx_word' id='word_1_306' title='bbox 1047 3235 1162 3309; x_wconf 92' lang='lat' dir='ltr'><strong>noluit,</strong></span> <span class='ocrx_word' id='word_1_307' title='bbox 1191 3255 1260 3298; x_wconf 90' lang='lat' dir='ltr'><strong>oum</strong></span> <span class='ocrx_word' id='word_1_308' title='bbox 1287 3255 1329 3299; x_wconf 86' lang='lat' dir='ltr'><strong>ex</strong></span> <span class='ocrx_word' id='word_1_309' title='bbox 1351 3257 1389 3300; x_wconf 91' lang='lat' dir='ltr'><strong>eo</strong></span> <span class='ocrx_word' id='word_1_310' title='bbox 1411 3257 1542 3300; x_wconf 90' lang='lat' dir='ltr'><strong>numero</strong></span> <span class='ocrx_word' id='word_1_311' title='bbox 1562 3238 1608 3299; x_wconf 94' lang='lat' dir='ltr'><strong>iu-</strong></span> 
     </span>
     <span class='ocr_line' id='line_1_31' title="bbox 245 3327 1608 3418; baseline -0.004 -21"><span class='ocrx_word' id='word_1_312' title='bbox 245 3338 369 3402; x_wconf 83' lang='lat' dir='ltr'><strong>aodices</strong></span> <span class='ocrx_word' id='word_1_313' title='bbox 390 3337 535 3409; x_wconf 88' lang='lat' dir='ltr'><strong>haberet,</strong></span> <span class='ocrx_word' id='word_1_314' title='bbox 565 3345 645 3418; x_wconf 90' lang='lat' dir='ltr'><strong>quos</strong></span> <span class='ocrx_word' id='word_1_315' title='bbox 666 3330 858 3416; x_wconf 75' lang='lat' dir='ltr'><strong>postularat?</strong></span> <span class='ocrx_word' id='word_1_316' title='bbox 890 3331 1012 3394; x_wconf 90' lang='lat' dir='ltr'><strong>Deinde</strong></span> <span class='ocrx_word' id='word_1_317' title='bbox 1034 3337 1068 3393; x_wconf 89' lang='lat' dir='ltr'><strong>tu</strong></span> <span class='ocrx_word' id='word_1_318' title='bbox 1090 3349 1144 3392; x_wconf 92' lang='lat' dir='ltr'><strong>cur</strong></span> <span class='ocrx_word' id='word_1_319' title='bbox 1166 3337 1237 3414; x_wconf 91' lang='lat' dir='ltr'><strong>post</strong></span> <span class='ocrx_word' id='word_1_320' title='bbox 1256 3329 1340 3393; x_wconf 89' lang='lat' dir='ltr'><strong>illius</strong></span> <span class='ocrx_word' id='word_1_321' title='bbox 1361 3327 1466 3413; x_wconf 77' lang='lat' dir='ltr'><strong>lugam</strong></span> <span class='ocrx_word' id='word_1_322' title='bbox 1489 3330 1608 3394; x_wconf 88' lang='lat' dir='ltr'><strong>iudices</strong></span> 
     </span>
     <span class='ocr_line' id='line_1_32' title="bbox 282 3422 1608 3510; baseline -0.008 -14"><span class='ocrx_word' id='word_1_323' title='bbox 282 3433 361 3496; x_wconf 90' lang='lat' dir='ltr'><strong>alios</strong></span> <span class='ocrx_word' id='word_1_324' title='bbox 384 3432 510 3495; x_wconf 89' lang='lat' dir='ltr'><strong>sortitus</strong></span> <span class='ocrx_word' id='word_1_325' title='bbox 532 3448 583 3503; x_wconf 89' lang='lat' dir='ltr'><strong>es,</strong></span> <span class='ocrx_word' id='word_1_326' title='bbox 613 3427 640 3489; x_wconf 91' lang='lat' dir='ltr'><strong>si</strong></span> <span class='ocrx_word' id='word_1_327' title='bbox 662 3446 732 3502; x_wconf 88' lang='lat' dir='ltr'><strong>eos,</strong></span> <span class='ocrx_word' id='word_1_328' title='bbox 755 3425 809 3510; x_wconf 92' lang='lat' dir='ltr'><strong>qui</strong></span> <span class='ocrx_word' id='word_1_329' title='bbox 832 3431 921 3490; x_wconf 90' lang='lat' dir='ltr'><strong>erant</strong></span> <span class='ocrx_word' id='word_1_330' title='bbox 941 3431 1034 3489; x_wconf 89' lang='lat' dir='ltr'><strong>antea</strong></span> <span class='ocrx_word' id='word_1_331' title='bbox 1056 3422 1136 3498; x_wconf 76' lang='lat' dir='ltr'><strong>dab,</strong></span> <span class='ocrx_word' id='word_1_332' title='bbox 1159 3424 1321 3508; x_wconf 92' lang='lat' dir='ltr'><strong>utriusque</strong></span> <span class='ocrx_word' id='word_1_333' title='bbox 1345 3423 1477 3487; x_wconf 91' lang='lat' dir='ltr'><strong>dederas</strong></span> <span class='ocrx_word' id='word_1_334' title='bbox 1499 3423 1608 3488; x_wconf 83' lang='lat' dir='ltr'><strong>volun-</strong></span> 
     </span>
     <span class='ocr_line' id='line_1_33' title="bbox 283 3516 1609 3601; baseline -0.006 -14"><span class='ocrx_word' id='word_1_335' title='bbox 283 3527 366 3588; x_wconf 86' lang='lat' dir='ltr'><strong>tatei</strong></span> <span class='ocrx_word' id='word_1_336' title='bbox 400 3522 522 3588; x_wconf 87' lang='lat' dir='ltr'><strong>Deinde</strong></span> <span class='ocrx_word' id='word_1_337' title='bbox 552 3529 670 3586; x_wconf 88' lang='lat' dir='ltr'><strong>ceteras</strong></span> <span class='ocrx_word' id='word_1_338' title='bbox 701 3520 785 3583; x_wconf 90' lang='lat' dir='ltr'><strong>dicas</strong></span> <span class='ocrx_word' id='word_1_339' title='bbox 808 3539 917 3583; x_wconf 91' lang='lat' dir='ltr'><strong>omnes</strong></span> <span class='ocrx_word' id='word_1_340' title='bbox 946 3517 1000 3582; x_wconf 92' lang='lat' dir='ltr'><strong>illo</strong></span> <span class='ocrx_word' id='word_1_341' title='bbox 1022 3516 1090 3582; x_wconf 84' lang='lat' dir='ltr'><strong>loro</strong></span> <span class='ocrx_word' id='word_1_342' title='bbox 1112 3519 1153 3582; x_wconf 86' lang='lat' dir='ltr'><strong>ll.</strong></span> <span class='ocrx_word' id='word_1_343' title='bbox 1176 3517 1352 3581; x_wconf 89' lang='lat' dir='ltr'><strong>Postumius</strong></span> <span class='ocrx_word' id='word_1_344' title='bbox 1375 3524 1524 3601; x_wconf 90' lang='lat' dir='ltr'><strong>quaestor</strong></span> <span class='ocrx_word' id='word_1_345' title='bbox 1544 3538 1609 3580; x_wconf 89' lang='lat' dir='ltr'><strong>sor·</strong></span> 
     </span>
     <span class='ocr_line' id='line_1_34' title="bbox 280 3607 1607 3695; baseline -0.007 -13"><span class='ocrx_word' id='word_1_346' title='bbox 280 3619 356 3682; x_wconf 89' lang='lat' dir='ltr'><strong>titus</strong></span> <span class='ocrx_word' id='word_1_347' title='bbox 384 3625 449 3694; x_wconf 91' lang='lat' dir='ltr'><strong>est,</strong></span> <span class='ocrx_word' id='word_1_348' title='bbox 479 3618 560 3680; x_wconf 87' lang='lat' dir='ltr'><strong>hanc</strong></span> <span class='ocrx_word' id='word_1_349' title='bbox 588 3617 687 3680; x_wconf 90' lang='lat' dir='ltr'><strong>solam</strong></span> <span class='ocrx_word' id='word_1_350' title='bbox 716 3620 750 3676; x_wconf 92' lang='lat' dir='ltr'><strong>tu</strong></span> <span class='ocrx_word' id='word_1_351' title='bbox 779 3613 833 3677; x_wconf 91' lang='lat' dir='ltr'><strong>illo</strong></span> <span class='ocrx_word' id='word_1_352' title='bbox 862 3620 1017 3678; x_wconf 83' lang='lat' dir='ltr'><strong>conventu</strong></span> <span class='ocrx_word' id='word_1_353' title='bbox 1045 3613 1203 3695; x_wconf 89' lang='lat' dir='ltr'><strong>reperiere</strong></span> <span class='ocrx_word' id='word_1_354' title='bbox 1239 3613 1374 3676; x_wconf 88' lang='lat' dir='ltr'><strong>sortitus.</strong></span> <span class='ocrx_word' id='word_1_355' title='bbox 1428 3607 1479 3672; x_wconf 83' lang='grc'><strong>45.</strong></span> <span class='ocrx_word' id='word_1_356' title='bbox 1507 3611 1607 3693; x_wconf 80' lang='lat' dir='ltr'><strong>Ergo,</strong></span> 
     </span>
    </p>
   </div>
   <div class='ocr_carea' id='block_1_3' title="bbox 346 3880 1609 3953">
    <p class='ocr_par' dir='ltr' id='par_1_4' title="bbox 346 3880 1609 3953">
     <span class='ocr_line' id='line_1_35' title="bbox 346 3880 1609 3953; baseline -0.006 -12"><span class='ocrx_word' id='word_1_357' title='bbox 346 3890 371 3942; x_wconf 87' lang='grc'><strong>4.</strong></span> <span class='ocrx_word' id='word_1_358' title='bbox 388 3889 480 3953; x_wconf 78' lang='lat' dir='ltr'><strong>incepit</strong></span> <span class='ocrx_word' id='word_1_359' title='bbox 495 3887 543 3940; x_wconf 87' lang='lat' dir='ltr'><strong>dli.</strong></span> <span class='ocrx_word' id='word_1_360' title='bbox 564 3913 591 3924; x_wconf 89' lang='lat'><strong>-·</strong></span> <span class='ocrx_word' id='word_1_361' title='bbox 615 3886 775 3938; x_wconf 64' lang='lat' dir='ltr'><strong>conmonent</strong></span> <span class='ocrx_word' id='word_1_362' title='bbox 791 3883 859 3948; x_wconf 81' lang='grc'><strong>4349</strong></span> <span class='ocrx_word' id='word_1_363' title='bbox 868 3880 900 3936; x_wconf 85' lang='grc'><strong>44</strong></span> <span class='ocrx_word' id='word_1_364' title='bbox 912 3883 949 3934; x_wconf 86' lang='lat' dir='ltr'><strong>B:</strong></span> <span class='ocrx_word' id='word_1_365' title='bbox 972 3881 1165 3934; x_wconf 71' lang='lat' dir='ltr'><strong>condonassent</strong></span> <span class='ocrx_word' id='word_1_366' title='bbox 1181 3883 1227 3934; x_wconf 89' lang='lat' dir='ltr'><strong>cll.</strong></span> <span class='ocrx_word' id='word_1_367' title='bbox 1246 3881 1275 3934; x_wconf 92' lang='lat'><strong>0.</strong></span> <span class='ocrx_word' id='word_1_368' title='bbox 1296 3908 1323 3918; x_wconf 84' lang='lat'>-</span> <span class='ocrx_word' id='word_1_369' title='bbox 1342 3881 1367 3934; x_wconf 91' lang='grc'><strong>3.</strong></span> <span class='ocrx_word' id='word_1_370' title='bbox 1384 3881 1406 3934; x_wconf 81' lang='lat' dir='ltr'><strong>ti</strong></span> <span class='ocrx_word' id='word_1_371' title='bbox 1421 3881 1468 3933; x_wconf 82' lang='lat' dir='ltr'><strong>riti</strong></span> <span class='ocrx_word' id='word_1_372' title='bbox 1483 3881 1609 3934; x_wconf 63' lang='lat' dir='ltr'><strong>euenor</strong></span> 
     </span>
    </p>
   </div>
   <div class='ocr_carea' id='block_1_4' title="bbox 274 3971 1607 5197">
    <p class='ocr_par' dir='ltr' id='par_1_5' title="bbox 274 3971 1607 5197">
     <span class='ocr_line' id='line_1_36' title="bbox 279 3971 1606 4078; baseline -0.006 -14"><span class='ocrx_word' id='word_1_373' title='bbox 279 3971 368 4065; x_wconf 51' lang='lat' dir='ltr'><strong>instituo</strong></span> <span class='ocrx_word' id='word_1_374' title='bbox 384 4027 416 4064; x_wconf 88' lang='lat' dir='ltr'><strong>ne</strong></span> <span class='ocrx_word' id='word_1_375' title='bbox 431 4016 505 4078; x_wconf 79' lang='lat' dir='ltr'><strong>copel</strong></span> <span class='ocrx_word' id='word_1_376' title='bbox 518 4009 557 4072; x_wconf 87' lang='lat' dir='ltr'><strong>lil;</strong></span> <span class='ocrx_word' id='word_1_377' title='bbox 576 4021 734 4062; x_wconf 82' lang='lat' dir='ltr'><strong>commonere</strong></span> <span class='ocrx_word' id='word_1_378' title='bbox 748 4007 845 4072; x_wconf 78' lang='lat' dir='ltr'><strong>fociant</strong></span> <span class='ocrx_word' id='word_1_379' title='bbox 861 4021 892 4057; x_wconf 84' lang='lat' dir='ltr'><strong>ne</strong></span> <span class='ocrx_word' id='word_1_380' title='bbox 908 4005 955 4056; x_wconf 85' lang='lat' dir='ltr'><strong>ribi</strong></span> <span class='ocrx_word' id='word_1_381' title='bbox 969 4005 1096 4056; x_wconf 79' lang='lat' dir='ltr'><strong>uideretur</strong></span> <span class='ocrx_word' id='word_1_382' title='bbox 1111 4003 1157 4054; x_wconf 88' lang='lat' dir='ltr'><strong>niti</strong></span> <span class='ocrx_word' id='word_1_383' title='bbox 1173 4017 1218 4055; x_wconf 86' lang='lat' dir='ltr'><strong>ruo</strong></span> <span class='ocrx_word' id='word_1_384' title='bbox 1233 4015 1264 4054; x_wconf 90' lang='lat' dir='ltr'><strong>ne</strong></span> <span class='ocrx_word' id='word_1_385' title='bbox 1280 4007 1354 4068; x_wconf 79' lang='lat' dir='ltr'><strong>copel</strong></span> <span class='ocrx_word' id='word_1_386' title='bbox 1365 4001 1433 4068; x_wconf 86' lang='grc'><strong>4344</strong></span> <span class='ocrx_word' id='word_1_387' title='bbox 1444 4017 1471 4070; x_wconf 87' lang='lat' dir='ltr'><strong>p.</strong></span> <span class='ocrx_word' id='word_1_388' title='bbox 1485 4017 1522 4055; x_wconf 89' lang='lat' dir='ltr'><strong>rn.</strong></span> <span class='ocrx_word' id='word_1_389' title='bbox 1540 4006 1606 4056; x_wconf 83' lang='lat' dir='ltr'><strong>ilinc</strong></span> 
     </span>
     <span class='ocr_line' id='line_1_37' title="bbox 279 4079 1606 4150; baseline -0.007 -10"><span class='ocrx_word' id='word_1_390' title='bbox 279 4089 360 4143; x_wconf 81' lang='lat' dir='ltr'><strong>Klotz:</strong></span> <span class='ocrx_word' id='word_1_391' title='bbox 379 4087 463 4139; x_wconf 78' lang='lat' dir='ltr'><strong>siritii</strong></span> <span class='ocrx_word' id='word_1_392' title='bbox 477 4087 603 4148; x_wconf 62' lang='lat' dir='ltr'><strong>emmor,</strong></span> <span class='ocrx_word' id='word_1_393' title='bbox 621 4083 693 4150; x_wconf 89' lang='lat' dir='ltr'><strong>quod</strong></span> <span class='ocrx_word' id='word_1_394' title='bbox 705 4085 757 4134; x_wconf 82' lang='lat' dir='ltr'><strong>lam</strong></span> <span class='ocrx_word' id='word_1_395' title='bbox 769 4083 905 4148; x_wconf 90' lang='lat' dir='ltr'><strong>Zumplius</strong></span> <span class='ocrx_word' id='word_1_396' title='bbox 922 4083 1106 4148; x_wconf 85' lang='lat' dir='ltr'><strong>proposuerat.</strong></span> <span class='ocrx_word' id='word_1_397' title='bbox 1126 4079 1303 4130; x_wconf 80' lang='lat' dir='ltr'><strong>orrmmettea</strong></span> <span class='ocrx_word' id='word_1_398' title='bbox 1319 4080 1385 4129; x_wconf 84' lang='lat' dir='ltr'><strong>ratio</strong></span> <span class='ocrx_word' id='word_1_399' title='bbox 1398 4081 1541 4146; x_wconf 89' lang='lat' dir='ltr'><strong>utrumque</strong></span> <span class='ocrx_word' id='word_1_400' title='bbox 1557 4081 1606 4131; x_wconf 87' lang='lat' dir='ltr'><strong>ad-</strong></span> 
     </span>
     <span class='ocr_line' id='line_1_38' title="bbox 280 4153 1604 4228; baseline -0.005 -14"><span class='ocrx_word' id='word_1_401' title='bbox 280 4165 366 4214; x_wconf 90' lang='lat' dir='ltr'><strong>mittit.</strong></span> <span class='ocrx_word' id='word_1_402' title='bbox 393 4163 435 4228; x_wconf 80' lang='lat' dir='ltr'><strong>(ne</strong></span> <span class='ocrx_word' id='word_1_403' title='bbox 450 4166 524 4226; x_wconf 82' lang='lat' dir='ltr'><strong>copol</strong></span> <span class='ocrx_word' id='word_1_404' title='bbox 540 4159 640 4212; x_wconf 88' lang='lat' dir='ltr'><strong>habent</strong></span> <span class='ocrx_word' id='word_1_405' title='bbox 656 4161 736 4212; x_wconf 85' lang='lat' dir='ltr'><strong>ctiam</strong></span> <span class='ocrx_word' id='word_1_406' title='bbox 755 4158 824 4222; x_wconf 84' lang='grc'><strong>4349</strong></span> <span class='ocrx_word' id='word_1_407' title='bbox 837 4157 877 4222; x_wconf 77' lang='grc' dir='ltr'><strong>Α.)</strong></span> <span class='ocrx_word' id='word_1_408' title='bbox 896 4183 923 4192; x_wconf 96' lang='grc'><strong>-</strong></span> <span class='ocrx_word' id='word_1_409' title='bbox 948 4157 973 4206; x_wconf 83' lang='lat' dir='ltr'><strong>t.</strong></span> <span class='ocrx_word' id='word_1_410' title='bbox 991 4155 1135 4207; x_wconf 76' lang='lat' dir='ltr'><strong>latomo·-</strong></span> <span class='ocrx_word' id='word_1_411' title='bbox 1147 4159 1278 4217; x_wconf 78' lang='lat' dir='ltr'><strong>coeperunt</strong></span> <span class='ocrx_word' id='word_1_412' title='bbox 1295 4153 1396 4204; x_wconf 86' lang='lat' dir='ltr'><strong>Charis.</strong></span> <span class='ocrx_word' id='word_1_413' title='bbox 1416 4167 1441 4220; x_wconf 91' lang='lat' dir='ltr'><strong>p.</strong></span> <span class='ocrx_word' id='word_1_414' title='bbox 1457 4155 1512 4206; x_wconf 84' lang='grc'><strong>433.</strong></span> <span class='ocrx_word' id='word_1_415' title='bbox 1532 4153 1604 4207; x_wconf 88' lang='lat' dir='ltr'><strong>Lind.</strong></span> 
     </span>
     <span class='ocr_line' id='line_1_39' title="bbox 281 4227 1607 4298; baseline -0.008 -7"><span class='ocrx_word' id='word_1_416' title='bbox 281 4265 309 4274; x_wconf 91' lang='lat'><em>-</em></span> <span class='ocrx_word' id='word_1_417' title='bbox 328 4239 352 4290; x_wconf 87' lang='lat'><strong>8.</strong></span> <span class='ocrx_word' id='word_1_418' title='bbox 370 4251 398 4289; x_wconf 90' lang='lat' dir='ltr'><strong>eo</strong></span> <span class='ocrx_word' id='word_1_419' title='bbox 415 4239 530 4289; x_wconf 82' lang='lat' dir='ltr'><strong>accedero</strong></span> <span class='ocrx_word' id='word_1_420' title='bbox 549 4237 577 4288; x_wconf 91' lang='lat' dir='ltr'><strong>V.</strong></span> <span class='ocrx_word' id='word_1_421' title='bbox 598 4263 626 4274; x_wconf 86' lang='lat'>-</span> <span class='ocrx_word' id='word_1_422' title='bbox 645 4236 725 4298; x_wconf 81' lang='lat' dir='ltr'><strong>qood,</strong></span> <span class='ocrx_word' id='word_1_423' title='bbox 744 4235 864 4298; x_wconf 80' lang='lat' dir='ltr'><strong>quonium</strong></span> <span class='ocrx_word' id='word_1_424' title='bbox 879 4233 931 4282; x_wconf 84' lang='lat' dir='ltr'><strong>iud.</strong></span> <span class='ocrx_word' id='word_1_425' title='bbox 950 4231 989 4282; x_wconf 80' lang='grc' dir='ltr'><strong>ΑΙ.</strong></span> <span class='ocrx_word' id='word_1_426' title='bbox 1009 4232 1034 4281; x_wconf 92' lang='lat' dir='ltr'><strong>in</strong></span> <span class='ocrx_word' id='word_1_427' title='bbox 1051 4242 1135 4294; x_wconf 81' lang='lat' dir='ltr'><strong>marg.</strong></span> <span class='ocrx_word' id='word_1_428' title='bbox 1156 4227 1228 4280; x_wconf 80' lang='grc'><strong>4484.</strong></span> <span class='ocrx_word' id='word_1_429' title='bbox 1249 4255 1276 4266; x_wconf 94' lang='grc'>-</span> <span class='ocrx_word' id='word_1_430' title='bbox 1295 4243 1328 4278; x_wconf 78' lang='lat' dir='ltr'><strong>eo</strong></span> <span class='ocrx_word' id='word_1_431' title='bbox 1344 4227 1396 4292; x_wconf 78' lang='lat' dir='ltr'><strong>lepe</strong></span> <span class='ocrx_word' id='word_1_432' title='bbox 1412 4228 1443 4278; x_wconf 95' lang='lat' dir='ltr'><strong>V.</strong></span> <span class='ocrx_word' id='word_1_433' title='bbox 1465 4255 1492 4266; x_wconf 91' lang='lat'><strong>·-</strong></span> <span class='ocrx_word' id='word_1_434' title='bbox 1511 4229 1535 4280; x_wconf 79' lang='lat'><strong>9.</strong></span> <span class='ocrx_word' id='word_1_435' title='bbox 1554 4235 1607 4281; x_wconf 84' lang='lat' dir='ltr'><strong>inr-</strong></span> 
     </span>
     <span class='ocr_line' id='line_1_40' title="bbox 275 4301 1607 4377; baseline -0.006 -13"><span class='ocrx_word' id='word_1_436' title='bbox 275 4314 373 4376; x_wconf 87' lang='lat' dir='ltr'><strong>piorem</strong></span> <span class='ocrx_word' id='word_1_437' title='bbox 388 4311 442 4377; x_wconf 72' lang='lat' dir='ltr'><strong>fore</strong></span> <span class='ocrx_word' id='word_1_438' title='bbox 458 4311 527 4376; x_wconf 85' lang='grc'><strong>4344</strong></span> <span class='ocrx_word' id='word_1_439' title='bbox 543 4325 571 4376; x_wconf 86' lang='lat' dir='ltr'><strong>p.</strong></span> <span class='ocrx_word' id='word_1_440' title='bbox 584 4323 621 4362; x_wconf 90' lang='lat' dir='ltr'><strong>m.</strong></span> <span class='ocrx_word' id='word_1_441' title='bbox 634 4324 672 4372; x_wconf 78' lang='lat' dir='ltr'><strong>tp:</strong></span> <span class='ocrx_word' id='word_1_442' title='bbox 689 4310 744 4375; x_wconf 71' lang='lat' dir='ltr'><strong>sore</strong></span> <span class='ocrx_word' id='word_1_443' title='bbox 756 4321 809 4360; x_wconf 92' lang='lat' dir='ltr'><strong>orn.</strong></span> <span class='ocrx_word' id='word_1_444' title='bbox 823 4310 868 4358; x_wconf 91' lang='lat' dir='ltr'><strong>cli.</strong></span> <span class='ocrx_word' id='word_1_445' title='bbox 882 4307 911 4358; x_wconf 91' lang='lat'><strong>0.</strong></span> <span class='ocrx_word' id='word_1_446' title='bbox 927 4333 954 4343; x_wconf 94' lang='lat'>—</span> <span class='ocrx_word' id='word_1_447' title='bbox 973 4306 1097 4368; x_wconf 78' lang='lat' dir='ltr'><strong>iniquiore</strong></span> <span class='ocrx_word' id='word_1_448' title='bbox 1111 4305 1168 4354; x_wconf 77' lang='lat' dir='ltr'><strong>nine</strong></span> <span class='ocrx_word' id='word_1_449' title='bbox 1183 4305 1218 4352; x_wconf 84' lang='lat' dir='ltr'><strong>iri</strong></span> <span class='ocrx_word' id='word_1_450' title='bbox 1233 4301 1405 4368; x_wconf 63' lang='lat' dir='ltr'><strong>intellegebant</strong></span> <span class='ocrx_word' id='word_1_451' title='bbox 1415 4302 1446 4353; x_wconf 92' lang='lat' dir='ltr'><strong>V.</strong></span> <span class='ocrx_word' id='word_1_452' title='bbox 1461 4329 1487 4339; x_wconf 89' lang='lat'><em>-</em></span> <span class='ocrx_word' id='word_1_453' title='bbox 1502 4304 1541 4355; x_wconf 87' lang='lat' dir='ltr'><strong>iil.</strong></span> <span class='ocrx_word' id='word_1_454' title='bbox 1554 4305 1607 4356; x_wconf 83' lang='lat' dir='ltr'><strong>uolt</strong></span> 
     </span>
     <span class='ocr_line' id='line_1_41' title="bbox 278 4375 1604 4452; baseline -0.008 -14"><span class='ocrx_word' id='word_1_455' title='bbox 278 4389 309 4439; x_wconf 91' lang='lat' dir='ltr'><strong>V.</strong></span> <span class='ocrx_word' id='word_1_456' title='bbox 323 4416 351 4426; x_wconf 95' lang='lat'>-</span> <span class='ocrx_word' id='word_1_457' title='bbox 370 4389 410 4438; x_wconf 85' lang='lat' dir='ltr'><strong>tt.</strong></span> <span class='ocrx_word' id='word_1_458' title='bbox 428 4401 454 4437; x_wconf 82' lang='lat' dir='ltr'><strong>se</strong></span> <span class='ocrx_word' id='word_1_459' title='bbox 469 4401 525 4452; x_wconf 78' lang='lat' dir='ltr'><strong>nep.</strong></span> <span class='ocrx_word' id='word_1_460' title='bbox 544 4385 614 4450; x_wconf 84' lang='grc'><strong>4348</strong></span> <span class='ocrx_word' id='word_1_461' title='bbox 623 4383 654 4436; x_wconf 88' lang='grc'><strong>44</strong></span> <span class='ocrx_word' id='word_1_462' title='bbox 672 4399 698 4450; x_wconf 90' lang='lat' dir='ltr'><strong>p.</strong></span> <span class='ocrx_word' id='word_1_463' title='bbox 713 4397 749 4435; x_wconf 91' lang='lat' dir='ltr'><strong>m.</strong></span> <span class='ocrx_word' id='word_1_464' title='bbox 767 4383 807 4432; x_wconf 95' lang='lat' dir='ltr'><strong>V:</strong></span> <span class='ocrx_word' id='word_1_465' title='bbox 826 4396 876 4434; x_wconf 81' lang='lat' dir='ltr'><strong>:ere</strong></span> <span class='ocrx_word' id='word_1_466' title='bbox 892 4385 967 4446; x_wconf 75' lang='lat' dir='ltr'><strong>nepot</strong></span> <span class='ocrx_word' id='word_1_467' title='bbox 984 4383 1028 4430; x_wconf 90' lang='lat' dir='ltr'><strong>ctt.</strong></span> <span class='ocrx_word' id='word_1_468' title='bbox 1047 4381 1076 4430; x_wconf 91' lang='grc'><strong>0.</strong></span> <span class='ocrx_word' id='word_1_469' title='bbox 1097 4405 1125 4416; x_wconf 89' lang='grc'>-</span> <span class='ocrx_word' id='word_1_470' title='bbox 1145 4379 1183 4430; x_wconf 77' lang='lat' dir='ltr'><strong>ta</strong></span> <span class='ocrx_word' id='word_1_471' title='bbox 1202 4377 1253 4444; x_wconf 78' lang='lat' dir='ltr'><strong>lepe</strong></span> <span class='ocrx_word' id='word_1_472' title='bbox 1269 4375 1294 4440; x_wconf 86' lang='grc'><strong>4,</strong></span> <span class='ocrx_word' id='word_1_473' title='bbox 1306 4377 1346 4428; x_wconf 93' lang='lat' dir='ltr'><strong>V:</strong></span> <span class='ocrx_word' id='word_1_474' title='bbox 1365 4378 1446 4441; x_wconf 78' lang='lat' dir='ltr'><strong>eiepe</strong></span> <span class='ocrx_word' id='word_1_475' title='bbox 1462 4379 1507 4428; x_wconf 87' lang='lat' dir='ltr'><strong>ott.</strong></span> <span class='ocrx_word' id='word_1_476' title='bbox 1527 4379 1555 4429; x_wconf 94' lang='lat'><strong>0.</strong></span> <span class='ocrx_word' id='word_1_477' title='bbox 1576 4407 1604 4416; x_wconf 89' lang='lat'><em>-</em></span> 
     </span>
     <span class='ocr_line' id='line_1_42' title="bbox 279 4451 1603 4528; baseline -0.011 -14"><span class='ocrx_word' id='word_1_478' title='bbox 279 4463 319 4516; x_wconf 87' lang='grc'><strong>43.</strong></span> <span class='ocrx_word' id='word_1_479' title='bbox 338 4465 374 4514; x_wconf 85' lang='lat' dir='ltr'><strong>nit</strong></span> <span class='ocrx_word' id='word_1_480' title='bbox 390 4462 571 4528; x_wconf 75' lang='lat' dir='ltr'><strong>Lglatuv:</strong></span> <span class='ocrx_word' id='word_1_481' title='bbox 598 4461 683 4523; x_wconf 74' lang='lat' dir='ltr'><strong>enque</strong></span> <span class='ocrx_word' id='word_1_482' title='bbox 698 4457 813 4522; x_wconf 77' lang='grc' dir='ltr'><strong>843444ς</strong></span> <span class='ocrx_word' id='word_1_483' title='bbox 840 4462 914 4519; x_wconf 82' lang='lat' dir='ltr'><strong>alque</strong></span> <span class='ocrx_word' id='word_1_484' title='bbox 930 4455 964 4508; x_wconf 87' lang='lat' dir='ltr'><strong>al.</strong></span> <span class='ocrx_word' id='word_1_485' title='bbox 985 4478 1012 4493; x_wconf 91' lang='lat'>-</span> <span class='ocrx_word' id='word_1_486' title='bbox 1032 4468 1064 4506; x_wconf 76' lang='lat' dir='ltr'><strong>es</strong></span> <span class='ocrx_word' id='word_1_487' title='bbox 1081 4455 1133 4518; x_wconf 80' lang='lat' dir='ltr'><strong>leqe</strong></span> <span class='ocrx_word' id='word_1_488' title='bbox 1149 4455 1180 4504; x_wconf 80' lang='lat' dir='ltr'><strong>F:</strong></span> <span class='ocrx_word' id='word_1_489' title='bbox 1198 4467 1212 4502; x_wconf 90' lang='lat' dir='ltr'><strong>c</strong></span> <span class='ocrx_word' id='word_1_490' title='bbox 1229 4453 1281 4516; x_wconf 70' lang='lat' dir='ltr'><strong>lere</strong></span> <span class='ocrx_word' id='word_1_491' title='bbox 1298 4451 1383 4514; x_wconf 75' lang='grc' dir='ltr'><strong>4344ῑ</strong></span> <span class='ocrx_word' id='word_1_492' title='bbox 1408 4465 1431 4503; x_wconf 88' lang='lat' dir='ltr'><strong>c.</strong></span> <span class='ocrx_word' id='word_1_493' title='bbox 1450 4467 1483 4504; x_wconf 77' lang='lat' dir='ltr'><strong>er</strong></span> <span class='ocrx_word' id='word_1_494' title='bbox 1501 4453 1554 4520; x_wconf 74' lang='lat' dir='ltr'><strong>tepe</strong></span> <span class='ocrx_word' id='word_1_495' title='bbox 1569 4457 1603 4514; x_wconf 74' lang='grc' dir='ltr'><strong>Μ,</strong></span> 
     </span>
     <span class='ocr_line' id='line_1_43' title="bbox 277 4526 1606 4605; baseline -0.006 -17"><span class='ocrx_word' id='word_1_496' title='bbox 277 4539 330 4605; x_wconf 79' lang='lat' dir='ltr'><strong>lepe</strong></span> <span class='ocrx_word' id='word_1_497' title='bbox 345 4538 383 4600; x_wconf 89' lang='lat' dir='ltr'><strong>V,</strong></span> <span class='ocrx_word' id='word_1_498' title='bbox 406 4551 419 4590; x_wconf 91' lang='lat' dir='ltr'><strong>e</strong></span> <span class='ocrx_word' id='word_1_499' title='bbox 440 4537 492 4602; x_wconf 74' lang='lat' dir='ltr'><strong>iope</strong></span> <span class='ocrx_word' id='word_1_500' title='bbox 514 4535 616 4600; x_wconf 81' lang='lat' dir='ltr'><strong>Rupilio</strong></span> <span class='ocrx_word' id='word_1_501' title='bbox 637 4536 683 4585; x_wconf 91' lang='lat' dir='ltr'><strong>cll.</strong></span> <span class='ocrx_word' id='word_1_502' title='bbox 701 4534 731 4584; x_wconf 94' lang='lat'><strong>0.</strong></span> <span class='ocrx_word' id='word_1_503' title='bbox 752 4559 779 4569; x_wconf 92' lang='lat'><em>-</em></span> <span class='ocrx_word' id='word_1_504' title='bbox 798 4545 855 4582; x_wconf 81' lang='lat' dir='ltr'><strong>com</strong></span> <span class='ocrx_word' id='word_1_505' title='bbox 871 4531 955 4582; x_wconf 80' lang='lat' dir='ltr'><strong>mullis</strong></span> <span class='ocrx_word' id='word_1_506' title='bbox 975 4531 1039 4580; x_wconf 88' lang='lat' dir='ltr'><strong>locr.</strong></span> <span class='ocrx_word' id='word_1_507' title='bbox 1057 4541 1114 4579; x_wconf 87' lang='lat' dir='ltr'><strong>com</strong></span> <span class='ocrx_word' id='word_1_508' title='bbox 1131 4532 1216 4579; x_wconf 85' lang='lat' dir='ltr'><strong>oraret</strong></span> <span class='ocrx_word' id='word_1_509' title='bbox 1232 4528 1255 4577; x_wconf 94' lang='lat' dir='ltr'><strong>V</strong></span> <span class='ocrx_word' id='word_1_510' title='bbox 1272 4529 1299 4578; x_wconf 88' lang='lat' dir='ltr'><strong>et</strong></span> <span class='ocrx_word' id='word_1_511' title='bbox 1315 4526 1409 4592; x_wconf 87' lang='lat' dir='ltr'><strong>pleriq.</strong></span> <span class='ocrx_word' id='word_1_512' title='bbox 1428 4528 1523 4580; x_wconf 83' lang='lat' dir='ltr'><strong>codd:</strong></span> <span class='ocrx_word' id='word_1_513' title='bbox 1549 4543 1606 4581; x_wconf 81' lang='lat' dir='ltr'><strong>corn</strong></span> 
     </span>
     <span class='ocr_line' id='line_1_44' title="bbox 277 4603 1606 4674; baseline -0.014 -10"><span class='ocrx_word' id='word_1_514' title='bbox 277 4613 362 4664; x_wconf 66' lang='lat' dir='ltr'><strong>moun</strong></span> <span class='ocrx_word' id='word_1_515' title='bbox 380 4613 445 4663; x_wconf 87' lang='lat' dir='ltr'><strong>locr.</strong></span> <span class='ocrx_word' id='word_1_516' title='bbox 463 4615 548 4662; x_wconf 84' lang='lat' dir='ltr'><strong>oraret</strong></span> <span class='ocrx_word' id='word_1_517' title='bbox 565 4607 634 4674; x_wconf 87' lang='grc'><strong>4344</strong></span> <span class='ocrx_word' id='word_1_518' title='bbox 652 4622 678 4673; x_wconf 89' lang='lat' dir='ltr'><strong>p.</strong></span> <span class='ocrx_word' id='word_1_519' title='bbox 692 4621 728 4659; x_wconf 90' lang='lat' dir='ltr'><strong>m.</strong></span> <span class='ocrx_word' id='word_1_520' title='bbox 742 4607 780 4668; x_wconf 72' lang='lat' dir='ltr'><strong>ll:</strong></span> <span class='ocrx_word' id='word_1_521' title='bbox 804 4619 861 4657; x_wconf 86' lang='lat' dir='ltr'><strong>com</strong></span> <span class='ocrx_word' id='word_1_522' title='bbox 882 4607 967 4656; x_wconf 77' lang='lat' dir='ltr'><strong>moitis</strong></span> <span class='ocrx_word' id='word_1_523' title='bbox 982 4605 1094 4655; x_wconf 77' lang='lat' dir='ltr'><strong>lacrimis</strong></span> <span class='ocrx_word' id='word_1_524' title='bbox 1109 4617 1166 4653; x_wconf 84' lang='lat' dir='ltr'><strong>eom</strong></span> <span class='ocrx_word' id='word_1_525' title='bbox 1182 4608 1268 4654; x_wconf 83' lang='lat' dir='ltr'><strong>ureret</strong></span> <span class='ocrx_word' id='word_1_526' title='bbox 1283 4605 1313 4654; x_wconf 91' lang='grc'><strong>0,</strong></span> <span class='ocrx_word' id='word_1_527' title='bbox 1334 4631 1361 4640; x_wconf 86' lang='grc'><strong>-</strong></span> <span class='ocrx_word' id='word_1_528' title='bbox 1387 4603 1427 4656; x_wconf 87' lang='grc'><strong>44.</strong></span> <span class='ocrx_word' id='word_1_529' title='bbox 1446 4609 1522 4668; x_wconf 75' lang='lat' dir='ltr'><strong>atque</strong></span> <span class='ocrx_word' id='word_1_530' title='bbox 1537 4605 1606 4658; x_wconf 60' lang='lat' dir='ltr'><strong>eeu.</strong></span> 
     </span>
     <span class='ocr_line' id='line_1_45' title="bbox 277 4679 1603 4752; baseline -0.007 -13"><span class='ocrx_word' id='word_1_531' title='bbox 277 4693 363 4739; x_wconf 86' lang='lat' dir='ltr'><strong>croret</strong></span> <span class='ocrx_word' id='word_1_532' title='bbox 379 4701 433 4738; x_wconf 90' lang='lat' dir='ltr'><strong>om.</strong></span> <span class='ocrx_word' id='word_1_533' title='bbox 452 4685 520 4751; x_wconf 87' lang='grc'><strong>4344</strong></span> <span class='ocrx_word' id='word_1_534' title='bbox 537 4698 565 4752; x_wconf 90' lang='lat' dir='ltr'><strong>p.</strong></span> <span class='ocrx_word' id='word_1_535' title='bbox 583 4697 620 4734; x_wconf 89' lang='lat' dir='ltr'><strong>m.</strong></span> <span class='ocrx_word' id='word_1_536' title='bbox 639 4685 672 4734; x_wconf 87' lang='grc'><strong>44.</strong></span> <span class='ocrx_word' id='word_1_537' title='bbox 694 4709 721 4720; x_wconf 92' lang='grc'><strong>-</strong></span> <span class='ocrx_word' id='word_1_538' title='bbox 741 4683 781 4733; x_wconf 80' lang='lat' dir='ltr'><strong>to.</strong></span> <span class='ocrx_word' id='word_1_539' title='bbox 796 4681 917 4746; x_wconf 81' lang='lat' dir='ltr'><strong>postridie</strong></span> <span class='ocrx_word' id='word_1_540' title='bbox 933 4679 1033 4745; x_wconf 83' lang='grc'><strong>434444</strong></span> <span class='ocrx_word' id='word_1_541' title='bbox 1049 4680 1121 4729; x_wconf 86' lang='lat' dir='ltr'><strong>Grut.</strong></span> <span class='ocrx_word' id='word_1_542' title='bbox 1142 4679 1270 4742; x_wconf 73' lang='lat' dir='ltr'><strong>textili:</strong></span> <span class='ocrx_word' id='word_1_543' title='bbox 1292 4679 1603 4744; x_wconf 60' lang='lat' dir='ltr'><strong>permonstratum</strong></span> 
     </span>
     <span class='ocr_line' id='line_1_46' title="bbox 274 4755 1602 4828; baseline -0.005 -13"><span class='ocrx_word' id='word_1_544' title='bbox 274 4769 376 4828; x_wconf 82' lang='lat' dir='ltr'><strong>portora</strong></span> <span class='ocrx_word' id='word_1_545' title='bbox 392 4763 432 4813; x_wconf 86' lang='lat' dir='ltr'><strong>die</strong></span> <span class='ocrx_word' id='word_1_546' title='bbox 448 4762 497 4812; x_wconf 87' lang='lat' dir='ltr'><strong>dit.</strong></span> <span class='ocrx_word' id='word_1_547' title='bbox 516 4761 545 4811; x_wconf 92' lang='lat'><strong>0.</strong></span> <span class='ocrx_word' id='word_1_548' title='bbox 566 4786 593 4795; x_wconf 93' lang='lat'><em>-</em></span> <span class='ocrx_word' id='word_1_549' title='bbox 612 4773 645 4810; x_wconf 81' lang='lat' dir='ltr'><strong>eo</strong></span> <span class='ocrx_word' id='word_1_550' title='bbox 660 4759 713 4823; x_wconf 77' lang='lat' dir='ltr'><strong>lepe</strong></span> <span class='ocrx_word' id='word_1_551' title='bbox 725 4756 840 4822; x_wconf 67' lang='lat' dir='ltr'><strong>Lgliv:</strong></span> <span class='ocrx_word' id='word_1_552' title='bbox 858 4771 872 4809; x_wconf 87' lang='lat' dir='ltr'><strong>e</strong></span> <span class='ocrx_word' id='word_1_553' title='bbox 888 4757 941 4821; x_wconf 77' lang='lat' dir='ltr'><strong>lepe</strong></span> <span class='ocrx_word' id='word_1_554' title='bbox 957 4757 1002 4807; x_wconf 87' lang='lat' dir='ltr'><strong>cit.</strong></span> <span class='ocrx_word' id='word_1_555' title='bbox 1016 4755 1046 4806; x_wconf 91' lang='lat'><strong>0.</strong></span> <span class='ocrx_word' id='word_1_556' title='bbox 1066 4782 1094 4791; x_wconf 95' lang='lat'>—</span> <span class='ocrx_word' id='word_1_557' title='bbox 1113 4755 1153 4805; x_wconf 90' lang='grc'><strong>46.</strong></span> <span class='ocrx_word' id='word_1_558' title='bbox 1172 4760 1222 4805; x_wconf 80' lang='lat' dir='ltr'><strong>ires</strong></span> <span class='ocrx_word' id='word_1_559' title='bbox 1238 4767 1291 4806; x_wconf 88' lang='lat' dir='ltr'><strong>orn.</strong></span> <span class='ocrx_word' id='word_1_560' title='bbox 1304 4755 1340 4815; x_wconf 78' lang='lat' dir='ltr'><strong>V:</strong></span> <span class='ocrx_word' id='word_1_561' title='bbox 1359 4755 1415 4805; x_wconf 74' lang='lat' dir='ltr'><strong>iilis</strong></span> <span class='ocrx_word' id='word_1_562' title='bbox 1434 4755 1501 4819; x_wconf 86' lang='grc'><strong>4344</strong></span> <span class='ocrx_word' id='word_1_563' title='bbox 1513 4771 1552 4821; x_wconf 90' lang='lat' dir='ltr'><strong>pr.</strong></span> <span class='ocrx_word' id='word_1_564' title='bbox 1566 4771 1602 4808; x_wconf 92' lang='lat' dir='ltr'><strong>m.</strong></span> 
     </span>
     <span class='ocr_line' id='line_1_47' title="bbox 280 4829 1602 4900; baseline -0.005 -12"><span class='ocrx_word' id='word_1_565' title='bbox 280 4865 307 4876; x_wconf 92' lang='lat'><em>-</em></span> <span class='ocrx_word' id='word_1_566' title='bbox 327 4839 367 4890; x_wconf 79' lang='lat' dir='ltr'><strong>lt.</strong></span> <span class='ocrx_word' id='word_1_567' title='bbox 385 4841 409 4888; x_wconf 87' lang='lat' dir='ltr'><strong>el</strong></span> <span class='ocrx_word' id='word_1_568' title='bbox 425 4836 525 4900; x_wconf 80' lang='lat' dir='ltr'><strong>quondo</strong></span> <span class='ocrx_word' id='word_1_569' title='bbox 541 4834 565 4884; x_wconf 91' lang='lat' dir='ltr'><strong>V</strong></span> <span class='ocrx_word' id='word_1_570' title='bbox 582 4836 609 4884; x_wconf 85' lang='lat' dir='ltr'><strong>el</strong></span> <span class='ocrx_word' id='word_1_571' title='bbox 625 4832 667 4884; x_wconf 87' lang='lat' dir='ltr'><strong>olii</strong></span> <span class='ocrx_word' id='word_1_572' title='bbox 685 4833 762 4884; x_wconf 87' lang='lat' dir='ltr'><strong>codd.</strong></span> <span class='ocrx_word' id='word_1_573' title='bbox 783 4831 852 4896; x_wconf 76' lang='lat' dir='ltr'><strong>ibis.)</strong></span> <span class='ocrx_word' id='word_1_574' title='bbox 872 4859 899 4869; x_wconf 95' lang='lat'>—</span> <span class='ocrx_word' id='word_1_575' title='bbox 919 4831 959 4882; x_wconf 83' lang='lat' dir='ltr'><strong>to.</strong></span> <span class='ocrx_word' id='word_1_576' title='bbox 978 4843 1010 4880; x_wconf 82' lang='lat' dir='ltr'><strong>ec</strong></span> <span class='ocrx_word' id='word_1_577' title='bbox 1025 4843 1080 4882; x_wconf 90' lang='lat' dir='ltr'><strong>orn.</strong></span> <span class='ocrx_word' id='word_1_578' title='bbox 1099 4829 1167 4894; x_wconf 88' lang='grc'><strong>4344</strong></span> <span class='ocrx_word' id='word_1_579' title='bbox 1184 4843 1211 4896; x_wconf 90' lang='lat' dir='ltr'><strong>p.</strong></span> <span class='ocrx_word' id='word_1_580' title='bbox 1225 4843 1261 4880; x_wconf 89' lang='lat' dir='ltr'><strong>m.</strong></span> <span class='ocrx_word' id='word_1_581' title='bbox 1276 4856 1303 4865; x_wconf 92' lang='lat'><em>—</em></span> <span class='ocrx_word' id='word_1_582' title='bbox 1322 4829 1363 4880; x_wconf 85' lang='grc'><strong>44.</strong></span> <span class='ocrx_word' id='word_1_583' title='bbox 1382 4835 1476 4894; x_wconf 73' lang='lat' dir='ltr'><strong>aquiro</strong></span> <span class='ocrx_word' id='word_1_584' title='bbox 1492 4831 1560 4896; x_wconf 88' lang='grc'><strong>4344</strong></span> <span class='ocrx_word' id='word_1_585' title='bbox 1570 4847 1602 4894; x_wconf 71' lang='grc' dir='ltr'><strong>φτ</strong></span> 
     </span>
     <span class='ocr_line' id='line_1_48' title="bbox 277 4904 1602 4977; baseline -0.005 -13"><span class='ocrx_word' id='word_1_586' title='bbox 277 4913 364 4977; x_wconf 77' lang='lat' dir='ltr'><strong>opiter</strong></span> <span class='ocrx_word' id='word_1_587' title='bbox 374 4912 420 4962; x_wconf 87' lang='lat' dir='ltr'><strong>cit.</strong></span> <span class='ocrx_word' id='word_1_588' title='bbox 436 4933 463 4946; x_wconf 93' lang='lat'><em>—</em></span> <span class='ocrx_word' id='word_1_589' title='bbox 482 4909 523 4961; x_wconf 86' lang='grc'><strong>44.</strong></span> <span class='ocrx_word' id='word_1_590' title='bbox 541 4908 707 4960; x_wconf 79' lang='lat' dir='ltr'><strong>introcemodi</strong></span> <span class='ocrx_word' id='word_1_591' title='bbox 724 4907 802 4958; x_wconf 91' lang='lat' dir='ltr'><strong>codd.</strong></span> <span class='ocrx_word' id='word_1_592' title='bbox 821 4907 887 4958; x_wconf 90' lang='lat' dir='ltr'><strong>noti:</strong></span> <span class='ocrx_word' id='word_1_593' title='bbox 905 4906 1044 4957; x_wconf 79' lang='lat' dir='ltr'><strong>iniannodi</strong></span> <span class='ocrx_word' id='word_1_594' title='bbox 1061 4907 1090 4957; x_wconf 94' lang='lat'><strong>0.</strong></span> <span class='ocrx_word' id='word_1_595' title='bbox 1106 4931 1133 4944; x_wconf 94' lang='lat'><em>-</em></span> <span class='ocrx_word' id='word_1_596' title='bbox 1153 4907 1194 4956; x_wconf 88' lang='grc'><strong>46.</strong></span> <span class='ocrx_word' id='word_1_597' title='bbox 1212 4907 1306 4956; x_wconf 81' lang='lat' dir='ltr'><strong>indices</strong></span> <span class='ocrx_word' id='word_1_598' title='bbox 1321 4904 1346 4966; x_wconf 87' lang='grc'><strong>4,</strong></span> <span class='ocrx_word' id='word_1_599' title='bbox 1362 4907 1399 4956; x_wconf 85' lang='lat' dir='ltr'><strong>N:</strong></span> <span class='ocrx_word' id='word_1_600' title='bbox 1419 4905 1539 4957; x_wconf 82' lang='lat' dir='ltr'><strong>indicirenr</strong></span> <span class='ocrx_word' id='word_1_601' title='bbox 1555 4907 1602 4958; x_wconf 89' lang='lat' dir='ltr'><strong>dtt.</strong></span> 
     </span>
     <span class='ocr_line' id='line_1_49' title="bbox 276 4979 1601 5050; baseline -0.007 -10"><span class='ocrx_word' id='word_1_602' title='bbox 276 4989 306 5040; x_wconf 88' lang='lat'><strong>0.</strong></span> <span class='ocrx_word' id='word_1_603' title='bbox 325 5015 352 5028; x_wconf 92' lang='lat'><em>-</em></span> <span class='ocrx_word' id='word_1_604' title='bbox 372 4988 414 5040; x_wconf 82' lang='grc'><strong>44.</strong></span> <span class='ocrx_word' id='word_1_605' title='bbox 432 4986 494 5038; x_wconf 84' lang='lat' dir='ltr'><strong>dicis</strong></span> <span class='ocrx_word' id='word_1_606' title='bbox 510 4983 592 5050; x_wconf 76' lang='grc' dir='ltr'><strong>4344τ</strong></span> <span class='ocrx_word' id='word_1_607' title='bbox 612 4985 676 5034; x_wconf 83' lang='lat' dir='ltr'><strong>dicer</strong></span> <span class='ocrx_word' id='word_1_608' title='bbox 693 4986 738 5035; x_wconf 89' lang='lat' dir='ltr'><strong>cit.</strong></span> <span class='ocrx_word' id='word_1_609' title='bbox 757 4983 787 5034; x_wconf 91' lang='lat'><strong>0.</strong></span> <span class='ocrx_word' id='word_1_610' title='bbox 812 4981 844 5034; x_wconf 88' lang='lat' dir='ltr'><strong>cl.</strong></span> <span class='ocrx_word' id='word_1_611' title='bbox 864 4981 897 5032; x_wconf 87' lang='lat' dir='ltr'><strong>ad</strong></span> <span class='ocrx_word' id='word_1_612' title='bbox 914 4983 998 5034; x_wconf 88' lang='lat' dir='ltr'><strong>Divin.</strong></span> <span class='ocrx_word' id='word_1_613' title='bbox 1019 4981 1041 5048; x_wconf 65' lang='grc' dir='ltr'><strong>ἓ.</strong></span> <span class='ocrx_word' id='word_1_614' title='bbox 1056 4983 1097 5035; x_wconf 77' lang='grc'><strong>48.</strong></span> <span class='ocrx_word' id='word_1_615' title='bbox 1120 5009 1147 5019; x_wconf 87' lang='grc'>-</span> <span class='ocrx_word' id='word_1_616' title='bbox 1166 4983 1206 5033; x_wconf 90' lang='grc'><strong>48.</strong></span> <span class='ocrx_word' id='word_1_617' title='bbox 1226 4987 1271 5032; x_wconf 84' lang='lat' dir='ltr'><strong>loo</strong></span> <span class='ocrx_word' id='word_1_618' title='bbox 1287 4980 1377 5044; x_wconf 73' lang='lat' dir='ltr'><strong>deson.</strong></span> <span class='ocrx_word' id='word_1_619' title='bbox 1396 4979 1428 5030; x_wconf 83' lang='lat' dir='ltr'><strong>l:</strong></span> <span class='ocrx_word' id='word_1_620' title='bbox 1455 4985 1478 5031; x_wconf 92' lang='lat' dir='ltr'><strong>ie</strong></span> <span class='ocrx_word' id='word_1_621' title='bbox 1493 4987 1538 5031; x_wconf 85' lang='lat' dir='ltr'><strong>too</strong></span> <span class='ocrx_word' id='word_1_622' title='bbox 1554 4981 1601 5044; x_wconf 78' lang='lat' dir='ltr'><strong>def.</strong></span> 
     </span>
     <span class='ocr_line' id='line_1_50' title="bbox 277 5054 1600 5126; baseline -0.006 -12"><span class='ocrx_word' id='word_1_623' title='bbox 277 5063 342 5126; x_wconf 85' lang='lat' dir='ltr'><strong>ott.;</strong></span> <span class='ocrx_word' id='word_1_624' title='bbox 360 5069 388 5114; x_wconf 86' lang='lat' dir='ltr'><strong>lo</strong></span> <span class='ocrx_word' id='word_1_625' title='bbox 404 5067 449 5114; x_wconf 84' lang='lat' dir='ltr'><strong>tuo</strong></span> <span class='ocrx_word' id='word_1_626' title='bbox 465 5061 513 5124; x_wconf 76' lang='lat' dir='ltr'><strong>des.</strong></span> <span class='ocrx_word' id='word_1_627' title='bbox 526 5060 584 5113; x_wconf 91' lang='grc'><strong>40.</strong></span> <span class='ocrx_word' id='word_1_628' title='bbox 597 5084 625 5095; x_wconf 89' lang='lat'><em>-</em></span> <span class='ocrx_word' id='word_1_629' title='bbox 643 5059 685 5110; x_wconf 88' lang='grc'><strong>49.</strong></span> <span class='ocrx_word' id='word_1_630' title='bbox 703 5059 745 5108; x_wconf 84' lang='lat' dir='ltr'><strong>iile</strong></span> <span class='ocrx_word' id='word_1_631' title='bbox 760 5058 829 5122; x_wconf 90' lang='grc'><strong>4344</strong></span> <span class='ocrx_word' id='word_1_632' title='bbox 846 5070 873 5122; x_wconf 84' lang='lat' dir='ltr'><strong>p.</strong></span> <span class='ocrx_word' id='word_1_633' title='bbox 886 5069 940 5108; x_wconf 83' lang='lat' dir='ltr'><strong>m:</strong></span> <span class='ocrx_word' id='word_1_634' title='bbox 958 5056 999 5109; x_wconf 91' lang='lat' dir='ltr'><strong>iile</strong></span> <span class='ocrx_word' id='word_1_635' title='bbox 1015 5069 1067 5120; x_wconf 80' lang='lat' dir='ltr'><strong>:pre</strong></span> <span class='ocrx_word' id='word_1_636' title='bbox 1083 5057 1129 5108; x_wconf 90' lang='lat' dir='ltr'><strong>cti.</strong></span> <span class='ocrx_word' id='word_1_637' title='bbox 1142 5057 1172 5106; x_wconf 94' lang='lat'><strong>0.</strong></span> <span class='ocrx_word' id='word_1_638' title='bbox 1188 5083 1215 5094; x_wconf 90' lang='lat'>-</span> <span class='ocrx_word' id='word_1_639' title='bbox 1234 5057 1274 5107; x_wconf 87' lang='grc'><strong>88.</strong></span> <span class='ocrx_word' id='word_1_640' title='bbox 1290 5056 1430 5119; x_wconf 76' lang='lat' dir='ltr'><strong>postularet</strong></span> <span class='ocrx_word' id='word_1_641' title='bbox 1446 5054 1514 5121; x_wconf 88' lang='grc'><strong>4344</strong></span> <span class='ocrx_word' id='word_1_642' title='bbox 1525 5068 1553 5120; x_wconf 87' lang='lat' dir='ltr'><strong>p.</strong></span> <span class='ocrx_word' id='word_1_643' title='bbox 1564 5069 1600 5106; x_wconf 90' lang='lat' dir='ltr'><strong>m.</strong></span> 
     </span>
     <span class='ocr_line' id='line_1_51' title="bbox 276 5129 1103 5197; baseline -0.015 -6"><span class='ocrx_word' id='word_1_644' title='bbox 276 5141 308 5191; x_wconf 82' lang='grc' dir='ltr'><strong>Α.</strong></span> <span class='ocrx_word' id='word_1_645' title='bbox 328 5164 355 5176; x_wconf 93' lang='lat'><strong>·-</strong></span> <span class='ocrx_word' id='word_1_646' title='bbox 373 5137 415 5190; x_wconf 85' lang='grc'><strong>33.</strong></span> <span class='ocrx_word' id='word_1_647' title='bbox 432 5139 460 5190; x_wconf 87' lang='lat' dir='ltr'><strong>in</strong></span> <span class='ocrx_word' id='word_1_648' title='bbox 475 5136 518 5188; x_wconf 89' lang='lat' dir='ltr'><strong>illo</strong></span> <span class='ocrx_word' id='word_1_649' title='bbox 533 5149 604 5187; x_wconf 86' lang='lat' dir='ltr'><strong>cono.</strong></span> <span class='ocrx_word' id='word_1_650' title='bbox 623 5131 657 5186; x_wconf 90' lang='lat' dir='ltr'><strong>al.</strong></span> <span class='ocrx_word' id='word_1_651' title='bbox 676 5133 703 5184; x_wconf 88' lang='lat' dir='ltr'><strong>in</strong></span> <span class='ocrx_word' id='word_1_652' title='bbox 719 5145 801 5197; x_wconf 74' lang='lat' dir='ltr'><strong>rung.</strong></span> <span class='ocrx_word' id='word_1_653' title='bbox 820 5129 894 5183; x_wconf 83' lang='grc'><strong>4384.</strong></span> <span class='ocrx_word' id='word_1_654' title='bbox 1098 5153 1103 5164; x_wconf 90' lang='lat'><em>·</em></span> 
     </span>
    </p>
   </div>
   <div class='ocr_carea' id='block_1_5' title="bbox 0 0 1826 5865">
    <p class='ocr_par' dir='ltr' id='par_1_6' title="bbox 0 0 1826 5865">
     <span class='ocr_line' id='line_1_52' title="bbox 0 0 1826 5865; baseline 0 0"><span class='ocrx_word' id='word_1_655' title='bbox 0 0 1826 5865; x_wconf 95' lang='lat' dir='ltr'><strong> </strong></span> 
     </span>
    </p>
   </div>
  </div>
 </body>
</html>
