<?xml version="1.0" encoding="UTF-8"?>
<!DOCTYPE html PUBLIC "-//W3C//DTD XHTML 1.0 Transitional//EN"
    "http://www.w3.org/TR/xhtml1/DTD/xhtml1-transitional.dtd">
<html xmlns="http://www.w3.org/1999/xhtml" xml:lang="en" lang="en">
 <head>
  <title>
</title>
<meta http-equiv="Content-Type" content="text/html;charset=utf-8" />
  <meta name='ocr-system' content='tesseract 3.04.00' />
  <meta name='ocr-capabilities' content='ocr_page ocr_carea ocr_par ocr_line ocrx_word'/>
</head>
<body>
  <div class='ocr_page' id='page_1' title='image "./mtulliiciceroni00baitgoog_0323.png"; bbox 0 0 3638 5868; ppageno 0'>
   <div class='ocr_carea' id='block_1_1' title="bbox 405 383 1514 512">
    <p class='ocr_par' dir='ltr' id='par_1_1' title="bbox 405 383 1514 512">
     <span class='ocr_line' id='line_1_1' title="bbox 405 383 1514 512; baseline -0.008 -17"><span class='ocrx_word' id='word_1_1' title='bbox 405 431 476 498; x_wconf 76' lang='lat' dir='ltr'><strong>n..</strong></span> <span class='ocrx_word' id='word_1_2' title='bbox 498 430 553 495; x_wconf 82' lang='lat' dir='ltr'><strong>nr.</strong></span> <span class='ocrx_word' id='word_1_3' title='bbox 580 427 655 496; x_wconf 69' lang='lat' dir='ltr'><strong>cst.</strong></span> <span class='ocrx_word' id='word_1_4' title='bbox 677 427 1005 494; x_wconf 77' lang='lat' dir='ltr'><strong>uxum-exam.</strong></span> <span class='ocrx_word' id='word_1_5' title='bbox 1033 424 1090 512; x_wconf 72' lang='grc'><strong>33.</strong></span> <span class='ocrx_word' id='word_1_6' title='bbox 1112 383 1318 492; x_wconf 60' lang='lat' dir='ltr'><strong>rao-mas</strong></span> <span class='ocrx_word' id='word_1_7' title='bbox 1451 417 1514 492; x_wconf 78' lang='lat' dir='ltr'><strong>aar</strong></span> 
     </span>
    </p>
   </div>
   <div class='ocr_carea' id='block_1_2' title="bbox 136 596 1713 3043">
    <p class='ocr_par' dir='ltr' id='par_1_2' title="bbox 136 596 1713 3043">
     <span class='ocr_line' id='line_1_2' title="bbox 196 596 1515 685; baseline -0.003 -19"><span class='ocrx_word' id='word_1_8' title='bbox 196 599 397 676; x_wconf 74' lang='lat' dir='ltr'><strong>Timarchidi,</strong></span> <span class='ocrx_word' id='word_1_9' title='bbox 419 600 540 666; x_wconf 72' lang='lat' dir='ltr'><strong>scribam</strong></span> <span class='ocrx_word' id='word_1_10' title='bbox 562 597 704 664; x_wconf 86' lang='lat' dir='ltr'><strong>dedisse:</strong></span> <span class='ocrx_word' id='word_1_11' title='bbox 727 599 850 685; x_wconf 83' lang='lat' dir='ltr'><strong>reperio</strong></span> <span class='ocrx_word' id='word_1_12' title='bbox 865 617 964 682; x_wconf 79' lang='lat' dir='ltr'><strong>genus</strong></span> <span class='ocrx_word' id='word_1_13' title='bbox 979 597 1074 663; x_wconf 86' lang='lat' dir='ltr'><strong>buius</strong></span> <span class='ocrx_word' id='word_1_14' title='bbox 1089 597 1185 672; x_wconf 91' lang='lat' dir='ltr'><strong>modi,</strong></span> <span class='ocrx_word' id='word_1_15' title='bbox 1205 596 1346 673; x_wconf 89' lang='lat' dir='ltr'><strong>iudices,</strong></span> <span class='ocrx_word' id='word_1_16' title='bbox 1367 596 1515 684; x_wconf 86' lang='lat' dir='ltr'><strong>praedae,</strong></span> 
     </span>
     <span class='ocr_line' id='line_1_3' title="bbox 196 690 1515 780; baseline -0.005 -20"><span class='ocrx_word' id='word_1_17' title='bbox 196 703 230 760; x_wconf 89' lang='lat' dir='ltr'><strong>ut</strong></span> <span class='ocrx_word' id='word_1_18' title='bbox 243 703 380 780; x_wconf 85' lang='lat' dir='ltr'><strong>praetor,</strong></span> <span class='ocrx_word' id='word_1_19' title='bbox 402 697 457 779; x_wconf 91' lang='lat' dir='ltr'><strong>qui</strong></span> <span class='ocrx_word' id='word_1_20' title='bbox 470 694 663 759; x_wconf 82' lang='lat' dir='ltr'><strong>frumentum</strong></span> <span class='ocrx_word' id='word_1_21' title='bbox 679 714 784 760; x_wconf 88' lang='lat' dir='ltr'><strong>emere</strong></span> <span class='ocrx_word' id='word_1_22' title='bbox 799 694 922 770; x_wconf 89' lang='lat' dir='ltr'><strong>debeat,</strong></span> <span class='ocrx_word' id='word_1_23' title='bbox 944 712 1008 758; x_wconf 89' lang='lat' dir='ltr'><strong>uon</strong></span> <span class='ocrx_word' id='word_1_24' title='bbox 1022 698 1115 768; x_wconf 85' lang='lat' dir='ltr'><strong>emat,</strong></span> <span class='ocrx_word' id='word_1_25' title='bbox 1130 692 1187 756; x_wconf 87' lang='lat' dir='ltr'><strong>sed</strong></span> <span class='ocrx_word' id='word_1_26' title='bbox 1199 693 1332 756; x_wconf 83' lang='lat' dir='ltr'><strong>vendat:</strong></span> <span class='ocrx_word' id='word_1_27' title='bbox 1354 690 1515 774; x_wconf 84' lang='lat' dir='ltr'><strong>pecunias,</strong></span> 
     </span>
     <span class='ocr_line' id='line_1_4' title="bbox 196 784 1515 872; baseline -0.003 -22"><span class='ocrx_word' id='word_1_28' title='bbox 196 807 276 872; x_wconf 90' lang='lat' dir='ltr'><strong>quas</strong></span> <span class='ocrx_word' id='word_1_29' title='bbox 306 789 485 854; x_wconf 85' lang='lat' dir='ltr'><strong>civitatibus</strong></span> <span class='ocrx_word' id='word_1_30' title='bbox 514 786 702 852; x_wconf 89' lang='lat' dir='ltr'><strong>distribuere</strong></span> <span class='ocrx_word' id='word_1_31' title='bbox 731 788 860 864; x_wconf 88' lang='lat' dir='ltr'><strong>debeat,</strong></span> <span class='ocrx_word' id='word_1_32' title='bbox 893 807 948 852; x_wconf 89' lang='lat' dir='ltr'><strong>eas</strong></span> <span class='ocrx_word' id='word_1_33' title='bbox 976 805 1085 850; x_wconf 90' lang='lat' dir='ltr'><strong>omues</strong></span> <span class='ocrx_word' id='word_1_34' title='bbox 1113 793 1234 850; x_wconf 80' lang='lat' dir='ltr'><strong>avertat</strong></span> <span class='ocrx_word' id='word_1_35' title='bbox 1261 794 1357 871; x_wconf 86' lang='lat' dir='ltr'><strong>atque</strong></span> <span class='ocrx_word' id='word_1_36' title='bbox 1382 784 1515 848; x_wconf 76' lang='lat' dir='ltr'><strong>auferat.</strong></span> 
     </span>
     <span class='ocr_line' id='line_1_5' title="bbox 177 853 1713 975; baseline -0.003 -27"><span class='ocrx_word' id='word_1_37' title='bbox 177 853 265 958; x_wconf 88' lang='lat' dir='ltr'><strong>(Non</strong></span> <span class='ocrx_word' id='word_1_38' title='bbox 287 883 365 947; x_wconf 89' lang='lat' dir='ltr'><strong>mibi</strong></span> <span class='ocrx_word' id='word_1_39' title='bbox 386 884 449 948; x_wconf 89' lang='lat' dir='ltr'><strong>iam</strong></span> <span class='ocrx_word' id='word_1_40' title='bbox 469 881 602 958; x_wconf 79' lang='lat' dir='ltr'><strong>furtum,</strong></span> <span class='ocrx_word' id='word_1_41' title='bbox 630 881 686 946; x_wconf 85' lang='lat' dir='ltr'><strong>sed</strong></span> <span class='ocrx_word' id='word_1_42' title='bbox 714 889 889 948; x_wconf 87' lang='lat' dir='ltr'><strong>monstrum</strong></span> <span class='ocrx_word' id='word_1_43' title='bbox 911 902 948 946; x_wconf 89' lang='lat' dir='ltr'><strong>aa</strong></span> <span class='ocrx_word' id='word_1_44' title='bbox 968 880 1146 966; x_wconf 78' lang='lat' dir='ltr'><strong>prodigium</strong></span> <span class='ocrx_word' id='word_1_45' title='bbox 1166 864 1515 975; x_wconf 71' lang='lat' dir='ltr'><strong>ridebatur)civitatum</strong></span> <span class='ocrx_word' id='word_1_46' title='bbox 1621 859 1713 944; x_wconf 56' lang='lat' dir='ltr'><strong>aa&amp;</strong></span> 
     </span>
     <span class='ocr_line' id='line_1_6' title="bbox 194 958 1539 1084; baseline -0.004 -43"><span class='ocrx_word' id='word_1_47' title='bbox 194 958 621 1084; x_wconf 70' lang='lat' dir='ltr'><strong>frumentum(improbare,)</strong></span> <span class='ocrx_word' id='word_1_48' title='bbox 635 997 727 1042; x_wconf 90' lang='lat' dir='ltr'><strong>suum</strong></span> <span class='ocrx_word' id='word_1_49' title='bbox 748 979 897 1061; x_wconf 89' lang='lat' dir='ltr'><strong>probare,</strong></span> <span class='ocrx_word' id='word_1_50' title='bbox 919 996 991 1042; x_wconf 89' lang='lat' dir='ltr'><strong>cum</strong></span> <span class='ocrx_word' id='word_1_51' title='bbox 1013 996 1105 1040; x_wconf 87' lang='lat' dir='ltr'><strong>suurn</strong></span> <span class='ocrx_word' id='word_1_52' title='bbox 1126 976 1304 1059; x_wconf 75' lang='lat' dir='ltr'><strong>probasset,</strong></span> <span class='ocrx_word' id='word_1_53' title='bbox 1326 973 1463 1058; x_wconf 85' lang='lat' dir='ltr'><strong>pretium</strong></span> <span class='ocrx_word' id='word_1_54' title='bbox 1484 971 1539 1036; x_wconf 82' lang='lat' dir='ltr'><strong>eit</strong></span> 
     </span>
     <span class='ocr_line' id='line_1_7' title="bbox 193 1067 1516 1155; baseline -0.004 -20"><span class='ocrx_word' id='word_1_55' title='bbox 193 1071 352 1136; x_wconf 49' lang='lat' dir='ltr'><strong>¹frumento</strong></span> <span class='ocrx_word' id='word_1_56' title='bbox 374 1072 579 1136; x_wconf 86' lang='lat' dir='ltr'><strong>constituere:</strong></span> <span class='ocrx_word' id='word_1_57' title='bbox 608 1071 695 1155; x_wconf 91' lang='lat' dir='ltr'><strong>quod</strong></span> <span class='ocrx_word' id='word_1_58' title='bbox 718 1071 945 1146; x_wconf 88' lang='lat' dir='ltr'><strong>constituisset,</strong></span> <span class='ocrx_word' id='word_1_59' title='bbox 967 1069 1001 1134; x_wconf 92' lang='lat' dir='ltr'><strong>id</strong></span> <span class='ocrx_word' id='word_1_60' title='bbox 1022 1090 1041 1134; x_wconf 90' lang='lat' dir='ltr'><strong>a</strong></span> <span class='ocrx_word' id='word_1_61' title='bbox 1062 1069 1241 1134; x_wconf 81' lang='lat' dir='ltr'><strong>civitatibus</strong></span> <span class='ocrx_word' id='word_1_62' title='bbox 1262 1069 1399 1134; x_wconf 82' lang='lat' dir='ltr'><strong>auferre:</strong></span> <span class='ocrx_word' id='word_1_63' title='bbox 1429 1067 1516 1153; x_wconf 89' lang='lat' dir='ltr'><strong>quod</strong></span> 
     </span>
     <span class='ocr_line' id='line_1_8' title="bbox 194 1159 1517 1250; baseline -0.005 -18"><span class='ocrx_word' id='word_1_64' title='bbox 194 1165 352 1250; x_wconf 86' lang='lat' dir='ltr'><strong>apopulo</strong></span> <span class='ocrx_word' id='word_1_65' title='bbox 373 1167 514 1230; x_wconf 84' lang='lat' dir='ltr'><strong>Romana</strong></span> <span class='ocrx_word' id='word_1_66' title='bbox 536 1165 720 1248; x_wconf 87' lang='lat' dir='ltr'><strong>accepisset,</strong></span> <span class='ocrx_word' id='word_1_67' title='bbox 742 1174 862 1230; x_wconf 89' lang='lat' dir='ltr'><strong>tenere.</strong></span> <span class='ocrx_word' id='word_1_68' title='bbox 905 1165 1045 1228; x_wconf 83' lang='lat' dir='ltr'><strong>LXXIV.</strong></span> <span class='ocrx_word' id='word_1_69' title='bbox 1074 1159 1146 1228; x_wconf 80' lang='grc'><strong>472.</strong></span> <span class='ocrx_word' id='word_1_70' title='bbox 1168 1165 1255 1240; x_wconf 85' lang='lat' dir='ltr'><strong>Quot</strong></span> <span class='ocrx_word' id='word_1_71' title='bbox 1274 1165 1369 1229; x_wconf 88' lang='lat' dir='ltr'><strong>vultis</strong></span> <span class='ocrx_word' id='word_1_72' title='bbox 1390 1183 1460 1228; x_wconf 87' lang='lat' dir='ltr'><strong>esse</strong></span> <span class='ocrx_word' id='word_1_73' title='bbox 1482 1164 1517 1226; x_wconf 92' lang='lat' dir='ltr'><strong>in</strong></span> 
     </span>
     <span class='ocr_line' id='line_1_9' title="bbox 195 1255 1517 1343; baseline -0.004 -19"><span class='ocrx_word' id='word_1_74' title='bbox 195 1279 259 1324; x_wconf 91' lang='lat' dir='ltr'><strong>uno</strong></span> <span class='ocrx_word' id='word_1_75' title='bbox 279 1258 363 1324; x_wconf 81' lang='lat' dir='ltr'><strong>tuma</strong></span> <span class='ocrx_word' id='word_1_76' title='bbox 385 1266 586 1343; x_wconf 85' lang='lat' dir='ltr'><strong>pcccatorum</strong></span> <span class='ocrx_word' id='word_1_77' title='bbox 610 1258 748 1341; x_wconf 59' lang='lat' dir='ltr'><strong>padus?</strong></span> <span class='ocrx_word' id='word_1_78' title='bbox 781 1268 834 1334; x_wconf 92' lang='lat' dir='ltr'><strong>ut,</strong></span> <span class='ocrx_word' id='word_1_79' title='bbox 866 1261 894 1324; x_wconf 91' lang='lat' dir='ltr'><strong>si</strong></span> <span class='ocrx_word' id='word_1_80' title='bbox 915 1258 1048 1342; x_wconf 76' lang='lat' dir='ltr'><strong>singulis</strong></span> <span class='ocrx_word' id='word_1_81' title='bbox 1074 1258 1222 1322; x_wconf 76' lang='lat' dir='ltr'><strong>insistere</strong></span> <span class='ocrx_word' id='word_1_82' title='bbox 1243 1259 1348 1332; x_wconf 87' lang='lat' dir='ltr'><strong>velim,</strong></span> <span class='ocrx_word' id='word_1_83' title='bbox 1369 1255 1517 1342; x_wconf 74' lang='lat' dir='ltr'><strong>progredi</strong></span> 
     </span>
     <span class='ocr_line' id='line_1_10' title="bbox 194 1352 1517 1438; baseline -0.002 -20"><span class='ocrx_word' id='word_1_84' title='bbox 194 1353 255 1418; x_wconf 88' lang='lat' dir='ltr'><strong>iste</strong></span> <span class='ocrx_word' id='word_1_85' title='bbox 279 1374 344 1418; x_wconf 92' lang='lat' dir='ltr'><strong>nou</strong></span> <span class='ocrx_word' id='word_1_86' title='bbox 364 1354 474 1438; x_wconf 82' lang='lat' dir='ltr'><strong>possit.</strong></span> <span class='ocrx_word' id='word_1_87' title='bbox 503 1353 665 1437; x_wconf 82' lang='lat' dir='ltr'><strong>improbas</strong></span> <span class='ocrx_word' id='word_1_88' title='bbox 685 1353 878 1420; x_wconf 82' lang='lat' dir='ltr'><strong>frumentum</strong></span> <span class='ocrx_word' id='word_1_89' title='bbox 901 1353 1087 1418; x_wconf 86' lang='lat' dir='ltr'><strong>Siculorum.</strong></span> <span class='ocrx_word' id='word_1_90' title='bbox 1122 1353 1227 1429; x_wconf 76' lang='lat' dir='ltr'><strong>Quid?</strong></span> <span class='ocrx_word' id='word_1_91' title='bbox 1249 1354 1318 1436; x_wconf 87' lang='lat' dir='ltr'><strong>ipse</strong></span> <span class='ocrx_word' id='word_1_92' title='bbox 1340 1352 1424 1436; x_wconf 88' lang='lat' dir='ltr'><strong>quod</strong></span> <span class='ocrx_word' id='word_1_93' title='bbox 1446 1353 1517 1416; x_wconf 91' lang='lat' dir='ltr'><strong>mit-</strong></span> 
     </span>
     <span class='ocr_line' id='line_1_11' title="bbox 193 1445 1555 1532; baseline -0.005 -17"><span class='ocrx_word' id='word_1_94' title='bbox 193 1450 253 1515; x_wconf 81' lang='lat' dir='ltr'><strong>tisi</strong></span> <span class='ocrx_word' id='word_1_95' title='bbox 280 1448 473 1532; x_wconf 82' lang='lat' dir='ltr'><strong>peculiarem</strong></span> <span class='ocrx_word' id='word_1_96' title='bbox 500 1446 599 1510; x_wconf 88' lang='lat' dir='ltr'><strong>babes</strong></span> <span class='ocrx_word' id='word_1_97' title='bbox 627 1448 765 1531; x_wconf 88' lang='lat' dir='ltr'><strong>aliquam</strong></span> <span class='ocrx_word' id='word_1_98' title='bbox 796 1449 951 1522; x_wconf 90' lang='lat' dir='ltr'><strong>Siciliam,</strong></span> <span class='ocrx_word' id='word_1_99' title='bbox 980 1467 1061 1531; x_wconf 86' lang='lat' dir='ltr'><strong>quae</strong></span> <span class='ocrx_word' id='word_1_100' title='bbox 1090 1447 1148 1511; x_wconf 89' lang='lat' dir='ltr'><strong>tibi</strong></span> <span class='ocrx_word' id='word_1_101' title='bbox 1170 1466 1212 1510; x_wconf 82' lang='lat' dir='ltr'><strong>cx</strong></span> <span class='ocrx_word' id='word_1_102' title='bbox 1231 1446 1296 1512; x_wconf 88' lang='lat' dir='ltr'><strong>alio</strong></span> <span class='ocrx_word' id='word_1_103' title='bbox 1316 1466 1432 1530; x_wconf 77' lang='lat' dir='ltr'><strong>genere</strong></span> <span class='ocrx_word' id='word_1_104' title='bbox 1451 1445 1555 1512; x_wconf 82' lang='lat' dir='ltr'><strong>tra-sc</strong></span> 
     </span>
     <span class='ocr_line' id='line_1_12' title="bbox 195 1540 1519 1626; baseline -0.002 -20"><span class='ocrx_word' id='word_1_105' title='bbox 195 1550 335 1608; x_wconf 89' lang='lat' dir='ltr'><strong>mentum</strong></span> <span class='ocrx_word' id='word_1_106' title='bbox 357 1540 566 1626; x_wconf 80' lang='lat' dir='ltr'><strong>suppeditare</strong></span> <span class='ocrx_word' id='word_1_107' title='bbox 583 1542 705 1626; x_wconf 77' lang='lat' dir='ltr'><strong>possiti</strong></span> <span class='ocrx_word' id='word_1_108' title='bbox 738 1561 809 1607; x_wconf 88' lang='lat' dir='ltr'><strong>curn</strong></span> <span class='ocrx_word' id='word_1_109' title='bbox 831 1551 957 1608; x_wconf 89' lang='lat' dir='ltr'><strong>senatus</strong></span> <span class='ocrx_word' id='word_1_110' title='bbox 980 1542 1136 1616; x_wconf 90' lang='lat' dir='ltr'><strong>decernit,</strong></span> <span class='ocrx_word' id='word_1_111' title='bbox 1157 1546 1194 1604; x_wconf 89' lang='lat' dir='ltr'><strong>ut</strong></span> <span class='ocrx_word' id='word_1_112' title='bbox 1215 1550 1335 1606; x_wconf 86' lang='lat' dir='ltr'><strong>ematur</strong></span> <span class='ocrx_word' id='word_1_113' title='bbox 1354 1543 1387 1606; x_wconf 89' lang='lat' dir='ltr'><strong>iu</strong></span> <span class='ocrx_word' id='word_1_114' title='bbox 1410 1541 1519 1606; x_wconf 88' lang='lat' dir='ltr'><strong>Sicilia</strong></span> 
     </span>
     <span class='ocr_line' id='line_1_13' title="bbox 193 1635 1519 1719; baseline -0.001 -19"><span class='ocrx_word' id='word_1_115' title='bbox 193 1637 395 1711; x_wconf 78' lang='lat' dir='ltr'><strong>trumentum,</strong></span> <span class='ocrx_word' id='word_1_116' title='bbox 419 1644 474 1700; x_wconf 88' lang='lat' dir='ltr'><strong>aut</strong></span> <span class='ocrx_word' id='word_1_117' title='bbox 496 1655 566 1699; x_wconf 87' lang='lat' dir='ltr'><strong>cum</strong></span> <span class='ocrx_word' id='word_1_118' title='bbox 588 1635 725 1719; x_wconf 87' lang='lat' dir='ltr'><strong>populus</strong></span> <span class='ocrx_word' id='word_1_119' title='bbox 749 1636 849 1712; x_wconf 87' lang='lat' dir='ltr'><strong>iubet,</strong></span> <span class='ocrx_word' id='word_1_120' title='bbox 871 1637 941 1710; x_wconf 91' lang='lat' dir='ltr'><strong>boc,</strong></span> <span class='ocrx_word' id='word_1_121' title='bbox 962 1644 997 1700; x_wconf 90' lang='lat' dir='ltr'><strong>ut</strong></span> <span class='ocrx_word' id='word_1_122' title='bbox 1018 1637 1140 1719; x_wconf 85' lang='lat' dir='ltr'><strong>opinor,</strong></span> <span class='ocrx_word' id='word_1_123' title='bbox 1161 1636 1326 1719; x_wconf 79' lang='lat' dir='ltr'><strong>intelligit,</strong></span> <span class='ocrx_word' id='word_1_124' title='bbox 1347 1657 1389 1700; x_wconf 84' lang='lat' dir='ltr'><strong>ex</strong></span> <span class='ocrx_word' id='word_1_125' title='bbox 1410 1635 1519 1699; x_wconf 87' lang='lat' dir='ltr'><strong>Sicilia</strong></span> 
     </span>
     <span class='ocr_line' id='line_1_14' title="bbox 196 1728 1518 1814; baseline -0.005 -17"><span class='ocrx_word' id='word_1_126' title='bbox 196 1731 337 1797; x_wconf 89' lang='lat' dir='ltr'><strong>Siculum</strong></span> <span class='ocrx_word' id='word_1_127' title='bbox 357 1730 551 1794; x_wconf 80' lang='lat' dir='ltr'><strong>trumentum</strong></span> <span class='ocrx_word' id='word_1_128' title='bbox 572 1730 732 1814; x_wconf 88' lang='lat' dir='ltr'><strong>apportari</strong></span> <span class='ocrx_word' id='word_1_129' title='bbox 754 1739 909 1814; x_wconf 84' lang='lat' dir='ltr'><strong>oportere.</strong></span> <span class='ocrx_word' id='word_1_130' title='bbox 939 1732 987 1794; x_wconf 89' lang='lat' dir='ltr'><strong>Tu</strong></span> <span class='ocrx_word' id='word_1_131' title='bbox 1008 1751 1078 1794; x_wconf 89' lang='lat' dir='ltr'><strong>cum</strong></span> <span class='ocrx_word' id='word_1_132' title='bbox 1100 1728 1262 1794; x_wconf 88' lang='lat' dir='ltr'><strong>civitatum</strong></span> <span class='ocrx_word' id='word_1_133' title='bbox 1276 1730 1403 1794; x_wconf 88' lang='lat' dir='ltr'><strong>Siciliae</strong></span> <span class='ocrx_word' id='word_1_134' title='bbox 1423 1729 1518 1811; x_wconf 75' lang='lat' dir='ltr'><strong>vulgo</strong></span> 
     </span>
     <span class='ocr_line' id='line_1_15' title="bbox 194 1821 1519 1908; baseline -0.004 -18"><span class='ocrx_word' id='word_1_135' title='bbox 194 1846 287 1890; x_wconf 90' lang='lat' dir='ltr'><strong>omne</strong></span> <span class='ocrx_word' id='word_1_136' title='bbox 310 1821 504 1888; x_wconf 78' lang='lat' dir='ltr'><strong>frumentum</strong></span> <span class='ocrx_word' id='word_1_137' title='bbox 527 1825 703 1907; x_wconf 88' lang='lat' dir='ltr'><strong>improbas,</strong></span> <span class='ocrx_word' id='word_1_138' title='bbox 732 1845 808 1889; x_wconf 90' lang='lat' dir='ltr'><strong>num</strong></span> <span class='ocrx_word' id='word_1_139' title='bbox 836 1844 877 1889; x_wconf 86' lang='lat' dir='ltr'><strong>ex</strong></span> <span class='ocrx_word' id='word_1_140' title='bbox 897 1825 1041 1908; x_wconf 74' lang='lat' dir='ltr'><strong>Aegypto</strong></span> <span class='ocrx_word' id='word_1_141' title='bbox 1062 1830 1116 1887; x_wconf 91' lang='lat' dir='ltr'><strong>aut</strong></span> <span class='ocrx_word' id='word_1_142' title='bbox 1137 1824 1228 1908; x_wconf 79' lang='lat' dir='ltr'><strong>Syria</strong></span> <span class='ocrx_word' id='word_1_143' title='bbox 1246 1823 1437 1890; x_wconf 79' lang='lat' dir='ltr'><strong>trumentum</strong></span> <span class='ocrx_word' id='word_1_144' title='bbox 1457 1823 1519 1886; x_wconf 83' lang='lat' dir='ltr'><strong>Ro-</strong></span> 
     </span>
     <span class='ocr_line' id='line_1_16' title="bbox 194 1917 1556 2003; baseline -0.004 -19"><span class='ocrx_word' id='word_1_145' title='bbox 194 1941 277 1985; x_wconf 87' lang='lat' dir='ltr'><strong>mam</strong></span> <span class='ocrx_word' id='word_1_146' title='bbox 300 1918 453 1984; x_wconf 87' lang='lat' dir='ltr'><strong>missurus</strong></span> <span class='ocrx_word' id='word_1_147' title='bbox 476 1922 532 1982; x_wconf 84' lang='lat' dir='ltr'><strong>est</strong></span> <span class='ocrx_word' id='word_1_148' title='bbox 575 1920 736 2002; x_wconf 84' lang='lat' dir='ltr'><strong>improbas</strong></span> <span class='ocrx_word' id='word_1_149' title='bbox 756 1920 960 1992; x_wconf 88' lang='lat' dir='ltr'><strong>Halesinum,</strong></span> <span class='ocrx_word' id='word_1_150' title='bbox 993 1918 1247 1993; x_wconf 81' lang='lat' dir='ltr'><strong>Thermitanum,</strong></span> <span class='ocrx_word' id='word_1_151' title='bbox 1280 1917 1556 2003; x_wconf 82' lang='lat' dir='ltr'><strong>Cephaloedita-tt</strong></span> 
     </span>
     <span class='ocr_line' id='line_1_17' title="bbox 193 2010 1520 2097; baseline -0.003 -19"><span class='ocrx_word' id='word_1_152' title='bbox 193 2034 280 2088; x_wconf 91' lang='lat' dir='ltr'><strong>num,</strong></span> <span class='ocrx_word' id='word_1_153' title='bbox 302 2013 559 2087; x_wconf 77' lang='lat' dir='ltr'><strong>Amestratinum,</strong></span> <span class='ocrx_word' id='word_1_154' title='bbox 582 2012 841 2097; x_wconf 81' lang='lat' dir='ltr'><strong>Tyndaritanum,</strong></span> <span class='ocrx_word' id='word_1_155' title='bbox 862 2013 1061 2086; x_wconf 82' lang='lat' dir='ltr'><strong>Herbitcusc,</strong></span> <span class='ocrx_word' id='word_1_156' title='bbox 1081 2011 1253 2076; x_wconf 86' lang='lat' dir='ltr'><strong>muitarum</strong></span> <span class='ocrx_word' id='word_1_157' title='bbox 1266 2019 1429 2097; x_wconf 83' lang='lat' dir='ltr'><strong>praetcrea</strong></span> <span class='ocrx_word' id='word_1_158' title='bbox 1444 2010 1520 2074; x_wconf 83' lang='lat' dir='ltr'><strong>civi-</strong></span> 
     </span>
     <span class='ocr_line' id='line_1_18' title="bbox 194 2105 1519 2191; baseline -0.003 -19"><span class='ocrx_word' id='word_1_159' title='bbox 194 2115 303 2172; x_wconf 86' lang='lat' dir='ltr'><strong>tatum.</strong></span> <span class='ocrx_word' id='word_1_160' title='bbox 344 2105 429 2182; x_wconf 89' lang='lat' dir='ltr'><strong>Quid</strong></span> <span class='ocrx_word' id='word_1_161' title='bbox 451 2106 566 2170; x_wconf 86' lang='lat' dir='ltr'><strong>accidit</strong></span> <span class='ocrx_word' id='word_1_162' title='bbox 589 2106 727 2182; x_wconf 66' lang='lat' dir='ltr'><strong>undem,</strong></span> <span class='ocrx_word' id='word_1_163' title='bbox 749 2116 785 2172; x_wconf 90' lang='lat' dir='ltr'><strong>ut</strong></span> <span class='ocrx_word' id='word_1_164' title='bbox 803 2108 917 2171; x_wconf 88' lang='lat' dir='ltr'><strong>horum</strong></span> <span class='ocrx_word' id='word_1_165' title='bbox 939 2105 1129 2191; x_wconf 86' lang='lat' dir='ltr'><strong>populorum</strong></span> <span class='ocrx_word' id='word_1_166' title='bbox 1151 2107 1218 2190; x_wconf 75' lang='lat' dir='ltr'><strong>agri</strong></span> <span class='ocrx_word' id='word_1_167' title='bbox 1238 2107 1428 2172; x_wconf 86' lang='lat' dir='ltr'><strong>frumentum</strong></span> <span class='ocrx_word' id='word_1_168' title='bbox 1450 2107 1519 2170; x_wconf 89' lang='lat' dir='ltr'><strong>eius</strong></span> 
     </span>
     <span class='ocr_line' id='line_1_19' title="bbox 194 2200 1519 2285; baseline -0.003 -19"><span class='ocrx_word' id='word_1_169' title='bbox 194 2201 280 2266; x_wconf 90' lang='lat' dir='ltr'><strong>modi</strong></span> <span class='ocrx_word' id='word_1_170' title='bbox 302 2207 335 2264; x_wconf 92' lang='lat' dir='ltr'><strong>te</strong></span> <span class='ocrx_word' id='word_1_171' title='bbox 356 2205 502 2282; x_wconf 87' lang='lat' dir='ltr'><strong>praetore</strong></span> <span class='ocrx_word' id='word_1_172' title='bbox 524 2200 653 2275; x_wconf 83' lang='lat' dir='ltr'><strong>ferrent,</strong></span> <span class='ocrx_word' id='word_1_173' title='bbox 676 2200 762 2283; x_wconf 90' lang='lat' dir='ltr'><strong>quod</strong></span> <span class='ocrx_word' id='word_1_174' title='bbox 783 2220 956 2285; x_wconf 86' lang='lat' dir='ltr'><strong>numquam</strong></span> <span class='ocrx_word' id='word_1_175' title='bbox 977 2209 1080 2274; x_wconf 86' lang='lat' dir='ltr'><strong>antea,</strong></span> <span class='ocrx_word' id='word_1_176' title='bbox 1102 2201 1188 2284; x_wconf 89' lang='lat' dir='ltr'><strong>quod</strong></span> <span class='ocrx_word' id='word_1_177' title='bbox 1210 2220 1313 2284; x_wconf 89' lang='lat' dir='ltr'><strong>neque</strong></span> <span class='ocrx_word' id='word_1_178' title='bbox 1335 2201 1391 2266; x_wconf 89' lang='lat' dir='ltr'><strong>tibi</strong></span> <span class='ocrx_word' id='word_1_179' title='bbox 1413 2219 1519 2283; x_wconf 86' lang='lat' dir='ltr'><strong>neque</strong></span> 
     </span>
     <span class='ocr_line' id='line_1_20' title="bbox 191 2293 1519 2380; baseline -0.004 -20"><span class='ocrx_word' id='word_1_180' title='bbox 191 2295 310 2380; x_wconf 89' lang='lat' dir='ltr'><strong>popula</strong></span> <span class='ocrx_word' id='word_1_181' title='bbox 332 2295 473 2358; x_wconf 87' lang='lat' dir='ltr'><strong>Romano</strong></span> <span class='ocrx_word' id='word_1_182' title='bbox 494 2301 603 2378; x_wconf 89' lang='lat' dir='ltr'><strong>posset</strong></span> <span class='ocrx_word' id='word_1_183' title='bbox 623 2295 766 2378; x_wconf 88' lang='lat' dir='ltr'><strong>probari,</strong></span> <span class='ocrx_word' id='word_1_184' title='bbox 788 2296 974 2379; x_wconf 89' lang='lat' dir='ltr'><strong>praesertim</strong></span> <span class='ocrx_word' id='word_1_185' title='bbox 996 2316 1068 2360; x_wconf 91' lang='lat' dir='ltr'><strong>cum</strong></span> <span class='ocrx_word' id='word_1_186' title='bbox 1090 2315 1131 2358; x_wconf 86' lang='lat' dir='ltr'><strong>ex</strong></span> <span class='ocrx_word' id='word_1_187' title='bbox 1150 2294 1253 2360; x_wconf 88' lang='lat' dir='ltr'><strong>isdem</strong></span> <span class='ocrx_word' id='word_1_188' title='bbox 1274 2295 1357 2378; x_wconf 78' lang='lat' dir='ltr'><strong>agris</strong></span> <span class='ocrx_word' id='word_1_189' title='bbox 1378 2293 1519 2358; x_wconf 89' lang='lat' dir='ltr'><strong>eiusdem</strong></span> 
     </span>
     <span class='ocr_line' id='line_1_21' title="bbox 194 2387 1555 2472; baseline -0.002 -17"><span class='ocrx_word' id='word_1_190' title='bbox 194 2389 270 2455; x_wconf 80' lang='lat' dir='ltr'><strong>suni</strong></span> <span class='ocrx_word' id='word_1_191' title='bbox 291 2389 482 2452; x_wconf 80' lang='lat' dir='ltr'><strong>trumentum</strong></span> <span class='ocrx_word' id='word_1_192' title='bbox 505 2408 545 2450; x_wconf 79' lang='lat' dir='ltr'><strong>ex</strong></span> <span class='ocrx_word' id='word_1_193' title='bbox 566 2389 708 2452; x_wconf 82' lang='lat' dir='ltr'><strong>decumis</strong></span> <span class='ocrx_word' id='word_1_194' title='bbox 730 2390 860 2453; x_wconf 83' lang='lat' dir='ltr'><strong>Romam</strong></span> <span class='ocrx_word' id='word_1_195' title='bbox 887 2389 1049 2472; x_wconf 88' lang='lat' dir='ltr'><strong>mancipes</strong></span> <span class='ocrx_word' id='word_1_196' title='bbox 1077 2389 1301 2452; x_wconf 78' lang='lat' dir='ltr'><strong>advexissent?</strong></span> <span class='ocrx_word' id='word_1_197' title='bbox 1331 2387 1410 2472; x_wconf 90' lang='lat' dir='ltr'><strong>quid</strong></span> <span class='ocrx_word' id='word_1_198' title='bbox 1438 2387 1555 2452; x_wconf 77' lang='lat' dir='ltr'><strong>aeci-ra</strong></span> 
     </span>
     <span class='ocr_line' id='line_1_22' title="bbox 194 2481 1519 2566; baseline -0.005 -18"><span class='ocrx_word' id='word_1_199' title='bbox 194 2487 297 2558; x_wconf 87' lang='lat' dir='ltr'><strong>demt,</strong></span> <span class='ocrx_word' id='word_1_200' title='bbox 318 2489 355 2547; x_wconf 90' lang='lat' dir='ltr'><strong>ut</strong></span> <span class='ocrx_word' id='word_1_201' title='bbox 376 2501 417 2545; x_wconf 87' lang='lat' dir='ltr'><strong>ex</strong></span> <span class='ocrx_word' id='word_1_202' title='bbox 439 2481 552 2546; x_wconf 86' lang='lat' dir='ltr'><strong>eodem</strong></span> <span class='ocrx_word' id='word_1_203' title='bbox 572 2482 686 2548; x_wconf 91' lang='lat' dir='ltr'><strong>berreo</strong></span> <span class='ocrx_word' id='word_1_204' title='bbox 707 2483 915 2548; x_wconf 86' lang='lat' dir='ltr'><strong>decumanum</strong></span> <span class='ocrx_word' id='word_1_205' title='bbox 936 2483 1137 2566; x_wconf 85' lang='lat' dir='ltr'><strong>probaretur,</strong></span> <span class='ocrx_word' id='word_1_206' title='bbox 1166 2489 1306 2565; x_wconf 89' lang='lat' dir='ltr'><strong>emptum</strong></span> <span class='ocrx_word' id='word_1_207' title='bbox 1326 2482 1519 2566; x_wconf 87' lang='lat' dir='ltr'><strong>improbare·</strong></span> 
     </span>
     <span class='ocr_line' id='line_1_23' title="bbox 193 2576 1519 2662; baseline -0.002 -17"><span class='ocrx_word' id='word_1_208' title='bbox 193 2583 265 2646; x_wconf 80' lang='lat' dir='ltr'><strong>turi</strong></span> <span class='ocrx_word' id='word_1_209' title='bbox 298 2577 476 2641; x_wconf 89' lang='lat' dir='ltr'><strong>Dubiumne</strong></span> <span class='ocrx_word' id='word_1_210' title='bbox 499 2584 556 2651; x_wconf 86' lang='lat' dir='ltr'><strong>est,</strong></span> <span class='ocrx_word' id='word_1_211' title='bbox 580 2576 659 2660; x_wconf 90' lang='lat' dir='ltr'><strong>quin</strong></span> <span class='ocrx_word' id='word_1_212' title='bbox 679 2577 741 2641; x_wconf 83' lang='lat' dir='ltr'><strong>ista</strong></span> <span class='ocrx_word' id='word_1_213' title='bbox 761 2577 863 2641; x_wconf 88' lang='lat' dir='ltr'><strong>omnis</strong></span> <span class='ocrx_word' id='word_1_214' title='bbox 878 2576 1066 2662; x_wconf 89' lang='lat' dir='ltr'><strong>improbatio</strong></span> <span class='ocrx_word' id='word_1_215' title='bbox 1081 2576 1242 2660; x_wconf 78' lang='lat' dir='ltr'><strong>cogendae</strong></span> <span class='ocrx_word' id='word_1_216' title='bbox 1253 2576 1409 2660; x_wconf 88' lang='lat' dir='ltr'><strong>pecuniae</strong></span> <span class='ocrx_word' id='word_1_217' title='bbox 1423 2593 1519 2642; x_wconf 86' lang='lat' dir='ltr'><strong>cauea</strong></span> 
     </span>
     <span class='ocr_line' id='line_1_24' title="bbox 191 2665 1518 2758; baseline -0.005 -20"><span class='ocrx_word' id='word_1_218' title='bbox 191 2681 265 2738; x_wconf 90' lang='lat' dir='ltr'><strong>nata</strong></span> <span class='ocrx_word' id='word_1_219' title='bbox 286 2672 349 2736; x_wconf 81' lang='lat' dir='ltr'><strong>siti</strong></span> <span class='ocrx_word' id='word_1_220' title='bbox 391 2665 463 2732; x_wconf 84' lang='grc'><strong>473.</strong></span> <span class='ocrx_word' id='word_1_221' title='bbox 489 2671 582 2735; x_wconf 88' lang='lat' dir='ltr'><strong>Esto:</strong></span> <span class='ocrx_word' id='word_1_222' title='bbox 603 2671 764 2754; x_wconf 87' lang='lat' dir='ltr'><strong>improbas</strong></span> <span class='ocrx_word' id='word_1_223' title='bbox 785 2671 989 2748; x_wconf 87' lang='lat' dir='ltr'><strong>Halesinum;</strong></span> <span class='ocrx_word' id='word_1_224' title='bbox 1010 2671 1108 2738; x_wconf 85' lang='lat' dir='ltr'><strong>babes</strong></span> <span class='ocrx_word' id='word_1_225' title='bbox 1129 2674 1170 2740; x_wconf 85' lang='lat' dir='ltr'><strong>sb</strong></span> <span class='ocrx_word' id='word_1_226' title='bbox 1191 2673 1253 2740; x_wconf 90' lang='lat' dir='ltr'><strong>alio</strong></span> <span class='ocrx_word' id='word_1_227' title='bbox 1275 2672 1410 2758; x_wconf 89' lang='lat' dir='ltr'><strong>popula,</strong></span> <span class='ocrx_word' id='word_1_228' title='bbox 1432 2669 1518 2754; x_wconf 87' lang='lat' dir='ltr'><strong>quod</strong></span> 
     </span>
     <span class='ocr_line' id='line_1_25' title="bbox 190 2764 1518 2852; baseline -0.003 -20"><span class='ocrx_word' id='word_1_229' title='bbox 190 2766 317 2852; x_wconf 83' lang='lat' dir='ltr'><strong>probes:</strong></span> <span class='ocrx_word' id='word_1_230' title='bbox 350 2783 419 2828; x_wconf 88' lang='lat' dir='ltr'><strong>eme</strong></span> <span class='ocrx_word' id='word_1_231' title='bbox 445 2764 541 2840; x_wconf 89' lang='lat' dir='ltr'><strong>iilud,</strong></span> <span class='ocrx_word' id='word_1_232' title='bbox 569 2765 657 2850; x_wconf 89' lang='lat' dir='ltr'><strong>quod</strong></span> <span class='ocrx_word' id='word_1_233' title='bbox 686 2765 804 2848; x_wconf 79' lang='lat' dir='ltr'><strong>piacet3</strong></span> <span class='ocrx_word' id='word_1_234' title='bbox 838 2768 952 2832; x_wconf 77' lang='lat' dir='ltr'><strong>misem</strong></span> <span class='ocrx_word' id='word_1_235' title='bbox 979 2766 1028 2830; x_wconf 82' lang='lat' dir='ltr'><strong>iac</strong></span> <span class='ocrx_word' id='word_1_236' title='bbox 1056 2788 1127 2844; x_wconf 89' lang='lat' dir='ltr'><strong>eos,</strong></span> <span class='ocrx_word' id='word_1_237' title='bbox 1164 2785 1301 2852; x_wconf 89' lang='lat' dir='ltr'><strong>quorum</strong></span> <span class='ocrx_word' id='word_1_238' title='bbox 1325 2765 1518 2834; x_wconf 74' lang='lat' dir='ltr'><strong>immeritum</strong></span> 
     </span>
     <span class='ocr_line' id='line_1_26' title="bbox 136 2859 1557 2947; baseline -0.001 -21"><span class='ocrx_word' id='word_1_239' title='bbox 136 2896 144 2912; x_wconf 92' lang='lat'><strong>·</strong></span> <span class='ocrx_word' id='word_1_240' title='bbox 189 2859 383 2945; x_wconf 87' lang='lat' dir='ltr'><strong>improbasti.</strong></span> <span class='ocrx_word' id='word_1_241' title='bbox 420 2859 483 2924; x_wconf 87' lang='lat' dir='ltr'><strong>Sed</strong></span> <span class='ocrx_word' id='word_1_242' title='bbox 505 2860 616 2935; x_wconf 87' lang='lat' dir='ltr'><strong>abiis,</strong></span> <span class='ocrx_word' id='word_1_243' title='bbox 639 2881 719 2945; x_wconf 85' lang='lat' dir='ltr'><strong>quos</strong></span> <span class='ocrx_word' id='word_1_244' title='bbox 742 2861 902 2947; x_wconf 87' lang='lat' dir='ltr'><strong>repudias,</strong></span> <span class='ocrx_word' id='word_1_245' title='bbox 924 2861 1025 2944; x_wconf 78' lang='lat' dir='ltr'><strong>exigis</strong></span> <span class='ocrx_word' id='word_1_246' title='bbox 1041 2869 1164 2928; x_wconf 85' lang='lat' dir='ltr'><strong>tantum</strong></span> <span class='ocrx_word' id='word_1_247' title='bbox 1178 2863 1343 2947; x_wconf 88' lang='lat' dir='ltr'><strong>pecuniae,</strong></span> <span class='ocrx_word' id='word_1_248' title='bbox 1365 2868 1557 2945; x_wconf 75' lang='lat' dir='ltr'><strong>quantumst</strong></span> 
     </span>
     <span class='ocr_line' id='line_1_27' title="bbox 189 2954 1515 3043; baseline -0.001 -24"><span class='ocrx_word' id='word_1_249' title='bbox 189 2954 229 3020; x_wconf 88' lang='lat' dir='ltr'><strong>ad</strong></span> <span class='ocrx_word' id='word_1_250' title='bbox 252 2975 325 3019; x_wconf 89' lang='lat' dir='ltr'><strong>eum</strong></span> <span class='ocrx_word' id='word_1_251' title='bbox 346 2973 512 3018; x_wconf 87' lang='lat' dir='ltr'><strong>numerum</strong></span> <span class='ocrx_word' id='word_1_252' title='bbox 532 2954 683 3020; x_wconf 80' lang='lat' dir='ltr'><strong>frumeuti</strong></span> <span class='ocrx_word' id='word_1_253' title='bbox 704 2957 781 3022; x_wconf 86' lang='lat' dir='ltr'><strong>satis</strong></span> <span class='ocrx_word' id='word_1_254' title='bbox 802 2957 852 3032; x_wconf 89' lang='lat' dir='ltr'><strong>sit,</strong></span> <span class='ocrx_word' id='word_1_255' title='bbox 875 2975 972 3041; x_wconf 87' lang='lat' dir='ltr'><strong>quem</strong></span> <span class='ocrx_word' id='word_1_256' title='bbox 993 2958 1024 3022; x_wconf 89' lang='lat' dir='ltr'><strong>ei</strong></span> <span class='ocrx_word' id='word_1_257' title='bbox 1045 2958 1163 3022; x_wconf 83' lang='lat' dir='ltr'><strong>civitati</strong></span> <span class='ocrx_word' id='word_1_258' title='bbox 1182 2958 1319 3043; x_wconf 89' lang='lat' dir='ltr'><strong>imperas</strong></span> <span class='ocrx_word' id='word_1_259' title='bbox 1334 2955 1515 3020; x_wconf 88' lang='lat' dir='ltr'><strong>emendum.</strong></span> 
     </span>
    </p>
   </div>
   <div class='ocr_carea' id='block_1_3' title="bbox 187 3187 1519 5214">
    <p class='ocr_par' dir='ltr' id='par_1_3' title="bbox 187 3187 1519 5214">
     <span class='ocr_line' id='line_1_28' title="bbox 238 3187 1518 3256; baseline 0 -16"><span class='ocrx_word' id='word_1_260' title='bbox 238 3191 262 3240; x_wconf 91' lang='grc'><strong>4.</strong></span> <span class='ocrx_word' id='word_1_261' title='bbox 278 3201 331 3252; x_wconf 79' lang='lat' dir='ltr'><strong>pac.</strong></span> <span class='ocrx_word' id='word_1_262' title='bbox 347 3187 496 3238; x_wconf 70' lang='lat' dir='ltr'><strong>Timarchidi</strong></span> <span class='ocrx_word' id='word_1_263' title='bbox 507 3193 529 3238; x_wconf 86' lang='lat' dir='ltr'><strong>et</strong></span> <span class='ocrx_word' id='word_1_264' title='bbox 543 3189 651 3239; x_wconf 84' lang='lat' dir='ltr'><strong>Vatcats&#39;a</strong></span> <span class='ocrx_word' id='word_1_265' title='bbox 661 3190 758 3241; x_wconf 73' lang='lat' dir='ltr'><strong>scribae</strong></span> <span class='ocrx_word' id='word_1_266' title='bbox 767 3191 797 3241; x_wconf 94' lang='lat' dir='ltr'><strong>V.</strong></span> <span class='ocrx_word' id='word_1_267' title='bbox 816 3193 849 3242; x_wconf 85' lang='grc'><strong>44</strong></span> <span class='ocrx_word' id='word_1_268' title='bbox 861 3191 893 3242; x_wconf 84' lang='lat' dir='ltr'><strong>ci.</strong></span> <span class='ocrx_word' id='word_1_269' title='bbox 907 3193 932 3256; x_wconf 70' lang='lat'><strong>5.</strong></span> <span class='ocrx_word' id='word_1_270' title='bbox 945 3191 1012 3253; x_wconf 74' lang='lat' dir='ltr'><strong>sta,</strong></span> <span class='ocrx_word' id='word_1_271' title='bbox 1031 3191 1077 3242; x_wconf 91' lang='lat' dir='ltr'><strong>ubi</strong></span> <span class='ocrx_word' id='word_1_272' title='bbox 1093 3192 1176 3242; x_wconf 79' lang='lat' dir='ltr'><strong>scriba</strong></span> <span class='ocrx_word' id='word_1_273' title='bbox 1191 3193 1235 3243; x_wconf 89' lang='lat' dir='ltr'><strong>hic</strong></span> <span class='ocrx_word' id='word_1_274' title='bbox 1251 3193 1358 3244; x_wconf 89' lang='lat' dir='ltr'><strong>nomine</strong></span> <span class='ocrx_word' id='word_1_275' title='bbox 1371 3189 1518 3256; x_wconf 88' lang='lat' dir='ltr'><strong>appellatur</strong></span> 
     </span>
     <span class='ocr_line' id='line_1_29' title="bbox 188 3261 1515 3331; baseline -0.002 -13"><span class='ocrx_word' id='word_1_276' title='bbox 188 3265 310 3318; x_wconf 81' lang='lat' dir='ltr'><strong>bisacias.</strong></span> <span class='ocrx_word' id='word_1_277' title='bbox 325 3263 414 3327; x_wconf 79' lang='lat' dir='ltr'><strong>[Recte</strong></span> <span class='ocrx_word' id='word_1_278' title='bbox 423 3261 538 3314; x_wconf 76' lang='lat' dir='ltr'><strong>Kiotzitn</strong></span> <span class='ocrx_word' id='word_1_279' title='bbox 546 3265 604 3315; x_wconf 86' lang='lat' dir='ltr'><strong>Vat.</strong></span> <span class='ocrx_word' id='word_1_280' title='bbox 616 3267 725 3316; x_wconf 85' lang='lat' dir='ltr'><strong>secutus</strong></span> <span class='ocrx_word' id='word_1_281' title='bbox 733 3268 789 3323; x_wconf 67' lang='lat' dir='ltr'><strong>esta</strong></span> <span class='ocrx_word' id='word_1_282' title='bbox 801 3277 863 3317; x_wconf 91' lang='lat' dir='ltr'><strong>uam</strong></span> <span class='ocrx_word' id='word_1_283' title='bbox 872 3264 1004 3328; x_wconf 80' lang='lat' dir='ltr'><strong>vulgatam</strong></span> <span class='ocrx_word' id='word_1_284' title='bbox 1014 3266 1134 3318; x_wconf 84' lang='lat' dir='ltr'><strong>vitiosam</strong></span> <span class='ocrx_word' id='word_1_285' title='bbox 1146 3281 1205 3320; x_wconf 86' lang='lat' dir='ltr'><strong>esse</strong></span> <span class='ocrx_word' id='word_1_286' title='bbox 1217 3269 1300 3318; x_wconf 88' lang='lat' dir='ltr'><strong>cratia</strong></span> <span class='ocrx_word' id='word_1_287' title='bbox 1312 3268 1368 3331; x_wconf 86' lang='lat' dir='ltr'><strong>ipsa</strong></span> <span class='ocrx_word' id='word_1_288' title='bbox 1381 3264 1479 3329; x_wconf 81' lang='lat' dir='ltr'><strong>docet]</strong></span> <span class='ocrx_word' id='word_1_289' title='bbox 1488 3291 1515 3300; x_wconf 92' lang='lat'>-</span> 
     </span>
     <span class='ocr_line' id='line_1_30' title="bbox 188 3338 1518 3406; baseline 0.002 -16"><span class='ocrx_word' id='word_1_290' title='bbox 188 3340 304 3404; x_wconf 79' lang='lat' dir='ltr'><strong>repperio</strong></span> <span class='ocrx_word' id='word_1_291' title='bbox 320 3338 351 3387; x_wconf 92' lang='lat' dir='ltr'><strong>V.</strong></span> <span class='ocrx_word' id='word_1_292' title='bbox 366 3365 393 3374; x_wconf 94' lang='lat'>—</span> <span class='ocrx_word' id='word_1_293' title='bbox 413 3339 580 3388; x_wconf 77' lang='lat' dir='ltr'><strong>huiuscemodi</strong></span> <span class='ocrx_word' id='word_1_294' title='bbox 596 3340 675 3403; x_wconf 79' lang='lat' dir='ltr'><strong>Lagg.</strong></span> <span class='ocrx_word' id='word_1_295' title='bbox 694 3341 810 3404; x_wconf 78' lang='lat' dir='ltr'><strong>(praeter</strong></span> <span class='ocrx_word' id='word_1_296' title='bbox 826 3340 877 3403; x_wconf 87' lang='grc'><strong>44),</strong></span> <span class='ocrx_word' id='word_1_297' title='bbox 894 3341 956 3390; x_wconf 80' lang='grc' dir='ltr'><strong>ΑΒ.</strong></span> <span class='ocrx_word' id='word_1_298' title='bbox 975 3365 1003 3375; x_wconf 89' lang='grc'><strong>-</strong></span> <span class='ocrx_word' id='word_1_299' title='bbox 1022 3340 1047 3390; x_wconf 75' lang='lat' dir='ltr'><strong>t.</strong></span> <span class='ocrx_word' id='word_1_300' title='bbox 1064 3341 1164 3403; x_wconf 70' lang='grc'><strong>4444444</strong></span> <span class='ocrx_word' id='word_1_301' title='bbox 1181 3343 1216 3406; x_wconf 88' lang='lat' dir='ltr'><strong>(in</strong></span> <span class='ocrx_word' id='word_1_302' title='bbox 1233 3341 1409 3402; x_wconf 83' lang='lat' dir='ltr'><strong>fine-versus,</strong></span> <span class='ocrx_word' id='word_1_303' title='bbox 1427 3345 1456 3392; x_wconf 91' lang='lat' dir='ltr'><strong>ut</strong></span> <span class='ocrx_word' id='word_1_304' title='bbox 1472 3344 1518 3393; x_wconf 63' lang='lat' dir='ltr'><strong>Bri</strong></span> 
     </span>
     <span class='ocr_line' id='line_1_31' title="bbox 189 3412 1514 3480; baseline 0.001 -14"><span class='ocrx_word' id='word_1_305' title='bbox 189 3413 296 3475; x_wconf 74' lang='lat' dir='ltr'><strong>natavit)</strong></span> <span class='ocrx_word' id='word_1_306' title='bbox 313 3412 344 3464; x_wconf 89' lang='lat' dir='ltr'><strong>V.</strong></span> <span class='ocrx_word' id='word_1_307' title='bbox 364 3439 391 3448; x_wconf 96' lang='lat'><em>-</em></span> <span class='ocrx_word' id='word_1_308' title='bbox 418 3412 503 3463; x_wconf 70' lang='lat' dir='ltr'><strong>dabam</strong></span> <span class='ocrx_word' id='word_1_309' title='bbox 519 3412 589 3476; x_wconf 85' lang='grc'><strong>4344</strong></span> <span class='ocrx_word' id='word_1_310' title='bbox 600 3414 639 3463; x_wconf 90' lang='lat' dir='ltr'><strong>V:</strong></span> <span class='ocrx_word' id='word_1_311' title='bbox 658 3413 758 3465; x_wconf 83' lang='lat' dir='ltr'><strong>debebat</strong></span> <span class='ocrx_word' id='word_1_312' title='bbox 775 3417 819 3466; x_wconf 86' lang='lat' dir='ltr'><strong>att.</strong></span> <span class='ocrx_word' id='word_1_313' title='bbox 839 3416 868 3466; x_wconf 94' lang='lat'><strong>0.</strong></span> <span class='ocrx_word' id='word_1_314' title='bbox 887 3441 914 3451; x_wconf 92' lang='lat'>-</span> <span class='ocrx_word' id='word_1_315' title='bbox 937 3413 961 3464; x_wconf 81' lang='lat'><strong>3.</strong></span> <span class='ocrx_word' id='word_1_316' title='bbox 980 3414 1065 3465; x_wconf 70' lang='lat' dir='ltr'><strong>demat</strong></span> <span class='ocrx_word' id='word_1_317' title='bbox 1081 3417 1148 3480; x_wconf 80' lang='grc'><strong>4344</strong></span> <span class='ocrx_word' id='word_1_318' title='bbox 1161 3416 1192 3468; x_wconf 88' lang='grc'><strong>44</strong></span> <span class='ocrx_word' id='word_1_319' title='bbox 1203 3419 1243 3466; x_wconf 92' lang='lat' dir='ltr'><strong>V:</strong></span> <span class='ocrx_word' id='word_1_320' title='bbox 1261 3415 1361 3467; x_wconf 77' lang='lat' dir='ltr'><strong>debebat</strong></span> <span class='ocrx_word' id='word_1_321' title='bbox 1377 3418 1421 3467; x_wconf 87' lang='lat' dir='ltr'><strong>att.</strong></span> <span class='ocrx_word' id='word_1_322' title='bbox 1438 3417 1466 3466; x_wconf 92' lang='lat'><strong>0.</strong></span> <span class='ocrx_word' id='word_1_323' title='bbox 1487 3443 1514 3454; x_wconf 90' lang='lat'><em>-</em></span> 
     </span>
     <span class='ocr_line' id='line_1_32' title="bbox 188 3486 1515 3554; baseline -0.002 -11"><span class='ocrx_word' id='word_1_324' title='bbox 188 3495 216 3543; x_wconf 82' lang='lat' dir='ltr'><strong>a.</strong></span> <span class='ocrx_word' id='word_1_325' title='bbox 234 3489 386 3554; x_wconf 80' lang='lat' dir='ltr'><strong>improbasse</strong></span> <span class='ocrx_word' id='word_1_326' title='bbox 410 3489 488 3553; x_wconf 79' lang='grc'><strong>4433.</strong></span> <span class='ocrx_word' id='word_1_327' title='bbox 507 3491 616 3553; x_wconf 86' lang='lat' dir='ltr'><strong>praeter</strong></span> <span class='ocrx_word' id='word_1_328' title='bbox 632 3486 672 3539; x_wconf 90' lang='grc'><strong>44.</strong></span> <span class='ocrx_word' id='word_1_329' title='bbox 700 3515 727 3524; x_wconf 91' lang='lat'><strong>-·</strong></span> <span class='ocrx_word' id='word_1_330' title='bbox 754 3501 826 3539; x_wconf 80' lang='lat' dir='ltr'><strong>mam</strong></span> <span class='ocrx_word' id='word_1_331' title='bbox 846 3489 954 3552; x_wconf 83' lang='lat' dir='ltr'><strong>probare</strong></span> <span class='ocrx_word' id='word_1_332' title='bbox 970 3491 992 3539; x_wconf 87' lang='lat' dir='ltr'>N</span> <span class='ocrx_word' id='word_1_333' title='bbox 1009 3493 1044 3552; x_wconf 89' lang='lat' dir='ltr'><strong>et,</strong></span> <span class='ocrx_word' id='word_1_334' title='bbox 1069 3494 1099 3541; x_wconf 91' lang='lat' dir='ltr'><strong>ut</strong></span> <span class='ocrx_word' id='word_1_335' title='bbox 1114 3491 1233 3553; x_wconf 87' lang='lat' dir='ltr'><strong>videtur,</strong></span> <span class='ocrx_word' id='word_1_336' title='bbox 1255 3493 1287 3542; x_wconf 87' lang='lat' dir='ltr'><strong>B:</strong></span> <span class='ocrx_word' id='word_1_337' title='bbox 1312 3503 1366 3542; x_wconf 88' lang='lat' dir='ltr'><strong>om.</strong></span> <span class='ocrx_word' id='word_1_338' title='bbox 1384 3492 1421 3552; x_wconf 94' lang='lat' dir='ltr'><strong>V,</strong></span> <span class='ocrx_word' id='word_1_339' title='bbox 1448 3490 1515 3551; x_wconf 76' lang='lat' dir='ltr'><strong>reti..</strong></span> 
     </span>
     <span class='ocr_line' id='line_1_33' title="bbox 188 3563 1516 3630; baseline -0.003 -10"><span class='ocrx_word' id='word_1_340' title='bbox 188 3570 253 3619; x_wconf 88' lang='lat' dir='ltr'><strong>item</strong></span> <span class='ocrx_word' id='word_1_341' title='bbox 270 3567 349 3630; x_wconf 77' lang='lat' dir='ltr'><strong>Legg.</strong></span> <span class='ocrx_word' id='word_1_342' title='bbox 368 3576 462 3616; x_wconf 87' lang='lat' dir='ltr'><strong>omnes</strong></span> <span class='ocrx_word' id='word_1_343' title='bbox 491 3563 533 3628; x_wconf 87' lang='lat' dir='ltr'><strong>[de</strong></span> <span class='ocrx_word' id='word_1_344' title='bbox 551 3577 603 3627; x_wconf 87' lang='lat' dir='ltr'><strong>qua</strong></span> <span class='ocrx_word' id='word_1_345' title='bbox 622 3577 653 3614; x_wconf 89' lang='lat' dir='ltr'><strong>re</strong></span> <span class='ocrx_word' id='word_1_346' title='bbox 670 3565 806 3629; x_wconf 87' lang='lat' dir='ltr'><strong>Zumptius</strong></span> <span class='ocrx_word' id='word_1_347' title='bbox 827 3577 880 3615; x_wconf 88' lang='lat' dir='ltr'><strong>nan</strong></span> <span class='ocrx_word' id='word_1_348' title='bbox 898 3563 1016 3616; x_wconf 85' lang='lat' dir='ltr'><strong>debebat</strong></span> <span class='ocrx_word' id='word_1_349' title='bbox 1036 3565 1171 3626; x_wconf 79' lang='lat' dir='ltr'><strong>dubitare3</strong></span> <span class='ocrx_word' id='word_1_350' title='bbox 1193 3581 1257 3618; x_wconf 91' lang='lat' dir='ltr'><strong>nam</strong></span> <span class='ocrx_word' id='word_1_351' title='bbox 1279 3571 1342 3618; x_wconf 90' lang='lat' dir='ltr'><strong>uota</strong></span> <span class='ocrx_word' id='word_1_352' title='bbox 1358 3565 1434 3618; x_wconf 79' lang='lat' dir='ltr'><strong>Nieb.</strong></span> <span class='ocrx_word' id='word_1_353' title='bbox 1453 3567 1516 3617; x_wconf 84' lang='lat' dir='ltr'><strong>satis</strong></span> 
     </span>
     <span class='ocr_line' id='line_1_34' title="bbox 188 3637 1517 3706; baseline -0.003 -12"><span class='ocrx_word' id='word_1_354' title='bbox 188 3642 259 3694; x_wconf 88' lang='lat' dir='ltr'><strong>clara</strong></span> <span class='ocrx_word' id='word_1_355' title='bbox 276 3643 328 3692; x_wconf 89' lang='lat' dir='ltr'><strong>est.</strong></span> <span class='ocrx_word' id='word_1_356' title='bbox 347 3641 375 3690; x_wconf 86' lang='lat' dir='ltr'><strong>in</strong></span> <span class='ocrx_word' id='word_1_357' title='bbox 392 3640 416 3689; x_wconf 89' lang='lat' dir='ltr'><strong>V</strong></span> <span class='ocrx_word' id='word_1_358' title='bbox 432 3639 474 3690; x_wconf 88' lang='lat' dir='ltr'><strong>est</strong></span> <span class='ocrx_word' id='word_1_359' title='bbox 489 3638 631 3700; x_wconf 70' lang='lat' dir='ltr'><strong>inprobare</strong></span> <span class='ocrx_word' id='word_1_360' title='bbox 647 3637 869 3705; x_wconf 71' lang='lat' dir='ltr'><strong>indueremus]</strong></span> <span class='ocrx_word' id='word_1_361' title='bbox 888 3666 915 3676; x_wconf 93' lang='lat'>-</span> <span class='ocrx_word' id='word_1_362' title='bbox 935 3653 991 3690; x_wconf 81' lang='lat' dir='ltr'><strong>caca</strong></span> <span class='ocrx_word' id='word_1_363' title='bbox 1007 3653 1081 3690; x_wconf 79' lang='lat' dir='ltr'><strong>aman</strong></span> <span class='ocrx_word' id='word_1_364' title='bbox 1092 3641 1223 3704; x_wconf 80' lang='lat' dir='ltr'><strong>probasset</strong></span> <span class='ocrx_word' id='word_1_365' title='bbox 1238 3641 1307 3706; x_wconf 87' lang='grc'><strong>4344</strong></span> <span class='ocrx_word' id='word_1_366' title='bbox 1318 3643 1341 3693; x_wconf 84' lang='lat' dir='ltr'>N</span> <span class='ocrx_word' id='word_1_367' title='bbox 1352 3643 1387 3702; x_wconf 90' lang='lat' dir='ltr'><strong>et,</strong></span> <span class='ocrx_word' id='word_1_368' title='bbox 1405 3641 1517 3692; x_wconf 85' lang='lat' dir='ltr'><strong>utvide-</strong></span> 
     </span>
     <span class='ocr_line' id='line_1_35' title="bbox 189 3714 1515 3782; baseline -0.002 -12"><span class='ocrx_word' id='word_1_369' title='bbox 189 3721 240 3778; x_wconf 91' lang='lat' dir='ltr'><strong>tur,</strong></span> <span class='ocrx_word' id='word_1_370' title='bbox 258 3718 296 3768; x_wconf 85' lang='lat' dir='ltr'><strong>B:</strong></span> <span class='ocrx_word' id='word_1_371' title='bbox 314 3729 372 3766; x_wconf 85' lang='lat' dir='ltr'><strong>cam</strong></span> <span class='ocrx_word' id='word_1_372' title='bbox 387 3728 460 3765; x_wconf 78' lang='lat' dir='ltr'><strong>scam</strong></span> <span class='ocrx_word' id='word_1_373' title='bbox 475 3714 629 3778; x_wconf 68' lang='grc'><strong>4444444444</strong></span> <span class='ocrx_word' id='word_1_374' title='bbox 641 3727 684 3778; x_wconf 84' lang='lat' dir='ltr'><strong>pr.</strong></span> <span class='ocrx_word' id='word_1_375' title='bbox 698 3714 732 3774; x_wconf 87' lang='lat' dir='ltr'><strong>V;</strong></span> <span class='ocrx_word' id='word_1_376' title='bbox 751 3727 804 3766; x_wconf 89' lang='lat' dir='ltr'><strong>om.</strong></span> <span class='ocrx_word' id='word_1_377' title='bbox 818 3718 864 3765; x_wconf 88' lang='lat' dir='ltr'><strong>ctt.</strong></span> <span class='ocrx_word' id='word_1_378' title='bbox 878 3740 906 3750; x_wconf 91' lang='lat'>-</span> <span class='ocrx_word' id='word_1_379' title='bbox 920 3716 944 3766; x_wconf 84' lang='lat'><strong>6.</strong></span> <span class='ocrx_word' id='word_1_380' title='bbox 963 3717 1029 3778; x_wconf 79' lang='lat' dir='ltr'><strong>quaa</strong></span> <span class='ocrx_word' id='word_1_381' title='bbox 1045 3721 1121 3768; x_wconf 77' lang='lat' dir='ltr'><strong>amnt.</strong></span> <span class='ocrx_word' id='word_1_382' title='bbox 1135 3717 1264 3782; x_wconf 72' lang='lat' dir='ltr'><strong>LaggV:</strong></span> <span class='ocrx_word' id='word_1_383' title='bbox 1283 3718 1350 3779; x_wconf 79' lang='lat' dir='ltr'><strong>qaod</strong></span> <span class='ocrx_word' id='word_1_384' title='bbox 1365 3729 1423 3767; x_wconf 81' lang='lat' dir='ltr'><strong>cum</strong></span> <span class='ocrx_word' id='word_1_385' title='bbox 1438 3721 1515 3767; x_wconf 80' lang='lat' dir='ltr'><strong>corut.</strong></span> 
     </span>
     <span class='ocr_line' id='line_1_36' title="bbox 188 3789 1513 3857; baseline -0.003 -11"><span class='ocrx_word' id='word_1_386' title='bbox 188 3795 219 3846; x_wconf 86' lang='lat' dir='ltr'><strong>N.</strong></span> <span class='ocrx_word' id='word_1_387' title='bbox 234 3819 261 3830; x_wconf 86' lang='lat'>-</span> <span class='ocrx_word' id='word_1_388' title='bbox 276 3807 295 3843; x_wconf 92' lang='lat' dir='ltr'><strong>a</strong></span> <span class='ocrx_word' id='word_1_389' title='bbox 309 3791 450 3843; x_wconf 76' lang='lat' dir='ltr'><strong>ciuitatibus</strong></span> <span class='ocrx_word' id='word_1_390' title='bbox 466 3790 490 3852; x_wconf 84' lang='lat' dir='ltr'><strong>t,</strong></span> <span class='ocrx_word' id='word_1_391' title='bbox 508 3789 581 3852; x_wconf 78' lang='lat' dir='ltr'><strong>Vm:</strong></span> <span class='ocrx_word' id='word_1_392' title='bbox 600 3804 620 3840; x_wconf 85' lang='lat' dir='ltr'><strong>a</strong></span> <span class='ocrx_word' id='word_1_393' title='bbox 635 3804 688 3841; x_wconf 91' lang='lat' dir='ltr'><strong>om.</strong></span> <span class='ocrx_word' id='word_1_394' title='bbox 703 3789 800 3841; x_wconf 77' lang='lat' dir='ltr'><strong>detto.</strong></span> <span class='ocrx_word' id='word_1_395' title='bbox 814 3815 841 3826; x_wconf 89' lang='lat'><em>-</em></span> <span class='ocrx_word' id='word_1_396' title='bbox 861 3791 958 3854; x_wconf 79' lang='grc'><strong>4414444</strong></span> <span class='ocrx_word' id='word_1_397' title='bbox 973 3790 1005 3841; x_wconf 87' lang='lat' dir='ltr'><strong>V.</strong></span> <span class='ocrx_word' id='word_1_398' title='bbox 1023 3817 1050 3828; x_wconf 87' lang='lat'><em>-</em></span> <span class='ocrx_word' id='word_1_399' title='bbox 1070 3792 1094 3841; x_wconf 82' lang='lat'><strong>7.</strong></span> <span class='ocrx_word' id='word_1_400' title='bbox 1107 3793 1215 3855; x_wconf 75' lang='lat' dir='ltr'><strong>puaaV.</strong></span> <span class='ocrx_word' id='word_1_401' title='bbox 1229 3818 1257 3828; x_wconf 93' lang='lat'>-</span> <span class='ocrx_word' id='word_1_402' title='bbox 1275 3793 1347 3843; x_wconf 82' lang='lat' dir='ltr'><strong>cottis</strong></span> <span class='ocrx_word' id='word_1_403' title='bbox 1358 3792 1380 3842; x_wconf 97' lang='lat' dir='ltr'><strong>V</strong></span> <span class='ocrx_word' id='word_1_404' title='bbox 1392 3793 1420 3843; x_wconf 90' lang='lat' dir='ltr'><strong>et</strong></span> <span class='ocrx_word' id='word_1_405' title='bbox 1436 3791 1513 3857; x_wconf 85' lang='grc'><strong>4344.</strong></span> 
     </span>
     <span class='ocr_line' id='line_1_37' title="bbox 191 3863 1517 3932; baseline -0.002 -12"><span class='ocrx_word' id='word_1_406' title='bbox 191 3895 218 3906; x_wconf 82' lang='grc'><strong>-</strong></span> <span class='ocrx_word' id='word_1_407' title='bbox 237 3869 263 3920; x_wconf 84' lang='lat'><strong>8.</strong></span> <span class='ocrx_word' id='word_1_408' title='bbox 280 3873 310 3918; x_wconf 85' lang='lat' dir='ltr'><strong>at</strong></span> <span class='ocrx_word' id='word_1_409' title='bbox 326 3879 380 3918; x_wconf 90' lang='lat' dir='ltr'><strong>om.</strong></span> <span class='ocrx_word' id='word_1_410' title='bbox 398 3866 427 3916; x_wconf 84' lang='lat' dir='ltr'><strong>L.</strong></span> <span class='ocrx_word' id='word_1_411' title='bbox 447 3890 475 3901; x_wconf 94' lang='lat'>-</span> <span class='ocrx_word' id='word_1_412' title='bbox 494 3865 516 3914; x_wconf 78' lang='lat' dir='ltr'><strong>et</strong></span> <span class='ocrx_word' id='word_1_413' title='bbox 532 3877 586 3915; x_wconf 91' lang='lat' dir='ltr'><strong>om.</strong></span> <span class='ocrx_word' id='word_1_414' title='bbox 604 3864 683 3929; x_wconf 83' lang='grc'><strong>4344.</strong></span> <span class='ocrx_word' id='word_1_415' title='bbox 700 3891 727 3901; x_wconf 86' lang='grc'>-</span> <span class='ocrx_word' id='word_1_416' title='bbox 747 3864 771 3915; x_wconf 82' lang='grc'><strong>9.</strong></span> <span class='ocrx_word' id='word_1_417' title='bbox 787 3863 865 3927; x_wconf 81' lang='lat' dir='ltr'><strong>possit</strong></span> <span class='ocrx_word' id='word_1_418' title='bbox 880 3864 950 3928; x_wconf 83' lang='grc'><strong>4344</strong></span> <span class='ocrx_word' id='word_1_419' title='bbox 961 3865 984 3914; x_wconf 91' lang='lat' dir='ltr'><strong>V</strong></span> <span class='ocrx_word' id='word_1_420' title='bbox 994 3881 1035 3928; x_wconf 75' lang='grc' dir='ltr'><strong>φι</strong></span> <span class='ocrx_word' id='word_1_421' title='bbox 1050 3873 1132 3930; x_wconf 83' lang='lat' dir='ltr'><strong>posset</strong></span> <span class='ocrx_word' id='word_1_422' title='bbox 1148 3869 1207 3930; x_wconf 90' lang='lat' dir='ltr'><strong>ctt.;</strong></span> <span class='ocrx_word' id='word_1_423' title='bbox 1226 3868 1340 3932; x_wconf 61' lang='lat' dir='ltr'><strong>maara?</strong></span> <span class='ocrx_word' id='word_1_424' title='bbox 1355 3873 1390 3919; x_wconf 86' lang='lat' dir='ltr'><strong>tot</strong></span> <span class='ocrx_word' id='word_1_425' title='bbox 1405 3873 1471 3928; x_wconf 76' lang='lat' dir='ltr'><strong>aaut,</strong></span> <span class='ocrx_word' id='word_1_426' title='bbox 1488 3871 1517 3918; x_wconf 84' lang='lat' dir='ltr'><strong>ut</strong></span> 
     </span>
     <span class='ocr_line' id='line_1_38' title="bbox 188 3940 1514 4006; baseline 0 -11"><span class='ocrx_word' id='word_1_427' title='bbox 188 3944 216 3994; x_wconf 84' lang='grc'><strong>44</strong></span> <span class='ocrx_word' id='word_1_428' title='bbox 231 3957 252 3994; x_wconf 82' lang='lat' dir='ltr'><strong>s.</strong></span> <span class='ocrx_word' id='word_1_429' title='bbox 269 3944 315 3994; x_wconf 80' lang='lat' dir='ltr'><strong>ias.</strong></span> <span class='ocrx_word' id='word_1_430' title='bbox 334 3942 452 4002; x_wconf 77' lang='grc'><strong>44444444,</strong></span> <span class='ocrx_word' id='word_1_431' title='bbox 467 3953 543 4004; x_wconf 79' lang='lat' dir='ltr'><strong>prop.</strong></span> <span class='ocrx_word' id='word_1_432' title='bbox 562 3941 614 4003; x_wconf 80' lang='lat' dir='ltr'><strong>ipsa</strong></span> <span class='ocrx_word' id='word_1_433' title='bbox 629 3954 680 3991; x_wconf 82' lang='lat' dir='ltr'><strong>aaa</strong></span> <span class='ocrx_word' id='word_1_434' title='bbox 693 3941 786 4004; x_wconf 80' lang='lat' dir='ltr'><strong>passim</strong></span> <span class='ocrx_word' id='word_1_435' title='bbox 807 3941 836 3990; x_wconf 92' lang='grc'><strong>4.</strong></span> <span class='ocrx_word' id='word_1_436' title='bbox 859 3940 886 3991; x_wconf 90' lang='lat' dir='ltr'><strong>in</strong></span> <span class='ocrx_word' id='word_1_437' title='bbox 903 3951 987 4005; x_wconf 79' lang='lat' dir='ltr'><strong>marg.</strong></span> <span class='ocrx_word' id='word_1_438' title='bbox 1010 3941 1083 3994; x_wconf 79' lang='grc'><strong>4484.</strong></span> <span class='ocrx_word' id='word_1_439' title='bbox 1103 3967 1131 3979; x_wconf 93' lang='grc'>-</span> <span class='ocrx_word' id='word_1_440' title='bbox 1149 3941 1268 4005; x_wconf 76' lang='lat' dir='ltr'><strong>inprobas</strong></span> <span class='ocrx_word' id='word_1_441' title='bbox 1287 3945 1319 4006; x_wconf 91' lang='lat' dir='ltr'><strong>V,</strong></span> <span class='ocrx_word' id='word_1_442' title='bbox 1341 3945 1369 3995; x_wconf 91' lang='lat' dir='ltr'><strong>et</strong></span> <span class='ocrx_word' id='word_1_443' title='bbox 1384 3945 1424 3995; x_wconf 91' lang='lat' dir='ltr'><strong>sic</strong></span> <span class='ocrx_word' id='word_1_444' title='bbox 1439 3942 1514 3995; x_wconf 87' lang='lat' dir='ltr'><strong>inira.</strong></span> 
     </span>
     <span class='ocr_line' id='line_1_39' title="bbox 188 4013 1514 4084; baseline 0 -16"><span class='ocrx_word' id='word_1_445' title='bbox 188 4017 314 4083; x_wconf 73' lang='lat' dir='ltr'><strong>(improba</strong></span> <span class='ocrx_word' id='word_1_446' title='bbox 330 4015 417 4080; x_wconf 83' lang='grc'><strong>4344.)</strong></span> <span class='ocrx_word' id='word_1_447' title='bbox 431 4042 458 4052; x_wconf 92' lang='grc'><strong>-</strong></span> <span class='ocrx_word' id='word_1_448' title='bbox 476 4014 590 4066; x_wconf 66' lang='lat' dir='ltr'><strong>&amp;udam</strong></span> <span class='ocrx_word' id='word_1_449' title='bbox 606 4017 627 4068; x_wconf 92' lang='lat'>0</span> <span class='ocrx_word' id='word_1_450' title='bbox 644 4018 735 4067; x_wconf 89' lang='lat' dir='ltr'><strong>contra</strong></span> <span class='ocrx_word' id='word_1_451' title='bbox 753 4013 832 4067; x_wconf 87' lang='lat' dir='ltr'><strong>codd.</strong></span> <span class='ocrx_word' id='word_1_452' title='bbox 846 4041 874 4050; x_wconf 93' lang='lat'>-</span> <span class='ocrx_word' id='word_1_453' title='bbox 896 4016 970 4081; x_wconf 76' lang='lat' dir='ltr'><strong>quod]</strong></span> <span class='ocrx_word' id='word_1_454' title='bbox 987 4029 1060 4080; x_wconf 79' lang='lat' dir='ltr'><strong>acan</strong></span> <span class='ocrx_word' id='word_1_455' title='bbox 1074 4017 1105 4069; x_wconf 90' lang='lat' dir='ltr'><strong>V.</strong></span> <span class='ocrx_word' id='word_1_456' title='bbox 1124 4018 1264 4084; x_wconf 81' lang='lat' dir='ltr'><strong>[Bruanius</strong></span> <span class='ocrx_word' id='word_1_457' title='bbox 1275 4033 1328 4070; x_wconf 90' lang='lat' dir='ltr'><strong>non</strong></span> <span class='ocrx_word' id='word_1_458' title='bbox 1340 4019 1405 4070; x_wconf 86' lang='lat' dir='ltr'><strong>vidit</strong></span> <span class='ocrx_word' id='word_1_459' title='bbox 1416 4021 1442 4071; x_wconf 88' lang='lat' dir='ltr'><strong>in</strong></span> <span class='ocrx_word' id='word_1_460' title='bbox 1454 4019 1514 4070; x_wconf 89' lang='lat' dir='ltr'><strong>cod.</strong></span> 
     </span>
     <span class='ocr_line' id='line_1_40' title="bbox 190 4088 1519 4159; baseline 0.002 -17"><span class='ocrx_word' id='word_1_461' title='bbox 190 4093 239 4143; x_wconf 89' lang='lat' dir='ltr'><strong>ntsi</strong></span> <span class='ocrx_word' id='word_1_462' title='bbox 264 4093 318 4142; x_wconf 85' lang='lat' dir='ltr'><strong>tres</strong></span> <span class='ocrx_word' id='word_1_463' title='bbox 340 4088 453 4151; x_wconf 85' lang='lat' dir='ltr'><strong>litteras,</strong></span> <span class='ocrx_word' id='word_1_464' title='bbox 479 4089 546 4141; x_wconf 88' lang='lat' dir='ltr'><strong>duas</strong></span> <span class='ocrx_word' id='word_1_465' title='bbox 563 4090 666 4155; x_wconf 86' lang='lat' dir='ltr'><strong>priores</strong></span> <span class='ocrx_word' id='word_1_466' title='bbox 684 4091 738 4154; x_wconf 83' lang='lat' dir='ltr'><strong>oV,</strong></span> <span class='ocrx_word' id='word_1_467' title='bbox 765 4092 872 4142; x_wconf 82' lang='lat' dir='ltr'><strong>tertiam</strong></span> <span class='ocrx_word' id='word_1_468' title='bbox 889 4092 933 4142; x_wconf 85' lang='lat' dir='ltr'><strong>vix</strong></span> <span class='ocrx_word' id='word_1_469' title='bbox 949 4095 1131 4159; x_wconf 86' lang='lat' dir='ltr'><strong>perspicuam,</strong></span> <span class='ocrx_word' id='word_1_470' title='bbox 1155 4095 1204 4146; x_wconf 90' lang='lat' dir='ltr'><strong>sed</strong></span> <span class='ocrx_word' id='word_1_471' title='bbox 1220 4097 1251 4145; x_wconf 88' lang='lat' dir='ltr'><strong>ut</strong></span> <span class='ocrx_word' id='word_1_472' title='bbox 1267 4094 1389 4145; x_wconf 79' lang='lat' dir='ltr'><strong>uideatur</strong></span> <span class='ocrx_word' id='word_1_473' title='bbox 1406 4095 1519 4159; x_wconf 80' lang='lat' dir='ltr'><strong>potius!</strong></span> 
     </span>
     <span class='ocr_line' id='line_1_41' title="bbox 189 4165 1517 4234; baseline 0.004 -17"><span class='ocrx_word' id='word_1_474' title='bbox 189 4179 270 4230; x_wconf 88' lang='lat' dir='ltr'><strong>quam</strong></span> <span class='ocrx_word' id='word_1_475' title='bbox 286 4166 328 4231; x_wconf 76' lang='grc'><strong>4.]</strong></span> <span class='ocrx_word' id='word_1_476' title='bbox 347 4193 374 4203; x_wconf 89' lang='grc'>-</span> <span class='ocrx_word' id='word_1_477' title='bbox 394 4166 434 4216; x_wconf 93' lang='grc'><strong>44.</strong></span> <span class='ocrx_word' id='word_1_478' title='bbox 453 4165 523 4228; x_wconf 77' lang='lat' dir='ltr'><strong>subp.</strong></span> <span class='ocrx_word' id='word_1_479' title='bbox 542 4165 572 4215; x_wconf 89' lang='lat' dir='ltr'><strong>V.</strong></span> <span class='ocrx_word' id='word_1_480' title='bbox 592 4192 620 4202; x_wconf 89' lang='lat'><em>-</em></span> <span class='ocrx_word' id='word_1_481' title='bbox 639 4166 666 4216; x_wconf 81' lang='lat' dir='ltr'><strong>ia</strong></span> <span class='ocrx_word' id='word_1_482' title='bbox 682 4166 735 4216; x_wconf 76' lang='lat' dir='ltr'><strong>Stat</strong></span> <span class='ocrx_word' id='word_1_483' title='bbox 750 4171 795 4216; x_wconf 80' lang='lat' dir='ltr'><strong>aut</strong></span> <span class='ocrx_word' id='word_1_484' title='bbox 811 4167 834 4216; x_wconf 94' lang='lat' dir='ltr'><strong>V</strong></span> <span class='ocrx_word' id='word_1_485' title='bbox 849 4167 921 4218; x_wconf 86' lang='lat' dir='ltr'><strong>med.</strong></span> <span class='ocrx_word' id='word_1_486' title='bbox 941 4179 994 4219; x_wconf 88' lang='lat' dir='ltr'><strong>om.</strong></span> <span class='ocrx_word' id='word_1_487' title='bbox 1013 4194 1041 4204; x_wconf 90' lang='lat'>-</span> <span class='ocrx_word' id='word_1_488' title='bbox 1066 4171 1106 4220; x_wconf 86' lang='grc'><strong>44.</strong></span> <span class='ocrx_word' id='word_1_489' title='bbox 1125 4175 1171 4220; x_wconf 82' lang='lat' dir='ltr'><strong>aut</strong></span> <span class='ocrx_word' id='word_1_490' title='bbox 1185 4183 1243 4220; x_wconf 80' lang='lat' dir='ltr'><strong>msa</strong></span> <span class='ocrx_word' id='word_1_491' title='bbox 1258 4170 1454 4234; x_wconf 75' lang='lat' dir='ltr'><strong>Lgsetsva:</strong></span> <span class='ocrx_word' id='word_1_492' title='bbox 1472 4175 1517 4222; x_wconf 83' lang='lat' dir='ltr'><strong>aut</strong></span> 
     </span>
     <span class='ocr_line' id='line_1_42' title="bbox 188 4239 1514 4310; baseline 0.005 -19"><span class='ocrx_word' id='word_1_493' title='bbox 188 4239 247 4292; x_wconf 86' lang='lat' dir='ltr'><strong>rell.</strong></span> <span class='ocrx_word' id='word_1_494' title='bbox 267 4267 294 4277; x_wconf 91' lang='lat'>-</span> <span class='ocrx_word' id='word_1_495' title='bbox 315 4241 355 4291; x_wconf 85' lang='grc'><strong>43.</strong></span> <span class='ocrx_word' id='word_1_496' title='bbox 374 4245 512 4303; x_wconf 78' lang='lat' dir='ltr'><strong>apportare</strong></span> <span class='ocrx_word' id='word_1_497' title='bbox 527 4240 605 4305; x_wconf 84' lang='grc'><strong>4344.</strong></span> <span class='ocrx_word' id='word_1_498' title='bbox 625 4267 653 4277; x_wconf 91' lang='grc'><strong>-</strong></span> <span class='ocrx_word' id='word_1_499' title='bbox 673 4240 713 4292; x_wconf 90' lang='grc'><strong>44.</strong></span> <span class='ocrx_word' id='word_1_500' title='bbox 731 4241 800 4306; x_wconf 79' lang='lat' dir='ltr'><strong>ama]</strong></span> <span class='ocrx_word' id='word_1_501' title='bbox 817 4255 884 4293; x_wconf 77' lang='lat' dir='ltr'><strong>arasa</strong></span> <span class='ocrx_word' id='word_1_502' title='bbox 899 4242 931 4292; x_wconf 93' lang='lat' dir='ltr'><strong>V.</strong></span> <span class='ocrx_word' id='word_1_503' title='bbox 946 4269 974 4280; x_wconf 89' lang='lat'><em>-</em></span> <span class='ocrx_word' id='word_1_504' title='bbox 987 4249 1033 4294; x_wconf 83' lang='lat' dir='ltr'><strong>aut</strong></span> <span class='ocrx_word' id='word_1_505' title='bbox 1049 4245 1077 4295; x_wconf 85' lang='lat' dir='ltr'><strong>S.</strong></span> <span class='ocrx_word' id='word_1_506' title='bbox 1095 4245 1212 4310; x_wconf 76' lang='lat' dir='ltr'><strong>sgtsV:</strong></span> <span class='ocrx_word' id='word_1_507' title='bbox 1231 4251 1277 4296; x_wconf 88' lang='lat' dir='ltr'><strong>aut</strong></span> <span class='ocrx_word' id='word_1_508' title='bbox 1292 4259 1325 4297; x_wconf 82' lang='lat' dir='ltr'><strong>aa</strong></span> <span class='ocrx_word' id='word_1_509' title='bbox 1341 4245 1368 4297; x_wconf 84' lang='lat' dir='ltr'><strong>S.</strong></span> <span class='ocrx_word' id='word_1_510' title='bbox 1386 4248 1433 4298; x_wconf 87' lang='lat' dir='ltr'><strong>ott.</strong></span> <span class='ocrx_word' id='word_1_511' title='bbox 1445 4247 1474 4297; x_wconf 95' lang='lat'><strong>0.</strong></span> <span class='ocrx_word' id='word_1_512' title='bbox 1486 4273 1514 4284; x_wconf 91' lang='lat'><strong>·-</strong></span> 
     </span>
     <span class='ocr_line' id='line_1_43' title="bbox 187 4315 1517 4382; baseline 0.003 -14"><span class='ocrx_word' id='word_1_513' title='bbox 187 4317 258 4368; x_wconf 76' lang='grc'><strong>84444</strong></span> <span class='ocrx_word' id='word_1_514' title='bbox 274 4315 296 4365; x_wconf 95' lang='lat' dir='ltr'><strong>V</strong></span> <span class='ocrx_word' id='word_1_515' title='bbox 313 4316 375 4380; x_wconf 79' lang='lat' dir='ltr'><strong>(Br.)</strong></span> <span class='ocrx_word' id='word_1_516' title='bbox 393 4341 421 4352; x_wconf 89' lang='lat'><em>-</em></span> <span class='ocrx_word' id='word_1_517' title='bbox 440 4319 521 4368; x_wconf 76' lang='lat' dir='ltr'><strong>Rama</strong></span> <span class='ocrx_word' id='word_1_518' title='bbox 535 4319 567 4368; x_wconf 92' lang='lat' dir='ltr'><strong>V.</strong></span> <span class='ocrx_word' id='word_1_519' title='bbox 587 4343 614 4354; x_wconf 90' lang='lat'><em>-</em></span> <span class='ocrx_word' id='word_1_520' title='bbox 634 4319 675 4368; x_wconf 81' lang='lat' dir='ltr'><strong>tt.</strong></span> <span class='ocrx_word' id='word_1_521' title='bbox 692 4319 813 4368; x_wconf 67' lang='lat' dir='ltr'><strong>miramus</strong></span> <span class='ocrx_word' id='word_1_522' title='bbox 829 4331 855 4368; x_wconf 82' lang='lat' dir='ltr'><strong>cs</strong></span> <span class='ocrx_word' id='word_1_523' title='bbox 870 4317 939 4382; x_wconf 90' lang='grc'><strong>4344</strong></span> <span class='ocrx_word' id='word_1_524' title='bbox 950 4334 974 4381; x_wconf 89' lang='grc' dir='ltr'><em>φ</em></span> <span class='ocrx_word' id='word_1_525' title='bbox 989 4331 995 4369; x_wconf 91' lang='lat'><strong>:</strong></span> <span class='ocrx_word' id='word_1_526' title='bbox 1013 4333 1048 4370; x_wconf 86' lang='lat' dir='ltr'><strong>m.</strong></span> <span class='ocrx_word' id='word_1_527' title='bbox 1065 4333 1128 4372; x_wconf 76' lang='lat' dir='ltr'><strong>amas</strong></span> <span class='ocrx_word' id='word_1_528' title='bbox 1143 4321 1179 4380; x_wconf 89' lang='lat' dir='ltr'><strong>V;</strong></span> <span class='ocrx_word' id='word_1_529' title='bbox 1195 4321 1274 4371; x_wconf 81' lang='lat' dir='ltr'><strong>mttts&#39;s</strong></span> <span class='ocrx_word' id='word_1_530' title='bbox 1288 4319 1345 4372; x_wconf 88' lang='lat' dir='ltr'><strong>rell.</strong></span> <span class='ocrx_word' id='word_1_531' title='bbox 1364 4335 1396 4382; x_wconf 85' lang='grc' dir='ltr'><strong>φ.</strong></span> <span class='ocrx_word' id='word_1_532' title='bbox 1416 4345 1444 4357; x_wconf 92' lang='grc'>-</span> <span class='ocrx_word' id='word_1_533' title='bbox 1461 4321 1517 4372; x_wconf 80' lang='lat' dir='ltr'><strong>Ha-</strong></span> 
     </span>
     <span class='ocr_line' id='line_1_44' title="bbox 187 4390 1516 4460; baseline 0.003 -17"><span class='ocrx_word' id='word_1_534' title='bbox 187 4391 291 4443; x_wconf 81' lang='lat' dir='ltr'><strong>testaam</strong></span> <span class='ocrx_word' id='word_1_535' title='bbox 308 4391 347 4442; x_wconf 90' lang='lat' dir='ltr'><strong>sic</strong></span> <span class='ocrx_word' id='word_1_536' title='bbox 364 4390 391 4442; x_wconf 91' lang='lat' dir='ltr'><strong>h.</strong></span> <span class='ocrx_word' id='word_1_537' title='bbox 404 4390 422 4443; x_wconf 92' lang='grc'><strong>4.</strong></span> <span class='ocrx_word' id='word_1_538' title='bbox 441 4393 521 4444; x_wconf 87' lang='lat' dir='ltr'><strong>etiam</strong></span> <span class='ocrx_word' id='word_1_539' title='bbox 538 4394 569 4444; x_wconf 95' lang='lat' dir='ltr'><strong>V.</strong></span> <span class='ocrx_word' id='word_1_540' title='bbox 587 4419 614 4429; x_wconf 88' lang='lat'>—</span> <span class='ocrx_word' id='word_1_541' title='bbox 635 4393 729 4444; x_wconf 74' lang='lat' dir='ltr'><strong>raam.</strong></span> <span class='ocrx_word' id='word_1_542' title='bbox 749 4393 847 4456; x_wconf 70' lang='lat' dir='ltr'><strong>capsa</strong></span> <span class='ocrx_word' id='word_1_543' title='bbox 870 4395 932 4457; x_wconf 88' lang='grc'><strong>433.</strong></span> <span class='ocrx_word' id='word_1_544' title='bbox 951 4406 1045 4445; x_wconf 88' lang='lat' dir='ltr'><strong>omnes</strong></span> <span class='ocrx_word' id='word_1_545' title='bbox 1062 4396 1165 4448; x_wconf 78' lang='lat' dir='ltr'>ABG:</span> <span class='ocrx_word' id='word_1_546' title='bbox 1184 4396 1282 4459; x_wconf 80' lang='lat' dir='ltr'><strong>captat.</strong></span> <span class='ocrx_word' id='word_1_547' title='bbox 1302 4395 1396 4447; x_wconf 74' lang='lat' dir='ltr'><strong>ibam.</strong></span> <span class='ocrx_word' id='word_1_548' title='bbox 1414 4396 1438 4446; x_wconf 94' lang='lat' dir='ltr'><strong>V</strong></span> <span class='ocrx_word' id='word_1_549' title='bbox 1453 4396 1516 4460; x_wconf 78' lang='lat' dir='ltr'><strong>(Er.)</strong></span> 
     </span>
     <span class='ocr_line' id='line_1_45' title="bbox 187 4464 1514 4536; baseline 0.002 -18"><span class='ocrx_word' id='word_1_550' title='bbox 187 4468 218 4518; x_wconf 95' lang='lat'><strong>0.</strong></span> <span class='ocrx_word' id='word_1_551' title='bbox 238 4490 265 4501; x_wconf 94' lang='lat'>-</span> <span class='ocrx_word' id='word_1_552' title='bbox 286 4464 326 4514; x_wconf 88' lang='grc'><strong>46.</strong></span> <span class='ocrx_word' id='word_1_553' title='bbox 344 4465 527 4516; x_wconf 71' lang='lat' dir='ltr'><strong>dadarttauam</strong></span> <span class='ocrx_word' id='word_1_554' title='bbox 544 4467 574 4515; x_wconf 93' lang='lat' dir='ltr'><strong>V.</strong></span> <span class='ocrx_word' id='word_1_555' title='bbox 594 4491 622 4504; x_wconf 88' lang='lat'>—</span> <span class='ocrx_word' id='word_1_556' title='bbox 642 4467 683 4517; x_wconf 79' lang='grc'><strong>47.</strong></span> <span class='ocrx_word' id='word_1_557' title='bbox 701 4469 797 4518; x_wconf 63' lang='lat' dir='ltr'><strong>accedi</strong></span> <span class='ocrx_word' id='word_1_558' title='bbox 817 4468 895 4533; x_wconf 83' lang='grc'><strong>4344.</strong></span> <span class='ocrx_word' id='word_1_559' title='bbox 915 4495 943 4505; x_wconf 90' lang='lat'><strong>·-</strong></span> <span class='ocrx_word' id='word_1_560' title='bbox 962 4471 1063 4520; x_wconf 74' lang='grc'><strong>44444444</strong></span> <span class='ocrx_word' id='word_1_561' title='bbox 1078 4471 1147 4535; x_wconf 88' lang='grc'><strong>4344</strong></span> <span class='ocrx_word' id='word_1_562' title='bbox 1159 4473 1191 4533; x_wconf 92' lang='lat' dir='ltr'><strong>V,</strong></span> <span class='ocrx_word' id='word_1_563' title='bbox 1208 4470 1267 4522; x_wconf 87' lang='lat' dir='ltr'><strong>alii:</strong></span> <span class='ocrx_word' id='word_1_564' title='bbox 1292 4475 1376 4522; x_wconf 78' lang='grc'><strong>44444</strong></span> <span class='ocrx_word' id='word_1_565' title='bbox 1392 4471 1407 4520; x_wconf 78' lang='grc'><strong>4</strong></span> <span class='ocrx_word' id='word_1_566' title='bbox 1424 4473 1514 4536; x_wconf 75' lang='grc'><strong>4433,</strong></span> 
     </span>
     <span class='ocr_line' id='line_1_46' title="bbox 189 4541 1515 4612; baseline 0.005 -20"><span class='ocrx_word' id='word_1_567' title='bbox 189 4541 240 4592; x_wconf 85' lang='lat' dir='ltr'><strong>aiii.</strong></span> <span class='ocrx_word' id='word_1_568' title='bbox 261 4567 288 4576; x_wconf 94' lang='lat'>—</span> <span class='ocrx_word' id='word_1_569' title='bbox 307 4541 435 4606; x_wconf 67' lang='lat' dir='ltr'><strong>ammosa]</strong></span> <span class='ocrx_word' id='word_1_570' title='bbox 452 4541 536 4592; x_wconf 69' lang='lat' dir='ltr'><strong>maudo</strong></span> <span class='ocrx_word' id='word_1_571' title='bbox 550 4541 574 4589; x_wconf 94' lang='lat' dir='ltr'><strong>V</strong></span> <span class='ocrx_word' id='word_1_572' title='bbox 590 4553 631 4606; x_wconf 89' lang='lat' dir='ltr'><strong>pr.</strong></span> <span class='ocrx_word' id='word_1_573' title='bbox 649 4555 698 4604; x_wconf 91' lang='lat' dir='ltr'><strong>m.,</strong></span> <span class='ocrx_word' id='word_1_574' title='bbox 716 4545 746 4592; x_wconf 92' lang='lat' dir='ltr'><strong>ut</strong></span> <span class='ocrx_word' id='word_1_575' title='bbox 761 4543 867 4595; x_wconf 84' lang='lat' dir='ltr'><strong>videtur</strong></span> <span class='ocrx_word' id='word_1_576' title='bbox 884 4543 945 4607; x_wconf 84' lang='lat' dir='ltr'><strong>(Br.)</strong></span> <span class='ocrx_word' id='word_1_577' title='bbox 964 4571 991 4580; x_wconf 96' lang='lat'><em>-</em></span> <span class='ocrx_word' id='word_1_578' title='bbox 1011 4546 1051 4596; x_wconf 89' lang='lat' dir='ltr'><strong>t8.</strong></span> <span class='ocrx_word' id='word_1_579' title='bbox 1070 4551 1093 4596; x_wconf 86' lang='lat' dir='ltr'><strong>ta</strong></span> <span class='ocrx_word' id='word_1_580' title='bbox 1104 4548 1200 4610; x_wconf 81' lang='lat' dir='ltr'><strong>praet]</strong></span> <span class='ocrx_word' id='word_1_581' title='bbox 1217 4551 1326 4610; x_wconf 80' lang='lat' dir='ltr'><strong>tempora</strong></span> <span class='ocrx_word' id='word_1_582' title='bbox 1341 4544 1425 4612; x_wconf 84' lang='grc'><strong>4344;</strong></span> <span class='ocrx_word' id='word_1_583' title='bbox 1443 4547 1515 4599; x_wconf 84' lang='lat' dir='ltr'><strong>idem</strong></span> 
     </span>
     <span class='ocr_line' id='line_1_47' title="bbox 188 4613 1515 4686; baseline 0.005 -18"><span class='ocrx_word' id='word_1_584' title='bbox 188 4613 286 4668; x_wconf 85' lang='lat' dir='ltr'><strong>deinde</strong></span> <span class='ocrx_word' id='word_1_585' title='bbox 303 4627 357 4666; x_wconf 89' lang='lat' dir='ltr'><strong>cm.</strong></span> <span class='ocrx_word' id='word_1_586' title='bbox 375 4617 443 4678; x_wconf 71' lang='lat' dir='ltr'><strong>qaod</strong></span> <span class='ocrx_word' id='word_1_587' title='bbox 457 4631 483 4667; x_wconf 89' lang='lat' dir='ltr'><strong>a.</strong></span> <span class='ocrx_word' id='word_1_588' title='bbox 502 4622 586 4668; x_wconf 79' lang='lat' dir='ltr'><strong>natea</strong></span> <span class='ocrx_word' id='word_1_589' title='bbox 606 4643 633 4653; x_wconf 92' lang='lat'><em>-</em></span> <span class='ocrx_word' id='word_1_590' title='bbox 657 4619 724 4681; x_wconf 74' lang='lat' dir='ltr'><strong>quaa</strong></span> <span class='ocrx_word' id='word_1_591' title='bbox 741 4632 821 4682; x_wconf 78' lang='lat' dir='ltr'><strong>aeque</strong></span> <span class='ocrx_word' id='word_1_592' title='bbox 835 4617 879 4669; x_wconf 84' lang='lat' dir='ltr'><strong>ttbs&#39;</strong></span> <span class='ocrx_word' id='word_1_593' title='bbox 894 4619 918 4668; x_wconf 92' lang='lat' dir='ltr'><strong>V</strong></span> <span class='ocrx_word' id='word_1_594' title='bbox 935 4617 991 4681; x_wconf 84' lang='lat' dir='ltr'><strong>(sed</strong></span> <span class='ocrx_word' id='word_1_595' title='bbox 1008 4632 1049 4684; x_wconf 88' lang='lat' dir='ltr'><strong>pr.</strong></span> <span class='ocrx_word' id='word_1_596' title='bbox 1068 4633 1104 4672; x_wconf 93' lang='lat' dir='ltr'><strong>m.</strong></span> <span class='ocrx_word' id='word_1_597' title='bbox 1123 4635 1188 4684; x_wconf 79' lang='lat' dir='ltr'><strong>quac</strong></span> <span class='ocrx_word' id='word_1_598' title='bbox 1203 4624 1271 4674; x_wconf 88' lang='lat' dir='ltr'><strong>teste</strong></span> <span class='ocrx_word' id='word_1_599' title='bbox 1288 4623 1358 4686; x_wconf 73' lang='lat' dir='ltr'><strong>But:</strong></span> <span class='ocrx_word' id='word_1_600' title='bbox 1377 4628 1422 4674; x_wconf 84' lang='lat' dir='ltr'><strong>aut</strong></span> <span class='ocrx_word' id='word_1_601' title='bbox 1437 4637 1515 4686; x_wconf 78' lang='lat' dir='ltr'><strong>aequa</strong></span> 
     </span>
     <span class='ocr_line' id='line_1_48' title="bbox 187 4687 1511 4764; baseline 0.005 -20"><span class='ocrx_word' id='word_1_602' title='bbox 187 4693 233 4744; x_wconf 76' lang='lat' dir='ltr'><strong>stas</strong></span> <span class='ocrx_word' id='word_1_603' title='bbox 249 4687 331 4755; x_wconf 73' lang='lat' dir='ltr'><strong>ngas,</strong></span> <span class='ocrx_word' id='word_1_604' title='bbox 357 4696 386 4740; x_wconf 80' lang='lat' dir='ltr'><strong>ut</strong></span> <span class='ocrx_word' id='word_1_605' title='bbox 405 4703 484 4754; x_wconf 78' lang='lat' dir='ltr'><strong>aequa</strong></span> <span class='ocrx_word' id='word_1_606' title='bbox 504 4691 564 4742; x_wconf 80' lang='grc'><strong>44444</strong></span> <span class='ocrx_word' id='word_1_607' title='bbox 580 4705 658 4755; x_wconf 76' lang='grc'><strong>44344</strong></span> <span class='ocrx_word' id='word_1_608' title='bbox 674 4692 718 4744; x_wconf 81' lang='grc'><strong>44444</strong></span> <span class='ocrx_word' id='word_1_609' title='bbox 738 4693 767 4744; x_wconf 89' lang='grc'><strong>4.</strong></span> <span class='ocrx_word' id='word_1_610' title='bbox 786 4691 864 4752; x_wconf 72' lang='lat' dir='ltr'><strong>seat,</strong></span> <span class='ocrx_word' id='word_1_611' title='bbox 888 4697 916 4743; x_wconf 84' lang='lat' dir='ltr'><strong>at</strong></span> <span class='ocrx_word' id='word_1_612' title='bbox 933 4707 1012 4757; x_wconf 80' lang='lat' dir='ltr'><strong>acque</strong></span> <span class='ocrx_word' id='word_1_613' title='bbox 1033 4696 1114 4748; x_wconf 81' lang='lat' dir='ltr'><strong>tibio</strong></span> <span class='ocrx_word' id='word_1_614' title='bbox 1131 4696 1236 4764; x_wconf 82' lang='lat' dir='ltr'><strong>[recte13</strong></span> <span class='ocrx_word' id='word_1_615' title='bbox 1258 4713 1337 4762; x_wconf 76' lang='grc'><strong>44344</strong></span> <span class='ocrx_word' id='word_1_616' title='bbox 1357 4700 1401 4750; x_wconf 82' lang='lat' dir='ltr'><strong>aas</strong></span> <span class='ocrx_word' id='word_1_617' title='bbox 1417 4701 1463 4752; x_wconf 91' lang='lat' dir='ltr'><strong>ctt.</strong></span> <span class='ocrx_word' id='word_1_618' title='bbox 1483 4725 1511 4738; x_wconf 89' lang='lat'>—</span> 
     </span>
     <span class='ocr_line' id='line_1_49' title="bbox 189 4767 1510 4836; baseline 0.005 -17"><span class='ocrx_word' id='word_1_619' title='bbox 189 4769 228 4819; x_wconf 77' lang='grc'><strong>49.</strong></span> <span class='ocrx_word' id='word_1_620' title='bbox 248 4767 345 4829; x_wconf 77' lang='lat' dir='ltr'><strong>perstat</strong></span> <span class='ocrx_word' id='word_1_621' title='bbox 360 4767 391 4816; x_wconf 91' lang='lat' dir='ltr'><strong>V.</strong></span> <span class='ocrx_word' id='word_1_622' title='bbox 418 4793 447 4802; x_wconf 94' lang='lat'>-</span> <span class='ocrx_word' id='word_1_623' title='bbox 473 4767 549 4817; x_wconf 75' lang='grc'><strong>44444</strong></span> <span class='ocrx_word' id='word_1_624' title='bbox 569 4768 608 4816; x_wconf 88' lang='lat' dir='ltr'><strong>V:</strong></span> <span class='ocrx_word' id='word_1_625' title='bbox 635 4769 722 4819; x_wconf 77' lang='lat' dir='ltr'><strong>iisdem</strong></span> <span class='ocrx_word' id='word_1_626' title='bbox 745 4769 837 4820; x_wconf 89' lang='lat' dir='ltr'><strong>ceteri.</strong></span> <span class='ocrx_word' id='word_1_627' title='bbox 864 4793 892 4804; x_wconf 90' lang='lat'><em>-</em></span> <span class='ocrx_word' id='word_1_628' title='bbox 919 4770 1027 4821; x_wconf 76' lang='grc'><strong>44444444</strong></span> <span class='ocrx_word' id='word_1_629' title='bbox 1047 4771 1070 4821; x_wconf 95' lang='lat' dir='ltr'><strong>V</strong></span> <span class='ocrx_word' id='word_1_630' title='bbox 1086 4772 1114 4822; x_wconf 86' lang='lat' dir='ltr'><strong>et</strong></span> <span class='ocrx_word' id='word_1_631' title='bbox 1129 4771 1159 4822; x_wconf 82' lang='lat' dir='ltr'><strong>i:</strong></span> <span class='ocrx_word' id='word_1_632' title='bbox 1183 4773 1338 4836; x_wconf 70' lang='grc'><strong>4444444344</strong></span> <span class='ocrx_word' id='word_1_633' title='bbox 1358 4773 1415 4824; x_wconf 84' lang='lat' dir='ltr'><strong>reti.</strong></span> <span class='ocrx_word' id='word_1_634' title='bbox 1434 4774 1463 4825; x_wconf 91' lang='lat'><strong>0.</strong></span> <span class='ocrx_word' id='word_1_635' title='bbox 1482 4800 1510 4811; x_wconf 93' lang='lat'><em>-</em></span> 
     </span>
     <span class='ocr_line' id='line_1_50' title="bbox 187 4841 1515 4912; baseline 0.004 -17"><span class='ocrx_word' id='word_1_636' title='bbox 187 4843 230 4895; x_wconf 84' lang='grc'><strong>40.</strong></span> <span class='ocrx_word' id='word_1_637' title='bbox 248 4841 411 4892; x_wconf 77' lang='lat' dir='ltr'><strong>addaciumt</strong></span> <span class='ocrx_word' id='word_1_638' title='bbox 431 4841 574 4905; x_wconf 78' lang='grc'><strong>444344.</strong></span> <span class='ocrx_word' id='word_1_639' title='bbox 595 4869 622 4878; x_wconf 97' lang='grc'><strong>-</strong></span> <span class='ocrx_word' id='word_1_640' title='bbox 650 4845 694 4906; x_wconf 72' lang='lat' dir='ltr'><strong>aas</strong></span> <span class='ocrx_word' id='word_1_641' title='bbox 714 4845 841 4895; x_wconf 72' lang='grc'><strong>4444444444</strong></span> <span class='ocrx_word' id='word_1_642' title='bbox 856 4843 925 4907; x_wconf 85' lang='grc'><strong>4349</strong></span> <span class='ocrx_word' id='word_1_643' title='bbox 937 4844 971 4904; x_wconf 84' lang='lat' dir='ltr'><strong>B;</strong></span> <span class='ocrx_word' id='word_1_644' title='bbox 996 4847 1057 4908; x_wconf 81' lang='lat' dir='ltr'><strong>quta</strong></span> <span class='ocrx_word' id='word_1_645' title='bbox 1072 4845 1198 4897; x_wconf 70' lang='grc'><strong>4444444444</strong></span> <span class='ocrx_word' id='word_1_646' title='bbox 1218 4847 1296 4911; x_wconf 86' lang='grc'><strong>4344.</strong></span> <span class='ocrx_word' id='word_1_647' title='bbox 1314 4874 1342 4885; x_wconf 95' lang='grc'>-</span> <span class='ocrx_word' id='word_1_648' title='bbox 1361 4850 1403 4899; x_wconf 82' lang='grc'><strong>44.</strong></span> <span class='ocrx_word' id='word_1_649' title='bbox 1420 4851 1515 4912; x_wconf 79' lang='lat' dir='ltr'><strong>impro-</strong></span> 
     </span>
     <span class='ocr_line' id='line_1_51' title="bbox 189 4916 1509 4986; baseline 0.005 -19"><span class='ocrx_word' id='word_1_650' title='bbox 189 4917 290 4968; x_wconf 80' lang='lat' dir='ltr'><strong>barstar</strong></span> <span class='ocrx_word' id='word_1_651' title='bbox 306 4916 337 4978; x_wconf 89' lang='grc'><strong>4,</strong></span> <span class='ocrx_word' id='word_1_652' title='bbox 356 4917 424 4967; x_wconf 78' lang='lat' dir='ltr'><strong>FV:</strong></span> <span class='ocrx_word' id='word_1_653' title='bbox 450 4931 500 4967; x_wconf 83' lang='lat' dir='ltr'><strong>aaa</strong></span> <span class='ocrx_word' id='word_1_654' title='bbox 513 4917 666 4980; x_wconf 75' lang='lat' dir='ltr'><strong>probaretur·</strong></span> <span class='ocrx_word' id='word_1_655' title='bbox 682 4918 748 4970; x_wconf 88' lang='lat' dir='ltr'><strong>dett.</strong></span> <span class='ocrx_word' id='word_1_656' title='bbox 766 4920 795 4970; x_wconf 89' lang='lat'><strong>0.</strong></span> <span class='ocrx_word' id='word_1_657' title='bbox 808 4945 835 4955; x_wconf 95' lang='lat'>-</span> <span class='ocrx_word' id='word_1_658' title='bbox 854 4919 895 4970; x_wconf 88' lang='grc'><strong>44.</strong></span> <span class='ocrx_word' id='word_1_659' title='bbox 914 4919 1016 4972; x_wconf 78' lang='lat' dir='ltr'><strong>dubiam</strong></span> <span class='ocrx_word' id='word_1_660' title='bbox 1031 4925 1067 4971; x_wconf 79' lang='lat' dir='ltr'><strong>cst</strong></span> <span class='ocrx_word' id='word_1_661' title='bbox 1081 4921 1112 4973; x_wconf 93' lang='lat' dir='ltr'><strong>V.</strong></span> <span class='ocrx_word' id='word_1_662' title='bbox 1133 4947 1160 4958; x_wconf 92' lang='lat'><em>-</em></span> <span class='ocrx_word' id='word_1_663' title='bbox 1183 4922 1225 4972; x_wconf 87' lang='grc'><strong>43.</strong></span> <span class='ocrx_word' id='word_1_664' title='bbox 1242 4924 1365 4986; x_wconf 80' lang='lat' dir='ltr'><strong>improbes</strong></span> <span class='ocrx_word' id='word_1_665' title='bbox 1384 4923 1462 4986; x_wconf 83' lang='grc'><strong>4344.</strong></span> <span class='ocrx_word' id='word_1_666' title='bbox 1482 4949 1509 4959; x_wconf 91' lang='grc'><strong>-</strong></span> 
     </span>
     <span class='ocr_line' id='line_1_52' title="bbox 189 4990 1514 5062; baseline 0.003 -17"><span class='ocrx_word' id='word_1_667' title='bbox 189 4992 230 5045; x_wconf 77' lang='lat' dir='ltr'><strong>at.</strong></span> <span class='ocrx_word' id='word_1_668' title='bbox 248 4993 308 5056; x_wconf 73' lang='lat' dir='ltr'><strong>aas]</strong></span> <span class='ocrx_word' id='word_1_669' title='bbox 324 5005 365 5043; x_wconf 81' lang='lat' dir='ltr'><strong>aaa</strong></span> <span class='ocrx_word' id='word_1_670' title='bbox 380 4990 502 5056; x_wconf 82' lang='grc'><strong>434944.</strong></span> <span class='ocrx_word' id='word_1_671' title='bbox 516 5019 543 5028; x_wconf 95' lang='grc'><strong>-</strong></span> <span class='ocrx_word' id='word_1_672' title='bbox 559 4993 600 5044; x_wconf 70' lang='lat' dir='ltr'><strong>ib.</strong></span> <span class='ocrx_word' id='word_1_673' title='bbox 619 4993 652 5043; x_wconf 87' lang='lat' dir='ltr'><strong>ab</strong></span> <span class='ocrx_word' id='word_1_674' title='bbox 667 4993 705 5044; x_wconf 79' lang='lat' dir='ltr'><strong>bis</strong></span> <span class='ocrx_word' id='word_1_675' title='bbox 720 4995 769 5057; x_wconf 87' lang='grc'><strong>434</strong></span> <span class='ocrx_word' id='word_1_676' title='bbox 785 4992 860 5054; x_wconf 78' lang='grc'><strong>444;</strong></span> <span class='ocrx_word' id='word_1_677' title='bbox 879 4994 911 5044; x_wconf 90' lang='lat' dir='ltr'><strong>ab</strong></span> <span class='ocrx_word' id='word_1_678' title='bbox 928 4995 986 5045; x_wconf 83' lang='lat' dir='ltr'><strong>aliis</strong></span> <span class='ocrx_word' id='word_1_679' title='bbox 1001 4995 1032 5046; x_wconf 94' lang='lat' dir='ltr'><strong>V.</strong></span> <span class='ocrx_word' id='word_1_680' title='bbox 1047 5022 1073 5031; x_wconf 93' lang='lat'>-</span> <span class='ocrx_word' id='word_1_681' title='bbox 1087 4997 1156 5062; x_wconf 77' lang='lat' dir='ltr'><strong>qaus]</strong></span> <span class='ocrx_word' id='word_1_682' title='bbox 1173 4999 1240 5061; x_wconf 75' lang='lat' dir='ltr'><strong>quaa</strong></span> <span class='ocrx_word' id='word_1_683' title='bbox 1256 4999 1353 5062; x_wconf 71' lang='lat' dir='ltr'><strong>Vter.)</strong></span> <span class='ocrx_word' id='word_1_684' title='bbox 1366 5025 1393 5035; x_wconf 90' lang='lat'>-</span> <span class='ocrx_word' id='word_1_685' title='bbox 1407 4997 1514 5061; x_wconf 70' lang='grc'><strong>444444-</strong></span> 
     </span>
     <span class='ocr_line' id='line_1_53' title="bbox 188 5066 1510 5136; baseline 0.002 -17"><span class='ocrx_word' id='word_1_686' title='bbox 188 5073 297 5120; x_wconf 78' lang='lat' dir='ltr'><strong>mcatma</strong></span> <span class='ocrx_word' id='word_1_687' title='bbox 314 5067 337 5118; x_wconf 92' lang='lat' dir='ltr'><strong>V</strong></span> <span class='ocrx_word' id='word_1_688' title='bbox 353 5067 415 5134; x_wconf 84' lang='lat' dir='ltr'><strong>(Br.)</strong></span> <span class='ocrx_word' id='word_1_689' title='bbox 428 5069 491 5119; x_wconf 84' lang='lat' dir='ltr'><strong>-st</strong></span> <span class='ocrx_word' id='word_1_690' title='bbox 507 5069 554 5118; x_wconf 79' lang='lat' dir='ltr'><strong>rio.</strong></span> <span class='ocrx_word' id='word_1_691' title='bbox 572 5066 642 5132; x_wconf 89' lang='grc'><strong>4344</strong></span> <span class='ocrx_word' id='word_1_692' title='bbox 653 5069 686 5119; x_wconf 86' lang='lat' dir='ltr'><strong>F:</strong></span> <span class='ocrx_word' id='word_1_693' title='bbox 706 5070 729 5120; x_wconf 82' lang='lat' dir='ltr'><strong>at</strong></span> <span class='ocrx_word' id='word_1_694' title='bbox 745 5081 799 5120; x_wconf 89' lang='lat' dir='ltr'><strong>om.</strong></span> <span class='ocrx_word' id='word_1_695' title='bbox 816 5069 840 5117; x_wconf 92' lang='lat' dir='ltr'><strong>V</strong></span> <span class='ocrx_word' id='word_1_696' title='bbox 856 5069 918 5132; x_wconf 78' lang='lat' dir='ltr'><strong>(Its.)</strong></span> <span class='ocrx_word' id='word_1_697' title='bbox 934 5067 991 5120; x_wconf 89' lang='lat' dir='ltr'><strong>reli.</strong></span> <span class='ocrx_word' id='word_1_698' title='bbox 1009 5071 1038 5122; x_wconf 92' lang='lat'><strong>0.</strong></span> <span class='ocrx_word' id='word_1_699' title='bbox 1052 5097 1079 5109; x_wconf 88' lang='lat'><em>-</em></span> <span class='ocrx_word' id='word_1_700' title='bbox 1092 5073 1221 5124; x_wconf 74' lang='grc'><strong>44444444</strong></span> <span class='ocrx_word' id='word_1_701' title='bbox 1231 5073 1300 5136; x_wconf 86' lang='grc'><strong>4344</strong></span> <span class='ocrx_word' id='word_1_702' title='bbox 1312 5073 1364 5124; x_wconf 85' lang='lat' dir='ltr'><strong>FV</strong></span> <span class='ocrx_word' id='word_1_703' title='bbox 1381 5071 1437 5135; x_wconf 77' lang='lat' dir='ltr'><strong>(sed</strong></span> <span class='ocrx_word' id='word_1_704' title='bbox 1448 5072 1510 5134; x_wconf 80' lang='lat' dir='ltr'><strong>Lag.</strong></span> 
     </span>
     <span class='ocr_line' id='line_1_54' title="bbox 188 5141 1512 5214; baseline 0.005 -20"><span class='ocrx_word' id='word_1_705' title='bbox 188 5141 240 5196; x_wconf 83' lang='lat' dir='ltr'><strong>levi</strong></span> <span class='ocrx_word' id='word_1_706' title='bbox 256 5144 335 5196; x_wconf 82' lang='lat' dir='ltr'><strong>vitio:</strong></span> <span class='ocrx_word' id='word_1_707' title='bbox 356 5143 523 5210; x_wconf 75' lang='lat' dir='ltr'><strong>saacadsaat:</strong></span> <span class='ocrx_word' id='word_1_708' title='bbox 550 5155 604 5195; x_wconf 88' lang='lat' dir='ltr'><strong>om.</strong></span> <span class='ocrx_word' id='word_1_709' title='bbox 622 5141 679 5196; x_wconf 84' lang='lat' dir='ltr'><strong>reli.</strong></span> <span class='ocrx_word' id='word_1_710' title='bbox 697 5147 726 5196; x_wconf 93' lang='lat' dir='ltr'><strong>et</strong></span> <span class='ocrx_word' id='word_1_711' title='bbox 740 5143 774 5208; x_wconf 91' lang='lat'><strong>0,</strong></span> <span class='ocrx_word' id='word_1_712' title='bbox 796 5144 841 5211; x_wconf 86' lang='lat' dir='ltr'><strong>qui</strong></span> <span class='ocrx_word' id='word_1_713' title='bbox 857 5157 907 5212; x_wconf 89' lang='lat' dir='ltr'><strong>pro</strong></span> <span class='ocrx_word' id='word_1_714' title='bbox 923 5145 1052 5200; x_wconf 76' lang='grc'><strong>44444444</strong></span> <span class='ocrx_word' id='word_1_715' title='bbox 1067 5145 1146 5204; x_wconf 80' lang='lat' dir='ltr'><strong>coion</strong></span> <span class='ocrx_word' id='word_1_716' title='bbox 1161 5146 1272 5200; x_wconf 75' lang='grc'><strong>44444444</strong></span> <span class='ocrx_word' id='word_1_717' title='bbox 1287 5152 1323 5200; x_wconf 86' lang='lat' dir='ltr'><strong>cst</strong></span> <span class='ocrx_word' id='word_1_718' title='bbox 1337 5147 1399 5214; x_wconf 80' lang='grc'><strong>34444</strong></span> <span class='ocrx_word' id='word_1_719' title='bbox 1413 5145 1512 5214; x_wconf 70' lang='lat' dir='ltr'><strong>opstat</strong></span> 
     </span>
    </p>
   </div>
   <div class='ocr_carea' id='block_1_4' title="bbox 0 0 1824 5868">
    <p class='ocr_par' dir='ltr' id='par_1_4' title="bbox 0 0 1824 5868">
     <span class='ocr_line' id='line_1_55' title="bbox 0 0 1824 5868; baseline 0 3"><span class='ocrx_word' id='word_1_720' title='bbox 0 0 1824 5868; x_wconf 95' lang='lat' dir='ltr'><strong> </strong></span> 
     </span>
    </p>
   </div>
  </div>
 </body>
</html>
