3648 5888
643 441 1081 532 cn.1-m.se.c-o.
1462 443 1526 512 444

202 617 323 682 fuisset.
367 618 440 695 Quo
462 637 520 702 ego
542 618 725 683 adiumento
747 617 913 701 sperabam
939 616 1021 681 hanc
1043 635 1064 680 a
1082 637 1133 682 mc
1154 633 1250 700 posse
1271 613 1449 681 molestiam
1470 618 1525 682 de-

203 715 340 790 moveri,
368 713 403 778 id
432 714 509 778 mihi
536 722 604 778 erat
628 715 842 779 adversarium
869 711 1014 776 maxime.
1063 713 1141 776 Nam
1170 711 1217 774 illi
1239 711 1340 776 multo
1363 713 1441 776 mihi
1461 714 1524 778 hoc

204 809 328 874 facilius
349 809 559 885 remisissent,
581 810 607 874 si
629 809 729 872 istum'
747 828 813 872 nou
834 814 965 870 nossent
985 813 1042 870 aut
1062 807 1088 869 si
1110 807 1170 871 iste
1191 808 1277 890 apud
1299 828 1355 873 eos
1375 816 1526 893 quaestor

204 923 269 966 non
291 903 414 967 luisset.
447 901 476 966 5.
492 902 656 967 Adductus
672 924 760 978 sum,
782 903 919 977 iudices,
943 898 1066 976 officio,
1088 898 1165 978 lide,
1187 903 1422 980 misericordia,
1444 903 1525 966 mul·

205 1006 310 1063 torum
332 1001 487 1063 honorum
510 998 673 1082 exemplo,
694 1005 801 1062 vetere
823 995 1054 1060 consuetudine
1070 996 1280 1082 institutoque
1294 999 1466 1073 maiorum,
1489 1006 1526 1062 ut
1547 1014 1563 1060 4

206 1113 286 1158 onus
307 1094 403 1158 huius
424 1093 543 1156 laboris
564 1081 665 1176 atque'
684 1091 783 1154 officii
805 1111 870 1154 nou
892 1111 934 1154 ex
955 1111 1044 1166 meo,
1060 1092 1126 1181 ¹sed
1154 1112 1194 1154 ex
1215 1111 1358 1156 meorum
1379 1112 1526 1157 necessa·

205 1189 324 1254 riorum
346 1198 488 1273 tempore
510 1187 588 1252 mihi
610 1185 850 1270 suscipiendum
871 1191 1026 1266 putarem.
1047 1186 1136 1261 (Quo
1157 1187 1191 1249 in
1205 1187 1334 1272 neptio
1349 1194 1455 1252 tamen
1470 1189 1526 1252 illa

205 1305 255 1348 me
276 1305 343 1360 res,
365 1284 502 1359 iudices,
525 1283 723 1356 consolatur,
747 1279 835 1364 quod
854 1280 933 1365 haec
955 1298 1038 1364 quae
1051 1280 1178 1344 ridetur
1197 1301 1266 1344 esse
1280 1283 1440 1348 accusatio
1455 1301 1527 1346 mea
1626 1335 1634 1353 ,

204 1397 271 1442 non
291 1379 399 1463 potius
421 1378 581 1443 accusatio
604 1398 700 1462 quam
714 1375 858 1440 defensio
873 1360 922 1438 est
936 1373 1168 1457 existimanda.)
1186 1375 1329 1439 Defende
1344 1378 1429 1441 enim
1444 1376 1527 1440 mul·
1550 1426 1558 1442 .
1588 1351 1656 1414 ’Ὗ

204 1479 255 1536 tos
277 1472 441 1548 mortales,
463 1471 580 1564 mul-tas
603 1471 763 1545 civitates,
785 1469 980 1551 prouinciam
997 1468 1137 1532 Siciliam
1157 1476 1267 1533 totum.
1303 1461 1525 1547 Quamobrem,
1534 1487 1563 1535 to
1609 1481 1633 1574 J

205 1568 283 1650 quia
303 1569 384 1631 mihi
404 1587 489 1630 unus
512 1575 559 1630 est
581 1566 797 1640 accusandus,
825 1562 1056 1647 propemodum
1083 1560 1210 1628 manere
1232 1565 1266 1628 iu
1287 1565 1431 1630 instituto
1453 1585 1525 1630 meo

204 1662 317 1726 uideor
339 1671 371 1726 θῖ
391 1682 458 1727 non
473 1661 603 1726 omnino
618 1681 637 1723 a
651 1659 857 1724 defendendis
872 1657 1055 1721 hominihus
1070 1657 1338 1743 sublevandisque
1353 1661 1525 1726 discedere.

206 1755 236 1819 6.
259 1757 354 1833 Quod
377 1758 405 1821 si
426 1757 510 1820 hanc
533 1775 659 1820 causam
681 1762 744 1817 tam
765 1754 929 1827 idoneam,
951 1759 1015 1814 tam
1034 1752 1205 1829 illustrem,
1228 1761 1292 1817 tam
1313 1773 1439 1837 marem
1460 1774 1526 1818 non

205 1851 372 1928 haberem3
406 1852 434 1915 si
466 1859 521 1916 aut
547 1850 609 1914 hoc
637 1870 656 1912 a
685 1869 735 1912 me
758 1847 857 1911 Siculi
879 1866 945 1909 non
965 1847 1121 1930 petissent
1141 1857 1197 1913 aut
1217 1849 1295 1912 mihi
1317 1869 1389 1913 cunr
1410 1849 1526 1914 Siculis

207 1964 304 2008 causa
330 1951 437 2009 tantae
464 1943 707 2009 necessitudinis
736 1963 800 2006 non
829 1940 1039 2004 intercederet
1059 1950 1092 2005 et
1111 1942 1173 2005 hoe
1196 1945 1283 2026 quod
1304 1943 1386 2007 facio
1408 1965 1458 2008 me
1479 1945 1564 2007 reite

205 2039 354 2122 publicae
377 2059 472 2103 causa
492 2038 595 2102 iacere
617 2034 795 2121 profiterer,
821 2043 858 2099 ut
877 2035 974 2098 homo
997 2036 1150 2118 singulari
1173 2037 1362 2120 cupiditate,
1383 2037 1527 2112 audacia,

206 2134 327 2197 scelere
347 2133 531 2219 praeditus,
554 2133 644 2196 cuius
666 2131 749 2194 hirta
771 2137 867 2213 atque
888 2129 1007 2212 tlagitia
1028 2150 1093 2193 nou
1107 2131 1142 2194 iu
1159 2132 1268 2195 Sicilia
1281 2131 1400 2208 solum,
1423 2131 1527 2195 sedin

205 2227 344 2303 Achaia,
365 2228 457 2303 Asia,
481 2227 607 2304 Cilicia,
629 2226 828 2310 Pamphylia,
856 2225 975 2288 Itomae
997 2222 1137 2309 denique
1158 2233 1232 2290 ante
1254 2226 1364 2291 oculos
1386 2227 1528 2291 omnium

207 2319 346 2386 maxima
378 2321 627 2404 turpissimaque
658 2339 842 2394 nossemus,
875 2339 926 2382 me
953 2326 1065 2402 agente
1094 2319 1127 2381 in
1158 2320 1312 2385 iudicium
1339 2327 1526 2386 vocaretur:

208 2415 281 2498 quis
302 2415 428 2478 tandem
450 2422 549 2492 esset,
572 2415 628 2499 qui
646 2433 752 2477 meum
766 2413 886 2478 factum
899 2421 955 2478 aut
968 2413 1135 2477 consilium
1150 2423 1259 2498 posset
1271 2415 1565 2498 reprehenderetis

205 2507 258 2571 ΠΙ.
281 2505 310 2570 7.
334 2507 419 2584 Quid
442 2516 505 2584 est,
535 2529 594 2593 pro
616 2507 711 2571 deum
738 2507 969 2591 hominumque
989 2504 1101 2572 iidem!
1130 2510 1165 2571 in
1187 2530 1252 2595 quo
1275 2531 1333 2594 ego
1355 2512 1402 2574 rei
1423 2512 1528 2594 puhli-
1589 2569 1593 2576 .

206 2621 260 2664 cae
282 2600 354 2684 plus
374 2602 438 2666 hoc
459 2609 603 2686 tempore
626 2602 778 2684 prodesse
800 2601 942 2685 possim?
965 2600 1043 2686 quid
1065 2610 1128 2678 est,
1152 2606 1238 2690 quod
1260 2607 1449 2689 autpopulo
1464 2607 1527 2670 Ro-

204 2716 297 2759 mano
320 2697 440 2779 gratius
464 2717 534 2760 csse
557 2696 671 2760 debeat
692 2704 748 2758 aut
769 2696 865 2759 sociis
887 2698 1070 2781 exterisque
1092 2699 1273 2763 nationibus
1295 2701 1435 2782 optatius
1457 2721 1527 2764 esse

203 2787 307 2872 p'ossit
328 2797 384 2854 aut
405 2791 498 2854 saluti
520 2790 722 2875 fortunisque
744 2790 885 2853 omnium
906 2791 1007 2874 magis
1028 2794 1301 2857 accommodatum
1323 2794 1390 2857 sit?
1423 2797 1527 2878 Popu-

204 2883 299 2959 latae,
321 2889 471 2961 vexatae,
492 2884 636 2948 funditus
659 2903 786 2948 eversae
808 2879 1111 2971 provinciaer(socii
1129 2888 1393 2973 stipendiariique
1414 2890 1564 2974 populitt
1667 2905 1673 2935 ³

204 2978 339 3042 Romani
360 2979 487 3055 afflicti,
509 2966 634 3054 miseril
656 2980 718 3042 iam
740 2997 806 3041 non
828 2977 938 3042 salutis
960 2971 1137 3062 spem,'sed
1156 2967 1305 3048 solatium
1322 2983 1413 3048 exitii
1429 3003 1527 3070 quiae·
1614 2957 1716 3008 a(

203 3079 287 3137 runt.
321 3070 351 3135 8.
375 3073 439 3149 Qui
453 3073 573 3138 iudicia
587 3093 715 3136 manere
732 3073 817 3155 apud
832 3071 976 3136 ordinem
991 3077 1184 3141 senatorium
1197 3078 1327 3155 volunt,
1349 3087 1528 3162 queruntur

204 3174 405 3231 accusatores
435 3188 470 3232 se
495 3169 629 3232 idoneos
656 3186 722 3230 non
742 3165 879 3242 hahere3
908 3167 964 3251 qui
985 3188 1132 3235 accusare
1154 3179 1305 3254 possunt,
1334 3172 1527 3240 iudiciorum

133 3273 137 3282 ’
205 3263 405 3326 severitatem
428 3262 620 3327 desiderant.
655 3261 796 3345 Populus
811 3261 973 3325 Romanus
986 3263 1121 3339 interea,
1143 3265 1269 3328 tametsi
1283 3267 1391 3332 multis
1406 3267 1527 3332 incom-

205 3357 310 3420 modis
340 3353 643 3442 difficultatihusque
670 3359 801 3419 allectus
831 3362 895 3431 cst,
924 3363 1029 3419 tamen
1056 3357 1138 3420 nihil
1164 3377 1267 3442 aeque
1288 3359 1322 3422 in
1342 3381 1378 3424 re
1398 3363 1563 3444 puhlicaao

206 3457 302 3534 atque
323 3450 410 3513 illam
432 3459 571 3515 veterem
593 3451 784 3514 iudiciorum
805 3451 869 3512 rim
891 3451 1143 3536 gravitatemque
1164 3452 1307 3536 requirit.
1333 3455 1527 3522 iudiciorum

205 3545 366 3609 desiderio
387 3545 555 3609 tribunicia
575 3553 716 3631 potestas
732 3544 902 3628 efflagitata
916 3551 983 3610 est:
1004 3545 1195 3609 iudiciorum
1210 3546 1338 3612 levitate
1353 3549 1432 3613 ordo
1448 3571 1528 3636 quo-

206 3661 271 3726 que
293 3641 375 3705 alius
397 3639 438 3704 ad
460 3659 510 3702 res
539 3639 725 3704 iudicandas
754 3639 947 3722 postulatur:
974 3639 1117 3704 iudicum
1139 3640 1241 3724 culpa¹
1253 3649 1348 3727 atque
1371 3645 1527 3710 dedecore

206 3736 302 3798 etiam
324 3733 504 3800 censorium
525 3753 658 3810 nomen,
680 3733 767 3818 quod
789 3733 932 3817 asperius
953 3741 1046 3797 antea
1066 3734 1187 3818 populo
1209 3735 1311 3800 rideri
1332 3738 1472 3816 solebat,
1494 3741 1528 3804 id

206 3848 291 3892 nuuc
312 3829 471 3913 poscitur,
494 3829 527 3893 id
546 3829 610 3893 iam
632 3827 786 3914 populare
808 3834 841 3891 et
853 3827 1023 3910 plausibile
1036 3829 1155 3892 factum
1170 3836 1228 3893 est.
1263 3828 1293 3893 9.
1315 3833 1353 3895 ln
1372 3832 1433 3898 hac
1454 3835 1565 3902 libi-ae

206 3923 280 3985 dine
298 3923 465 3988 hominum
486 3925 799 3997 nocentissimorum,
820 3921 854 3984 iu
875 3921 987 4005 poprdi
1002 3924 1134 3986 Romani
1157 3923 1345 4007 quotidiana
1366 3929 1527 4011 querimo-

206 4007 273 4082 nia,
302 4008 493 4074 iudiciorum
519 4009 666 4084 infamia,
692 4009 790 4072 totius
819 4007 941 4071 ordinis
970 4009 1146 4074 offensione
1178 4029 1251 4073 oum
1270 4010 1333 4074 hoc
1353 4015 1526 4091 unumhis

206 4107 254 4165 tot
272 4101 484 4168 incommodis
504 4103 679 4166 remedium
699 4121 769 4166 esse
790 4102 975 4178 arbitrarer,
1002 4111 1039 4167 ut
1060 4104 1206 4168 homiues
1226 4103 1336 4168 idonei
1359 4113 1454 4192 atque
1476 4109 1526 4174 iu·

205 4198 285 4281 tegri
315 4219 443 4263 causam
474 4198 521 4262 rei
554 4198 701 4281 publicae
737 4198 908 4282 legumque
940 4198 1157 4283 susciperent:
1193 4198 1298 4264 fateor
1328 4220 1379 4265 me
1393 4201 1524 4308 xsalutis

269 4422 293 4474 t.
311 4433 380 4487 posse
394 4421 453 4474 mol.
473 4421 505 4474 64
519 4421 598 4474 ist:
617 4421 676 4472 moi.
690 4433 763 4485 posse
779 4422 828 4473 dtt.
846 4423 875 4473 0.
896 4448 922 4460 -
940 4421 1064 4473 4444444444·
1080 4421 1095 4473 6
1112 4424 1174 4488 ng.
1192 4425 1230 4475 L:
1248 4423 1367 4477 6444444446
1383 4425 1416 4476 64
1428 4427 1453 4496 3,
1471 4427 1526 4478 tres

204 4495 276 4562 ng,
295 4499 330 4558 0;
348 4499 459 4548 amovet
474 4498 522 4548 Ld.
537 4523 565 4534 -
584 4499 608 4549 2.
626 4497 692 4547 444444
707 4497 734 4547 444
748 4497 809 4547 mitt
826 4495 895 4548 634.
910 4524 938 4534 -
956 4499 980 4547 o.
997 4503 1078 4548 444444
1094 4499 1157 4549 AS:
1175 4503 1261 4550 4444444
1276 4501 1326 4562 63;
1343 4501 1421 4552 vetari
1437 4503 1482 4553 ott.
1495 4502 1525 4552 0.

203 4575 237 4624 At
254 4573 287 4624 ct.
306 4573 329 4636 ἓ,
343 4572 383 4625 le.
402 4575 458 4624 Act.
468 4575 488 4625 1.
508 4573 532 4639 g.
546 4575 570 4624 o.
589 4573 678 4624 hihi.
698 4571 721 4637 g.
735 4574 790 4624 446.
808 4573 851 4624 444.
871 4572 894 4636 5.
909 4573 948 4623 46.
961 4572 1002 4622 64.
1020 4573 1061 4624 Ν.
1076 4573 1099 4638 5.
1114 4574 1137 4623 4.
1155 4573 1187 4624 V.
1200 4573 1224 4638 5.
1237 4573 1278 4626 46.
1292 4575 1348 4627 tte.
1367 4574 1425 4627 coll.
1444 4576 1525 4626 Prisc.

204 4650 224 4699 l.
242 4661 269 4712 p.
289 4647 344 4698 333.
363 4647 448 4699 Halm.
466 4647 501 4698 ad
516 4650 582 4699 orat.
601 4649 635 4700 de
652 4649 717 4713 imp.
735 4650 826 4712 Pomp.
845 4659 872 4711 p.
886 4646 943 4698 til.
957 4673 986 4685 —
1004 4649 1168 4713 sarduisque
1185 4650 1230 4700 63.
1244 4677 1272 4688 ·-
1291 4651 1315 4702 6.
1332 4652 1405 4702 444444
1420 4653 1452 4702 64
1465 4651 1527 4702 tu:

203 4721 353 4774 hocdtt.0.
373 4750 401 4761 -
420 4723 444 4774 8.
462 4725 686 4776 44444643.-
705 4724 745 4776 44.
763 4722 1099 4786 44444464444463ςλι
1123 4726 1409 4789 putcuoaamthi043
1430 4726 1528 4778 44444444

203 4811 269 4849 uuus
286 4798 335 4849 dtt.
354 4799 383 4848 0.
398 4820 426 4833 -
442 4797 580 4850 43446444
596 4800 628 4849 64
650 4797 702 4850 al:
725 4799 795 4849 444444
810 4811 850 4850 osc
866 4798 992 4862 eruet.
1012 4827 1040 4838 -
1058 4801 1100 4853 2⁰.
1118 4801 1247 4854 4444444444
1262 4807 1308 4854 cat
1322 4804 1418 4869 4444444
1433 4803 1524 4856 Frauc.

203 4873 276 4924 Perr.
295 4871 402 4923 Lallem.
420 4871 502 4924 Atel.
520 4873 562 4924 111.
582 4873 606 4939 ἕ.
624 4874 681 4926 iti.
699 4873 756 4925 343.
775 4871 859 4925 llalm.
878 4873 913 4924 ad
930 4876 997 4927 Scst.
1015 4889 1042 4942 p.
1056 4875 1112 4928 446.
1133 4905 1161 4916 ·-
1178 4879 1220 4930 36.
1237 4884 1345 4930 44444444
1360 4881 1423 4941 As,
1445 4878 1525 4930 codd.

203 4950 312 5014 praeter
323 4949 355 4999 64
368 4947 394 5010 3,
411 4947 439 4997 in
456 4946 551 5011 quihus
569 4949 610 4999 est
624 4953 786 5012 uenctceqac.
806 4975 834 4986 -
851 4949 893 5000 36.
911 4950 1028 5003 4444444444
1043 4954 1115 5004 4444444
1131 4952 1239 5006 aaut:
1258 4955 1330 5006 witti
1344 4953 1460 5006 4444444444
1476 4953 1524 5005 dtt.

205 5021 235 5072 6.
255 5049 283 5060 -
301 5021 342 5074 t‘l.
361 5023 548 5086 qut--eotust
563 5023 629 5074 Nou.
647 5036 674 5090 p.
692 5023 748 5076 343.
769 5051 797 5062 -
815 5029 958 5076 4444444444
974 5027 1019 5080 64.
1040 5053 1068 5065 -—
1086 5028 1127 5080 34.
1143 5034 1191 5081 cat.
1209 5031 1261 5081 44444
1276 5042 1349 5096 pram
1366 5027 1473 5091 44444444
1487 5029 1527 5080 44-

205 5095 334 5148 dicum.
360 5095 449 5162 itaque
464 5099 582 5150 6444444444
599 5101 644 5151 64.
662 5125 691 5138 -
710 5099 751 5151 33.
769 5101 868 5151 4444444444
884 5101 917 5152 64
930 5102 955 5154 2.
970 5129 998 5140 -
1016 5101 1056 5155 33.
1075 5104 1146 5168 4444.
1160 5105 1227 5157 dau
1240 5103 1381 5170 hgssitli:
1400 5107 1474 5166 atqua
1487 5104 1522 5167 pl.

205 5171 298 5236 dtt.0;
316 5177 391 5240 atquc
406 5175 482 5230 444444
493 5175 532 5242 pt.
546 5175 592 5229 64.
605 5201 633 5213 ·-
651 5175 693 5228 36.
710 5176 837 5229 ouum
853 5177 915 5232 ota
932 5179 961 5231 et
975 5179 1015 5233 sio
1030 5191 1148 5247 semper.
1161 5205 1190 5218 ·-
1208 5179 1250 5233 38.
1266 5193 1318 5236 ease
1329 5180 1466 5235 4444464444
1475 5181 1522 5234 64.
