<?xml version="1.0" encoding="UTF-8"?>
<!DOCTYPE html PUBLIC "-//W3C//DTD XHTML 1.0 Transitional//EN"
    "http://www.w3.org/TR/xhtml1/DTD/xhtml1-transitional.dtd">
<html xmlns="http://www.w3.org/1999/xhtml" xml:lang="en" lang="en">
 <head>
  <title>
</title>
<meta http-equiv="Content-Type" content="text/html;charset=utf-8" />
  <meta name='ocr-system' content='tesseract 3.04.00' />
  <meta name='ocr-capabilities' content='ocr_page ocr_carea ocr_par ocr_line ocrx_word'/>
</head>
<body>
  <div class='ocr_page' id='page_1' title='image "./mtulliiciceroni00baitgoog_0306.png"; bbox 0 0 3638 5868; ppageno 0'>
   <div class='ocr_carea' id='block_1_1' title="bbox 275 353 1234 428">
    <p class='ocr_par' dir='ltr' id='par_1_1' title="bbox 275 353 1234 428">
     <span class='ocr_line' id='line_1_1' title="bbox 275 353 1234 428; baseline 0.001 -5"><span class='ocrx_word' id='word_1_1' title='bbox 275 353 339 424; x_wconf 78' lang='lat'><strong>280</strong></span> <span class='ocrx_word' id='word_1_2' title='bbox 650 363 693 426; x_wconf 80' lang='lat' dir='ltr'><strong>lit</strong></span> <span class='ocrx_word' id='word_1_3' title='bbox 713 361 882 428; x_wconf 80' lang='lat' dir='ltr'>VERREM</span> <span class='ocrx_word' id='word_1_4' title='bbox 902 360 1026 426; x_wconf 75' lang='lat' dir='ltr'><strong>acrio</strong></span> <span class='ocrx_word' id='word_1_5' title='bbox 1050 359 1234 427; x_wconf 75' lang='lat' dir='ltr'>SECUNDA</span> 
     </span>
    </p>
   </div>
   <div class='ocr_carea' id='block_1_2' title="bbox 126 529 1610 1068">
    <p class='ocr_par' dir='ltr' id='par_1_2' title="bbox 274 529 1610 617">
     <span class='ocr_line' id='line_1_2' title="bbox 274 529 1610 617; baseline -0.003 -18"><span class='ocrx_word' id='word_1_6' title='bbox 274 533 410 617; x_wconf 78' lang='lat' dir='ltr'><strong>asquia</strong></span> <span class='ocrx_word' id='word_1_7' title='bbox 435 541 484 597; x_wconf 89' lang='lat' dir='ltr'><strong>cst</strong></span> <span class='ocrx_word' id='word_1_8' title='bbox 503 533 642 608; x_wconf 88' lang='lat' dir='ltr'><strong>tandem,</strong></span> <span class='ocrx_word' id='word_1_9' title='bbox 665 533 698 595; x_wconf 91' lang='lat' dir='ltr'><strong>in</strong></span> <span class='ocrx_word' id='word_1_10' title='bbox 721 552 785 616; x_wconf 82' lang='lat' dir='ltr'><strong>quo</strong></span> <span class='ocrx_word' id='word_1_11' title='bbox 808 552 842 596; x_wconf 88' lang='lat' dir='ltr'><strong>se</strong></span> <span class='ocrx_word' id='word_1_12' title='bbox 857 531 1019 595; x_wconf 89' lang='lat' dir='ltr'><strong>laborasse</strong></span> <span class='ocrx_word' id='word_1_13' title='bbox 1031 529 1131 594; x_wconf 73' lang='lat' dir='ltr'><strong>dicite</strong></span> <span class='ocrx_word' id='word_1_14' title='bbox 1152 531 1272 594; x_wconf 85' lang='lat' dir='ltr'><strong>lleoita.</strong></span> <span class='ocrx_word' id='word_1_15' title='bbox 1293 531 1341 594; x_wconf 85' lang='lat' dir='ltr'><strong>Vr</strong></span> <span class='ocrx_word' id='word_1_16' title='bbox 1355 549 1525 607; x_wconf 75' lang='lat' dir='ltr'><strong>latronse,</strong></span> <span class='ocrx_word' id='word_1_17' title='bbox 1546 548 1610 607; x_wconf 81' lang='lat' dir='ltr'><strong>ovs</strong></span> 
     </span>
    </p>

    <p class='ocr_par' dir='ltr' id='par_1_3' title="bbox 274 624 1606 710">
     <span class='ocr_line' id='line_1_3' title="bbox 274 624 1606 710; baseline -0.002 -18"><span class='ocrx_word' id='word_1_18' title='bbox 274 647 407 702; x_wconf 79' lang='lat' dir='ltr'><strong>asarum</strong></span> <span class='ocrx_word' id='word_1_19' title='bbox 437 649 557 703; x_wconf 76' lang='lat' dir='ltr'><strong>naam,</strong></span> <span class='ocrx_word' id='word_1_20' title='bbox 586 647 673 702; x_wconf 81' lang='lat' dir='ltr'><strong>orsu</strong></span> <span class='ocrx_word' id='word_1_21' title='bbox 701 646 863 691; x_wconf 79' lang='lat' dir='ltr'><strong>snvnruuu</strong></span> <span class='ocrx_word' id='word_1_22' title='bbox 893 643 1064 690; x_wconf 73' lang='lat' dir='ltr'><strong>samaeus.</strong></span> <span class='ocrx_word' id='word_1_23' title='bbox 1109 625 1172 701; x_wconf 83' lang='lat' dir='ltr'><strong>Qui</strong></span> <span class='ocrx_word' id='word_1_24' title='bbox 1193 624 1332 708; x_wconf 84' lang='lat' dir='ltr'><strong>reliquit</strong></span> <span class='ocrx_word' id='word_1_25' title='bbox 1360 625 1439 710; x_wconf 85' lang='lat' dir='ltr'><strong>quid</strong></span> <span class='ocrx_word' id='word_1_26' title='bbox 1459 624 1522 689; x_wconf 91' lang='lat' dir='ltr'><strong>boc</strong></span> <span class='ocrx_word' id='word_1_27' title='bbox 1544 635 1606 699; x_wconf 89' lang='lat' dir='ltr'><strong>est,</strong></span> 
     </span>
    </p>

    <p class='ocr_par' dir='ltr' id='par_1_4' title="bbox 274 718 1607 808">
     <span class='ocr_line' id='line_1_4' title="bbox 274 718 1607 808; baseline 0 -22"><span class='ocrx_word' id='word_1_28' title='bbox 274 722 412 806; x_wconf 84' lang='lat' dir='ltr'><strong>reliquit</strong></span> <span class='ocrx_word' id='word_1_29' title='bbox 436 743 500 806; x_wconf 85' lang='lat' dir='ltr'><strong>quo</strong></span> <span class='ocrx_word' id='word_1_30' title='bbox 524 741 564 785; x_wconf 82' lang='lat' dir='ltr'><strong>ex</strong></span> <span class='ocrx_word' id='word_1_31' title='bbox 585 721 693 785; x_wconf 84' lang='lat' dir='ltr'><strong>bellot</strong></span> <span class='ocrx_word' id='word_1_32' title='bbox 714 741 779 805; x_wconf 87' lang='lat' dir='ltr'><strong>qua</strong></span> <span class='ocrx_word' id='word_1_33' title='bbox 801 740 843 784; x_wconf 85' lang='lat' dir='ltr'><strong>ex</strong></span> <span class='ocrx_word' id='word_1_34' title='bbox 863 721 1209 808; x_wconf 80' lang='lat' dir='ltr'><strong>vastitatet&lt;quasnam</strong></span> <span class='ocrx_word' id='word_1_35' title='bbox 1225 720 1258 782; x_wconf 94' lang='lat' dir='ltr'><strong>in</strong></span> <span class='ocrx_word' id='word_1_36' title='bbox 1274 718 1383 784; x_wconf 77' lang='lat' dir='ltr'><strong>Sicilia</strong></span> <span class='ocrx_word' id='word_1_37' title='bbox 1397 726 1482 784; x_wconf 86' lang='lat' dir='ltr'><strong>tanta</strong></span> <span class='ocrx_word' id='word_1_38' title='bbox 1498 719 1607 786; x_wconf 83' lang='lat' dir='ltr'><strong>clades</strong></span> 
     </span>
    </p>

    <p class='ocr_par' dir='ltr' id='par_1_5' title="bbox 274 799 1606 972">
     <span class='ocr_line' id='line_1_5' title="bbox 274 799 1606 972; baseline 0.001 -92"><span class='ocrx_word' id='word_1_39' title='bbox 274 824 329 880; x_wconf 85' lang='lat' dir='ltr'><strong>aut</strong></span> <span class='ocrx_word' id='word_1_40' title='bbox 351 816 439 900; x_wconf 90' lang='lat' dir='ltr'><strong>quod</strong></span> <span class='ocrx_word' id='word_1_41' title='bbox 459 799 666 972; x_wconf 44' lang='lat' dir='ltr'><strong>bellumptam</strong></span> <span class='ocrx_word' id='word_1_42' title='bbox 689 815 883 888; x_wconf 90' lang='lat' dir='ltr'><strong>diuturnum,</strong></span> <span class='ocrx_word' id='word_1_43' title='bbox 904 821 968 877; x_wconf 88' lang='lat' dir='ltr'><strong>tam</strong></span> <span class='ocrx_word' id='word_1_44' title='bbox 991 813 1209 877; x_wconf 86' lang='lat' dir='ltr'><strong>calamitosum</strong></span> <span class='ocrx_word' id='word_1_45' title='bbox 1232 819 1263 876; x_wconf 87' lang='lat' dir='ltr'><strong>te</strong></span> <span class='ocrx_word' id='word_1_46' title='bbox 1285 801 1606 906; x_wconf 60' lang='lat' dir='ltr'><strong>praetor-dresserum</strong></span> 
     </span>
    </p>

    <p class='ocr_par' dir='ltr' id='par_1_6' title="bbox 126 898 1605 1068">
     <span class='ocr_line' id='line_1_6' title="bbox 126 898 1605 1067; baseline 0 -95"><span class='ocrx_word' id='word_1_47' title='bbox 126 915 203 1035; x_wconf 41' lang='lat' dir='ltr'><strong>{L</strong></span> <span class='ocrx_word' id='word_1_48' title='bbox 250 898 341 1067; x_wconf 51' lang='lat' dir='ltr'><strong>aas?</strong></span> <span class='ocrx_word' id='word_1_49' title='bbox 364 917 401 974; x_wconf 92' lang='lat' dir='ltr'><strong>ut</strong></span> <span class='ocrx_word' id='word_1_50' title='bbox 421 911 466 984; x_wconf 88' lang='lat' dir='ltr'><strong>is,</strong></span> <span class='ocrx_word' id='word_1_51' title='bbox 489 909 545 994; x_wconf 90' lang='lat' dir='ltr'><strong>qui</strong></span> <span class='ocrx_word' id='word_1_52' title='bbox 567 917 591 973; x_wconf 84' lang='lat' dir='ltr'><strong>tr</strong></span> <span class='ocrx_word' id='word_1_53' title='bbox 614 909 626 971; x_wconf 92' lang='lat' dir='ltr'><strong>i</strong></span> <span class='ocrx_word' id='word_1_54' title='bbox 648 909 851 982; x_wconf 76' lang='lat' dir='ltr'><strong>successerit,</strong></span> <span class='ocrx_word' id='word_1_55' title='bbox 879 907 1023 991; x_wconf 84' lang='lat' dir='ltr'><strong>reliquos</strong></span> <span class='ocrx_word' id='word_1_56' title='bbox 1043 914 1183 972; x_wconf 88' lang='lat' dir='ltr'><strong>aratores</strong></span> <span class='ocrx_word' id='word_1_57' title='bbox 1205 906 1371 990; x_wconf 76' lang='lat' dir='ltr'><strong>collegisse</strong></span> <span class='ocrx_word' id='word_1_58' title='bbox 1393 915 1426 971; x_wconf 90' lang='lat' dir='ltr'><strong>et</strong></span> <span class='ocrx_word' id='word_1_59' title='bbox 1445 899 1605 972; x_wconf 57' lang='lat' dir='ltr'><strong>recreasse</strong></span> 
     </span>
     <span class='ocr_line' id='line_1_7' title="bbox 156 999 305 1068; baseline 0 0"><span class='ocrx_word' id='word_1_60' title='bbox 156 999 185 1048; x_wconf 66' lang='grc' dir='ltr'><em>Γ</em></span> <span class='ocrx_word' id='word_1_61' title='bbox 273 1005 305 1068; x_wconf 82' lang='lat' dir='ltr'><strong>vi</strong></span> 
     </span>
    </p>
   </div>
   <div class='ocr_carea' id='block_1_3' title="bbox 93 998 1617 3628">
    <p class='ocr_par' dir='ltr' id='par_1_7' title="bbox 330 998 1604 1083">
     <span class='ocr_line' id='line_1_8' title="bbox 330 998 1604 1083; baseline -0.002 -15"><span class='ocrx_word' id='word_1_62' title='bbox 330 1007 440 1068; x_wconf 70' lang='lat' dir='ltr'><strong>eatur?</strong></span> <span class='ocrx_word' id='word_1_63' title='bbox 482 1005 562 1067; x_wconf 79' lang='lat' dir='ltr'><strong>LIV.</strong></span> <span class='ocrx_word' id='word_1_64' title='bbox 591 998 664 1066; x_wconf 75' lang='grc'><strong>445.</strong></span> <span class='ocrx_word' id='word_1_65' title='bbox 692 1002 770 1066; x_wconf 86' lang='lat' dir='ltr'><strong>Cum</strong></span> <span class='ocrx_word' id='word_1_66' title='bbox 801 1000 895 1064; x_wconf 91' lang='lat' dir='ltr'><strong>bellis</strong></span> <span class='ocrx_word' id='word_1_67' title='bbox 918 1001 1237 1083; x_wconf 75' lang='lat' dir='ltr'><strong>Karthaginiensibus</strong></span> <span class='ocrx_word' id='word_1_68' title='bbox 1267 1000 1375 1064; x_wconf 90' lang='lat' dir='ltr'><strong>Sicilia</strong></span> <span class='ocrx_word' id='word_1_69' title='bbox 1403 1010 1518 1066; x_wconf 81' lang='lat' dir='ltr'><strong>vexata</strong></span> <span class='ocrx_word' id='word_1_70' title='bbox 1545 1010 1604 1077; x_wconf 85' lang='lat' dir='ltr'><strong>est,</strong></span> 
     </span>
    </p>

    <p class='ocr_par' dir='ltr' id='par_1_8' title="bbox 273 1095 1605 1276">
     <span class='ocr_line' id='line_1_9' title="bbox 275 1095 1603 1181; baseline -0.002 -19"><span class='ocrx_word' id='word_1_71' title='bbox 275 1107 307 1162; x_wconf 87' lang='lat' dir='ltr'><strong>et</strong></span> <span class='ocrx_word' id='word_1_72' title='bbox 335 1104 409 1181; x_wconf 90' lang='lat' dir='ltr'><strong>post</strong></span> <span class='ocrx_word' id='word_1_73' title='bbox 441 1105 549 1161; x_wconf 85' lang='lat' dir='ltr'><strong>nostra</strong></span> <span class='ocrx_word' id='word_1_74' title='bbox 578 1103 768 1181; x_wconf 89' lang='lat' dir='ltr'><strong>patrumque</strong></span> <span class='ocrx_word' id='word_1_75' title='bbox 795 1097 947 1159; x_wconf 89' lang='lat' dir='ltr'><strong>memoria</strong></span> <span class='ocrx_word' id='word_1_76' title='bbox 977 1115 1048 1158; x_wconf 90' lang='lat' dir='ltr'><strong>cum</strong></span> <span class='ocrx_word' id='word_1_77' title='bbox 1075 1096 1125 1157; x_wconf 89' lang='lat' dir='ltr'><strong>bis</strong></span> <span class='ocrx_word' id='word_1_78' title='bbox 1154 1095 1186 1156; x_wconf 90' lang='lat' dir='ltr'><strong>in</strong></span> <span class='ocrx_word' id='word_1_79' title='bbox 1215 1115 1252 1158; x_wconf 89' lang='lat' dir='ltr'><strong>ea</strong></span> <span class='ocrx_word' id='word_1_80' title='bbox 1279 1097 1444 1177; x_wconf 86' lang='lat' dir='ltr'><strong>provincia</strong></span> <span class='ocrx_word' id='word_1_81' title='bbox 1470 1116 1603 1180; x_wconf 88' lang='lat' dir='ltr'><strong>magnae</strong></span> 
     </span>
     <span class='ocr_line' id='line_1_10' title="bbox 273 1189 1605 1276; baseline 0 -20"><span class='ocrx_word' id='word_1_82' title='bbox 273 1193 479 1276; x_wconf 82' lang='lat' dir='ltr'><strong>lugitivorum</strong></span> <span class='ocrx_word' id='word_1_83' title='bbox 501 1191 613 1273; x_wconf 89' lang='lat' dir='ltr'><strong>copiae</strong></span> <span class='ocrx_word' id='word_1_84' title='bbox 636 1197 780 1253; x_wconf 86' lang='lat' dir='ltr'><strong>versatae</strong></span> <span class='ocrx_word' id='word_1_85' title='bbox 803 1197 892 1263; x_wconf 88' lang='lat' dir='ltr'><strong>sunt,</strong></span> <span class='ocrx_word' id='word_1_86' title='bbox 920 1196 1026 1252; x_wconf 89' lang='lat' dir='ltr'><strong>tamen</strong></span> <span class='ocrx_word' id='word_1_87' title='bbox 1055 1196 1213 1252; x_wconf 88' lang='lat' dir='ltr'><strong>aratorum</strong></span> <span class='ocrx_word' id='word_1_88' title='bbox 1242 1189 1383 1253; x_wconf 90' lang='lat' dir='ltr'><strong>interitio</strong></span> <span class='ocrx_word' id='word_1_89' title='bbox 1412 1189 1496 1254; x_wconf 82' lang='lat' dir='ltr'><strong>facta</strong></span> <span class='ocrx_word' id='word_1_90' title='bbox 1517 1191 1605 1256; x_wconf 86' lang='lat' dir='ltr'><strong>nulla</strong></span> 
     </span>
    </p>

    <p class='ocr_par' dir='ltr' id='par_1_9' title="bbox 274 1283 1605 1367">
     <span class='ocr_line' id='line_1_11' title="bbox 274 1283 1605 1367; baseline -0.002 -16"><span class='ocrx_word' id='word_1_91' title='bbox 274 1296 331 1351; x_wconf 86' lang='lat' dir='ltr'><strong>est.</strong></span> <span class='ocrx_word' id='word_1_92' title='bbox 382 1287 463 1349; x_wconf 89' lang='lat' dir='ltr'><strong>Tum</strong></span> <span class='ocrx_word' id='word_1_93' title='bbox 485 1283 618 1348; x_wconf 85' lang='lat' dir='ltr'><strong>sementi</strong></span> <span class='ocrx_word' id='word_1_94' title='bbox 640 1284 800 1367; x_wconf 90' lang='lat' dir='ltr'><strong>prohibita</strong></span> <span class='ocrx_word' id='word_1_95' title='bbox 822 1292 877 1347; x_wconf 89' lang='lat' dir='ltr'><strong>aut</strong></span> <span class='ocrx_word' id='word_1_96' title='bbox 897 1303 1000 1346; x_wconf 90' lang='lat' dir='ltr'><strong>messe</strong></span> <span class='ocrx_word' id='word_1_97' title='bbox 1022 1283 1137 1347; x_wconf 90' lang='lat' dir='ltr'><strong>amissa</strong></span> <span class='ocrx_word' id='word_1_98' title='bbox 1157 1283 1278 1346; x_wconf 66' lang='lat' dir='ltr'><strong>motus</strong></span> <span class='ocrx_word' id='word_1_99' title='bbox 1300 1303 1425 1347; x_wconf 88' lang='lat' dir='ltr'><strong>annuus</strong></span> <span class='ocrx_word' id='word_1_100' title='bbox 1447 1285 1605 1361; x_wconf 80' lang='lat' dir='ltr'><strong>interibat,</strong></span> 
     </span>
    </p>

    <p class='ocr_par' dir='ltr' id='par_1_10' title="bbox 237 1377 1605 1463">
     <span class='ocr_line' id='line_1_12' title="bbox 237 1377 1605 1463; baseline -0.002 -18"><span class='ocrx_word' id='word_1_101' title='bbox 237 1389 380 1446; x_wconf 81' lang='lat' dir='ltr'><strong>tatamen</strong></span> <span class='ocrx_word' id='word_1_102' title='bbox 401 1379 569 1443; x_wconf 90' lang='lat' dir='ltr'><strong>incolumis</strong></span> <span class='ocrx_word' id='word_1_103' title='bbox 591 1397 741 1441; x_wconf 88' lang='lat' dir='ltr'><strong>numerus</strong></span> <span class='ocrx_word' id='word_1_104' title='bbox 763 1377 911 1440; x_wconf 89' lang='lat' dir='ltr'><strong>manebat</strong></span> <span class='ocrx_word' id='word_1_105' title='bbox 925 1378 1125 1440; x_wconf 90' lang='lat' dir='ltr'><strong>dominorum</strong></span> <span class='ocrx_word' id='word_1_106' title='bbox 1141 1383 1237 1460; x_wconf 87' lang='lat' dir='ltr'><strong>atque</strong></span> <span class='ocrx_word' id='word_1_107' title='bbox 1253 1385 1427 1441; x_wconf 86' lang='lat' dir='ltr'><strong>aratorum:</strong></span> <span class='ocrx_word' id='word_1_108' title='bbox 1450 1385 1526 1453; x_wconf 88' lang='lat' dir='ltr'><strong>tum,</strong></span> <span class='ocrx_word' id='word_1_109' title='bbox 1548 1381 1605 1463; x_wconf 88' lang='lat' dir='ltr'><strong>qui</strong></span> 
     </span>
    </p>

    <p class='ocr_par' dir='ltr' id='par_1_11' title="bbox 272 1469 1604 1557">
     <span class='ocr_line' id='line_1_13' title="bbox 272 1469 1604 1557; baseline -0.002 -19"><span class='ocrx_word' id='word_1_110' title='bbox 272 1477 314 1540; x_wconf 87' lang='lat' dir='ltr'><strong>ld.</strong></span> <span class='ocrx_word' id='word_1_111' title='bbox 329 1475 469 1537; x_wconf 81' lang='lat' dir='ltr'><strong>Laevino</strong></span> <span class='ocrx_word' id='word_1_112' title='bbox 491 1479 547 1536; x_wconf 88' lang='lat' dir='ltr'><strong>aut</strong></span> <span class='ocrx_word' id='word_1_113' title='bbox 574 1473 609 1534; x_wconf 89' lang='lat' dir='ltr'><strong>P.</strong></span> <span class='ocrx_word' id='word_1_114' title='bbox 624 1471 752 1554; x_wconf 86' lang='lat' dir='ltr'><strong>Rupilio</strong></span> <span class='ocrx_word' id='word_1_115' title='bbox 774 1478 830 1534; x_wconf 90' lang='lat' dir='ltr'><strong>aut</strong></span> <span class='ocrx_word' id='word_1_116' title='bbox 850 1471 901 1535; x_wconf 84' lang='grc' dir='ltr'><strong>Μ’.</strong></span> <span class='ocrx_word' id='word_1_117' title='bbox 927 1469 1057 1553; x_wconf 80' lang='lat' dir='ltr'><strong>Aquilio</strong></span> <span class='ocrx_word' id='word_1_118' title='bbox 1078 1477 1241 1553; x_wconf 87' lang='lat' dir='ltr'><strong>praetores</strong></span> <span class='ocrx_word' id='word_1_119' title='bbox 1262 1470 1295 1532; x_wconf 92' lang='lat' dir='ltr'><strong>in</strong></span> <span class='ocrx_word' id='word_1_120' title='bbox 1318 1491 1388 1535; x_wconf 93' lang='lat' dir='ltr'><strong>eam</strong></span> <span class='ocrx_word' id='word_1_121' title='bbox 1409 1473 1604 1557; x_wconf 84' lang='lat' dir='ltr'><strong>provinciam</strong></span> 
     </span>
    </p>

    <p class='ocr_par' dir='ltr' id='par_1_12' title="bbox 246 1547 1605 1656">
     <span class='ocr_line' id='line_1_14' title="bbox 246 1547 1605 1656; baseline -0.001 -23"><span class='ocrx_word' id='word_1_122' title='bbox 246 1618 253 1655; x_wconf 66' lang='lat'><strong>,</strong></span> <span class='ocrx_word' id='word_1_123' title='bbox 273 1574 497 1642; x_wconf 86' lang='lat' dir='ltr'><strong>successerant,</strong></span> <span class='ocrx_word' id='word_1_124' title='bbox 519 1573 657 1629; x_wconf 89' lang='lat' dir='ltr'><strong>aratores</strong></span> <span class='ocrx_word' id='word_1_125' title='bbox 679 1565 820 1648; x_wconf 84' lang='lat' dir='ltr'><strong>reliquos</strong></span> <span class='ocrx_word' id='word_1_126' title='bbox 841 1583 907 1627; x_wconf 91' lang='lat' dir='ltr'><strong>non</strong></span> <span class='ocrx_word' id='word_1_127' title='bbox 923 1562 1122 1646; x_wconf 78' lang='lat' dir='ltr'><strong>colligebant</strong></span> <span class='ocrx_word' id='word_1_128' title='bbox 1144 1547 1302 1648; x_wconf 83' lang='lat' dir='ltr'><strong>(Tantone</strong></span> <span class='ocrx_word' id='word_1_129' title='bbox 1318 1563 1389 1648; x_wconf 91' lang='lat' dir='ltr'><strong>plus</strong></span> <span class='ocrx_word' id='word_1_130' title='bbox 1405 1557 1605 1656; x_wconf 85' lang='lat' dir='ltr'><strong>Verres)cum</strong></span> 
     </span>
    </p>

    <p class='ocr_par' dir='ltr' id='par_1_13' title="bbox 93 1646 1617 1933">
     <span class='ocr_line' id='line_1_15' title="bbox 93 1646 1617 1758; baseline -0.003 -30"><span class='ocrx_word' id='word_1_131' title='bbox 93 1649 166 1744; x_wconf 60' lang='grc' dir='ltr'><em>γῖ</em></span> <span class='ocrx_word' id='word_1_132' title='bbox 244 1662 248 1711; x_wconf 77' lang='lat' dir='ltr'><strong>t</strong></span> <span class='ocrx_word' id='word_1_133' title='bbox 271 1662 410 1748; x_wconf 81' lang='lat' dir='ltr'><strong>Apronio</strong></span> <span class='ocrx_word' id='word_1_134' title='bbox 431 1660 613 1746; x_wconf 85' lang='lat' dir='ltr'><strong>provinciae</strong></span> <span class='ocrx_word' id='word_1_135' title='bbox 636 1653 972 1756; x_wconf 63' lang='lat' dir='ltr'><strong>Siciliaelcalamitatis</strong></span> <span class='ocrx_word' id='word_1_136' title='bbox 993 1658 1194 1746; x_wconf 66' lang='lat' dir='ltr'><strong>impcptavit,</strong></span> <span class='ocrx_word' id='word_1_137' title='bbox 1228 1677 1323 1742; x_wconf 91' lang='lat' dir='ltr'><strong>quam</strong></span> <span class='ocrx_word' id='word_1_138' title='bbox 1353 1667 1407 1722; x_wconf 85' lang='lat' dir='ltr'><strong>aut</strong></span> <span class='ocrx_word' id='word_1_139' title='bbox 1427 1646 1617 1758; x_wconf 72' lang='lat' dir='ltr'><strong>Hasdrubal)</strong></span> 
     </span>
     <span class='ocr_line' id='line_1_16' title="bbox 243 1714 1604 1839; baseline 0.001 -25"><span class='ocrx_word' id='word_1_140' title='bbox 243 1714 343 1820; x_wconf 64' lang='lat' dir='ltr'><strong>lcum</strong></span> <span class='ocrx_word' id='word_1_141' title='bbox 372 1758 549 1820; x_wconf 90' lang='lat' dir='ltr'><strong>Poenorum</strong></span> <span class='ocrx_word' id='word_1_142' title='bbox 578 1745 739 1839; x_wconf 76' lang='lat' dir='ltr'><strong>exercitu(</strong></span> <span class='ocrx_word' id='word_1_143' title='bbox 748 1760 802 1815; x_wconf 90' lang='lat' dir='ltr'><strong>aut</strong></span> <span class='ocrx_word' id='word_1_144' title='bbox 822 1733 975 1833; x_wconf 66' lang='lat' dir='ltr'><strong>Athenio)</strong></span> <span class='ocrx_word' id='word_1_145' title='bbox 988 1772 1060 1815; x_wconf 89' lang='lat' dir='ltr'><strong>curn</strong></span> <span class='ocrx_word' id='word_1_146' title='bbox 1088 1751 1291 1836; x_wconf 83' lang='lat' dir='ltr'><strong>lugitivorum</strong></span> <span class='ocrx_word' id='word_1_147' title='bbox 1320 1754 1466 1816; x_wconf 84' lang='lat' dir='ltr'><strong>maximis</strong></span> <span class='ocrx_word' id='word_1_148' title='bbox 1495 1754 1604 1835; x_wconf 91' lang='lat' dir='ltr'><strong>copiis,</strong></span> 
     </span>
     <span class='ocr_line' id='line_1_17' title="bbox 236 1845 1604 1933; baseline -0.004 -19"><span class='ocrx_word' id='word_1_149' title='bbox 236 1859 306 1915; x_wconf 83' lang='lat' dir='ltr'><strong>tout</strong></span> <span class='ocrx_word' id='word_1_150' title='bbox 317 1850 513 1933; x_wconf 88' lang='lat' dir='ltr'><strong>temporibus</strong></span> <span class='ocrx_word' id='word_1_151' title='bbox 528 1847 601 1922; x_wconf 90' lang='lat' dir='ltr'><strong>illis,</strong></span> <span class='ocrx_word' id='word_1_152' title='bbox 617 1846 711 1910; x_wconf 91' lang='lat' dir='ltr'><strong>simul</strong></span> <span class='ocrx_word' id='word_1_153' title='bbox 726 1854 823 1930; x_wconf 82' lang='lat' dir='ltr'><strong>atque</strong></span> <span class='ocrx_word' id='word_1_154' title='bbox 837 1845 939 1908; x_wconf 89' lang='lat' dir='ltr'><strong>hostis</strong></span> <span class='ocrx_word' id='word_1_155' title='bbox 954 1853 1120 1929; x_wconf 89' lang='lat' dir='ltr'><strong>superatus</strong></span> <span class='ocrx_word' id='word_1_156' title='bbox 1140 1854 1233 1920; x_wconf 88' lang='lat' dir='ltr'><strong>esset,</strong></span> <span class='ocrx_word' id='word_1_157' title='bbox 1255 1865 1331 1929; x_wconf 89' lang='lat' dir='ltr'><strong>ager</strong></span> <span class='ocrx_word' id='word_1_158' title='bbox 1344 1853 1487 1910; x_wconf 88' lang='lat' dir='ltr'><strong>araretur</strong></span> <span class='ocrx_word' id='word_1_159' title='bbox 1501 1846 1604 1909; x_wconf 85' lang='lat' dir='ltr'><strong>omnis</strong></span> 
     </span>
    </p>

    <p class='ocr_par' dir='ltr' id='par_1_14' title="bbox 272 1939 1602 2028">
     <span class='ocr_line' id='line_1_18' title="bbox 272 1939 1602 2028; baseline -0.005 -20"><span class='ocrx_word' id='word_1_160' title='bbox 272 1963 377 2028; x_wconf 82' lang='lat' dir='ltr'><strong>neque</strong></span> <span class='ocrx_word' id='word_1_161' title='bbox 398 1941 515 2006; x_wconf 91' lang='lat' dir='ltr'><strong>aratori</strong></span> <span class='ocrx_word' id='word_1_162' title='bbox 537 1948 662 2026; x_wconf 89' lang='lat' dir='ltr'><strong>praetor</strong></span> <span class='ocrx_word' id='word_1_163' title='bbox 683 1961 740 2025; x_wconf 90' lang='lat' dir='ltr'><strong>per</strong></span> <span class='ocrx_word' id='word_1_164' title='bbox 760 1941 881 2003; x_wconf 86' lang='lat' dir='ltr'><strong>litteras</strong></span> <span class='ocrx_word' id='word_1_165' title='bbox 904 1939 1094 2024; x_wconf 83' lang='lat' dir='ltr'><strong>supplicaret</strong></span> <span class='ocrx_word' id='word_1_166' title='bbox 1116 1960 1221 2024; x_wconf 88' lang='lat' dir='ltr'><strong>neque</strong></span> <span class='ocrx_word' id='word_1_167' title='bbox 1238 1961 1310 2003; x_wconf 90' lang='lat' dir='ltr'><strong>eum</strong></span> <span class='ocrx_word' id='word_1_168' title='bbox 1325 1957 1475 2024; x_wconf 87' lang='lat' dir='ltr'><strong>praesens</strong></span> <span class='ocrx_word' id='word_1_169' title='bbox 1489 1949 1602 2024; x_wconf 87' lang='lat' dir='ltr'><strong>oraret,</strong></span> 
     </span>
    </p>

    <p class='ocr_par' dir='ltr' id='par_1_15' title="bbox 271 2033 1604 2215">
     <span class='ocr_line' id='line_1_19' title="bbox 271 2033 1604 2122; baseline -0.006 -18"><span class='ocrx_word' id='word_1_170' title='bbox 271 2047 307 2104; x_wconf 92' lang='lat' dir='ltr'><strong>ut</strong></span> <span class='ocrx_word' id='word_1_171' title='bbox 329 2057 422 2122; x_wconf 88' lang='lat' dir='ltr'><strong>quam</strong></span> <span class='ocrx_word' id='word_1_172' title='bbox 444 2035 614 2121; x_wconf 90' lang='lat' dir='ltr'><strong>plurimum</strong></span> <span class='ocrx_word' id='word_1_173' title='bbox 636 2043 770 2099; x_wconf 85' lang='lat' dir='ltr'><strong>sereret:</strong></span> <span class='ocrx_word' id='word_1_174' title='bbox 800 2053 884 2096; x_wconf 93' lang='lat' dir='ltr'><strong>nunc</strong></span> <span class='ocrx_word' id='word_1_175' title='bbox 911 2041 1016 2097; x_wconf 88' lang='lat' dir='ltr'><strong>autem</strong></span> <span class='ocrx_word' id='word_1_176' title='bbox 1042 2054 1083 2096; x_wconf 87' lang='lat' dir='ltr'><strong>ne</strong></span> <span class='ocrx_word' id='word_1_177' title='bbox 1110 2042 1182 2118; x_wconf 86' lang='lat' dir='ltr'><strong>post</strong></span> <span class='ocrx_word' id='word_1_178' title='bbox 1209 2034 1327 2098; x_wconf 90' lang='lat' dir='ltr'><strong>abitum</strong></span> <span class='ocrx_word' id='word_1_179' title='bbox 1358 2033 1485 2118; x_wconf 91' lang='lat' dir='ltr'><strong>quidem</strong></span> <span class='ocrx_word' id='word_1_180' title='bbox 1510 2034 1604 2098; x_wconf 86' lang='lat' dir='ltr'><strong>buius</strong></span> 
     </span>
     <span class='ocr_line' id='line_1_20' title="bbox 271 2127 1603 2215; baseline -0.002 -21"><span class='ocrx_word' id='word_1_181' title='bbox 271 2129 558 2215; x_wconf 87' lang='lat' dir='ltr'><strong>importunissimae</strong></span> <span class='ocrx_word' id='word_1_182' title='bbox 579 2130 679 2214; x_wconf 90' lang='lat' dir='ltr'><strong>pestis</strong></span> <span class='ocrx_word' id='word_1_183' title='bbox 701 2131 871 2213; x_wconf 82' lang='lat' dir='ltr'><strong>quisquam</strong></span> <span class='ocrx_word' id='word_1_184' title='bbox 892 2129 1098 2212; x_wconf 88' lang='lat' dir='ltr'><strong>reperiretur,</strong></span> <span class='ocrx_word' id='word_1_185' title='bbox 1139 2129 1194 2212; x_wconf 89' lang='lat' dir='ltr'><strong>qui</strong></span> <span class='ocrx_word' id='word_1_186' title='bbox 1224 2148 1282 2191; x_wconf 89' lang='lat' dir='ltr'><strong>sua</strong></span> <span class='ocrx_word' id='word_1_187' title='bbox 1308 2127 1471 2192; x_wconf 82' lang='lat' dir='ltr'><strong>voluntate</strong></span> <span class='ocrx_word' id='word_1_188' title='bbox 1494 2136 1603 2203; x_wconf 86' lang='lat' dir='ltr'><strong>araret,</strong></span> 
     </span>
    </p>

    <p class='ocr_par' dir='ltr' id='par_1_16' title="bbox 272 2222 1602 2309">
     <span class='ocr_line' id='line_1_21' title="bbox 272 2222 1602 2309; baseline -0.002 -21"><span class='ocrx_word' id='word_1_189' title='bbox 272 2224 364 2309; x_wconf 86' lang='lat' dir='ltr'><strong>pauci</strong></span> <span class='ocrx_word' id='word_1_190' title='bbox 387 2230 493 2287; x_wconf 88' lang='lat' dir='ltr'><strong>essent</strong></span> <span class='ocrx_word' id='word_1_191' title='bbox 513 2222 645 2306; x_wconf 86' lang='lat' dir='ltr'><strong>reliqui,</strong></span> <span class='ocrx_word' id='word_1_192' title='bbox 676 2223 731 2307; x_wconf 86' lang='lat' dir='ltr'><strong>qui</strong></span> <span class='ocrx_word' id='word_1_193' title='bbox 753 2224 789 2284; x_wconf 90' lang='lat' dir='ltr'><strong>L.</strong></span> <span class='ocrx_word' id='word_1_194' title='bbox 813 2222 932 2286; x_wconf 87' lang='lat' dir='ltr'><strong>Metelli</strong></span> <span class='ocrx_word' id='word_1_195' title='bbox 954 2223 1139 2286; x_wconf 89' lang='lat' dir='ltr'><strong>auctoritate</strong></span> <span class='ocrx_word' id='word_1_196' title='bbox 1161 2222 1194 2284; x_wconf 91' lang='lat' dir='ltr'><strong>in</strong></span> <span class='ocrx_word' id='word_1_197' title='bbox 1217 2241 1308 2305; x_wconf 88' lang='lat' dir='ltr'><strong>agros</strong></span> <span class='ocrx_word' id='word_1_198' title='bbox 1331 2229 1427 2305; x_wconf 82' lang='lat' dir='ltr'><strong>atqua</strong></span> <span class='ocrx_word' id='word_1_199' title='bbox 1448 2223 1489 2286; x_wconf 95' lang='lat' dir='ltr'><strong>ad</strong></span> <span class='ocrx_word' id='word_1_200' title='bbox 1512 2243 1602 2286; x_wconf 87' lang='lat' dir='ltr'><strong>suum</strong></span> 
     </span>
    </p>

    <p class='ocr_par' dir='ltr' id='par_1_17' title="bbox 236 2311 1603 2589">
     <span class='ocr_line' id='line_1_22' title="bbox 236 2311 1602 2400; baseline -0.004 -15"><span class='ocrx_word' id='word_1_201' title='bbox 236 2320 371 2386; x_wconf 81' lang='lat' dir='ltr'><strong>solarem</strong></span> <span class='ocrx_word' id='word_1_202' title='bbox 392 2317 577 2381; x_wconf 78' lang='lat' dir='ltr'><strong>familiarem</strong></span> <span class='ocrx_word' id='word_1_203' title='bbox 599 2317 761 2380; x_wconf 76' lang='lat' dir='ltr'><strong>redirent?</strong></span> <span class='ocrx_word' id='word_1_204' title='bbox 791 2311 862 2379; x_wconf 75' lang='grc'><strong>426.</strong></span> <span class='ocrx_word' id='word_1_205' title='bbox 883 2317 941 2379; x_wconf 85' lang='lat' dir='ltr'><strong>llis</strong></span> <span class='ocrx_word' id='word_1_206' title='bbox 964 2325 994 2379; x_wconf 92' lang='lat' dir='ltr'><strong>te</strong></span> <span class='ocrx_word' id='word_1_207' title='bbox 1016 2315 1139 2390; x_wconf 90' lang='lat' dir='ltr'><strong>litteris,</strong></span> <span class='ocrx_word' id='word_1_208' title='bbox 1160 2315 1256 2380; x_wconf 88' lang='lat' dir='ltr'><strong>borno</strong></span> <span class='ocrx_word' id='word_1_209' title='bbox 1279 2317 1486 2380; x_wconf 85' lang='lat' dir='ltr'><strong>audacissime</strong></span> <span class='ocrx_word' id='word_1_210' title='bbox 1509 2325 1602 2400; x_wconf 90' lang='lat' dir='ltr'><strong>atque</strong></span> 
     </span>
     <span class='ocr_line' id='line_1_23' title="bbox 273 2410 1603 2495; baseline -0.003 -17"><span class='ocrx_word' id='word_1_211' title='bbox 273 2412 501 2485; x_wconf 83' lang='lat' dir='ltr'><strong>amentissime,</strong></span> <span class='ocrx_word' id='word_1_212' title='bbox 532 2410 708 2494; x_wconf 90' lang='lat' dir='ltr'><strong>iugulatum</strong></span> <span class='ocrx_word' id='word_1_213' title='bbox 737 2431 808 2474; x_wconf 88' lang='lat' dir='ltr'><strong>esse</strong></span> <span class='ocrx_word' id='word_1_214' title='bbox 836 2431 902 2473; x_wconf 92' lang='lat' dir='ltr'><strong>non</strong></span> <span class='ocrx_word' id='word_1_215' title='bbox 931 2411 1052 2474; x_wconf 88' lang='lat' dir='ltr'><strong>sentis‘l</strong></span> <span class='ocrx_word' id='word_1_216' title='bbox 1089 2430 1153 2474; x_wconf 91' lang='lat' dir='ltr'><strong>nou</strong></span> <span class='ocrx_word' id='word_1_217' title='bbox 1176 2410 1282 2485; x_wconf 85' lang='lat' dir='ltr'><strong>vides,</strong></span> <span class='ocrx_word' id='word_1_218' title='bbox 1312 2431 1381 2473; x_wconf 90' lang='lat' dir='ltr'><strong>curn</strong></span> <span class='ocrx_word' id='word_1_219' title='bbox 1402 2411 1446 2487; x_wconf 85' lang='lat' dir='ltr'><strong>is,</strong></span> <span class='ocrx_word' id='word_1_220' title='bbox 1471 2411 1526 2495; x_wconf 83' lang='lat' dir='ltr'><strong>qui</strong></span> <span class='ocrx_word' id='word_1_221' title='bbox 1548 2413 1603 2494; x_wconf 87' lang='lat' dir='ltr'><strong>tibi</strong></span> 
     </span>
     <span class='ocr_line' id='line_1_24' title="bbox 274 2503 1603 2589; baseline 0 -17"><span class='ocrx_word' id='word_1_222' title='bbox 274 2506 442 2578; x_wconf 84' lang='lat' dir='ltr'><strong>successit,</strong></span> <span class='ocrx_word' id='word_1_223' title='bbox 464 2512 604 2568; x_wconf 85' lang='lat' dir='ltr'><strong>aratores</strong></span> <span class='ocrx_word' id='word_1_224' title='bbox 625 2505 766 2588; x_wconf 89' lang='lat' dir='ltr'><strong>reliquos</strong></span> <span class='ocrx_word' id='word_1_225' title='bbox 789 2504 944 2588; x_wconf 86' lang='lat' dir='ltr'><strong>appellet,</strong></span> <span class='ocrx_word' id='word_1_226' title='bbox 964 2503 1025 2567; x_wconf 93' lang='lat' dir='ltr'><strong>hoc</strong></span> <span class='ocrx_word' id='word_1_227' title='bbox 1047 2523 1118 2567; x_wconf 89' lang='lat' dir='ltr'><strong>eum</strong></span> <span class='ocrx_word' id='word_1_228' title='bbox 1142 2506 1258 2567; x_wconf 87' lang='lat' dir='ltr'><strong>diserte</strong></span> <span class='ocrx_word' id='word_1_229' title='bbox 1281 2504 1434 2579; x_wconf 86' lang='lat' dir='ltr'><strong>scribere,</strong></span> <span class='ocrx_word' id='word_1_230' title='bbox 1462 2505 1603 2589; x_wconf 88' lang='lat' dir='ltr'><strong>reliquos</strong></span> 
     </span>
    </p>

    <p class='ocr_par' dir='ltr' id='par_1_18' title="bbox 272 2597 1602 2683">
     <span class='ocr_line' id='line_1_25' title="bbox 272 2597 1602 2683; baseline -0.001 -16"><span class='ocrx_word' id='word_1_231' title='bbox 272 2604 332 2667; x_wconf 90' lang='lat' dir='ltr'><strong>bos</strong></span> <span class='ocrx_word' id='word_1_232' title='bbox 355 2621 424 2665; x_wconf 89' lang='lat' dir='ltr'><strong>esse</strong></span> <span class='ocrx_word' id='word_1_233' title='bbox 446 2619 511 2663; x_wconf 92' lang='lat' dir='ltr'><strong>non</strong></span> <span class='ocrx_word' id='word_1_234' title='bbox 532 2617 573 2661; x_wconf 82' lang='lat' dir='ltr'><strong>ex</strong></span> <span class='ocrx_word' id='word_1_235' title='bbox 593 2597 678 2661; x_wconf 89' lang='lat' dir='ltr'><strong>bello</strong></span> <span class='ocrx_word' id='word_1_236' title='bbox 701 2618 806 2683; x_wconf 88' lang='lat' dir='ltr'><strong>neque</strong></span> <span class='ocrx_word' id='word_1_237' title='bbox 829 2619 869 2661; x_wconf 86' lang='lat' dir='ltr'><strong>ex</strong></span> <span class='ocrx_word' id='word_1_238' title='bbox 891 2597 998 2681; x_wconf 89' lang='lat' dir='ltr'><strong>aliqua</strong></span> <span class='ocrx_word' id='word_1_239' title='bbox 1020 2599 1189 2662; x_wconf 89' lang='lat' dir='ltr'><strong>eiusmodi</strong></span> <span class='ocrx_word' id='word_1_240' title='bbox 1211 2599 1398 2674; x_wconf 87' lang='lat' dir='ltr'><strong>calamitate,</strong></span> <span class='ocrx_word' id='word_1_241' title='bbox 1422 2602 1477 2664; x_wconf 87' lang='lat' dir='ltr'><strong>sed</strong></span> <span class='ocrx_word' id='word_1_242' title='bbox 1494 2623 1536 2665; x_wconf 86' lang='lat' dir='ltr'><strong>ex</strong></span> <span class='ocrx_word' id='word_1_243' title='bbox 1550 2610 1602 2666; x_wconf 94' lang='lat' dir='ltr'><strong>tuo</strong></span> 
     </span>
    </p>

    <p class='ocr_par' dir='ltr' id='par_1_19' title="bbox 274 2691 1601 2776">
     <span class='ocr_line' id='line_1_26' title="bbox 274 2691 1601 2776; baseline 0.001 -16"><span class='ocrx_word' id='word_1_244' title='bbox 274 2695 402 2770; x_wconf 90' lang='lat' dir='ltr'><strong>scelere,</strong></span> <span class='ocrx_word' id='word_1_245' title='bbox 423 2693 679 2776; x_wconf 85' lang='lat' dir='ltr'><strong>importunitate,</strong></span> <span class='ocrx_word' id='word_1_246' title='bbox 701 2693 841 2766; x_wconf 89' lang='lat' dir='ltr'><strong>avaritia,</strong></span> <span class='ocrx_word' id='word_1_247' title='bbox 863 2693 1069 2756; x_wconf 74' lang='lat' dir='ltr'><strong>crudelitate?</strong></span> <span class='ocrx_word' id='word_1_248' title='bbox 1107 2694 1214 2757; x_wconf 87' lang='lat' dir='ltr'><strong>liccita</strong></span> <span class='ocrx_word' id='word_1_249' title='bbox 1236 2702 1349 2757; x_wconf 87' lang='lat' dir='ltr'><strong>cetera.</strong></span> <span class='ocrx_word' id='word_1_250' title='bbox 1368 2691 1382 2768; x_wconf 84' lang='lat'><em>(</em></span> <span class='ocrx_word' id='word_1_251' title='bbox 1393 2696 1509 2760; x_wconf 70' lang='lat' dir='ltr'><strong>Tanau</strong></span> <span class='ocrx_word' id='word_1_252' title='bbox 1541 2715 1601 2761; x_wconf 80' lang='lat' dir='ltr'><strong>rso</strong></span> 
     </span>
    </p>

    <p class='ocr_par' dir='ltr' id='par_1_20' title="bbox 104 2783 1604 2969">
     <span class='ocr_line' id='line_1_27' title="bbox 104 2783 1601 2869; baseline -0.001 -15"><span class='ocrx_word' id='word_1_253' title='bbox 104 2783 189 2863; x_wconf 57' lang='grc' dir='ltr'><strong>-ηἶψ</strong></span> <span class='ocrx_word' id='word_1_254' title='bbox 236 2805 316 2854; x_wconf 81' lang='lat' dir='ltr'><strong>aoso</strong></span> <span class='ocrx_word' id='word_1_255' title='bbox 350 2810 390 2852; x_wconf 83' lang='lat' dir='ltr'><strong>vr</strong></span> <span class='ocrx_word' id='word_1_256' title='bbox 426 2804 582 2852; x_wconf 81' lang='lat' dir='ltr'><strong>asuroars</strong></span> <span class='ocrx_word' id='word_1_257' title='bbox 612 2801 815 2850; x_wconf 81' lang='lat' dir='ltr'><strong>orrsrcvnrss</strong></span> <span class='ocrx_word' id='word_1_258' title='bbox 847 2805 1079 2860; x_wconf 77' lang='lat' dir='ltr'><strong>sasrosvuovn</strong></span> <span class='ocrx_word' id='word_1_259' title='bbox 1113 2807 1247 2852; x_wconf 78' lang='lat' dir='ltr'><strong>rsuram</strong></span> <span class='ocrx_word' id='word_1_260' title='bbox 1273 2796 1391 2869; x_wconf 82' lang='lat' dir='ltr'><strong>rvnrr.)</strong></span> <span class='ocrx_word' id='word_1_261' title='bbox 1425 2790 1601 2864; x_wconf 77' lang='lat' dir='ltr'><strong>aratorum,</strong></span> 
     </span>
     <span class='ocr_line' id='line_1_28' title="bbox 274 2880 1604 2969; baseline -0.001 -20"><span class='ocrx_word' id='word_1_262' title='bbox 274 2886 394 2969; x_wconf 88' lang='lat' dir='ltr'><strong>inquit,</strong></span> <span class='ocrx_word' id='word_1_263' title='bbox 420 2881 562 2968; x_wconf 74' lang='lat' dir='ltr'><strong>pecuda.</strong></span> <span class='ocrx_word' id='word_1_264' title='bbox 607 2880 638 2943; x_wconf 89' lang='lat' dir='ltr'><strong>Si</strong></span> <span class='ocrx_word' id='word_1_265' title='bbox 662 2899 721 2962; x_wconf 87' lang='lat' dir='ltr'><strong>ego</strong></span> <span class='ocrx_word' id='word_1_266' title='bbox 744 2887 906 2944; x_wconf 90' lang='lat' dir='ltr'><strong>accusator</strong></span> <span class='ocrx_word' id='word_1_267' title='bbox 927 2881 1021 2943; x_wconf 86' lang='lat' dir='ltr'><strong>toties</strong></span> <span class='ocrx_word' id='word_1_268' title='bbox 1044 2881 1083 2944; x_wconf 95' lang='lat' dir='ltr'><strong>de</strong></span> <span class='ocrx_word' id='word_1_269' title='bbox 1104 2901 1138 2944; x_wconf 88' lang='lat' dir='ltr'><strong>re</strong></span> <span class='ocrx_word' id='word_1_270' title='bbox 1161 2883 1270 2946; x_wconf 88' lang='lat' dir='ltr'><strong>eadem</strong></span> <span class='ocrx_word' id='word_1_271' title='bbox 1295 2883 1450 2958; x_wconf 88' lang='lat' dir='ltr'><strong>dicerem,</strong></span> <span class='ocrx_word' id='word_1_272' title='bbox 1481 2905 1604 2948; x_wconf 83' lang='lat' dir='ltr'><strong>vererer</strong></span> 
     </span>
    </p>

    <p class='ocr_par' dir='ltr' id='par_1_21' title="bbox 274 2973 1602 3156">
     <span class='ocr_line' id='line_1_29' title="bbox 275 2973 1602 3047; baseline 0.001 -5"><span class='ocrx_word' id='word_1_273' title='bbox 275 2998 315 3042; x_wconf 89' lang='lat' dir='ltr'><strong>ne</strong></span> <span class='ocrx_word' id='word_1_274' title='bbox 337 2977 460 3042; x_wconf 87' lang='lat' dir='ltr'><strong>animos</strong></span> <span class='ocrx_word' id='word_1_275' title='bbox 482 2981 603 3039; x_wconf 83' lang='lat' dir='ltr'><strong>vestros</strong></span> <span class='ocrx_word' id='word_1_276' title='bbox 625 2973 833 3047; x_wconf 79' lang='lat' dir='ltr'><strong>offenderem,</strong></span> <span class='ocrx_word' id='word_1_277' title='bbox 863 2973 999 3038; x_wconf 83' lang='lat' dir='ltr'><strong>iudices:</strong></span> <span class='ocrx_word' id='word_1_278' title='bbox 1028 2976 1141 3040; x_wconf 86' lang='lat' dir='ltr'><strong>clamat</strong></span> <span class='ocrx_word' id='word_1_279' title='bbox 1163 2977 1326 3041; x_wconf 83' lang='lat' dir='ltr'><strong>Metellus:</strong></span> <span class='ocrx_word' id='word_1_280' title='bbox 1356 2979 1425 3041; x_wconf 83' lang='lat' dir='ltr'><strong>Nrsr</strong></span> <span class='ocrx_word' id='word_1_281' title='bbox 1448 2999 1602 3043; x_wconf 75' lang='lat' dir='ltr'><strong>armasse</strong></span> 
     </span>
     <span class='ocr_line' id='line_1_30' title="bbox 274 3069 1599 3156; baseline 0 -18"><span class='ocrx_word' id='word_1_282' title='bbox 274 3089 439 3137; x_wconf 79' lang='lat' dir='ltr'><strong>ursrssnu:</strong></span> <span class='ocrx_word' id='word_1_283' title='bbox 452 3089 525 3133; x_wconf 64' lang='lat' dir='ltr'><strong>&#39;non</strong></span> <span class='ocrx_word' id='word_1_284' title='bbox 547 3075 596 3132; x_wconf 89' lang='lat' dir='ltr'><strong>est</strong></span> <span class='ocrx_word' id='word_1_285' title='bbox 617 3069 708 3132; x_wconf 88' lang='lat' dir='ltr'><strong>satis:</strong></span> <span class='ocrx_word' id='word_1_286' title='bbox 730 3070 799 3132; x_wconf 84' lang='lat' dir='ltr'><strong>Nrsr</strong></span> <span class='ocrx_word' id='word_1_287' title='bbox 822 3085 977 3133; x_wconf 74' lang='lat' dir='ltr'><strong>suasanus</strong></span> <span class='ocrx_word' id='word_1_288' title='bbox 1002 3089 1254 3134; x_wconf 84' lang='lat' dir='ltr'><strong>courrausssnu:</strong></span> <span class='ocrx_word' id='word_1_289' title='bbox 1276 3093 1317 3135; x_wconf 92' lang='lat' dir='ltr'><strong>ne</strong></span> <span class='ocrx_word' id='word_1_290' title='bbox 1332 3072 1363 3134; x_wconf 91' lang='lat' dir='ltr'><strong>id</strong></span> <span class='ocrx_word' id='word_1_291' title='bbox 1380 3073 1508 3156; x_wconf 87' lang='lat' dir='ltr'><strong>quidem</strong></span> <span class='ocrx_word' id='word_1_292' title='bbox 1524 3075 1599 3138; x_wconf 87' lang='lat' dir='ltr'><strong>satis</strong></span> 
     </span>
    </p>

    <p class='ocr_par' dir='ltr' id='par_1_22' title="bbox 236 3164 1603 3344">
     <span class='ocr_line' id='line_1_31' title="bbox 278 3164 1603 3250; baseline 0 -18"><span class='ocrx_word' id='word_1_293' title='bbox 278 3174 342 3232; x_wconf 89' lang='lat' dir='ltr'><strong>est:</strong></span> <span class='ocrx_word' id='word_1_294' title='bbox 376 3167 556 3239; x_wconf 81' lang='lat' dir='ltr'><strong>Rsnrovos,</strong></span> <span class='ocrx_word' id='word_1_295' title='bbox 585 3165 705 3248; x_wconf 90' lang='lat' dir='ltr'><strong>inquit,</strong></span> <span class='ocrx_word' id='word_1_296' title='bbox 727 3183 897 3228; x_wconf 74' lang='lat' dir='ltr'><strong>astrosus.</strong></span> <span class='ocrx_word' id='word_1_297' title='bbox 940 3164 1114 3248; x_wconf 74' lang='lat' dir='ltr'><strong>Reliquos?</strong></span> <span class='ocrx_word' id='word_1_298' title='bbox 1137 3186 1236 3249; x_wconf 91' lang='lat' dir='ltr'><strong>prope</strong></span> <span class='ocrx_word' id='word_1_299' title='bbox 1257 3165 1381 3250; x_wconf 90' lang='lat' dir='ltr'><strong>lugubri</strong></span> <span class='ocrx_word' id='word_1_300' title='bbox 1404 3168 1498 3231; x_wconf 86' lang='lat' dir='ltr'><strong>verbo</strong></span> <span class='ocrx_word' id='word_1_301' title='bbox 1521 3169 1603 3232; x_wconf 87' lang='lat' dir='ltr'><strong>cala·</strong></span> 
     </span>
     <span class='ocr_line' id='line_1_32' title="bbox 236 3256 1601 3344; baseline 0.001 -19"><span class='ocrx_word' id='word_1_302' title='bbox 236 3261 416 3326; x_wconf 67' lang='lat' dir='ltr'><strong>comitatem</strong></span> <span class='ocrx_word' id='word_1_303' title='bbox 444 3257 624 3344; x_wconf 88' lang='lat' dir='ltr'><strong>provinciae</strong></span> <span class='ocrx_word' id='word_1_304' title='bbox 654 3258 780 3323; x_wconf 89' lang='lat' dir='ltr'><strong>Siciliae</strong></span> <span class='ocrx_word' id='word_1_305' title='bbox 816 3256 986 3342; x_wconf 86' lang='lat' dir='ltr'><strong>significat:</strong></span> <span class='ocrx_word' id='word_1_306' title='bbox 1020 3260 1108 3323; x_wconf 88' lang='lat' dir='ltr'><strong>addit</strong></span> <span class='ocrx_word' id='word_1_307' title='bbox 1142 3280 1310 3325; x_wconf 81' lang='lat' dir='ltr'><strong>aaaroavu</strong></span> <span class='ocrx_word' id='word_1_308' title='bbox 1345 3281 1490 3325; x_wconf 79' lang='lat' dir='ltr'><strong>rsuram.</strong></span> <span class='ocrx_word' id='word_1_309' title='bbox 1539 3263 1601 3326; x_wconf 86' lang='lat' dir='ltr'><strong>LV.</strong></span> 
     </span>
    </p>

    <p class='ocr_par' dir='ltr' id='par_1_23' title="bbox 275 3351 1603 3439">
     <span class='ocr_line' id='line_1_33' title="bbox 275 3351 1603 3439; baseline 0.002 -21"><span class='ocrx_word' id='word_1_310' title='bbox 275 3351 345 3419; x_wconf 76' lang='grc'><strong>447.</strong></span> <span class='ocrx_word' id='word_1_311' title='bbox 367 3355 556 3435; x_wconf 80' lang='lat' dir='ltr'><strong>Exspectate</strong></span> <span class='ocrx_word' id='word_1_312' title='bbox 579 3353 682 3426; x_wconf 91' lang='lat' dir='ltr'><strong>etiam,</strong></span> <span class='ocrx_word' id='word_1_313' title='bbox 704 3352 836 3428; x_wconf 89' lang='lat' dir='ltr'><strong>iudices,</strong></span> <span class='ocrx_word' id='word_1_314' title='bbox 860 3363 1047 3437; x_wconf 81' lang='lat' dir='ltr'><strong>exspectate,</strong></span> <span class='ocrx_word' id='word_1_315' title='bbox 1071 3355 1097 3418; x_wconf 93' lang='lat' dir='ltr'><strong>si</strong></span> <span class='ocrx_word' id='word_1_316' title='bbox 1119 3355 1261 3439; x_wconf 87' lang='lat' dir='ltr'><strong>potestis,</strong></span> <span class='ocrx_word' id='word_1_317' title='bbox 1283 3357 1499 3419; x_wconf 82' lang='lat' dir='ltr'><strong>auctoritatem</strong></span> <span class='ocrx_word' id='word_1_318' title='bbox 1514 3376 1603 3421; x_wconf 87' lang='lat' dir='ltr'><strong>accu-</strong></span> 
     </span>
    </p>

    <p class='ocr_par' dir='ltr' id='par_1_24' title="bbox 275 3447 1603 3514">
     <span class='ocr_line' id='line_1_34' title="bbox 275 3447 1603 3514; baseline 0.002 -2"><span class='ocrx_word' id='word_1_319' title='bbox 275 3447 406 3512; x_wconf 88' lang='lat' dir='ltr'><strong>sationis</strong></span> <span class='ocrx_word' id='word_1_320' title='bbox 428 3466 527 3510; x_wconf 88' lang='lat' dir='ltr'><strong>meae.</strong></span> <span class='ocrx_word' id='word_1_321' title='bbox 562 3447 638 3510; x_wconf 87' lang='lat' dir='ltr'><strong>Dico</strong></span> <span class='ocrx_word' id='word_1_322' title='bbox 659 3454 797 3511; x_wconf 88' lang='lat' dir='ltr'><strong>aratores</strong></span> <span class='ocrx_word' id='word_1_323' title='bbox 819 3448 910 3511; x_wconf 88' lang='lat' dir='ltr'><strong>istius</strong></span> <span class='ocrx_word' id='word_1_324' title='bbox 932 3449 1063 3512; x_wconf 88' lang='lat' dir='ltr'><strong>avaritia</strong></span> <span class='ocrx_word' id='word_1_325' title='bbox 1085 3449 1218 3513; x_wconf 89' lang='lat' dir='ltr'><strong>eiectos:</strong></span> <span class='ocrx_word' id='word_1_326' title='bbox 1241 3450 1349 3513; x_wconf 89' lang='lat' dir='ltr'><strong>scribit</strong></span> <span class='ocrx_word' id='word_1_327' title='bbox 1362 3450 1509 3514; x_wconf 84' lang='lat' dir='ltr'><strong>Metellus</strong></span> <span class='ocrx_word' id='word_1_328' title='bbox 1530 3451 1603 3514; x_wconf 88' lang='lat' dir='ltr'><strong>reli-</strong></span> 
     </span>
    </p>

    <p class='ocr_par' dir='ltr' id='par_1_25' title="bbox 275 3539 1602 3628">
     <span class='ocr_line' id='line_1_35' title="bbox 275 3539 1602 3628; baseline 0.002 -22"><span class='ocrx_word' id='word_1_329' title='bbox 275 3562 356 3626; x_wconf 90' lang='lat' dir='ltr'><strong>quos</strong></span> <span class='ocrx_word' id='word_1_330' title='bbox 379 3541 419 3604; x_wconf 90' lang='lat' dir='ltr'><strong>ab</strong></span> <span class='ocrx_word' id='word_1_331' title='bbox 441 3561 475 3604; x_wconf 89' lang='lat' dir='ltr'><strong>se</strong></span> <span class='ocrx_word' id='word_1_332' title='bbox 497 3560 569 3604; x_wconf 91' lang='lat' dir='ltr'><strong>esse</strong></span> <span class='ocrx_word' id='word_1_333' title='bbox 590 3539 799 3605; x_wconf 82' lang='lat' dir='ltr'><strong>confirmatos.</strong></span> <span class='ocrx_word' id='word_1_334' title='bbox 842 3542 919 3604; x_wconf 85' lang='lat' dir='ltr'><strong>Dico</strong></span> <span class='ocrx_word' id='word_1_335' title='bbox 949 3561 1040 3624; x_wconf 86' lang='lat' dir='ltr'><strong>agros</strong></span> <span class='ocrx_word' id='word_1_336' title='bbox 1068 3543 1193 3608; x_wconf 87' lang='lat' dir='ltr'><strong>relictos</strong></span> <span class='ocrx_word' id='word_1_337' title='bbox 1219 3545 1441 3628; x_wconf 86' lang='lat' dir='ltr'><strong>arationesque</strong></span> <span class='ocrx_word' id='word_1_338' title='bbox 1463 3543 1602 3609; x_wconf 87' lang='lat' dir='ltr'><strong>desertas</strong></span> 
     </span>
    </p>
   </div>
   <div class='ocr_carea' id='block_1_4' title="bbox 270 3779 1602 5128">
    <p class='ocr_par' dir='ltr' id='par_1_26' title="bbox 270 3779 1602 5128">
     <span class='ocr_line' id='line_1_36' title="bbox 273 3779 1601 3849; baseline 0.003 -17"><span class='ocrx_word' id='word_1_339' title='bbox 273 3795 299 3832; x_wconf 82' lang='lat' dir='ltr'><strong>ss</strong></span> <span class='ocrx_word' id='word_1_340' title='bbox 314 3783 342 3832; x_wconf 81' lang='lat' dir='ltr'><strong>ta</strong></span> <span class='ocrx_word' id='word_1_341' title='bbox 357 3793 386 3831; x_wconf 82' lang='lat' dir='ltr'><strong>re</strong></span> <span class='ocrx_word' id='word_1_342' title='bbox 405 3781 447 3840; x_wconf 83' lang='lat' dir='ltr'><strong>V.,</strong></span> <span class='ocrx_word' id='word_1_343' title='bbox 470 3779 561 3845; x_wconf 82' lang='lat' dir='ltr'><strong>utique</strong></span> <span class='ocrx_word' id='word_1_344' title='bbox 579 3779 744 3846; x_wconf 87' lang='lat' dir='ltr'><strong>probabilius</strong></span> <span class='ocrx_word' id='word_1_345' title='bbox 761 3783 803 3833; x_wconf 89' lang='lat' dir='ltr'><strong>est</strong></span> <span class='ocrx_word' id='word_1_346' title='bbox 819 3783 845 3832; x_wconf 88' lang='lat' dir='ltr'><strong>in</strong></span> <span class='ocrx_word' id='word_1_347' title='bbox 863 3794 895 3833; x_wconf 88' lang='lat' dir='ltr'><strong>oo</strong></span> <span class='ocrx_word' id='word_1_348' title='bbox 911 3783 982 3832; x_wconf 80' lang='lat' dir='ltr'><strong>nullo</strong></span> <span class='ocrx_word' id='word_1_349' title='bbox 998 3787 1060 3849; x_wconf 90' lang='lat' dir='ltr'><strong>post</strong></span> <span class='ocrx_word' id='word_1_350' title='bbox 1075 3785 1112 3845; x_wconf 82' lang='lat' dir='ltr'><strong>io,</strong></span> <span class='ocrx_word' id='word_1_351' title='bbox 1140 3797 1221 3848; x_wconf 85' lang='lat' dir='ltr'><strong>quam</strong></span> <span class='ocrx_word' id='word_1_352' title='bbox 1237 3797 1288 3834; x_wconf 80' lang='lat' dir='ltr'><strong>aon</strong></span> <span class='ocrx_word' id='word_1_353' title='bbox 1303 3784 1357 3833; x_wconf 83' lang='lat' dir='ltr'><strong>atla</strong></span> <span class='ocrx_word' id='word_1_354' title='bbox 1372 3787 1434 3835; x_wconf 89' lang='lat' dir='ltr'><strong>ants</strong></span> <span class='ocrx_word' id='word_1_355' title='bbox 1450 3786 1478 3833; x_wconf 82' lang='lat' dir='ltr'><strong>ta</strong></span> <span class='ocrx_word' id='word_1_356' title='bbox 1494 3785 1601 3836; x_wconf 88' lang='lat' dir='ltr'><strong>interci-</strong></span> 
     </span>
     <span class='ocr_line' id='line_1_37' title="bbox 274 3853 1599 3923; baseline 0.002 -15"><span class='ocrx_word' id='word_1_357' title='bbox 274 3857 354 3908; x_wconf 83' lang='lat' dir='ltr'><strong>disse.</strong></span> <span class='ocrx_word' id='word_1_358' title='bbox 373 3853 456 3906; x_wconf 82' lang='lat' dir='ltr'><strong>Scrib.</strong></span> <span class='ocrx_word' id='word_1_359' title='bbox 476 3853 573 3906; x_wconf 86' lang='lat' dir='ltr'><strong>deinde</strong></span> <span class='ocrx_word' id='word_1_360' title='bbox 593 3856 683 3907; x_wconf 76' lang='lat' dir='ltr'><strong>Venis.</strong></span> <span class='ocrx_word' id='word_1_361' title='bbox 711 3856 804 3920; x_wconf 68' lang='lat' dir='ltr'><strong>litun]</strong></span> <span class='ocrx_word' id='word_1_362' title='bbox 824 3883 851 3892; x_wconf 96' lang='lat'>-</span> <span class='ocrx_word' id='word_1_363' title='bbox 870 3859 893 3905; x_wconf 92' lang='grc'><strong>4.</strong></span> <span class='ocrx_word' id='word_1_364' title='bbox 917 3856 948 3907; x_wconf 77' lang='lat' dir='ltr'><strong>Aa</strong></span> <span class='ocrx_word' id='word_1_365' title='bbox 968 3857 1029 3917; x_wconf 80' lang='lat' dir='ltr'><strong>qaid</strong></span> <span class='ocrx_word' id='word_1_366' title='bbox 1050 3863 1085 3908; x_wconf 84' lang='lat' dir='ltr'><strong>est</strong></span> <span class='ocrx_word' id='word_1_367' title='bbox 1105 3858 1213 3922; x_wconf 67' lang='lat' dir='ltr'><strong>towns]</strong></span> <span class='ocrx_word' id='word_1_368' title='bbox 1235 3863 1262 3907; x_wconf 87' lang='lat' dir='ltr'><strong>ot</strong></span> <span class='ocrx_word' id='word_1_369' title='bbox 1281 3859 1380 3921; x_wconf 63' lang='lat' dir='ltr'><strong>amdam</strong></span> <span class='ocrx_word' id='word_1_370' title='bbox 1401 3859 1502 3908; x_wconf 80' lang='lat' dir='ltr'><strong>tandem</strong></span> <span class='ocrx_word' id='word_1_371' title='bbox 1522 3861 1599 3923; x_wconf 76' lang='lat' dir='ltr'><strong>lagg.</strong></span> 
     </span>
     <span class='ocr_line' id='line_1_38' title="bbox 273 3928 1602 3998; baseline 0.002 -16"><span class='ocrx_word' id='word_1_372' title='bbox 273 3933 380 3998; x_wconf 87' lang='lat' dir='ltr'><strong>praeter</strong></span> <span class='ocrx_word' id='word_1_373' title='bbox 396 3928 436 3990; x_wconf 88' lang='grc'><strong>44,</strong></span> <span class='ocrx_word' id='word_1_374' title='bbox 455 3931 501 3994; x_wconf 84' lang='lat' dir='ltr'><strong>qul</strong></span> <span class='ocrx_word' id='word_1_375' title='bbox 518 3929 600 3981; x_wconf 89' lang='lat' dir='ltr'><strong>babet</strong></span> <span class='ocrx_word' id='word_1_376' title='bbox 616 3945 650 3980; x_wconf 82' lang='lat' dir='ltr'><strong>aa</strong></span> <span class='ocrx_word' id='word_1_377' title='bbox 662 3933 770 3982; x_wconf 73' lang='lat' dir='ltr'><strong>landen.</strong></span> <span class='ocrx_word' id='word_1_378' title='bbox 791 3933 865 3996; x_wconf 85' lang='lat' dir='ltr'><strong>[ilinc</strong></span> <span class='ocrx_word' id='word_1_379' title='bbox 875 3931 947 3982; x_wconf 88' lang='lat' dir='ltr'><strong>bene</strong></span> <span class='ocrx_word' id='word_1_380' title='bbox 959 3933 1108 3996; x_wconf 88' lang='lat' dir='ltr'><strong>Zumptius:</strong></span> <span class='ocrx_word' id='word_1_381' title='bbox 1127 3933 1171 3982; x_wconf 84' lang='lat' dir='ltr'><strong>ota</strong></span> <span class='ocrx_word' id='word_1_382' title='bbox 1183 3931 1309 3996; x_wconf 66' lang='lat' dir='ltr'><strong>taudem]</strong></span> <span class='ocrx_word' id='word_1_383' title='bbox 1321 3958 1349 3968; x_wconf 98' lang='lat'>-</span> <span class='ocrx_word' id='word_1_384' title='bbox 1363 3933 1422 3982; x_wconf 83' lang='lat' dir='ltr'><strong>dicit</strong></span> <span class='ocrx_word' id='word_1_385' title='bbox 1433 3933 1515 3996; x_wconf 78' lang='lat' dir='ltr'><strong>Lgti:</strong></span> <span class='ocrx_word' id='word_1_386' title='bbox 1534 3935 1602 3985; x_wconf 83' lang='lat' dir='ltr'><strong>dtcot</strong></span> 
     </span>
     <span class='ocr_line' id='line_1_39' title="bbox 272 4005 1599 4072; baseline 0.001 -13"><span class='ocrx_word' id='word_1_387' title='bbox 272 4005 330 4059; x_wconf 85' lang='lat' dir='ltr'><strong>rell.</strong></span> <span class='ocrx_word' id='word_1_388' title='bbox 340 4006 369 4056; x_wconf 92' lang='lat'><strong>0.</strong></span> <span class='ocrx_word' id='word_1_389' title='bbox 381 4031 408 4040; x_wconf 97' lang='lat'>-</span> <span class='ocrx_word' id='word_1_390' title='bbox 419 4005 560 4056; x_wconf 66' lang='lat' dir='ltr'><strong>rodtoom.</strong></span> <span class='ocrx_word' id='word_1_391' title='bbox 574 4007 641 4070; x_wconf 81' lang='lat' dir='ltr'><strong>Lgi9</strong></span> <span class='ocrx_word' id='word_1_392' title='bbox 653 4009 673 4057; x_wconf 83' lang='grc' dir='ltr'><strong>Α</strong></span> <span class='ocrx_word' id='word_1_393' title='bbox 686 4008 714 4057; x_wconf 85' lang='grc' dir='ltr'><strong>Β.</strong></span> <span class='ocrx_word' id='word_1_394' title='bbox 730 4035 757 4045; x_wconf 83' lang='grc'><strong>-</strong></span> <span class='ocrx_word' id='word_1_395' title='bbox 770 4013 798 4057; x_wconf 83' lang='lat' dir='ltr'><strong>ut</strong></span> <span class='ocrx_word' id='word_1_396' title='bbox 807 4013 922 4058; x_wconf 81' lang='lat' dir='ltr'><strong>oratores</strong></span> <span class='ocrx_word' id='word_1_397' title='bbox 932 4033 946 4045; x_wconf 92' lang='lat'><strong>·</strong></span> <span class='ocrx_word' id='word_1_398' title='bbox 955 4034 968 4044; x_wconf 98' lang='lat'><em>-</em></span> <span class='ocrx_word' id='word_1_399' title='bbox 979 4013 1088 4058; x_wconf 69' lang='lat' dir='ltr'><strong>aaaron</strong></span> <span class='ocrx_word' id='word_1_400' title='bbox 1097 4009 1140 4070; x_wconf 79' lang='lat' dir='ltr'><strong>qui</strong></span> <span class='ocrx_word' id='word_1_401' title='bbox 1157 4021 1209 4058; x_wconf 90' lang='lat' dir='ltr'><strong>om.</strong></span> <span class='ocrx_word' id='word_1_402' title='bbox 1221 4008 1298 4072; x_wconf 75' lang='lat' dir='ltr'><strong>igit.</strong></span> <span class='ocrx_word' id='word_1_403' title='bbox 1314 4035 1340 4045; x_wconf 95' lang='lat'><em>-</em></span> <span class='ocrx_word' id='word_1_404' title='bbox 1355 4007 1380 4058; x_wconf 79' lang='grc'><strong>3.</strong></span> <span class='ocrx_word' id='word_1_405' title='bbox 1390 4021 1442 4069; x_wconf 76' lang='lat' dir='ltr'><strong>aaa</strong></span> <span class='ocrx_word' id='word_1_406' title='bbox 1452 4021 1505 4059; x_wconf 88' lang='lat' dir='ltr'><strong>om.</strong></span> <span class='ocrx_word' id='word_1_407' title='bbox 1519 4009 1599 4060; x_wconf 88' lang='lat' dir='ltr'><strong>idam.</strong></span> 
     </span>
     <span class='ocr_line' id='line_1_40' title="bbox 272 4079 1602 4146; baseline 0.004 -15"><span class='ocrx_word' id='word_1_408' title='bbox 272 4109 300 4122; x_wconf 87' lang='lat'>-</span> <span class='ocrx_word' id='word_1_409' title='bbox 315 4079 448 4144; x_wconf 63' lang='lat' dir='ltr'><strong>amcam]</strong></span> <span class='ocrx_word' id='word_1_410' title='bbox 466 4093 514 4142; x_wconf 80' lang='lat' dir='ltr'><strong>quc</strong></span> <span class='ocrx_word' id='word_1_411' title='bbox 529 4081 594 4131; x_wconf 83' lang='lat' dir='ltr'><strong>enim</strong></span> <span class='ocrx_word' id='word_1_412' title='bbox 611 4079 692 4131; x_wconf 87' lang='lat' dir='ltr'><strong>idem.</strong></span> <span class='ocrx_word' id='word_1_413' title='bbox 707 4107 734 4118; x_wconf 86' lang='lat'><strong>-</strong></span> <span class='ocrx_word' id='word_1_414' title='bbox 751 4080 776 4132; x_wconf 84' lang='lat' dir='ltr'><strong>t.</strong></span> <span class='ocrx_word' id='word_1_415' title='bbox 796 4081 927 4146; x_wconf 73' lang='lat' dir='ltr'><strong>leprosa]</strong></span> <span class='ocrx_word' id='word_1_416' title='bbox 954 4088 1063 4144; x_wconf 85' lang='lat' dir='ltr'><strong>tempore</strong></span> <span class='ocrx_word' id='word_1_417' title='bbox 1080 4085 1108 4132; x_wconf 88' lang='lat' dir='ltr'><strong>et</strong></span> <span class='ocrx_word' id='word_1_418' title='bbox 1124 4082 1220 4134; x_wconf 87' lang='lat' dir='ltr'><strong>deinde</strong></span> <span class='ocrx_word' id='word_1_419' title='bbox 1239 4084 1281 4145; x_wconf 81' lang='lat' dir='ltr'><strong>qui</strong></span> <span class='ocrx_word' id='word_1_420' title='bbox 1298 4084 1331 4133; x_wconf 81' lang='lat' dir='ltr'><strong>tos·</strong></span> <span class='ocrx_word' id='word_1_421' title='bbox 1348 4084 1429 4134; x_wconf 89' lang='lat' dir='ltr'><strong>idem.</strong></span> <span class='ocrx_word' id='word_1_422' title='bbox 1448 4106 1476 4119; x_wconf 90' lang='lat'>-</span> <span class='ocrx_word' id='word_1_423' title='bbox 1494 4083 1518 4134; x_wconf 83' lang='lat'><strong>6.</strong></span> <span class='ocrx_word' id='word_1_424' title='bbox 1541 4085 1602 4136; x_wconf 63' lang='lat' dir='ltr'><strong>Con</strong></span> 
     </span>
     <span class='ocr_line' id='line_1_41' title="bbox 272 4155 1599 4221; baseline 0.001 -13"><span class='ocrx_word' id='word_1_425' title='bbox 272 4155 456 4221; x_wconf 61' lang='lat' dir='ltr'><strong>megimadus</strong></span> <span class='ocrx_word' id='word_1_426' title='bbox 471 4156 551 4218; x_wconf 81' lang='lat' dir='ltr'><strong>Lagg.</strong></span> <span class='ocrx_word' id='word_1_427' title='bbox 570 4167 673 4206; x_wconf 88' lang='lat' dir='ltr'><strong>omues.</strong></span> <span class='ocrx_word' id='word_1_428' title='bbox 689 4181 718 4193; x_wconf 94' lang='lat'><em>-</em></span> <span class='ocrx_word' id='word_1_429' title='bbox 732 4155 756 4205; x_wconf 79' lang='grc'><strong>4.</strong></span> <span class='ocrx_word' id='word_1_430' title='bbox 775 4162 863 4207; x_wconf 77' lang='lat' dir='ltr'><strong>nostra</strong></span> <span class='ocrx_word' id='word_1_431' title='bbox 872 4171 899 4219; x_wconf 82' lang='lat' dir='ltr'><strong>p.</strong></span> <span class='ocrx_word' id='word_1_432' title='bbox 911 4159 1033 4207; x_wconf 75' lang='lat' dir='ltr'><strong>mortorio</strong></span> <span class='ocrx_word' id='word_1_433' title='bbox 1044 4157 1112 4220; x_wconf 74' lang='lat' dir='ltr'><strong>agia</strong></span> <span class='ocrx_word' id='word_1_434' title='bbox 1125 4163 1158 4209; x_wconf 77' lang='lat' dir='ltr'><strong>A:</strong></span> <span class='ocrx_word' id='word_1_435' title='bbox 1177 4163 1290 4208; x_wconf 79' lang='lat' dir='ltr'><strong>nostram</strong></span> <span class='ocrx_word' id='word_1_436' title='bbox 1297 4173 1324 4221; x_wconf 83' lang='lat' dir='ltr'><strong>p.</strong></span> <span class='ocrx_word' id='word_1_437' title='bbox 1342 4160 1490 4210; x_wconf 64' lang='lat' dir='ltr'><strong>mononem</strong></span> <span class='ocrx_word' id='word_1_438' title='bbox 1501 4158 1557 4211; x_wconf 87' lang='lat' dir='ltr'><strong>rell.</strong></span> <span class='ocrx_word' id='word_1_439' title='bbox 1572 4185 1599 4196; x_wconf 94' lang='lat'>-</span> 
     </span>
     <span class='ocr_line' id='line_1_42' title="bbox 273 4229 1598 4294; baseline 0 -10"><span class='ocrx_word' id='word_1_440' title='bbox 273 4235 299 4284; x_wconf 80' lang='lat' dir='ltr'><strong>iu</strong></span> <span class='ocrx_word' id='word_1_441' title='bbox 316 4232 403 4282; x_wconf 83' lang='lat' dir='ltr'><strong>eodem</strong></span> <span class='ocrx_word' id='word_1_442' title='bbox 422 4231 488 4279; x_wconf 86' lang='lat' dir='ltr'><strong>Non.</strong></span> <span class='ocrx_word' id='word_1_443' title='bbox 506 4242 532 4292; x_wconf 90' lang='lat' dir='ltr'><strong>p.</strong></span> <span class='ocrx_word' id='word_1_444' title='bbox 551 4229 608 4279; x_wconf 83' lang='grc'><strong>409.</strong></span> <span class='ocrx_word' id='word_1_445' title='bbox 623 4256 652 4267; x_wconf 91' lang='grc'><strong>-</strong></span> <span class='ocrx_word' id='word_1_446' title='bbox 665 4230 689 4280; x_wconf 90' lang='lat'><strong>8.</strong></span> <span class='ocrx_word' id='word_1_447' title='bbox 707 4236 765 4281; x_wconf 78' lang='lat' dir='ltr'><strong>sant</strong></span> <span class='ocrx_word' id='word_1_448' title='bbox 780 4231 805 4292; x_wconf 87' lang='grc'><strong>4,</strong></span> <span class='ocrx_word' id='word_1_449' title='bbox 825 4234 855 4294; x_wconf 82' lang='lat' dir='ltr'><strong>N,</strong></span> <span class='ocrx_word' id='word_1_450' title='bbox 874 4234 941 4283; x_wconf 86' lang='lat' dir='ltr'><strong>Non.</strong></span> <span class='ocrx_word' id='word_1_451' title='bbox 960 4230 977 4282; x_wconf 91' lang='lat' dir='ltr'><strong>l.</strong></span> <span class='ocrx_word' id='word_1_452' title='bbox 996 4245 1034 4282; x_wconf 91' lang='lat' dir='ltr'><strong>c.:</strong></span> <span class='ocrx_word' id='word_1_453' title='bbox 1053 4235 1101 4282; x_wconf 79' lang='lat' dir='ltr'><strong>sim</strong></span> <span class='ocrx_word' id='word_1_454' title='bbox 1118 4232 1183 4283; x_wconf 88' lang='lat' dir='ltr'><strong>dett.</strong></span> <span class='ocrx_word' id='word_1_455' title='bbox 1198 4238 1290 4283; x_wconf 83' lang='lat' dir='ltr'><strong>—tam</strong></span> <span class='ocrx_word' id='word_1_456' title='bbox 1306 4239 1439 4283; x_wconf 72' lang='lat' dir='ltr'><strong>cratonem</strong></span> <span class='ocrx_word' id='word_1_457' title='bbox 1448 4234 1556 4284; x_wconf 83' lang='lat' dir='ltr'><strong>Nouius.</strong></span> <span class='ocrx_word' id='word_1_458' title='bbox 1571 4261 1598 4271; x_wconf 97' lang='lat'>-</span> 
     </span>
     <span class='ocr_line' id='line_1_43' title="bbox 272 4301 1597 4371; baseline 0.001 -12"><span class='ocrx_word' id='word_1_459' title='bbox 272 4307 380 4359; x_wconf 75' lang='lat' dir='ltr'><strong>taleida</strong></span> <span class='ocrx_word' id='word_1_460' title='bbox 398 4302 476 4354; x_wconf 86' lang='lat' dir='ltr'><strong>codd.</strong></span> <span class='ocrx_word' id='word_1_461' title='bbox 494 4301 614 4368; x_wconf 85' lang='lat' dir='ltr'><strong>plerique</strong></span> <span class='ocrx_word' id='word_1_462' title='bbox 632 4317 693 4355; x_wconf 90' lang='lat' dir='ltr'><strong>cum</strong></span> <span class='ocrx_word' id='word_1_463' title='bbox 711 4305 807 4356; x_wconf 85' lang='lat' dir='ltr'><strong>Nonio:</strong></span> <span class='ocrx_word' id='word_1_464' title='bbox 826 4307 956 4357; x_wconf 72' lang='lat' dir='ltr'><strong>inimicia</strong></span> <span class='ocrx_word' id='word_1_465' title='bbox 972 4308 1041 4370; x_wconf 75' lang='lat' dir='ltr'><strong>Lago</strong></span> <span class='ocrx_word' id='word_1_466' title='bbox 1053 4307 1093 4357; x_wconf 82' lang='grc'><strong>44.</strong></span> <span class='ocrx_word' id='word_1_467' title='bbox 1109 4333 1136 4343; x_wconf 89' lang='grc'>-</span> <span class='ocrx_word' id='word_1_468' title='bbox 1155 4308 1180 4357; x_wconf 81' lang='lat' dir='ltr'><strong>a.</strong></span> <span class='ocrx_word' id='word_1_469' title='bbox 1198 4311 1299 4359; x_wconf 74' lang='lat' dir='ltr'><strong>sereret</strong></span> <span class='ocrx_word' id='word_1_470' title='bbox 1316 4307 1395 4371; x_wconf 74' lang='lat' dir='ltr'><strong>ugia:</strong></span> <span class='ocrx_word' id='word_1_471' title='bbox 1414 4315 1518 4360; x_wconf 69' lang='lat' dir='ltr'><strong>amodo</strong></span> <span class='ocrx_word' id='word_1_472' title='bbox 1534 4311 1597 4362; x_wconf 87' lang='lat' dir='ltr'><strong>dett.</strong></span> 
     </span>
     <span class='ocr_line' id='line_1_44' title="bbox 273 4380 1601 4448; baseline 0.001 -13"><span class='ocrx_word' id='word_1_473' title='bbox 273 4385 303 4435; x_wconf 90' lang='lat'><strong>0.</strong></span> <span class='ocrx_word' id='word_1_474' title='bbox 314 4409 340 4420; x_wconf 91' lang='lat'><strong>-·</strong></span> <span class='ocrx_word' id='word_1_475' title='bbox 351 4381 393 4432; x_wconf 88' lang='grc'><strong>40.</strong></span> <span class='ocrx_word' id='word_1_476' title='bbox 403 4381 542 4430; x_wconf 77' lang='lat' dir='ltr'><strong>lomaniae.</strong></span> <span class='ocrx_word' id='word_1_477' title='bbox 552 4393 577 4428; x_wconf 80' lang='lat' dir='ltr'><strong>a.</strong></span> <span class='ocrx_word' id='word_1_478' title='bbox 588 4381 765 4432; x_wconf 81' lang='lat' dir='ltr'><strong>monedulam.</strong></span> <span class='ocrx_word' id='word_1_479' title='bbox 776 4380 885 4445; x_wconf 59' lang='grc'><strong>4844-</strong></span> <span class='ocrx_word' id='word_1_480' title='bbox 896 4381 956 4448; x_wconf 79' lang='lat' dir='ltr'><strong>tacu]</strong></span> <span class='ocrx_word' id='word_1_481' title='bbox 967 4383 1050 4432; x_wconf 75' lang='lat' dir='ltr'><strong>tumst</strong></span> <span class='ocrx_word' id='word_1_482' title='bbox 1059 4382 1139 4432; x_wconf 83' lang='lat' dir='ltr'><strong>idern.</strong></span> <span class='ocrx_word' id='word_1_483' title='bbox 1149 4410 1176 4419; x_wconf 95' lang='lat'><em>-</em></span> <span class='ocrx_word' id='word_1_484' title='bbox 1188 4384 1228 4433; x_wconf 91' lang='lat' dir='ltr'><strong>lt.</strong></span> <span class='ocrx_word' id='word_1_485' title='bbox 1239 4384 1411 4446; x_wconf 78' lang='lat' dir='ltr'><strong>leviatotgtl</strong></span> <span class='ocrx_word' id='word_1_486' title='bbox 1422 4386 1463 4436; x_wconf 85' lang='grc'><strong>49.</strong></span> <span class='ocrx_word' id='word_1_487' title='bbox 1475 4411 1501 4424; x_wconf 91' lang='grc'><strong>-</strong></span> <span class='ocrx_word' id='word_1_488' title='bbox 1511 4387 1601 4437; x_wconf 75' lang='lat' dir='ltr'><strong>liutdto</strong></span> 
     </span>
     <span class='ocr_line' id='line_1_45' title="bbox 272 4454 1600 4523; baseline 0.005 -15"><span class='ocrx_word' id='word_1_489' title='bbox 272 4455 351 4523; x_wconf 77' lang='lat' dir='ltr'><strong>1.ng</strong></span> <span class='ocrx_word' id='word_1_490' title='bbox 368 4454 511 4518; x_wconf 73' lang='lat' dir='ltr'><strong>Popiltoiti.</strong></span> <span class='ocrx_word' id='word_1_491' title='bbox 523 4481 550 4490; x_wconf 94' lang='lat'>—</span> <span class='ocrx_word' id='word_1_492' title='bbox 560 4455 617 4520; x_wconf 68' lang='lat' dir='ltr'><strong>HJ]</strong></span> <span class='ocrx_word' id='word_1_493' title='bbox 625 4457 650 4506; x_wconf 86' lang='lat' dir='ltr'><strong>P.</strong></span> <span class='ocrx_word' id='word_1_494' title='bbox 666 4455 735 4519; x_wconf 76' lang='lat' dir='ltr'><strong>agra</strong></span> <span class='ocrx_word' id='word_1_495' title='bbox 746 4459 766 4508; x_wconf 83' lang='grc' dir='ltr'><strong>Α</strong></span> <span class='ocrx_word' id='word_1_496' title='bbox 779 4457 813 4514; x_wconf 81' lang='lat' dir='ltr'><strong>li;</strong></span> <span class='ocrx_word' id='word_1_497' title='bbox 828 4457 862 4507; x_wconf 76' lang='lat' dir='ltr'><strong>ld.</strong></span> <span class='ocrx_word' id='word_1_498' title='bbox 878 4455 1022 4520; x_wconf 71' lang='lat' dir='ltr'><strong>baggrell.</strong></span> <span class='ocrx_word' id='word_1_499' title='bbox 1038 4483 1065 4493; x_wconf 97' lang='lat'><em>-</em></span> <span class='ocrx_word' id='word_1_500' title='bbox 1080 4459 1178 4520; x_wconf 79' lang='lat' dir='ltr'><strong>Aquilio</strong></span> <span class='ocrx_word' id='word_1_501' title='bbox 1194 4459 1273 4522; x_wconf 81' lang='lat' dir='ltr'><strong>Lagg.</strong></span> <span class='ocrx_word' id='word_1_502' title='bbox 1292 4460 1399 4522; x_wconf 74' lang='lat' dir='ltr'><strong>(Equitio</strong></span> <span class='ocrx_word' id='word_1_503' title='bbox 1414 4459 1471 4523; x_wconf 75' lang='lat' dir='ltr'><strong>lit:</strong></span> <span class='ocrx_word' id='word_1_504' title='bbox 1493 4462 1600 4522; x_wconf 59' lang='lat' dir='ltr'><strong>Admitto</strong></span> 
     </span>
     <span class='ocr_line' id='line_1_46' title="bbox 273 4527 1597 4600; baseline 0.002 -14"><span class='ocrx_word' id='word_1_505' title='bbox 273 4539 335 4586; x_wconf 87' lang='lat' dir='ltr'><strong>cett.</strong></span> <span class='ocrx_word' id='word_1_506' title='bbox 359 4533 389 4583; x_wconf 90' lang='grc'><strong>0.</strong></span> <span class='ocrx_word' id='word_1_507' title='bbox 411 4559 438 4570; x_wconf 89' lang='lat'>-</span> <span class='ocrx_word' id='word_1_508' title='bbox 452 4534 583 4594; x_wconf 63' lang='lat' dir='ltr'><strong>praetem</strong></span> <span class='ocrx_word' id='word_1_509' title='bbox 603 4531 685 4596; x_wconf 70' lang='lat' dir='ltr'><strong>igit:</strong></span> <span class='ocrx_word' id='word_1_510' title='bbox 706 4527 746 4594; x_wconf 67' lang='lat' dir='ltr'><strong>pt&#39;a</strong></span> <span class='ocrx_word' id='word_1_511' title='bbox 773 4529 829 4582; x_wconf 85' lang='lat' dir='ltr'><strong>rell.</strong></span> <span class='ocrx_word' id='word_1_512' title='bbox 852 4534 946 4596; x_wconf 81' lang='lat' dir='ltr'><strong>Lagg.;</strong></span> <span class='ocrx_word' id='word_1_513' title='bbox 972 4533 1130 4595; x_wconf 78' lang='lat' dir='ltr'><strong>praetoribus</strong></span> <span class='ocrx_word' id='word_1_514' title='bbox 1153 4536 1182 4584; x_wconf 94' lang='lat'><strong>0.</strong></span> <span class='ocrx_word' id='word_1_515' title='bbox 1206 4561 1233 4571; x_wconf 92' lang='lat'><em>-</em></span> <span class='ocrx_word' id='word_1_516' title='bbox 1260 4535 1300 4586; x_wconf 82' lang='grc'><strong>43.</strong></span> <span class='ocrx_word' id='word_1_517' title='bbox 1322 4535 1447 4586; x_wconf 79' lang='lat' dir='ltr'><strong>Asdrubal</strong></span> <span class='ocrx_word' id='word_1_518' title='bbox 1467 4537 1544 4600; x_wconf 67' lang='lat' dir='ltr'><strong>mes.</strong></span> <span class='ocrx_word' id='word_1_519' title='bbox 1570 4565 1597 4576; x_wconf 86' lang='lat'>-</span> 
     </span>
     <span class='ocr_line' id='line_1_47' title="bbox 272 4605 1595 4674; baseline 0.001 -12"><span class='ocrx_word' id='word_1_520' title='bbox 272 4611 313 4663; x_wconf 78' lang='lat' dir='ltr'><strong>to.</strong></span> <span class='ocrx_word' id='word_1_521' title='bbox 332 4610 428 4659; x_wconf 84' lang='lat' dir='ltr'><strong>litteras</strong></span> <span class='ocrx_word' id='word_1_522' title='bbox 442 4605 554 4668; x_wconf 79' lang='lat' dir='ltr'><strong>publicar</strong></span> <span class='ocrx_word' id='word_1_523' title='bbox 570 4606 639 4669; x_wconf 76' lang='lat' dir='ltr'><strong>Lg29</strong></span> <span class='ocrx_word' id='word_1_524' title='bbox 650 4610 680 4658; x_wconf 82' lang='grc' dir='ltr'><strong>Α.</strong></span> <span class='ocrx_word' id='word_1_525' title='bbox 696 4633 723 4643; x_wconf 88' lang='lat'>-</span> <span class='ocrx_word' id='word_1_526' title='bbox 739 4607 778 4657; x_wconf 81' lang='grc'><strong>47.</strong></span> <span class='ocrx_word' id='word_1_527' title='bbox 796 4607 908 4657; x_wconf 81' lang='lat' dir='ltr'><strong>bobilam</strong></span> <span class='ocrx_word' id='word_1_528' title='bbox 925 4610 1001 4672; x_wconf 81' lang='lat' dir='ltr'><strong>Lagg.</strong></span> <span class='ocrx_word' id='word_1_529' title='bbox 1015 4611 1040 4658; x_wconf 79' lang='lat'><strong>5.</strong></span> <span class='ocrx_word' id='word_1_530' title='bbox 1054 4613 1174 4673; x_wconf 82' lang='lat' dir='ltr'><strong>excepto.</strong></span> <span class='ocrx_word' id='word_1_531' title='bbox 1190 4635 1216 4644; x_wconf 92' lang='lat'><em>-</em></span> <span class='ocrx_word' id='word_1_532' title='bbox 1231 4610 1271 4660; x_wconf 89' lang='grc'><strong>48.</strong></span> <span class='ocrx_word' id='word_1_533' title='bbox 1288 4611 1427 4672; x_wconf 76' lang='lat' dir='ltr'><strong>reperiatur</strong></span> <span class='ocrx_word' id='word_1_534' title='bbox 1437 4611 1506 4674; x_wconf 78' lang='lat' dir='ltr'><strong>Lgii</strong></span> <span class='ocrx_word' id='word_1_535' title='bbox 1517 4611 1558 4663; x_wconf 85' lang='grc'><strong>44.</strong></span> <span class='ocrx_word' id='word_1_536' title='bbox 1571 4637 1595 4651; x_wconf 87' lang='grc'>-</span> 
     </span>
     <span class='ocr_line' id='line_1_48' title="bbox 272 4681 1600 4749; baseline 0.002 -14"><span class='ocrx_word' id='word_1_537' title='bbox 272 4689 378 4736; x_wconf 68' lang='lat' dir='ltr'><strong>vorent</strong></span> <span class='ocrx_word' id='word_1_538' title='bbox 394 4681 477 4747; x_wconf 79' lang='lat' dir='ltr'><strong>Lgti;</strong></span> <span class='ocrx_word' id='word_1_539' title='bbox 496 4685 551 4729; x_wconf 80' lang='lat' dir='ltr'><strong>oret</strong></span> <span class='ocrx_word' id='word_1_540' title='bbox 567 4681 608 4731; x_wconf 81' lang='grc'><strong>44.</strong></span> <span class='ocrx_word' id='word_1_541' title='bbox 630 4709 657 4718; x_wconf 93' lang='grc'><strong>-</strong></span> <span class='ocrx_word' id='word_1_542' title='bbox 676 4682 717 4732; x_wconf 86' lang='grc'><strong>40.</strong></span> <span class='ocrx_word' id='word_1_543' title='bbox 734 4681 887 4746; x_wconf 77' lang='lat' dir='ltr'><strong>familiarem</strong></span> <span class='ocrx_word' id='word_1_544' title='bbox 904 4697 957 4734; x_wconf 89' lang='lat' dir='ltr'><strong>orn.</strong></span> <span class='ocrx_word' id='word_1_545' title='bbox 977 4683 1053 4748; x_wconf 76' lang='lat' dir='ltr'><strong>igit.</strong></span> <span class='ocrx_word' id='word_1_546' title='bbox 1075 4692 1103 4722; x_wconf 86' lang='grc'><strong>-’</strong></span> <span class='ocrx_word' id='word_1_547' title='bbox 1120 4685 1192 4734; x_wconf 77' lang='lat' dir='ltr'><strong>bocco</strong></span> <span class='ocrx_word' id='word_1_548' title='bbox 1209 4697 1262 4736; x_wconf 89' lang='lat' dir='ltr'><strong>om.</strong></span> <span class='ocrx_word' id='word_1_549' title='bbox 1281 4684 1359 4749; x_wconf 78' lang='lat' dir='ltr'><strong>Lgli.</strong></span> <span class='ocrx_word' id='word_1_550' title='bbox 1380 4713 1407 4722; x_wconf 90' lang='lat'>-</span> <span class='ocrx_word' id='word_1_551' title='bbox 1425 4687 1466 4736; x_wconf 85' lang='grc'><strong>44.</strong></span> <span class='ocrx_word' id='word_1_552' title='bbox 1485 4699 1535 4737; x_wconf 81' lang='lat' dir='ltr'><strong>esse</strong></span> <span class='ocrx_word' id='word_1_553' title='bbox 1550 4701 1600 4738; x_wconf 78' lang='lat' dir='ltr'><strong>uon</strong></span> 
     </span>
     <span class='ocr_line' id='line_1_49' title="bbox 272 4756 1596 4824; baseline 0.002 -14"><span class='ocrx_word' id='word_1_554' title='bbox 272 4771 326 4810; x_wconf 88' lang='lat' dir='ltr'><strong>om.</strong></span> <span class='ocrx_word' id='word_1_555' title='bbox 345 4757 428 4816; x_wconf 85' lang='lat' dir='ltr'><strong>dett.;</strong></span> <span class='ocrx_word' id='word_1_556' title='bbox 446 4770 495 4809; x_wconf 79' lang='lat' dir='ltr'><strong>sess</strong></span> <span class='ocrx_word' id='word_1_557' title='bbox 512 4756 617 4808; x_wconf 89' lang='lat' dir='ltr'><strong>tncluslt</strong></span> <span class='ocrx_word' id='word_1_558' title='bbox 633 4759 662 4810; x_wconf 90' lang='grc'><strong>0.</strong></span> <span class='ocrx_word' id='word_1_559' title='bbox 683 4785 710 4795; x_wconf 88' lang='grc'><strong>-</strong></span> <span class='ocrx_word' id='word_1_560' title='bbox 730 4760 771 4810; x_wconf 85' lang='grc'><strong>44.</strong></span> <span class='ocrx_word' id='word_1_561' title='bbox 789 4759 944 4824; x_wconf 59' lang='grc'><strong>4414444444.-</strong></span> <span class='ocrx_word' id='word_1_562' title='bbox 965 4789 986 4797; x_wconf 97' lang='lat'><em>-</em></span> <span class='ocrx_word' id='word_1_563' title='bbox 1010 4761 1050 4811; x_wconf 86' lang='grc'><strong>43.</strong></span> <span class='ocrx_word' id='word_1_564' title='bbox 1070 4761 1188 4810; x_wconf 67' lang='grc' dir='ltr'><strong>σίυενηοάί</strong></span> <span class='ocrx_word' id='word_1_565' title='bbox 1205 4759 1285 4823; x_wconf 74' lang='lat' dir='ltr'><strong>agia:</strong></span> <span class='ocrx_word' id='word_1_566' title='bbox 1303 4761 1442 4810; x_wconf 74' lang='lat' dir='ltr'><strong>baiuomdt</strong></span> <span class='ocrx_word' id='word_1_567' title='bbox 1458 4759 1514 4812; x_wconf 92' lang='lat' dir='ltr'><strong>rell.</strong></span> <span class='ocrx_word' id='word_1_568' title='bbox 1528 4763 1556 4813; x_wconf 90' lang='lat'><strong>0.</strong></span> <span class='ocrx_word' id='word_1_569' title='bbox 1571 4789 1596 4800; x_wconf 97' lang='lat'>-</span> 
     </span>
     <span class='ocr_line' id='line_1_50' title="bbox 271 4833 1595 4900; baseline 0.001 -14"><span class='ocrx_word' id='word_1_570' title='bbox 271 4834 313 4886; x_wconf 84' lang='grc'><strong>44.</strong></span> <span class='ocrx_word' id='word_1_571' title='bbox 331 4833 443 4886; x_wconf 73' lang='lat' dir='ltr'>TAMEN</span> <span class='ocrx_word' id='word_1_572' title='bbox 453 4859 492 4872; x_wconf 94' lang='lat'><strong>--</strong></span> <span class='ocrx_word' id='word_1_573' title='bbox 504 4833 595 4884; x_wconf 82' lang='grc'><strong>44444</strong></span> <span class='ocrx_word' id='word_1_574' title='bbox 609 4846 663 4885; x_wconf 84' lang='lat' dir='ltr'><strong>orn.</strong></span> <span class='ocrx_word' id='word_1_575' title='bbox 682 4833 759 4898; x_wconf 73' lang='lat' dir='ltr'><strong>agit.</strong></span> <span class='ocrx_word' id='word_1_576' title='bbox 776 4860 800 4872; x_wconf 92' lang='lat'>-</span> <span class='ocrx_word' id='word_1_577' title='bbox 817 4835 858 4886; x_wconf 77' lang='lat' dir='ltr'><strong>aa.</strong></span> <span class='ocrx_word' id='word_1_578' title='bbox 879 4836 925 4900; x_wconf 78' lang='lat' dir='ltr'><strong>Vl]</strong></span> <span class='ocrx_word' id='word_1_579' title='bbox 942 4841 965 4885; x_wconf 86' lang='lat' dir='ltr'><strong>ol</strong></span> <span class='ocrx_word' id='word_1_580' title='bbox 982 4837 1060 4899; x_wconf 81' lang='lat' dir='ltr'><strong>Lagg.</strong></span> <span class='ocrx_word' id='word_1_581' title='bbox 1079 4838 1185 4899; x_wconf 87' lang='lat' dir='ltr'><strong>praeter</strong></span> <span class='ocrx_word' id='word_1_582' title='bbox 1201 4833 1247 4894; x_wconf 83' lang='lat' dir='ltr'><strong>to;</strong></span> <span class='ocrx_word' id='word_1_583' title='bbox 1267 4838 1324 4885; x_wconf 88' lang='lat' dir='ltr'><strong>erat</strong></span> <span class='ocrx_word' id='word_1_584' title='bbox 1340 4837 1400 4885; x_wconf 88' lang='lat' dir='ltr'><strong>ante</strong></span> <span class='ocrx_word' id='word_1_585' title='bbox 1418 4833 1509 4886; x_wconf 82' lang='lat' dir='ltr'><strong>Lenrb</strong></span> <span class='ocrx_word' id='word_1_586' title='bbox 1527 4841 1595 4887; x_wconf 81' lang='lat' dir='ltr'><strong>atet.</strong></span> 
     </span>
     <span class='ocr_line' id='line_1_51' title="bbox 273 4907 1598 4976; baseline 0.002 -17"><span class='ocrx_word' id='word_1_587' title='bbox 273 4907 367 4973; x_wconf 74' lang='lat' dir='ltr'><strong>[Apud.</strong></span> <span class='ocrx_word' id='word_1_588' title='bbox 386 4909 414 4959; x_wconf 88' lang='grc' dir='ltr'><strong>Ζ.</strong></span> <span class='ocrx_word' id='word_1_589' title='bbox 434 4907 468 4959; x_wconf 91' lang='lat' dir='ltr'><strong>de</strong></span> <span class='ocrx_word' id='word_1_590' title='bbox 486 4909 563 4973; x_wconf 79' lang='lat' dir='ltr'><strong>lagg.</strong></span> <span class='ocrx_word' id='word_1_591' title='bbox 583 4909 697 4974; x_wconf 75' lang='lat' dir='ltr'><strong>graviter</strong></span> <span class='ocrx_word' id='word_1_592' title='bbox 714 4911 832 4961; x_wconf 85' lang='lat' dir='ltr'><strong>erratum</strong></span> <span class='ocrx_word' id='word_1_593' title='bbox 849 4911 909 4976; x_wconf 88' lang='lat' dir='ltr'><strong>est.]</strong></span> <span class='ocrx_word' id='word_1_594' title='bbox 924 4937 951 4947; x_wconf 92' lang='lat'><em>-</em></span> <span class='ocrx_word' id='word_1_595' title='bbox 963 4911 1004 4961; x_wconf 83' lang='grc'><strong>49.</strong></span> <span class='ocrx_word' id='word_1_596' title='bbox 1022 4911 1179 4973; x_wconf 79' lang='lat' dir='ltr'><strong>reliquosque</strong></span> <span class='ocrx_word' id='word_1_597' title='bbox 1191 4909 1292 4973; x_wconf 73' lang='lat' dir='ltr'><strong>tapubrs&#39;</strong></span> <span class='ocrx_word' id='word_1_598' title='bbox 1305 4908 1382 4973; x_wconf 75' lang='lat' dir='ltr'><strong>igit.</strong></span> <span class='ocrx_word' id='word_1_599' title='bbox 1397 4933 1425 4946; x_wconf 93' lang='lat'><strong>-·</strong></span> <span class='ocrx_word' id='word_1_600' title='bbox 1443 4909 1598 4961; x_wconf 76' lang='lat' dir='ltr'><strong>calamitates</strong></span> 
     </span>
     <span class='ocr_line' id='line_1_52' title="bbox 270 4982 1594 5050; baseline 0.001 -17"><span class='ocrx_word' id='word_1_601' title='bbox 270 4982 350 5034; x_wconf 87' lang='lat' dir='ltr'><strong>idem.</strong></span> <span class='ocrx_word' id='word_1_602' title='bbox 362 5010 390 5021; x_wconf 98' lang='lat'>-</span> <span class='ocrx_word' id='word_1_603' title='bbox 401 4982 441 5034; x_wconf 80' lang='lat'><strong>³⁰.</strong></span> <span class='ocrx_word' id='word_1_604' title='bbox 460 4983 563 5034; x_wconf 62' lang='lat' dir='ltr'><strong>Sicilia</strong></span> <span class='ocrx_word' id='word_1_605' title='bbox 579 4997 633 5035; x_wconf 88' lang='lat' dir='ltr'><strong>orn.</strong></span> <span class='ocrx_word' id='word_1_606' title='bbox 652 4983 732 5035; x_wconf 90' lang='lat' dir='ltr'><strong>idem.</strong></span> <span class='ocrx_word' id='word_1_607' title='bbox 745 5009 773 5022; x_wconf 90' lang='lat'><em>-</em></span> <span class='ocrx_word' id='word_1_608' title='bbox 785 4986 920 5047; x_wconf 79' lang='lat' dir='ltr'><strong>penarium</strong></span> <span class='ocrx_word' id='word_1_609' title='bbox 938 4985 1005 5048; x_wconf 81' lang='lat' dir='ltr'><strong>Lgi9</strong></span> <span class='ocrx_word' id='word_1_610' title='bbox 1017 4983 1049 5034; x_wconf 89' lang='grc'><strong>44</strong></span> <span class='ocrx_word' id='word_1_611' title='bbox 1060 4986 1090 5035; x_wconf 86' lang='grc' dir='ltr'><strong>Α.</strong></span> <span class='ocrx_word' id='word_1_612' title='bbox 1102 5011 1129 5022; x_wconf 91' lang='lat'><em>-</em></span> <span class='ocrx_word' id='word_1_613' title='bbox 1140 4984 1180 5035; x_wconf 86' lang='grc'><strong>34.</strong></span> <span class='ocrx_word' id='word_1_614' title='bbox 1199 4989 1351 5047; x_wconf 65' lang='lat' dir='ltr'><strong>aspectae,</strong></span> <span class='ocrx_word' id='word_1_615' title='bbox 1374 4985 1460 5047; x_wconf 82' lang='lat' dir='ltr'><strong>sipot.</strong></span> <span class='ocrx_word' id='word_1_616' title='bbox 1479 4986 1548 5050; x_wconf 81' lang='lat' dir='ltr'><strong>Lgii</strong></span> <span class='ocrx_word' id='word_1_617' title='bbox 1558 4987 1594 5037; x_wconf 85' lang='lat' dir='ltr'><strong>N:</strong></span> 
     </span>
     <span class='ocr_line' id='line_1_53' title="bbox 270 5058 1557 5128; baseline 0 -16"><span class='ocrx_word' id='word_1_618' title='bbox 270 5062 411 5124; x_wconf 62' lang='lat' dir='ltr'><strong>modulo</strong></span> <span class='ocrx_word' id='word_1_619' title='bbox 431 5071 485 5111; x_wconf 85' lang='lat' dir='ltr'><strong>om.</strong></span> <span class='ocrx_word' id='word_1_620' title='bbox 504 5061 549 5111; x_wconf 88' lang='lat' dir='ltr'><strong>ott.</strong></span> <span class='ocrx_word' id='word_1_621' title='bbox 570 5085 597 5098; x_wconf 52' lang='grc' dir='ltr'>ν</span> <span class='ocrx_word' id='word_1_622' title='bbox 616 5058 657 5110; x_wconf 82' lang='grc'><strong>44.</strong></span> <span class='ocrx_word' id='word_1_623' title='bbox 676 5060 784 5112; x_wconf 63' lang='lat' dir='ltr'><strong>caedite</strong></span> <span class='ocrx_word' id='word_1_624' title='bbox 799 5061 899 5115; x_wconf 68' lang='lat' dir='ltr'><strong>bolom</strong></span> <span class='ocrx_word' id='word_1_625' title='bbox 914 5061 1039 5116; x_wconf 80' lang='lat' dir='ltr'><strong>ltotettmn</strong></span> <span class='ocrx_word' id='word_1_626' title='bbox 1055 5059 1133 5128; x_wconf 77' lang='lat' dir='ltr'><strong>ugia.</strong></span> <span class='ocrx_word' id='word_1_627' title='bbox 1154 5085 1181 5097; x_wconf 93' lang='lat'>-</span> <span class='ocrx_word' id='word_1_628' title='bbox 1200 5059 1240 5115; x_wconf 79' lang='grc'><strong>43.</strong></span> <span class='ocrx_word' id='word_1_629' title='bbox 1259 5073 1308 5112; x_wconf 77' lang='lat' dir='ltr'><strong>atu</strong></span> <span class='ocrx_word' id='word_1_630' title='bbox 1324 5061 1433 5112; x_wconf 79' lang='lat' dir='ltr'><strong>desertas</strong></span> <span class='ocrx_word' id='word_1_631' title='bbox 1448 5061 1517 5126; x_wconf 71' lang='lat' dir='ltr'><strong>Egit</strong></span> <span class='ocrx_word' id='word_1_632' title='bbox 1528 5061 1557 5114; x_wconf 79' lang='grc' dir='ltr'><strong>Β.</strong></span> 
     </span>
    </p>
   </div>
   <div class='ocr_carea' id='block_1_5' title="bbox 0 0 1824 5868">
    <p class='ocr_par' dir='ltr' id='par_1_27' title="bbox 0 0 1824 5868">
     <span class='ocr_line' id='line_1_54' title="bbox 0 0 1824 5868; baseline 0 3"><span class='ocrx_word' id='word_1_633' title='bbox 0 0 1824 5868; x_wconf 95' lang='lat' dir='ltr'><strong> </strong></span> 
     </span>
    </p>
   </div>
  </div>
 </body>
</html>
