3642 5868
259 417 323 488 ill
626 424 670 488 ΙΝ
681 423 858 491 ,venanti
877 422 999 490 seno
1020 422 1204 490 SECUNDA

178 597 207 714 ί,
261 594 452 660 senatorium
473 613 589 660 nomen
611 594 776 659 nundinati
792 601 881 658 sunt:
903 601 935 660 et
948 595 1035 680 quod
1049 593 1208 669 Halesini,
1224 591 1436 677 antiquissimi
1450 598 1483 657 st
1496 588 1573 660 tide·
1631 641 1635 648 -

195 684 200 693 '
259 690 372 756 lissimi
401 688 479 753 socii
507 694 605 771 atque
633 688 742 764 amici,
774 690 892 752 Romae
913 689 1117 774 impetrarant
1138 694 1173 750 ut
1194 687 1279 771 apud
1299 707 1333 750 se
1355 707 1395 750 ns
1416 688 1573 771 suffragiis

260 782 389 869 quidem
410 779 477 861 fieri
499 781 624 857 liceret,
645 783 678 844 id
700 782 802 865 pretio
823 789 859 846 ut
879 781 947 846 lieri
969 790 1077 866 posset
1092 782 1204 846 etieoit.
1240 781 1276 846 L.
1291 776 1362 846 ⁴23.
1376 781 1573 866 Agrigentini

259 877 299 940 de
319 882 430 941 senatu
452 876 631 959 cooptando
654 875 811 960 Scipionis
833 876 918 959 leges
939 875 1088 960 antiquas
1109 876 1242 951 habent,
1270 875 1304 940 in
1327 876 1442 961 quibus
1465 883 1498 940 et
1518 876 1575 942 illa

235 970 369 1042 seadem
389 976 498 1036 sancta
518 976 638 1033 suntet
658 969 720 1033 hoo
735 970 891 1052 amplius:
913 991 985 1033 eum
999 970 1275 1053 Agrigentinorum
1289 972 1353 1035 duo
1369 989 1485 1053 genera
1499 969 1573 1047 sint,

257 1083 356 1130 unum
377 1071 534 1140 veterum,
562 1063 696 1128 alterum
718 1063 921 1140 colonorum,
951 1085 1031 1148 quos
1059 1066 1094 1127 Τ.
1115 1064 1252 1129 Manlius
1273 1073 1400 1149 praetor
1421 1084 1461 1128 ex
1483 1083 1574 1128 sena·
1625 1081 1628 1088 ’

257 1165 310 1222 tus
326 1157 470 1222 consulto
493 1157 533 1222 de
554 1158 681 1241 oppidis
703 1158 881 1222 Siculorum
904 1159 1036 1222 deduxit
1056 1158 1276 1240 Agrigentum,
1309 1165 1436 1223 cautum
1465 1166 1513 1223 est
1539 1159 1574 1222 iu

258 1253 416 1337 Scipionis
437 1252 576 1336 legibus,
597 1272 638 1316 ne
659 1253 765 1337 plures
780 1259 887 1318 essent
900 1254 933 1317 in
949 1260 1060 1316 senatu
1075 1271 1115 1316 ex
1130 1253 1316 1316 colonorum
1330 1273 1461 1318 numero
1477 1273 1573 1338 quam

258 1368 299 1413 ax
330 1354 436 1412 vetere
468 1347 756 1430 Agrigentinorum.
798 1349 878 1424 Iste,
912 1349 968 1432 qui
998 1347 1103 1412 omnia
1132 1347 1202 1410 iura
1228 1348 1332 1432 pretio
1363 1353 1574 1432 exaequasset

221 1441 461 1525 coomniumque
493 1463 599 1507 rerum
627 1441 784 1507 delectum
811 1451 907 1528 atque
934 1442 1101 1507 discrimen
1122 1443 1257 1525 pecunia
1278 1442 1476 1516 sustulisset,
1507 1461 1572 1506 non

257 1538 352 1602 modo
373 1536 438 1613 illa,
461 1557 544 1621 quae
563 1545 652 1602 erant
667 1539 789 1613 aetatis,
811 1539 931 1602 ordinis
946 1544 1170 1623 quaestusque,
1192 1537 1384 1621 permiscuit,
1406 1535 1571 1600 sedetiam

255 1633 291 1696 in
310 1631 364 1703 nis,
384 1630 508 1696 duobus
529 1632 696 1715 generibus
709 1632 824 1696 civium
839 1652 995 1697 novorum
1009 1639 1214 1717 veterumque
1229 1631 1374 1696 turbavit.
1407 1626 1478 1696 tit.
1492 1631 1571 1694 Nam

257 1745 329 1792 oum
357 1732 441 1789 esset
470 1746 511 1791 ex
538 1733 680 1791 veterum
708 1746 841 1790 numero
872 1726 1001 1810 quidam
1029 1732 1156 1790 senator
1182 1727 1364 1790 demortuus
1386 1731 1509 1790 etcum
1530 1745 1572 1790 cx

256 1828 395 1905 utroque
423 1840 539 1905 genere
567 1840 626 1903 par
652 1841 801 1885 numerus
822 1821 965 1904 reliquus
988 1825 1089 1882 esset:
1118 1825 1257 1883 veterem
1278 1820 1421 1903 cooptari
1441 1839 1571 1884 necesse

220 1923 325 1985 tterat
344 1915 484 2000 legibus,
505 1921 541 1980 ut
561 1917 589 1980 is
611 1916 746 1999 amplior
767 1935 917 1979 numerus
940 1916 1032 1978 esset.
1064 1913 1154 1989 Quae
1175 1933 1246 1976 oum
1260 1914 1304 1977 ita
1318 1933 1353 1976 se
1368 1933 1418 1976 res
1432 1912 1571 1989 haberet,

257 2017 363 2074 tamen
387 2011 428 2074 ad
454 2011 550 2075 istum
576 2016 718 2092 emptum
743 2016 897 2074 venerunt
923 2008 1014 2072 illum
1043 2007 1149 2071 locum
1169 2008 1360 2071 senatorium
1382 2026 1447 2070 non
1468 2007 1573 2070 solum

255 2111 396 2180 veteres,
422 2123 530 2168 verum
560 2104 655 2168 etiam
682 2104 767 2168 nori.
809 2103 874 2178 Fit,
906 2108 943 2166 ut
970 2103 1071 2185 pretio
1099 2121 1201 2164 novus
1223 2103 1329 2166 vincat
1349 2101 1573 2186 litterasquea

255 2205 400 2284 praetore
422 2199 532 2264 afferat
551 2197 766 2280 Agrigentum.
808 2197 1005 2281 Agrigentini
1027 2197 1068 2260 ad
1089 2197 1184 2260 istum
1204 2196 1325 2280 legatos
1347 2195 1490 2271 mittunt,
1516 2196 1573 2280 qui

256 2313 330 2357 eum
351 2295 436 2377 leges
459 2291 593 2356 doceant
614 2292 938 2376 consuetudinemque
960 2293 1100 2356 omniurn
1114 2309 1268 2355 annorum
1290 2291 1515 2366 demonstrent,
1536 2296 1572 2354 ut

218 2389 316 2458 miste
336 2387 525 2470 intelligeret
547 2385 576 2448 ei
599 2406 633 2450 se
656 2385 745 2450 illum
767 2387 871 2450 locum
894 2386 1089 2461 vendidisse,
1117 2384 1169 2449 cui
1194 2404 1235 2447 ne
1258 2384 1478 2448 commercium
1499 2384 1571 2467 qui·

256 2481 328 2546 dens
350 2501 419 2544 esse
441 2488 609 2565 oporteret.
647 2480 789 2556 Quorum
810 2481 955 2544 oratione
976 2481 1053 2554 iste,
1076 2501 1146 2544 cum
1161 2480 1297 2562 pretium
1312 2480 1374 2542 iam
1389 2480 1570 2566 accepisset,

255 2595 295 2638 ne
317 2574 473 2639 tantulum
495 2575 624 2658 quidem
646 2581 819 2639 commotus
842 2581 900 2638 est.
944 2571 1015 2638 tis.
1036 2574 1123 2638 ldem
1144 2573 1219 2637 fecit
1232 2572 1404 2637 Heracliae.
1437 2573 1516 2637 Nam
1531 2591 1570 2636 eo

255 2687 385 2752 quoque
407 2667 537 2733 colonos
565 2670 599 2732 P.
620 2670 766 2753 Rupilius
789 2670 920 2734 deduxit
946 2669 1098 2753 legesque
1119 2668 1239 2732 similes
1263 2667 1301 2732 de
1321 2666 1500 2751 cooptando
1520 2687 1571 2732 se·

254 2768 332 2826 natu
353 2767 387 2825 et
407 2761 447 2826 de
469 2782 602 2828 numero
624 2771 766 2830 veterum
787 2784 999 2828 annosorum
1020 2763 1118 2828 dedit.
1160 2763 1206 2826 lbi
1228 2769 1293 2826 non
1316 2761 1417 2826 solum
1437 2759 1512 2835 iste,
1534 2764 1571 2823 ut

218 2855 340 2940 scapud
362 2863 500 2935 ceteros,
521 2860 688 2943 pecuniam
709 2859 847 2943 accepit,
870 2859 926 2922 sed
947 2859 1040 2922 etiam
1063 2877 1179 2941 genera
1198 2863 1340 2920 veterum
1361 2875 1398 2919 ac
1418 2872 1571 2918 novorum

253 2972 483 3037 numenrmque
504 2954 698 3035 permiscuit
741 2953 791 3016 Lt
813 2953 917 3016 Nolite
939 2959 1138 3036 exspectare,
1159 2952 1234 3015 dum
1250 2969 1359 3031 omnes
1374 2949 1485 3013 obeam
1501 2965 1571 3010 ora·

254 3045 341 3112 tione
361 3057 433 3111 mea
453 3047 616 3112 civitates:
636 3047 698 3111 hoc
718 3067 784 3111 uno
806 3045 999 3128 complector
1020 3046 1138 3120 omnia,
1165 3045 1323 3110 neminem
1343 3045 1405 3109 isto
1427 3050 1571 3126 praetore

254 3148 432 3206 senatorem
453 3137 521 3206 fieri
541 3141 699 3225 potuisse,
722 3139 782 3204 nisi
807 3139 862 3224 qui
883 3139 935 3202 isti
957 3137 1125 3223 pecuniam
1146 3137 1295 3202 dedisset.

338 3229 411 3300 tto.
432 3233 502 3298 Hoc
516 3235 600 3299 idem
614 3233 769 3298 densiore
785 3233 818 3296 in
833 3232 1048 3315 magistratus,
1071 3234 1266 3307 amationes,
1287 3231 1478 3309 sacerdotia3
1501 3233 1572 3317 qui-

217 3329 314 3400 sobus
334 3329 368 3392 in
389 3327 484 3392 rebus
505 3348 572 3393 non
592 3329 695 3393 solum
715 3328 880 3391 hominum
902 3326 987 3402 iura,
1010 3327 1065 3391 sed
1087 3327 1181 3391 etiam
1195 3329 1326 3391 deorum
1347 3327 1572 3391 immortalium

254 3422 423 3505 religiones
450 3441 560 3486 omnes
585 3422 774 3506 repudiavit.
817 3421 980 3505 Syracusis
1009 3420 1063 3484 lex
1088 3427 1135 3484 est
1162 3423 1201 3486 de
1229 3421 1400 3505 religione,
1433 3441 1517 3507 quae
1537 3423 1572 3486 in

254 3535 355 3582 annos
387 3515 529 3599 singulos
557 3516 640 3581 loris
669 3515 863 3580 sacerdotem
893 3515 1004 3579 sortito
1034 3515 1103 3598 capi
1130 3514 1253 3592 iubeat,
1285 3516 1371 3601 quod
1393 3517 1477 3599 apud
1498 3516 1571 3580 illos

254 3610 483 3693 amplissimum
512 3610 722 3674 sacerdotium
749 3616 889 3692 putatur.
932 3604 1003 3672 427.
1034 3610 1112 3673 Cum
1139 3609 1296 3693 suffragiis
1322 3617 1385 3675 tres
1407 3610 1571 3675 extribus

255 3705 422 3789 generibus
444 3705 541 3768 creati
564 3711 652 3780 sunt,
673 3725 724 3768 res
745 3711 911 3767 revocatur
932 3703 971 3766 ad
994 3711 1120 3768 sortem.
1155 3703 1331 3768 Periecerat
1351 3705 1411 3769 iste
1424 3705 1569 3787 imperio,

162 3790 172 3877 J
216 3807 291 3870 ssut
311 3818 369 3883 pro
391 3799 540 3882 suffragio
569 3797 804 3880 Theomnastus
824 3797 989 3861 familiaris
1018 3817 1094 3860 suus
1116 3797 1149 3861 in
1170 3798 1269 3862 trihus
1290 3798 1353 3862 illis
1374 3798 1571 3862 renuntiare·

140 3895 156 3918 i·
255 3901 316 3958 tur.
348 3894 385 3956 In
404 3900 505 3970 sorte,
528 3893 579 3958 cui
601 3892 756 3977 imperare
777 3912 842 3958 non
856 3899 999 3975 poterat,
1020 3891 1245 3975 exspectabant
1258 3892 1404 3957 homiues
1419 3892 1570 3976 quidnam

256 3995 382 4054 acturus
404 3995 496 4052 esset.
527 3987 650 4063 Homo,
674 3986 708 4052 id
723 3985 810 4072 quod
824 3991 891 4050 erat
903 3985 1103 4060 facillimum,
1125 3985 1226 4069 primo
1241 3992 1327 4050 vetat
1341 3986 1461 4051 sortiri:
1484 3985 1572 4050 iubet

319 4237 345 4292 l.
362 4239 408 4290 itta
423 4239 510 4290 codrus
525 4237 557 4291 l:
575 4238 662 4289 cadom
677 4237 723 4289 tua
738 4237 785 4290 dtt.
804 4239 833 4290 0.
854 4264 881 4275 —
900 4239 924 4288 6.
943 4239 971 4290 l..
988 4237 1067 4289 Marrt
1086 4237 1154 4302 agla
1171 4251 1196 4304 p.
1210 4251 1246 4290 m.
1259 4253 1296 4302 rc,
1315 4239 1342 4290 C.
1354 4237 1483 4290 Mandro
1498 4238 1569 4290 coni.

254 4313 326 4380 Pigh.
345 4326 378 4365 ex
394 4314 450 4366 liv.
468 4313 508 4375 27,
527 4313 567 4364 36.
588 4339 613 4352 -
634 4313 658 4364 8.
676 4315 703 4363 to
719 4318 806 4364 sonata
820 4312 966 4378 iglin:
985 4325 1038 4366 om.
1052 4315 1097 4365 ott.
1113 4341 1139 4350 -
1159 4315 1182 4365 9.
1201 4327 1234 4365 ac
1249 4319 1359 4364 octenos
1375 4312 1409 4365 de
1425 4313 1485 4364 Hot.
1499 4312 1568 4364 coni.

254 4391 275 4442 L
292 4388 367 4455 prob.
386 4389 430 4440 or.
447 4389 467 4438 1.
487 4415 515 4426 -
534 4387 574 4439 46.
593 4387 707 4440 ditem
723 4388 800 4452 ngts.
816 4413 848 4426 ·-
872 4388 912 4440 ⁴2,
935 4395 1092 4452 crurumque
1107 4389 1226 4440 mectcm
1242 4389 1400 4451 ordinesque
1414 4387 1492 4452 vulgo
1509 4388 1571 4442 inde

256 4465 290 4516 ab
308 4465 525 4528 norvegorum
543 4463 662 4515 ceddo.
677 4463 724 4526 [sie
740 4465 791 4516 iam
809 4465 955 4516 indecens.
969 4465 1052 4530 retr]
1066 4490 1093 4503 -
1114 4465 1153 4516 43.
1171 4477 1204 4516 ac
1218 4469 1299 4516 vetere
1315 4477 1382 4516 oum.
1397 4463 1444 4516 dtt.
1459 4491 1487 4502 —
1506 4466 1572 4530 qrsis-

252 4542 324 4606 ptam
339 4553 389 4592 seo.
405 4541 434 4592 l..
451 4566 475 4578 -
496 4539 535 4590 tt.
553 4539 693 4603 sempter
708 4539 733 4602 l,
746 4537 896 4604 pravest.
912 4553 981 4591 sec:
999 4541 1037 4590 tis
1047 4541 1123 4603 cropl.
1136 4541 1156 4592 N
1165 4555 1171 4600 ;
1189 4541 1226 4590 tris
1236 4539 1343 4604 arrrpliru
1353 4540 1401 4592 dtt.
1417 4567 1444 4578 -
1456 4541 1573 4594 taberent

256 4615 352 4680 Latii}
369 4613 412 4666 alll
428 4613 475 4666 dtt.
489 4641 516 4652 -
535 4615 574 4665 46.
588 4620 661 4677 sapt.
678 4629 703 4666 o.
722 4616 739 4666 t.
756 4615 802 4666 loc.
814 4614 840 4676 l,
855 4617 893 4667 V:
911 4630 964 4668 oss.
978 4617 1141 4668 elocutam
1157 4616 1205 4666 dtt.
1219 4616 1248 4666 0.
1263 4642 1290 4652 -
1310 4615 1349 4666 rt.
1361 4629 1447 4668 omno
1458 4615 1569 4681 LgliV:

255 4693 298 4744 rod
314 4693 358 4744 ott.
377 4690 406 4741 0.
426 4717 454 4728 -
481 4689 520 4740 te.
539 4689 638 4754 adsum
652 4690 859 4755 AgrigeotrunV:
877 4692 978 4754 cusmat
994 4691 1075 4755 Lgti,
1094 4693 1126 4754 0;
1144 4694 1236 4756 effect
1252 4693 1329 4756 Lagg.
1347 4690 1404 4742 rell.
1424 4719 1451 4729 -
1470 4693 1510 4744 li.
1529 4694 1572 4744 de-

255 4770 437 4829 monstrsrstqao
452 4763 530 4828 Lgtt.
546 4789 572 4799 -
591 4764 632 4816 20.
649 4765 797 4830 inultsgsret
813 4767 861 4828 (sie
877 4765 1042 4832 plerumque)
1054 4766 1086 4818 V.
1100 4793 1127 4802 -
1146 4767 1226 4818 aem
1240 4767 1311 4817 illico
1323 4765 1354 4816 V.
1370 4794 1397 4804 -
1414 4780 1492 4830 mma
1507 4780 1569 4818 coro.

256 4841 288 4894 V.
302 4864 329 4879 -
348 4841 389 4891 st.
408 4843 467 4890 ωσι
476 4839 508 4888 V.
523 4864 551 4875 -
568 4839 609 4890 66.
622 4839 751 4893 Heracliae
761 4841 829 4906 ugtr
845 4856 872 4907 p.
885 4855 936 4894 m.:
953 4842 1086 4894 Heracleas
1103 4842 1141 4894 eV
1156 4845 1200 4894 ctt.
1213 4843 1243 4893 0.
1262 4841 1295 4894 ci.
1307 4841 1338 4891 V.
1351 4840 1375 4905 5.
1388 4843 1429 4894 86.
1444 4871 1472 4883 -
1489 4842 1530 4894 at.
1548 4848 1572 4894 st

257 4919 287 4970 dc
303 4915 416 4982 Lgtav:
435 4927 467 4968 ao
483 4916 512 4965 de
529 4915 574 4966 ott.
592 4917 622 4968 0.
642 4941 669 4951 -
687 4917 728 4968 ts.
746 4919 823 4968 ettam
839 4919 960 4983 mamere
975 4917 1005 4968 V.
1026 4943 1054 4954 -
1079 4918 1120 4969 27.
1138 4933 1188 4971 ooo
1204 4917 1291 4981 conpr.
1310 4916 1455 4981 Lgttnv:
1478 4930 1528 4968 rste
1547 4931 1569 4968 c.

257 4993 356 5044 nemim
371 4992 403 5054 H,
421 4991 526 5052 Frena,
543 5006 594 5044 mo
609 5005 632 5044 c.
649 4993 753 5044 mimine
768 4995 812 5045 ctt.
829 5021 856 5032 -
873 4995 914 5046 29.
932 4995 1082 5060 magistram
1092 4995 1123 5045 V.
1138 5022 1165 5033 —
1184 4994 1224 5046 36.
1242 4995 1310 5046 inm.
1323 4993 1368 5043 ret.
1381 4992 1463 5056 agra,
1480 4991 1569 5044 ARV:

257 5069 304 5121 rel.
322 5069 390 5120 imro.
403 5070 449 5121 ctt.
462 5069 490 5122 0.
505 5093 533 5106 -
552 5068 592 5120 36.
610 5070 651 5119 etsi
667 5069 726 5132 imp.
743 5083 769 5120 o.
785 5075 920 5132 potuerant
935 5069 1003 5135 ngts
1020 5083 1045 5136 p.
1059 5083 1111 5132 m.;
1129 5083 1186 5121 erem
1200 5071 1260 5133 trop.
1278 5083 1328 5121 ooo
1340 5073 1458 5133 potsunt
1472 5065 1571 5134 ngttl

259 5145 289 5196 B.
303 5171 331 5182 -
349 5145 390 5200 ³7.
408 5144 518 5212 sctum]
535 5151 696 5198 muctare
706 5143 737 5209 V,
752 5145 866 5211 tacturas
881 5147 910 5198 1..
929 5173 957 5182 -
974 5149 1030 5198 crat
1045 5157 1098 5200 om.
1116 5144 1185 5213 igit
1200 5156 1228 5212 p.
1241 5157 1276 5198 m.
