3578 5862
351 471 413 538 594
744 477 897 543 orario
917 479 997 546 PRO
1018 482 1055 545 A.
1078 477 1279 547 troanno

1739 520 1741 585 l

351 651 426 730 post
446 645 560 708 iterum
580 642 786 710 advocantur.
823 648 964 712 liabetur
986 647 1025 712 de
1047 649 1169 734 integro
1185 650 1349 735 quaestio:
1371 649 1482 714 nulla
1499 647 1559 712 vis
1575 655 1703 712 tornien-

351 747 456 804 torum
478 738 702 804 acerrimorum
723 743 1001 824 praetermittitur:
1031 743 1189 808 adversari
1216 743 1358 808 adrorati
1379 751 1418 808 et
1446 745 1529 806 iam
1555 742 1616 807 vix
1635 741 1703 805 fene

350 853 463 919 posse:
483 833 588 897 iurare
611 835 747 899 crudelis
768 843 864 920 atque
886 838 1066 922 importuna
1085 839 1213 915 mulier,
1236 839 1296 902 sibi
1311 856 1570 923 nequaquam,
1594 845 1632 901 ut
1645 857 1703 918 spe

189 973 270 1094 A!
350 938 464 1007 rasset,
492 951 529 994 aa
551 950 633 1015 quae
656 931 826 1015 cogitasset
845 919 1138 1018 procedere.¹‘Cum
1161 933 1222 996 iam
1245 941 1344 996 tortor
1365 939 1482 1017 atque
1510 937 1634 1021 asserat
1652 937 1703 991 tor·

326 1031 341 1076 a

349 1033 456 1089 menta
482 1026 552 1108 ipsa
581 1019 860 1112 deferentesque
888 1035 991 1091 tamen
1020 1025 1075 1088 illa
1097 1023 1189 1090 linem
1213 1025 1316 1090 iacere
1337 1025 1463 1100 vellet,
1503 1026 1652 1111 quidam
1671 1043 1703 1086 ex

348 1118 524 1194 advocatis,
544 1119 640 1184 bomo
663 1128 694 1184 et
714 1120 888 1184 bonoribus
909 1121 1016 1205 poprdi
1038 1129 1166 1185 ornatus
1182 1130 1215 1185 et
1235 1140 1357 1184 summa
1371 1122 1510 1184 virtute
1527 1119 1702 1204 praeditus.

345 1213 523 1297 intelligere
552 1235 586 1278 sc
616 1214 713 1291 dixit,
739 1235 805 1279 non
832 1214 865 1278 id
894 1215 961 1298 agi,
988 1222 1024 1278 ut
1044 1233 1153 1278 verum
1175 1215 1388 1289 inveniretur,
1415 1213 1490 1278 sed
1518 1223 1563 1280 ut
1587 1212 1701 1297 aliquid

346 1307 417 1372 falsi
439 1308 544 1372 dicere
566 1317 764 1392 cogerentur.
796 1310 865 1372 Hoc
887 1316 1055 1393 postquam
1078 1311 1175 1374 ceteri
1190 1310 1461 1394 comprobarunt,
1493 1329 1546 1374 ex
1563 1309 1700 1371 omniun

345 1404 502 1467 sententia
531 1404 736 1468 constitutum
766 1410 828 1479 est,
861 1405 937 1468 satis
966 1404 1067 1467 videri
1097 1425 1167 1468 esse
1196 1406 1382 1489 quaesitum.
1424 1401 1520 1467 t78.
1547 1402 1700 1468 Redditur

307 1501 336 1551 ⁴⁰
346 1495 523 1580 Oppianico
550 1499 766 1560 Nicostratus:
800 1497 949 1562 Larinum
979 1499 1049 1582 ipsa
1080 1495 1288 1583 proficiscitur
1315 1519 1387 1562 cum
1416 1499 1501 1564 suis
1536 1515 1698 1562 maerens:

203 1635 279 1754 εἶ’
342 1590 835 1760 tiitl.l⁰f¹:.i¹lll.⁰r
851 1587 1497 1793 illati.titillabat?
1507 1591 1696 1750 :itit

342 1787 452 1865 aperta
479 1778 680 1844 inimicorum
709 1780 919 1864 oppugnatio,
949 1780 1006 1845 sed
1029 1801 1070 1844 ne
1092 1781 1234 1845 occultae
1257 1781 1384 1864 quidem
1406 1781 1537 1846 matris
1562 1779 1692 1844 insidiae

179 1855 249 1938 ΓΡ
341 1894 456 1938 nocere
478 1853 676 1962 potuissent)
700 1873 849 1938 Larinum
871 1882 1039 1959 postquam
1061 1876 1165 1949 venit,
1192 1893 1274 1958 quae
1296 1894 1314 1937 a
1336 1875 1494 1939 Stratone
1521 1875 1589 1940 illo
1603 1891 1693 1937 rene

303 1975 417 2033 ilinum
440 1975 535 2032 antea
556 1967 624 2032 viro
645 1987 704 2030 suo
727 1968 834 2032 datum
857 1968 916 2033 sibi
937 1989 1124 2052 persuasum
1140 1988 1209 2032 esse
1225 1969 1417 2043 simulasset,
1440 1969 1652 2033 instructam
1665 1965 1688 2028 ei

342 2063 494 2128 continuo
517 2069 548 2126 et
571 2069 714 2125 ornatam
736 2063 841 2126 Larini
864 2063 1037 2128 medicinae
1059 2063 1255 2127 exercendae
1278 2082 1373 2126 causa
1394 2063 1582 2127 taborum
1599 2059 1689 2125 dedit

340 2158 451 2222 inv.
473 2156 594 2231 Unum,
617 2155 768 2232 alterum
791 2157 919 2221 tertium
942 2177 1060 2221 aunum
1083 2159 1189 2222 Sassia
1204 2158 1406 2242 quiescebat,
1427 2166 1465 2222 ut
1484 2157 1581 2224 velle
1597 2164 1685 2240 atque

341 2261 451 2337 optare
472 2249 594 2335 aliquid
617 2249 804 2340 calamitatis
825 2247 891 2314 filio
912 2253 1017 2335 potius
1039 2274 1135 2337 quam
1150 2253 1183 2317 id
1197 2263 1319 2317 struere
1334 2260 1366 2317 et
1379 2253 1489 2318 moliri
1510 2251 1685 2316 videretur.

198 2327 213 2424 i
339 2343 412 2411 tro.
435 2348 516 2411 rum
544 2344 923 2438 inunm<0‚>fl0rtensi0
946 2345 1358 2437 quarantaniam,
1387 2353 1423 2410 ut
1444 2347 1546 2410 nune
1572 2341 1681 2427 oppa

302 2441 447 2505 ”uicum
469 2437 556 2502 aliud
579 2444 724 2521 agentem
747 2457 783 2502 ae
805 2438 885 2502 nihil
915 2441 983 2504 eius
1005 2441 1092 2505 modi
1114 2442 1306 2524 cogitantem
1329 2439 1369 2505 ad
1389 2439 1474 2505 hanc
1501 2436 1682 2503 accusatio

340 2555 412 2598 nem
436 2531 631 2608 detraheret,
654 2533 754 2596 invito
777 2533 948 2615 despondit
969 2538 999 2600 ei
1021 2534 1117 2600 liliam
1133 2556 1238 2612 suam,
1261 2536 1364 2612 illam,
1387 2555 1485 2620 quam
1504 2554 1551 2599 ex
1567 2546 1677 2617 genem

341 2633 537 2710 susceperat,
566 2633 601 2689 ut
623 2646 696 2689 eum
718 2627 837 2708 nuptiis
858 2626 1019 2712 alligatum
1042 2630 1135 2694 simul
1158 2637 1189 2693 et
1209 2631 1390 2694 testamenti
1411 2649 1468 2714 spe
1495 2627 1679 2692 devinctam

340 2728 451 2806 posset
477 2718 594 2782 babere
621 2721 653 2782 in
683 2728 848 2803 potestate.
892 2721 960 2785 lioc
983 2724 1052 2805 ipso
1073 2723 1140 2787 iere
1163 2732 1303 2809 tempore
1328 2725 1430 2788 Strato
1452 2723 1513 2787 ille
1538 2718 1675 2786 mediant

341 2815 427 2879 domi
448 2812 565 2876 turtum
586 2812 662 2877 iecit
683 2821 715 2876 et
737 2815 865 2878 caedem
880 2815 949 2878 eius
971 2818 1066 2880 modi.
1102 2818 1179 2882 Cum
1195 2827 1280 2883 esset
1291 2819 1325 2881 in
1341 2817 1475 2883 aedibus
1491 2812 1675 2880 armarium.

303 2910 375 2971 stin
398 2927 461 2992 quo
483 2905 579 2970 sciret
601 2926 671 2970 esse
693 2927 893 2972 nummorum
915 2908 1111 2995 aliquantum
1132 2921 1163 2976 et
1183 2915 1266 2988 auri,
1289 2920 1387 2976 noctu
1402 2911 1484 2975 duos
1503 2919 1672 2974 conservos

343 3001 535 3066 dormientes
557 3002 674 3065 occidit
694 3003 728 3067 in
750 3003 969 3088 piscinamque
991 3006 1124 3071 deiecit:
1147 3010 1215 3091 ipse
1237 3007 1362 3072 armarii
1381 3005 1520 3069 fundum
1536 2995 1672 3067 exsecuit

343 3105 375 3162 et
389 3096 450 3161 HS
466 3095 485 3130 ³*
495 3093 514 3128 *
530 3101 562 3158 et
582 3096 650 3158 auri
665 3098 809 3182 quinque
825 3100 931 3182 pondo
946 3102 1084 3177 abstulit,
1106 3121 1172 3166 uno
1187 3121 1229 3164 ex
1242 3103 1341 3166 servis
1356 3119 1456 3183 puero
1471 3118 1543 3161 non
1568 3087 1670 3178 grandi

342 3191 481 3256 conscio.
524 3185 596 3253 480.
619 3192 713 3255 Furto
736 3191 888 3277 postridie
911 3195 1035 3277 cognito
1057 3195 1160 3258 omnis
1182 3195 1320 3279 suspicio
1343 3195 1377 3256 in
1396 3213 1452 3257 eos
1468 3211 1602 3264 servos,
1623 3181 1669 3269 qui

342 3307 408 3350 non
437 3286 676 3370 comparebant,
705 3288 969 3352 commovebatur.
1008 3287 1085 3352 Cum
1116 3287 1256 3352 exsectio
1285 3287 1340 3351 illa
1367 3285 1459 3351 fundi
1479 3285 1517 3349 in
1540 3279 1667 3349 armario

305 3381 660 3457 animadverteretur,
696 3383 891 3465 quaerebant
919 3383 1082 3456 homines,
1116 3400 1254 3465 quonam
1285 3380 1380 3444 modo
1408 3376 1476 3444 lieri
1504 3379 1665 3465 potuisset

344 3475 482 3553 Quidam
503 3496 545 3539 ex
566 3475 675 3539 amicis
699 3475 823 3540 Sassiae
845 3476 1027 3540 reeordatus
1050 3483 1115 3552 est,
1138 3496 1172 3540 se
1194 3495 1296 3558 nuper
1316 3476 1350 3538 in
1373 3475 1520 3538 auctione
1537 3469 1663 3560 quadarn

343 3569 460 3633 vidisse
480 3569 516 3631 in
537 3569 630 3634 rebus
652 3569 780 3635 minutis
803 3571 971 3645 aduncam,
995 3591 1036 3634 ex
1054 3571 1139 3634 omni
1156 3577 1246 3653 parte
1263 3569 1422 3633 dentatam
1438 3577 1470 3632 et
1485 3555 1662 3634 tortuo’sams

343 3663 452 3727 venire
474 3663 643 3739 serrulam,
667 3683 731 3747 qua
751 3663 829 3728 illud
850 3665 993 3748 potuisse
1008 3665 1052 3729 ita
1067 3663 1286 3728 circumsecari
1301 3663 1471 3727 videretur.
1493 3664 1544 3727 Ne
1558 3659 1662 3727 multa:

343 3756 539 3840 perquiritur
559 3777 579 3821 a
601 3757 816 3821 coactoribus:
838 3759 999 3823 invenitur
1021 3779 1058 3822 ea
1080 3759 1201 3822 serrula
1218 3758 1259 3821 ad
1277 3759 1455 3821 Stratonem
1475 3756 1660 3840 pervenisse·

267 3886 271 3899 ·
307 3850 414 3912 ³⁵lioc
434 3849 525 3914 initio
547 3851 738 3934 suspicionis
759 3859 830 3915 orto
851 3859 885 3916 et
906 3859 1013 3937 aperte
1034 3851 1216 3915 insimulato
1233 3852 1395 3926 Stratone,
1418 3869 1498 3933 puer
1517 3851 1577 3916 ille
1598 3864 1660 3913 con·

345 3943 431 4008 scius
452 3945 630 4026 pertimuitt
660 3966 727 4009 rem
749 3965 875 4010 omnem
897 3944 1044 4010 dominae
1065 3945 1230 4010 indicarit:
1259 3944 1404 4008 homines
1425 3944 1460 4006 in
1480 3943 1604 4026 piscina
1621 3939 1659 4003 in²

345 4037 432 4104 senti
454 4045 544 4102 sunt:
568 4039 672 4102 Strato
695 4038 730 4101 in
751 4039 878 4103 vincula
899 4039 1059 4104 coniectus
1075 4047 1140 4116 est,
1162 4046 1258 4122 atque
1281 4039 1375 4104 etiam
1396 4039 1431 4101 in
1451 4035 1660 4104 anomaeus

345 4132 466 4195 nummi
473 4177 482 4208 ,
505 4151 708 4216 nequaquam
731 4153 857 4208 omnes,
888 4135 1098 4217 reperiuntur.
1142 4127 1213 4195 ist.
1237 4133 1442 4196 Constituitur
1463 4132 1608 4218 quaestio
1627 4128 1658 4190 dt

344 4224 440 4290 furto.
483 4227 563 4290 Nam
584 4225 663 4310 quid
684 4227 854 4311 quisquam
876 4229 1031 4312 suspicari
1052 4227 1139 4294 aliud
1161 4229 1292 4311 potasti
1324 4228 1374 4291 An
1394 4226 1456 4292 hoc
1477 4227 1583 4296 dicitis
1589 4273 1600 4308 ,
1619 4239 1659 4289 ar·

410 4513 435 4562 i.
454 4514 584 4565 aduam
600 4516 632 4565 T:
651 4516 792 4567 advertant
809 4517 899 4579 ΗΜ
917 4521 1032 4571 mereari
1048 4532 1110 4571 cum
1127 4519 1155 4570 P.
1168 4517 1283 4572 Munatio
1301 4514 1385 4569 cao.
1399 4543 1427 4554 ·-
1447 4518 1471 4569 6.
1488 4517 1561 4571 bano
1574 4521 1598 4570 st
1610 4521 1653 4565 ont·

345 4588 374 4638 r.
394 4613 421 4624 -
440 4587 465 4640 8.
484 4591 565 4642 neers
580 4603 634 4641 om.
653 4592 681 4641 r.
702 4617 730 4629 -
749 4593 773 4642 s.
791 4597 827 4643 ar
843 4605 896 4644 om.
915 4595 943 4646 r.
964 4621 991 4632 -
1013 4596 1051 4646 rs.
1071 4599 1204 4658 apere„
1215 4593 1307 4645 moos
1323 4593 1381 4644 rs.
1402 4617 1429 4630 -
1452 4592 1492 4645 rt.
1511 4609 1529 4645 a
1545 4581 1655 4647 monci

344 4663 487 4716 stratorem
504 4664 566 4728 (om.
585 4665 610 4728 a)
628 4666 660 4726 Τ;
676 4678 724 4728 par
739 4667 882 4718 wewam
898 4669 924 4719 S.
943 4695 971 4706 -·
992 4671 1031 4722 ⁴8.
1050 4683 1127 4734 quom
1143 4681 1197 4720 om.
1216 4669 1242 4720 S.
1262 4693 1289 4706 -
1313 4668 1355 4718 sa.
1374 4669 1403 4732 Q.
1421 4668 1551 4721 florianam
1568 4669 1594 4732 (t.
1609 4661 1653 4716 de

343 4737 400 4788 atto
416 4737 541 4790 Orellins:
558 4739 689 4791 iios-tm
703 4741 732 4804 Q.
744 4742 841 4793 amur
852 4740 889 4802 aa
907 4744 1049 4808 Hortarer,
1070 4745 1164 4796 dontio
1181 4757 1243 4794 cum
1259 4745 1287 4794 P.
1300 4743 1416 4794 Manutio
1432 4741 1523 4807 tto;
1541 4735 1653 4796 dm

343 4817 367 4865 at
381 4813 479 4866 Mutato
494 4813 638 4867 Weiskins.
657 4841 684 4851 -
708 4816 749 4867 20.
768 4817 846 4884 atiud]
867 4819 965 4882 atbairi
980 4823 1092 4872 stin.
1117 4819 1170 4871 Sed
1191 4820 1224 4872 el.
1242 4817 1411 4883 Wesenberg
1433 4818 1468 4870 ad
1484 4829 1523 4869 or.
1541 4831 1568 4884 p.
1584 4809 1653 4866 scotl⁰

343 4900 370 4952 p.
388 4888 429 4940 dl.
449 4915 477 4926 -·
496 4890 537 4941 ii.
556 4892 692 4944 attraberet
708 4893 735 4943 1..
752 4919 779 4930 -
798 4893 839 4944 23.
853 4899 936 4956 posset
951 4896 1015 4946 LO:
1030 4896 1109 4958 possit
1124 4893 1214 4949 aaa.
1228 4920 1255 4930 -
1274 4893 1315 4946 26.
1333 4893 1436 4944 annoti
1445 4894 1475 4944 T.
1488 4917 1516 4929 -·
1534 4893 1576 4944 at.
1591 4886 1651 4952 allii

343 4962 372 5012 Τ.
391 4987 419 5000 -
442 4963 504 5032 HS]
523 4968 700 5018 raatcrtiorarn
715 4969 767 5020 SF.
791 4968 894 5021 Excidit
916 4983 1053 5022 numerus.
1080 4971 1226 5032 (eamdam
1242 4969 1280 5022 ct
1302 4971 1362 5020 orsi
1384 4971 1437 5021 iac.
1455 4965 1613 5030 Gronovius.)
1629 4981 1650 4995 ‘

342 5037 383 5088 30.
406 5041 711 5102 marcomannes.
737 5071 765 5084 -·
787 5045 830 5097 32.
848 5059 882 5097 aar
901 5047 968 5096 anat
985 5072 1027 5086 ·-
1042 5046 1167 5098 amiam
1188 5046 1337 5098 Priscianus
1357 5043 1509 5106 111.'t,tt.
1529 5071 1557 5082 -
1580 5041 1650 5092 drab·

342 5115 579 5242 pqppmeranus,
600 5119 635 5170 0:
660 5119 834 5182 mansa
852 5119 1091 5176 centaurica.
1114 5145 1141 5160 -
1169 5122 1209 5175 aa.
1227 5119 1475 5176 ermacorae
1495 5145 1525 5160 -
1551 5105 1650 5181 aarli
