3578 5862
676 367 912 496 cmnssm.
938 425 1146 513 set-ra.
1514 420 1575 488 ere

250 600 406 664 babeant?
440 599 513 683 quis
544 600 653 664 vetati
695 600 735 663 Ut
760 599 923 682 privatum·
947 600 1012 664 siti
1044 600 1086 664 ita
1116 599 1214 663 latum
1243 606 1308 674 est,
1338 605 1374 664 ut
1394 597 1507 662 melior
1528 597 1575 660 tui

251 693 350 758 soceri
379 693 497 758 fundus
526 693 652 776 Irpinus
674 692 716 755 sit
738 692 805 757 sive
827 713 902 776 ager
923 695 1047 778 Irpinus
1069 701 1233 758 -totum
1260 694 1345 758 enim
1373 690 1515 776 possidet
1535 723 1576 738 -

254 807 348 871 quam
364 809 454 852 meus
467 796 618 871 paternus
632 787 801 870 avitusque
815 786 932 851 fundus
945 789 1098 872 Arpinas3
1121 787 1152 850 id
1169 789 1254 852 enim
1268 808 1370 854 caves.
1401 783 1432 848 9.
1449 785 1576 868 Optimo

251 881 336 944 enim
358 881 427 946 iure
450 901 488 945 ea
509 889 584 945 sunt
597 880 740 965 proiecto
754 881 901 965 praedia,
923 901 1005 966 quae
1021 882 1139 966 optima
1154 882 1343 946 condicione
1357 890 1440 947 sunt.
1464 880 1578 942 Libera

249 975 380 1039 meliore
402 976 471 1040 iure
494 985 567 1040 sunt
588 996 683 1061 quam
706 995 816 1040 serva:
840 975 941 1058 capite
962 974 1023 1040 boo
1046 976 1170 1050 omnia,
1194 995 1276 1058 quae
1296 974 1490 1046 serviebant,
1511 984 1601 1036 nono

248 1067 396 1132 servient.
441 1068 552 1134 Soluta
580 1071 711 1133 meliore
737 1071 769 1132 in
799 1089 895 1132 eausa
924 1078 999 1133 sunt
1027 1087 1120 1150 quam
1151 1068 1304 1151 obligata:
1334 1067 1446 1134 eodem
1476 1066 1577 1148 capite

248 1162 428 1246 subsignata
451 1163 574 1238 omnia,
597 1165 623 1228 si
646 1163 742 1226 modo
765 1163 896 1228 Sullana
917 1170 1008 1236 aunt,
1034 1162 1218 1225 liberantur.
1262 1163 1417 1226 Immunia
1439 1177 1578 1226 commo-

248 1256 336 1320 diore
364 1259 551 1322 condicione
580 1265 655 1322 sunt
682 1277 778 1340 quam
808 1257 881 1332 illa,
914 1277 995 1341 quae
1017 1257 1194 1339 pensitant:
1228 1276 1287 1339 ego
1310 1255 1497 1320 Tusculanis
1519 1273 1577 1336 pro

248 1369 331 1433 aqua
354 1351 471 1415 Crabra
493 1351 628 1434 vectigal
649 1352 803 1434 pendam,
825 1351 901 1433 quia
922 1350 1080 1433 mancipio
1101 1349 1235 1414 undum
1257 1352 1381 1435 accepi3
1404 1350 1431 1414 si
1454 1349 1578 1414 aSulla

249 1443 326 1506 mibi
348 1444 441 1508 datus
464 1453 562 1520 esset,
588 1444 674 1508 llulli
697 1442 767 1526 lege
788 1464 854 1507 non
877 1443 1060 1527 penderem.
1103 1444 1158 1506 lll.
1181 1438 1232 1506 lo.
1254 1445 1355 1508 Video
1376 1466 1450 1520 vos,
1473 1444 1616 1521 Quiri-io

249 1543 312 1611 tes,
335 1537 426 1600 sicuti
448 1557 499 1602 res
520 1539 590 1622 ipsa
612 1537 714 1621 cogit,
738 1538 928 1602 commoveri
950 1539 1001 1600 vel
1023 1538 1103 1620 legis
1124 1538 1341 1603 velorationis
1362 1537 1577 1622 impudentia:

248 1631 347 1714 legis,
370 1650 453 1714 quae
475 1633 526 1696 ius
548 1630 662 1696 melius
685 1631 824 1696 Sullanis
846 1631 986 1714 praediis
1009 1633 1182 1696 constituat
1204 1652 1299 1716 quam
1319 1633 1478 1715 paternis;
1508 1649 1578 1695 ora·

247 1725 361 1799 tionis,
390 1745 471 1809 quae
501 1726 569 1790 eius
599 1726 741 1790 modiin
771 1747 866 1790 causa
887 1726 1070 1789 insimulare
1093 1746 1286 1810 quemquam
1307 1726 1422 1790 audeat
1442 1725 1577 1788 rationes

249 1819 355 1882 Sullae
377 1821 509 1884 nimium
531 1819 736 1884 vehementer
753 1819 934 1884 defendere.
969 1821 1015 1882 Ac
1037 1819 1064 1882 si
1086 1820 1141 1882 illa
1162 1821 1268 1883 solum
1290 1821 1440 1895 sanciret,
1463 1837 1577 1901 quasa

247 1913 335 1976 Sulla
364 1920 471 1978 essent
499 1913 590 1988 data,
619 1920 771 1990 tacerem,
804 1915 897 1978 modo
924 1914 993 1996 ipse
1023 1933 1057 1976 se
1085 1913 1249 1977 Sullanum
1272 1934 1342 1978 esse
1364 1909 1615 1978 eonfiteretur.su

249 2006 311 2070 Sed
333 2026 399 2070 non
421 2007 517 2071 modo
539 2007 602 2070 illis
625 2014 730 2080 cavet,
752 2028 861 2072 verum
884 2007 978 2072 etiam
1000 2005 1085 2070 alind
1107 2006 1270 2091 quoddam
1283 2027 1383 2090 genus
1396 2006 1577 2072 donationis

246 2101 385 2177 inducit,
415 2109 447 2164 et
467 2101 513 2176 ie,
543 2098 598 2186 qui
618 2119 637 2164 a
658 2121 709 2165 me
733 2101 877 2166 Sullanas
897 2101 1116 2185 possessiones
1140 2100 1269 2166 delendi
1290 2100 1489 2177 criminatur,
1511 2121 1577 2164 nou

246 2216 300 2260 eas
323 2195 427 2260 solum
449 2194 568 2270 sancit,
589 2214 699 2260 verum
723 2196 792 2280 ipse
814 2215 913 2261 novas
934 2195 1166 2277 assignationes
1187 2195 1326 2260 instituit
1346 2194 1576 2279 strepentium

245 2289 334 2356 Sulla
354 2289 446 2354 nobis
469 2288 621 2354 exoritur.
665 2285 715 2352 ii.
738 2291 816 2354 Nam
838 2288 1010 2362 attendite,
1032 2296 1167 2371 quantas
1186 2288 1409 2354 concessiones
1430 2308 1576 2372 agrorum

245 2384 297 2446 bio
328 2389 440 2448 noster
467 2381 650 2465 obiurgator
677 2403 742 2446 uno
769 2383 868 2446 verbo
894 2381 999 2446 iacere
1021 2389 1163 2446 conetur.
1207 2383 1299 2458 Qua
1321 2403 1419 2458 nara,
1441 2398 1614 2458 nouarum

246 2495 419 2551 concussi,
442 2497 590 2542 vaenire.
632 2478 757 2553 Patior,
778 2477 883 2541 audio.
923 2476 1006 2551 Quid
1029 2476 1168 2540 deinde‘i
1196 2497 1356 2543 cessasse.
1387 2479 1455 2542 Hoc
1476 2477 1576 2542 tribu·

245 2593 304 2636 nus
325 2571 429 2654 plebis
451 2572 652 2655 promulgare
672 2591 770 2636 ausus
793 2578 858 2646 est,
880 2576 931 2646 ut,
953 2571 1040 2654 quod
1062 2571 1202 2656 quisque
1221 2580 1294 2658 post
1307 2573 1442 2636 Marium
1455 2581 1488 2636 et
1502 2572 1576 2636 Car·

245 2666 360 2730 bouem
383 2666 531 2754 cousules
553 2666 747 2749 possideret,
770 2665 803 2729 id
825 2685 864 2728 eo
885 2667 953 2730 iure
975 2672 1115 2741 teneret,
1137 2686 1200 2749 quo
1223 2667 1309 2751 quod
1328 2666 1448 2750 optimo
1470 2668 1576 2749 priva-

245 2768 310 2824 tum
329 2762 399 2824 esti
420 2758 566 2822 Etiamne
581 2760 608 2823 si
623 2760 654 2823 vi
671 2758 808 2824 deiecit?
830 2759 966 2824 etiamne
981 2759 1009 2823 si
1025 2759 1123 2835 olam,
1144 2760 1170 2822 si
1186 2761 1330 2844 precario
1345 2763 1432 2826 venit
1447 2762 1482 2825 in
1502 2782 1576 2846 pos·

245 2856 443 2920 sessionem?
471 2855 554 2937 Ergo
582 2853 642 2918 bac
672 2847 821 2937 legeiius
843 2853 952 2928 civile,
981 2873 1095 2918 causae
1116 2854 1373 2937 possessionum,
1393 2863 1613 2938 praetorumae

243 2949 413 3014 interdicta
435 2950 595 3012 tollentur.
632 2944 684 3011 la.
698 2951 768 3012 Non
790 2947 959 3012 mediocris
981 2969 1032 3012 res
1054 2967 1160 3032 neque
1182 2970 1313 3032 parvum
1328 2950 1388 3014 sub
1401 2950 1461 3014 boc
1476 2951 1574 3014 verbo

241 3043 378 3118 lurtum,
408 3029 562 3117 Quirites,
604 3049 678 3104 atet.
723 3043 802 3105 Sunt
829 3043 914 3107 enim
946 3042 1036 3106 multi
1064 3045 1132 3125 agri
1160 3043 1230 3126 lege
1253 3045 1402 3108 Cornelia
1422 3045 1573 3128 publicati

243 3157 301 3202 neo
323 3137 472 3220 cuiquam
495 3137 646 3219 assignati
669 3157 773 3219 neque
797 3136 931 3212 venditi,
954 3137 1009 3219 qni
1031 3157 1049 3200 a
1075 3139 1184 3218 paucis
1205 3139 1389 3202 hominibus
1409 3137 1575 3220 impuden-

244 3231 364 3296 tissima
384 3230 599 3314 possidentur.
642 3232 699 3294 llis
722 3239 828 3307 cavet,
858 3231 918 3294 hos
941 3228 1101 3306 defendit,
1133 3229 1192 3295 bos
1213 3232 1354 3313 privatos
1376 3231 1470 3296 facit:
1497 3231 1573 3312 bos,
1688 3263 1695 3280 .

243 3325 393 3408 inquam,
425 3345 536 3407 agros,
570 3346 650 3410 quos
680 3326 768 3390 Sulla
795 3325 914 3390 nemini
941 3323 1045 3397 dedit,
1078 3325 1191 3389 Rullus
1212 3346 1278 3390 non
1299 3325 1391 3389 vobis
1412 3323 1612 3405 assignarem

244 3420 327 3496 vult,
350 3419 406 3483 sed
429 3421 475 3483 eis
498 3419 696 3493 condonare,
727 3420 782 3503 qui
804 3420 977 3502 possident.
1022 3418 1156 3483 Causam
1179 3439 1314 3504 quaero,
1337 3440 1393 3482 cur
1415 3438 1468 3493 ea,
1492 3437 1573 3500 quae

248 3513 383 3576 maiores
405 3511 495 3576 vobis
518 3512 551 3575 in
572 3512 679 3588 ltalia,
710 3513 833 3586 Sicilia,
866 3510 989 3588 Africa,
1022 3511 1145 3576 duabus
1172 3513 1352 3597 Hispaniis,
1379 3512 1574 3584 Macedonia,

242 3605 318 3670 Asia
337 3607 553 3692 reliquenrut,
572 3609 679 3671 venire
702 3606 884 3691 patiamini,
906 3627 977 3672 cum
992 3627 1047 3682 ea,
1069 3627 1151 3692 quae
1173 3615 1279 3674 vestra
1292 3614 1384 3683 sunt,
1405 3606 1575 3671 condonari

243 3699 481 3781 possessoribus
504 3702 615 3766 eadem
636 3701 706 3784 lege
728 3701 871 3765 videatis.

307 4020 332 4072 t.
350 4024 380 4071 st
395 4019 526 4084 mutua
546 4017 597 4070 cit?
620 4020 659 4070 ito
675 4017 843 4084 Wesenberg
863 4018 907 4084 (ad
925 4031 964 4070 or.
983 4032 1010 4083 p.
1029 4019 1114 4070 Sestio
1132 4031 1158 4084 p.
1177 4017 1244 4082 iti:
1266 4023 1295 4069 at
1308 4017 1452 4081 meatim?
1474 4018 1523 4068 sed
1538 4017 1575 4066 ita

241 4091 334 4156 EFP;
353 4095 527 4158 utpriuotum
542 4096 584 4156 aad
599 4095 637 4144 ita
654 4095 688 4152 rl;
709 4095 738 4144 ut
751 4095 890 4157 privatae.
910 4095 959 4146 Sed
974 4097 1012 4144 ito
1028 4096 1064 4152 03
1081 4099 1109 4144 ut
1123 4092 1273 4157 metesa?
1293 4095 1325 4144 At
1340 4095 1378 4144 ito
1395 4107 1458 4144 oum
1475 4095 1575 4143 Laure-

244 4170 314 4222 dano
332 4167 387 4224 Li.
407 4196 435 4207 -
453 4171 479 4221 2.
497 4170 619 4233 Hirpinus
635 4171 663 4221 0.
683 4169 723 4221 Cl.
743 4171 849 4222 Festum
866 4185 892 4236 p.
911 4171 952 4221 78.
971 4170 1014 4221 ed.
1034 4168 1154 4220 Lindem.
1174 4195 1202 4206 -
1221 4171 1245 4220 6.
1264 4167 1576 4232 obligato1uonobligota

241 4245 356 4299 EFPA.
374 4245 532 4300 Emendavit
547 4247 694 4309 Naugerius
711 4246 738 4295 in
756 4246 798 4297 ed.
817 4245 919 4297 Aldina.
935 4271 961 4281 -
976 4246 1000 4294 7.
1014 4243 1170 4308 adagim]
1186 4243 1317 4308 οὸείρωεα
1333 4247 1367 4302 G;
1386 4241 1496 4306 obligato
1513 4253 1574 4290 cum

243 4320 286 4372 ed.
304 4319 398 4372 Aldina
415 4320 475 4382 1083
495 4321 642 4386 «obafflsata
658 4320 701 4372 alii
717 4321 876 4385 magenta»
893 4321 922 4371 Τ.
938 4345 966 4356 -
985 4319 1009 4370 8.
1028 4320 1173 4370 lausiacae
1188 4319 1218 4369 E.
1234 4345 1261 4356 -
1280 4319 1305 4368 s.
1324 4317 1424 4369 crabro
1439 4320 1468 4368 P.
1487 4317 1576 4367 Manu-

241 4395 306 4446 tiusz
324 4395 415 4446 erebro
431 4397 545 4448 EFPA.
566 4423 593 4432 -
616 4397 677 4459 qaia
693 4397 820 4459 mancipio
837 4397 898 4448 PT:
924 4394 968 4456 qai
985 4408 1002 4443 o
1018 4393 1144 4457 messapo
1159 4393 1221 4454 Elir
1248 4394 1310 4456 qrsio
1326 4406 1343 4442 o
1358 4391 1495 4454 marmio
1512 4402 1573 4440 cum

242 4469 286 4530 ed.
303 4469 397 4523 Aldina
414 4468 472 4534 ne;
491 4473 535 4534 qul
550 4473 678 4535 mamipio
695 4485 728 4522 ex
745 4469 814 4522 mele
832 4468 964 4520 intellecta
981 4469 1114 4520 Garatonii
1130 4467 1299 4520 adnotatione
1311 4467 1341 4518 0.
1356 4495 1383 4506 -
1403 4469 1441 4519 to.
1459 4463 1574 4530 veritae]

242 4557 346 4608 were
361 4547 391 4598 E.
411 4571 440 4583 -
468 4549 509 4598 il.
528 4548 597 4612 cogit
612 4546 799 4598 Leuiodanus:
825 4549 899 4609 cogat
915 4543 1000 4594 EFA.
1021 4569 1049 4580 -
1078 4544 1119 4593 ia.
1136 4543 1245 4608 legisque
1259 4543 1300 4594 iae
1316 4543 1372 4592 EF.
1392 4569 1419 4579 ·-
1443 4539 1576 4604 praesidiis

242 4620 327 4673 ΕΠ.
351 4621 391 4672 Cl.
411 4621 435 4685 5.
455 4621 495 4672 li.
514 4623 555 4672 lii.
575 4647 603 4658 -
623 4621 663 4673 43.
683 4621 802 4672 &numdi
818 4621 845 4670 ia
861 4632 940 4669 cocao
957 4631 1019 4669 nos:
1042 4618 1161 4670 drumodi
1177 4629 1257 4668 caasa
1272 4614 1447 4674 aretam
1466 4616 1493 4664 ia
1509 4617 1575 4664 eius-

241 4697 309 4747 modi
323 4709 404 4748 cosso
418 4696 563 4761 Madvigius
580 4709 623 4762 ap.
643 4697 800 4760 Ussingium.
819 4721 847 4732 -
867 4692 908 4746 tl.
926 4695 961 4744 Ao
976 4693 998 4743 rt
1015 4694 1046 4743 F:
1072 4699 1100 4744 ot
1115 4695 1137 4744 ei
1153 4693 1243 4745 ceteri.
1263 4719 1290 4730 -
1309 4694 1351 4743 tt.
1368 4692 1415 4741 boc
1431 4689 1493 4741 EF:
1514 4689 1576 4737 base

241 4769 327 4826 sao.
339 4775 418 4826 -33,
433 4772 774 4838 eminentissimarum
786 4783 847 4821 coes.
861 4769 934 4819 aar.
947 4763 1572 4831 -poesideretlirneetiuswoeaidetliiabtb

244 4873 271 4883 -
283 4863 332 4912 qao
348 4851 490 4913 prodat:
509 4849 674 4912 quoduam
693 4841 1021 4910 adconmodatum&
1041 4844 1214 4907 quomado.
1227 4840 1572 4909 -optimo]optimoiarcl..

244 4949 272 4960 ·-
290 4923 332 4976 il.
350 4930 386 4976 eet
402 4937 466 4977 nos:
485 4937 539 4978 om.
560 4923 652 4976 ceteri.
671 4923 710 4975 Ci.
729 4923 754 4988 5.
767 4924 793 4973 7.
808 4949 835 4958 -
854 4921 940 4972 molt
955 4919 1114 4971 Lambinus:
1132 4921 1202 4972 aucit
1217 4918 1360 4974 EFASO.
1380 4915 1418 4967 Ct.
1431 4927 1480 4981 pro
1491 4911 1573 4964 Tullio

243 4997 268 5060 S.
281 4997 322 5050 it.
338 5025 365 5035 -
384 4999 495 5063 rictam]
512 5000 549 5049 sic
563 4999 617 5049 iem
634 4999 689 5050 EF.
704 5026 732 5036 -
750 4999 793 5049 27.
808 4995 913 5061 datm]
928 4996 1044 5060 Mamm
1060 4994 1116 5045 EF.
1130 4995 1212 5047 -28.
1228 5007 1308 5058 aeque
1324 4994 1352 5044 1..
1367 5015 1396 5028 -
1409 4991 1450 5042 29.
1463 4988 1574 5051 desendet

243 5073 299 5124 EF.
311 5100 339 5111 -
358 5073 399 5126 30.
410 5074 489 5139 cobis]
500 5074 652 5126 aerMsEF.
673 5102 701 5112 -
719 5073 760 5124 32.
778 5073 865 5138 Ataeo
874 5075 903 5138 P,
921 5073 1014 5135 affero
1030 5069 1092 5121 EF:
1109 5083 1163 5121 om.
1181 5068 1295 5124 ALSO.
1316 5094 1341 5106 -
1362 5064 1402 5115 33.
1419 5065 1574 5126 reliquemsat

243 5158 292 5200 sea
308 5147 387 5201 codd.
405 5149 530 5216 Legem:
547 5149 722 5215 mecenas
737 5145 858 5210 Αιξος
876 5159 930 5199 om.
948 5146 1033 5199 EFP.
1053 5167 1081 5184 ··
1098 5145 1184 5198 cerie
1198 5143 1246 5196 boo
1261 5144 1313 5209 lege
1326 5139 1462 5206 comodat
1476 5143 1505 5192 1..
