3684 5862
580 379 653 447 cu.
673 376 972 446 xxvi-xxm.
1001 372 1056 462 44.
1079 373 1234 444 44-44.
1528 367 1569 440 44

247 554 380 630 sarium,
403 560 435 618 et
456 559 528 617 ante
549 551 612 616 boc
632 559 758 635 tempus
771 557 943 632 utrumque
959 547 1147 611 inauditnm.
1175 547 1383 631 Septingenta
1396 547 1484 612 milia
1497 567 1570 632 pas-
1612 585 1615 590 ·

248 669 341 714 snum
363 648 410 712 vis
433 667 502 711 esse
527 647 662 710 decursa
682 645 804 708 biduo?
825 643 893 707 Dic.
908 676 949 689 -
970 645 1094 724 Negas?
1116 647 1190 706 ante
1204 641 1303 724 igitur
1315 641 1447 705 misisti:
1473 643 1567 707 malo.

248 744 283 808 Si
306 743 390 807 enim
412 742 491 806 illud
514 741 651 814 diceres,
674 739 818 821 improbe
839 737 965 802 mentiri
988 735 1147 812 viderere3
1170 756 1242 798 cum
1259 735 1321 798 boc
1336 731 1512 810 confiteris,
1534 735 1569 798 id

247 845 279 903 te
307 836 472 902 admisisse
494 833 660 908 concedis,
693 832 779 916 quod
808 853 848 895 ne
873 831 1039 894 mendacio
1062 831 1191 916 quidem
1213 837 1320 912 tegere
1340 831 1456 914 possis.
1499 831 1569 895 Hoc

246 931 416 996 consilium
436 928 566 1012 Aquilio
589 931 621 991 et
642 926 759 990 talibus
779 926 856 990 viris
878 933 942 990 4440
965 925 1131 1008 cupidum,
1155 933 1218 990 tam
1240 925 1363 999 audax,
1385 931 1449 988 tam
1470 931 1569 988 teme·
1591 938 1606 984 0

248 1026 367 1089 rarium
388 1023 596 1107 probabitur?
631 1009 791 1098 aLJQuid
812 1022 892 1085 haec
914 1021 1066 1096 amentia,
1090 1019 1168 1105 quid
1190 1021 1269 1086 haec
1289 1018 1467 1093 festinatio,
1489 1019 1568 1103 qnid

246 1121 326 1184 haec
347 1119 555 1182 immaturitas
575 1125 664 1180 tanta
685 1097 867 1211 significat}
898 1136 965 1178 non
992 1114 1077 1178 rimi
1107 1135 1171 1178 non
1195 1115 1319 1178 scelus?
1347 1131 1414 1176 non
1440 1111 1569 1176 latrooi·
1630 1117 1736 1218 ri*

247 1215 358 1278 nium?
380 1233 445 1276 non
468 1213 608 1296 denique
631 1211 737 1274 omnia
758 1210 866 1293 potius
889 1211 1073 1294 quamius,
1096 1229 1191 1294 quam
1213 1205 1369 1283 officium,
1393 1227 1488 1291 quam
1509 1227 1569 1290 pu·

247 1311 379 1373 dorem‘l
410 1308 510 1372 Mittis
524 1307 649 1369 iniussu
662 1307 827 1388 praetoris.
859 1306 930 1382 Quo
946 1304 1103 1368 consilio?
1125 1305 1288 1368 lussurum
1303 1303 1436 1367 sciebas.
1459 1303 1568 1378 Quid?

247 1426 319 1468 cum
340 1405 500 1476 iussisset,
522 1407 590 1464 tum
612 1402 736 1464 mittere
757 1421 864 1464 nonne
886 1403 1036 1484 poteras‘l
1066 1400 1284 1462 Postulalurus
1299 1419 1379 1462 eras.
1409 1398 1605 1473 Quandotto

246 1503 322 1565 Post
343 1499 411 1562 dies
433 1518 510 1562 xxx.
540 1500 670 1578 Nempe,
693 1497 720 1558 si
742 1502 772 1558 te
795 1494 875 1558 nibil
888 1494 1067 1578 impediret,
1088 1494 1115 1556 si
1130 1493 1276 1558 voluntas
1291 1492 1402 1556 eadem
1416 1498 1568 1567 maneret,

247 1597 275 1658 si
296 1593 436 1668 valeres,
460 1591 599 1673 denique
621 1591 648 1651 si
669 1590 802 1654 viveres.
844 1590 974 1652 Praetor
995 1589 1150 1676 iussisset.
1192 1588 1331 1671 Opinon,
1354 1587 1382 1650 si
1403 1588 1516 1662 vellet,
1539 1587 1566 1651 sl

246 1690 384 1762 valeret,
407 1688 434 1752 si
457 1688 508 1750 ius
531 1684 667 1760 diceret,
691 1685 832 1747 sinemo
855 1691 1029 1757 recusaret,
1052 1682 1108 1766 qui
1131 1683 1287 1766 exipsius
1302 1682 1429 1744 decreto
1445 1681 1567 1746 elsatis

247 1785 337 1848 daret
365 1789 396 1845 et
424 1778 577 1844 iudicium
606 1779 749 1861 accipere
778 1778 884 1842 vellet.
924 1775 974 1840 83.
997 1781 1092 1854 Nam,
1120 1799 1178 1862 per
1201 1777 1278 1842 deos
1301 1776 1511 1851 immortales,
1540 1776 1568 1840 si

246 1879 397 1951 Alfenus,
418 1880 605 1959 procurator
625 1873 659 1936 P.
675 1873 833 1950 Quinctii,
856 1874 912 1936 tibi
928 1880 994 1936 tum
1009 1874 1086 1937 satis
1102 1874 1191 1936 daret
1210 1880 1242 1936 et
1257 1872 1410 1936 iudicium
1424 1872 1605 1955 acciperent
1719 1911 1721 1919 ι

247 1971 359 2047 vellet,
382 1970 521 2054 deniquo
543 1969 663 2043 omnia,
693 1989 780 2053 quae
801 1969 993 2053 postulares,
1015 1969 1119 2032 facere
1141 1968 1312 2043 voluisset,
1337 1966 1416 2051 quid
1437 1971 1566 2050 ageres?

246 2085 412 2132 revocares
435 2084 524 2137 eum,
548 2083 643 2146 quem
664 2064 698 2126 in
720 2063 853 2129 Galliam
874 2064 1029 2127 miseras?
1059 2065 1100 2127 At
1120 2065 1173 2126 bic
1189 2062 1319 2147 quidem
1333 2061 1397 2126 iam
1414 2062 1453 2126 de
1467 2061 1566 2126 fundo

247 2160 414 2245 expulsus,
436 2160 499 2222 iam
521 2177 540 2220 a
562 2159 628 2221 suis
643 2158 692 2221 dis
710 2160 879 2243 penatibus
894 2178 1046 2243 praeceps
1063 2159 1199 2235 eiectus,
1220 2159 1284 2220 iam
1300 2154 1398 2241 (quod
1412 2156 1568 2239 indignis-

247 2257 360 2320 simum
383 2251 439 2336 est)
463 2272 593 2316 suorum
616 2273 778 2318 servorum
800 2255 946 2318 manibus
968 2255 1080 2318 nuntio
1095 2260 1192 2338 atque
1209 2252 1344 2338 imperio
1359 2259 1416 2317 tuo
1431 2253 1567 2316 violatus

247 2356 339 2413 esset.
372 2348 552 2430 corrigeres
580 2347 659 2411 baec
681 2349 803 2413 scilicet
824 2358 858 2413 tu
881 2356 1003 2433 postea.
1034 2350 1082 2413 De
1104 2351 1292 2433 cuiusquam
1306 2349 1372 2412 vita
1387 2347 1493 2410 dicere
1513 2361 1606 2410 atr-ao

247 2445 319 2519 des,
342 2444 397 2528 qui
417 2443 479 2505 boc
501 2442 656 2506 concedas
678 2463 809 2507 necesse
833 2453 896 2520 est,
918 2447 962 2508 ita
983 2451 1014 2507 te
1037 2465 1166 2508 caecum
1188 2444 1362 2527 cupiditate
1384 2449 1417 2505 44
1437 2442 1570 2506 avaritia

245 2539 361 2611 fuisse,
390 2543 441 2612 ut,
473 2557 545 2599 oum
574 2545 686 2620 postea
709 2539 787 2622 quid
816 2540 957 2603 futurum
982 2547 1066 2603 esset
1087 2539 1265 2622 ignorares,
1297 2536 1440 2601 accidere
1462 2542 1568 2601 autem

245 2633 343 2696 multa
374 2638 522 2716 possent,
553 2653 642 2716 spem
672 2631 820 2698 maleficii
853 2635 1029 2719 praesentis
1059 2635 1093 2698 in
1120 2634 1241 2698 incerto
1267 2632 1386 2717 reliqui
1414 2632 1568 2718 temporis

243 2734 359 2792 eventu
381 2727 580 2790 collocares?
612 2730 717 2813 Atque
738 2728 816 2793 baec
838 2730 970 2815 perinde
993 2728 1124 2814 loquor,
1149 2730 1241 2814 quasi
1255 2729 1328 2814 ipso
1341 2728 1398 2792 illo
1414 2735 1567 2812 tempore,

242 2844 313 2885 cum
335 2830 366 2884 te
388 2829 516 2905 praetor
536 2823 682 2887 iussisset
703 2845 743 2888 ex
765 2825 869 2889 edicto
893 2825 1074 2908 possidere,
1100 2825 1182 2887 siin
1203 2823 1440 2908 possessionem
1461 2822 1605 2886 misisse

242 2939 309 2994 ses,
332 2917 480 2980 debueris
502 2923 557 2979 aut
576 2920 717 2999 potueris
739 2921 772 2982 P.
788 2920 972 2996 Quinctium
994 2920 1033 2982 de
1048 2915 1256 3004 ‘possessione
1280 2918 1459 2984 deturbare.

325 3011 455 3075 XXVII.
483 3007 534 3072 84.
558 3011 673 3076 Omnia
695 3020 785 3090 sunt,
810 3015 842 3077 C.
858 3013 983 3098 Aquili,
1006 3014 1178 3090 eiusmodi,
1202 3015 1307 3099 quivis
1329 3020 1366 3077 ut
1386 3013 1568 3098 perspicere

241 3107 359 3191 possit,
389 3106 423 3167 in
453 3105 512 3168 hac
547 3125 642 3170 causa
671 3107 905 3191 improbitatem
934 3115 966 3171 44
995 3110 1130 3192 gratiam
1156 3131 1228 3172 cum
1249 3111 1361 3193 inopia
1382 3115 1415 3172 et
1434 3109 1568 3172 veritate

243 3200 445 3266 contendere.
488 3201 619 3273 Praetor
651 3209 682 3264 44
711 3203 977 3286 quemadmodum
1005 3205 1171 3288 possidere
1193 3206 1309 3268 iussit?
1353 3202 1492 3286 Opinor,
1527 3222 1568 3265 ex

244 3298 359 3362 edicto.
393 3297 530 3380 Sponsio
553 3317 635 3380 quae
657 3298 691 3360 in
712 3298 808 3360 verba
829 3297 911 3360 iacta
927 3301 995 3360 est‘l
1027 3299 1063 3362 St
1085 3319 1129 3362 nx
1149 3317 1267 3362 404440
1290 3318 1462 3362 0044404444
1484 3309 1604 3362 sonato

241 3394 275 3456 P.
291 3392 437 3482 erucrrr
457 3411 606 3455 nossnssa
628 3411 688 3455 000
710 3410 797 3455 surr.
832 3393 1008 3455 Redeamus
1025 3391 1065 3456 ad
1080 3394 1229 3460 edictum.
1257 3394 1294 3458 Id
1309 3395 1439 3479 quidem
1457 3414 1567 3478 quem-

244 3487 415 3550 admodum
445 3486 534 3550 iubet
555 3488 742 3571 possideret
776 3487 937 3571 Numquid
960 3493 1009 3550 est
1029 3507 1158 3566 causac,
1193 3489 1226 3552 C.
1247 3489 1374 3573 Aquili,
1407 3490 1503 3572 quin,
1538 3489 1566 3552 si

243 3580 336 3665 longe
358 3580 451 3644 aliter
471 3582 630 3665 possedit,
653 3601 749 3666 quam
769 3589 897 3666 praetor
918 3582 1033 3658 edixit,
1056 3583 1117 3647 iste
1140 3604 1180 3647 ex
1201 3584 1307 3648 edicto
1330 3604 1396 3648 non
1413 3583 1566 3668 possedo-

306 3753 536 3816 4.οα404040040.
554 3750 638 3816 4400.
660 3754 687 3790 -‘
705 3753 730 3802 4.
747 3751 793 3817 044]
809 3753 857 3802 044
873 3753 922 3803 ak.
938 3780 965 3790 -
985 3754 1008 3804 6.
1026 3753 1160 3820 [4444440440]
1177 3751 1566 3818 404404044044444444404044

241 3829 331 3892 ima,
349 3827 525 3880 444400440444
542 3829 609 3879 etii.
626 3854 650 3867 -
672 3828 695 3878 0.
714 3827 827 3878 sciebas?
843 3825 898 3882 Li.
914 3855 941 3866 -
959 3830 999 3879 40.
1019 3832 1079 3892 tom]
1098 3829 1259 3881 tuGaikl.
1276 3857 1303 3867 -
1321 3828 1411 3894 00004]
1427 3832 1519 3881 0004.
1535 3857 1563 3868 -

243 3907 281 3958 44.
292 3905 409 3956 Peridiae
418 3903 485 3954 XXX
493 3905 611 3968 ineptum
623 3901 755 3966 glossema
766 3915 826 3954 4444
837 3906 959 3969 opinatur
969 3907 1016 3956 i'h.
1028 3907 1176 3958 Mommsen
1187 3905 1205 3957 l.
1218 3906 1245 3957 d.
1258 3919 1285 3971 p.
1299 3906 1373 3957 4440.
1395 3907 1447 3957 Sed
1459 3908 1498 3957 404
1508 3905 1564 3958 lere

242 3981 299 4033 dics
310 3984 371 4032 ante
381 3979 586 4046 postulationem
598 3981 711 4032 Naevius
723 3982 843 4031 nuntium
855 3980 996 4032 inGalliam
1008 3983 1112 4034 misisse
1123 3982 1269 4033 videtur·
1279 3981 1316 4032 044
1329 3981 1396 4034 44.-
1410 3982 1450 4032 44,
1461 3987 1567 4046 praetor

241 4057 264 4106 44
279 4057 386 4107 4444444444
396 4057 421 4107 Μ
434 4060 460 4108 44
471 4061 505 4120 Α,
521 4056 656 4120 praetores·
671 4057 776 4106 04444404
789 4055 1092 4122 Blibcdtgbilmn,
1107 4060 1212 4110 Praetor
1221 4059 1313 4109 44444444
1321 4057 1430 4107 4444444444
1439 4056 1562 4110 4440404444.

242 4159 271 4169 -
289 4131 329 4183 43.
348 4132 392 4193 qui
407 4129 456 4186 44
472 4144 534 4183 cum
552 4131 688 4183 codicibus
713 4133 827 4196 (praeter
845 4132 869 4191 44
893 4132 1034 4184 omnibus:
1060 4135 1120 4198 0040
1136 4135 1153 4184 k
1170 4137 1197 4185 44
1214 4135 1270 4184 Lo.
1291 4161 1319 4170 -
1344 4133 1467 4184 4044444044
1484 4135 1566 4185 Erno-

241 4207 315 4258 stius.
337 4232 364 4242 -
384 4205 423 4257 44.
443 4205 555 4271 04440444
570 4209 648 4273 044444]
668 4209 791 4271 occiperet
806 4210 834 4258 L.
855 4235 883 4245 -
906 4210 945 4259 444.
965 4208 1024 4273 tum]
1046 4223 1103 4260 4004
1126 4211 1200 4260 Gai.
1222 4237 1249 4247 -
1267 4209 1390 4274 satisdare
1406 4211 1424 4260 L
1443 4211 1470 4260 et
1485 4211 1565 4274 typo-

240 4281 332 4348 graphi
349 4294 439 4334 errore
457 4284 478 4333 0
495 4297 557 4334 cam
568 4284 594 4334 4.
614 4310 642 4320 -
662 4283 702 4333 46.
722 4281 806 4333 &Fert
819 4284 933 4334 044044444
943 4283 1088 4336 tollendum
1100 4288 1154 4347 est,
1173 4286 1244 4350 quod
1257 4299 1272 4336 a
1283 4285 1393 4352 reliquis
1404 4285 1564 4350 discrepat.»

241 4361 301 4409 Gir.
320 4359 344 4409 4.
364 4357 402 4408 ct.
422 4359 511 4410 tamen
528 4360 614 4424 Reisig
630 4359 686 4410 Lot.
704 4359 833 4422 spracoo.
852 4375 878 4426 p.
897 4361 945 4411 444
962 4375 1002 4426 sq.
1023 4389 1050 4399 -
1075 4363 1115 4412 47.
1135 4363 1241 4429 0040440]
1259 4363 1370 4426 equidem
1386 4363 1411 4414 k.
1433 4389 1460 4398 —
1479 4363 1519 4413 48.
1538 4361 1564 4428 0]

241 4433 273 4483 00
290 4434 324 4483 bt.
346 4459 372 4471 -
390 4433 431 4484 40.
449 4434 519 4500 baec]
536 4436 582 4486 404
598 4436 623 4486 k.
638 4461 667 4472 -
686 4436 726 4485 44.
745 4436 853 4501 caccum]
872 4442 951 4487 444040
962 4436 1102 4502 deegi
1121 4440 1188 4489 elli.
1205 4465 1232 4476 -
1251 4439 1292 4490 44.
1307 4437 1474 4501 0044400040]
1487 4437 1562 4488 «tort.

242 4508 302 4570 0040
313 4513 415 4571 postca»
434 4523 487 4574 mg.
506 4509 533 4564 4.
547 4537 574 4549 -
595 4510 636 4562 ai.
655 4510 796 4576 4044040444]
815 4513 877 4562 Post
893 4512 944 4562 boc
960 4513 1073 4564 verbum
1091 4515 1109 4564 L
1127 4515 1237 4565 inseruit
1253 4525 1296 4565 vv.
1310 4513 1400 4564 004040
1410 4539 1426 4551 -
1436 4540 1451 4552 -
1462 4517 1563 4564 400400-

242 4585 307 4634 0444.
327 4584 360 4648 [5.
373 4585 423 4648 84.)
444 4611 469 4623 -
490 4587 652 4652 4404414444.
668 4614 694 4623 -
710 4587 816 4649 0404004
832 4587 920 4649 440004
937 4589 1008 4650 00044·
1024 4589 1044 4638 44
1060 4590 1113 4653 4040
1125 4591 1152 4640 L.
1169 4616 1197 4625 —
1216 4591 1257 4640 25.
1275 4591 1297 4639 44
1308 4603 1361 4640 om.
1375 4591 1403 4639 L.
1418 4616 1445 4624 —
1464 4588 1505 4638 40.
1519 4593 1564 4638 out

238 4659 350 4722 00404444
366 4673 418 4711 om.
437 4662 462 4711 k.
483 4689 510 4704 4-
537 4663 578 4712 40.
597 4664 664 4714 luto
681 4662 794 4713 verbum
810 4665 914 4714 Praetor
930 4663 1049 4714 detectus
1067 4666 1141 4728 signa
1158 4663 1258 4716 babent
1274 4662 1334 4727 Lt,
1358 4663 1419 4731 0044
1433 4677 1458 4714 v.
1478 4663 1564 4712 04404-

241 4733 302 4784 44044
317 4736 350 4796 L,
377 4739 438 4800 post
452 4749 478 4786 v.
496 4740 642 4788 4004400444
657 4738 683 4792 tl.
714 4765 741 4776 -
769 4739 808 4789 30.
831 4739 874 4804 444]
893 4743 951 4788 40444
967 4753 991 4789 c.
1013 4767 1040 4778 -
1063 4741 1091 4791 Si
1107 4770 1122 4779 -
1137 4769 1151 4779 -
1165 4754 1277 4804 00444440
1293 4755 1344 4792 000
1359 4745 1416 4792 44404
1432 4739 1560 4790 BGKM:

240 4810 288 4859 0444
299 4835 335 4848 --
343 4823 454 4873 00444440
470 4827 520 4864 000
536 4820 593 4864 4004
608 4818 644 4876 Α,
662 4815 690 4864 04
700 4842 739 4854 --
747 4827 860 4877 00444440
875 4829 926 4866 000
942 4816 990 4866 4404
1006 4815 1154 4869 Hotomauo
1172 4819 1280 4868 auctore
1297 4817 1356 4880 Li,
1375 4817 1564 4877 44--00444440

238 4885 288 4934 4404
304 4897 366 4936 cum
382 4888 484 4937 Iuntina
501 4891 529 4940 44
546 4890 718 4941 Cratandrina
736 4891 793 4952 [nisi
811 4890 883 4954 quod
900 4891 950 4941 bae
968 4903 1075 4956 quoque
1094 4893 1220 4945 exhibent
1235 4893 1301 4959 4004)
1319 4895 1347 4943 0.
1370 4891 1408 4943 Cl.
1428 4890 1452 4954 ἓ.
1471 4888 1511 4940 30.
1532 4917 1560 4927 -

241 4961 281 5012 34.
299 4963 326 5013 Ρ.
346 4975 399 5014 om.
417 4964 443 5014 4.
464 4992 491 5001 -
510 4966 539 5016 40
556 4967 653 5028 0040440
669 4967 875 5030 0000004000οω
892 4968 1005 5018 blekm
1022 4970 1049 5018 44
1064 4971 1101 5021 A:
1121 4971 1147 5020 40
1163 4971 1223 5033 quid
1238 4975 1274 5020 444
1290 4967 1496 5032 quemadmodum
1512 4967 1563 5018 440

238 5035 498 5104 ebcdigbiln,
516 5041 546 5092 40
561 5045 767 5107 000040004οά00
783 5042 867 5098 Lao.
883 5067 910 5081 -·
930 5044 970 5096 32.
988 5045 1123 5112 4444000440
1140 5059 1207 5098 0004
1224 5043 1457 5108 consultata.
1473 5067 1501 5080 -
1519 5041 1559 5096 33.
