3684 5862
311 425 353 494 70
602 433 756 500 ORATIO
777 432 855 499 Plio
879 433 969 498 snx.
989 431 1138 498 nostno
1158 430 1342 496 molito

309 604 372 686 luit
391 611 457 670 tam
477 603 636 679 nefarius,
660 603 733 689 quis
753 604 857 688 pirata
877 610 942 667 tam
962 603 1132 677 barbarus,
1153 609 1204 677 ut,
1226 621 1298 665 oum
1312 601 1466 684 integram
1482 601 1635 685 praedam

310 699 380 762 sine
401 699 555 784 sanguine
575 698 693 763 habere
714 706 837 781 posset,
860 705 991 762 eruenta
1006 697 1109 780 spolia
1123 696 1288 760 detrahere
1304 695 1437 760 malleti
1468 693 1540 762 til.
1563 697 1634 761 Seis

309 792 394 856 huno
415 793 497 860 nihil
517 793 652 868 habere,
673 791 754 855 nihil
774 792 908 868 audere,
929 791 1011 856 nihil
1032 811 1144 874 posse,
1166 791 1247 854 nihil
1268 809 1419 875 umqsrom
1441 799 1551 856 oontn
1564 810 1634 854 rom

309 893 397 949 tuam
425 887 599 970 cogitasses
628 893 792 950 ettamen
819 906 983 970 oppugnas
1013 905 1102 960 eum,
1132 903 1227 968 quem
1251 903 1356 967 neque
1378 891 1519 950 metuero
1540 892 1634 969 potes

284 987 414 1064 tneque
447 980 555 1043 odisse
584 979 681 1043 debes
707 1000 766 1045 nee
795 979 970 1065 quidquam
992 979 1054 1042 iam
1076 979 1193 1043 hahere
1215 979 1331 1063 reliqui
1351 979 1459 1053 vides,
1492 981 1580 1064 quod
1601 981 1632 1044 ei

309 1073 476 1138 detrahere
497 1074 620 1160 possis:
642 1073 705 1138 uisi
724 1074 787 1138 hoo
808 1075 975 1158 indignum
995 1081 1106 1156 putas,
1129 1074 1216 1157 quod
1231 1073 1380 1137 vestitum
1402 1075 1515 1137 sedere
1536 1075 1570 1138 in
1584 1075 1633 1137 iu-

308 1167 393 1230 diolo
415 1168 520 1243 vidos,
550 1185 645 1252 quem
666 1172 702 1229 tu
723 1187 741 1231 e
762 1169 955 1251 patrimonio
976 1174 1140 1251 tamquam
1162 1185 1180 1229 e
1201 1165 1367 1251 naufragio
1389 1169 1511 1231 nudum
1533 1187 1634 1250 expu-

308 1261 384 1332 listi.
413 1261 528 1337 ·Quasi
560 1281 636 1324 vero
669 1263 792 1326 nescias
823 1263 909 1326 huno
938 1269 971 1325 et
991 1261 1033 1324 ali
1056 1267 1087 1324 et
1108 1261 1217 1324 vestiri
1239 1279 1258 1324 e
1281 1260 1434 1336 Caecilia,
1468 1258 1632 1346 [Belounoi

144 1318 182 1433 Ᾰ
307 1351 390 1430 iilia,
410 1356 544 1439 Nepotis
566 1351 711 1439 sororo‚]
736 1355 1120 1440 spectatissima-lomina,
1146 1375 1229 1439 quae
1250 1375 1322 1418 oum
1344 1355 1555 1419 clarissimum
1576 1375 1633 1440 pa·

271 1459 299 1506 so
308 1455 401 1524 trem,
423 1449 638 1532 amplissimos
660 1458 807 1534 patruos,
840 1451 1078 1516 ornatissimum
1098 1449 1228 1513 fratrem
1249 1449 1395 1525 haberet,
1418 1458 1538 1526 nmen,
1559 1469 1632 1514 eum

221 1571 225 1577 ·
308 1549 392 1606 esset
413 1543 542 1619 mulier,
564 1543 682 1607 vimute
703 1545 851 1627 perfecit,
873 1553 925 1619 ut,
949 1551 1068 1629 quanto
1089 1543 1213 1607 honore
1235 1544 1306 1627 ipsa
1327 1565 1368 1609 ex
1386 1545 1513 1608 illorum
1529 1545 1632 1629 digni-

307 1641 372 1698 tate
401 1633 593 1713 affioeretur,
626 1657 691 1700 non
725 1639 847 1701 minora
879 1639 944 1702 illis
977 1644 1163 1701 ornamenta
1193 1657 1233 1702 ex
1266 1658 1322 1701 sua
1352 1639 1447 1702 laude
1475 1638 1630 1702 redderet

306 1731 357 1793 Ll.
379 1727 451 1794 tle.
473 1733 522 1794 An
545 1733 633 1818 quod
654 1734 824 1817 diligenter
845 1733 1040 1807 defenditur,
1069 1732 1103 1794 id
1131 1731 1189 1794 tihi
1211 1731 1377 1814 indignum
1398 1731 1522 1796 lacinus
1543 1733 1631 1797 vide-

307 1827 384 1886 tur‘l
427 1826 506 1889 llihi
528 1828 640 1904 erede,
669 1827 695 1890 si
717 1847 776 1910 pro
799 1828 897 1910 patris
918 1827 1016 1890 huius
1037 1826 1185 1908 hospitiis
1208 1833 1240 1888 et
1261 1827 1361 1908 qratia
1381 1827 1500 1890 vellent
1521 1845 1630 1889 omnes

270 1931 298 1982 ro
306 1917 403 1982 huius
422 1919 567 2004 hospites
587 1923 699 1985 adesse
722 1929 754 1984 et
775 1922 929 1986 auderent
949 1921 1049 1984 libere
1071 1918 1259 1995 defendere,
1282 1919 1358 1983 satis
1377 1921 1508 2003 eopiose
1522 1919 1630 1984 deien-

306 2012 449 2089 deretur3
478 2015 528 2078 sin
555 2023 661 2079 autem
690 2036 749 2098 pro
771 2015 988 2098 magnitudine
1011 2014 1147 2077 iniuriae
1168 2034 1292 2099 proque
1316 2034 1370 2089 eo,
1400 2016 1486 2100 quod
1509 2033 1631 2079 summa

304 2126 355 2172 res
376 2108 504 2191 puhliea
525 2109 559 2171 in
580 2109 678 2180 huius
699 2110 843 2192 periculo
864 2115 1020 2184 tentatur,
1051 2109 1129 2171 hoec
1152 2127 1264 2172 omnes
1283 2108 1495 2184 vindicarent,
1526 2108 1631 2172 eonsi-

305 2209 387 2264 store
420 2203 602 2266 meheroulo
629 2202 720 2266 vohis
747 2203 810 2265 isto
839 2202 876 2264 in
900 2203 972 2264 loeo
1001 2221 1067 2264 non
1094 2201 1213 2265 liceret.
1256 2203 1346 2268 Nuoo
1368 2202 1413 2266 ita
1434 2202 1630 2276 defenditur,

304 2316 371 2359 non
392 2317 469 2360 sane
490 2303 527 2360 ut
548 2297 681 2360 moleste
702 2295 784 2360 ierre
806 2296 977 2360 adversarii
1001 2295 1151 2371 debeant,
1174 2316 1278 2380 neque
1301 2303 1337 2360 ut
1359 2315 1393 2360 se
1414 2296 1558 2380 potentia
1578 2316 1631 2360 su·

267 2390 409 2472 noperari
429 2395 552 2472 putent.
596 2386 668 2452 tte.
692 2389 781 2465 Quae
803 2390 889 2453 domi
912 2390 1050 2472 gerenda
1072 2397 1162 2464 sunt,
1188 2409 1226 2452 ea
1249 2410 1306 2472 per
1328 2388 1496 2454 Caeciliam
1517 2391 1631 2455 transi·

304 2489 437 2565 guntur:
459 2481 523 2558 lori
536 2483 711 2568 iudiciique
725 2485 881 2548 rationem
896 2485 938 2550 lt.
953 2483 1099 2558 Messala,
1120 2490 1156 2546 ut
1171 2483 1296 2557 videtis,
1319 2483 1450 2559 iudices,
1474 2484 1630 2567 suseepit3

306 2577 361 2661 qui
384 2575 412 2639 si
433 2577 496 2640 iam
519 2579 595 2640 satis
617 2578 729 2640 aetatis
751 2597 788 2640 ac
802 2578 926 2641 roboris
941 2578 1089 2652 heberet,
1111 2578 1181 2660 ipse
1197 2597 1254 2660 pro
1271 2579 1343 2640 Sex.
1358 2579 1474 2642 ltosoio
1490 2578 1630 2653 diceret3

307 2659 520 2754 quoniam(ed
543 2670 712 2736 dicendum
735 2672 962 2754 impedimento
985 2680 1033 2734 est
1054 2678 1141 2734 aetas
1164 2679 1195 2735 et
1217 2663 1338 2768 pudor)
1359 2673 1524 2756 quierunt
1545 2679 1631 2734 oeta·

305 2771 385 2838 tem,
408 2783 536 2828 oausam
558 2765 635 2827 mihi
657 2766 803 2840 tradidit,
827 2785 922 2849 quem
945 2787 1002 2829 sua
1024 2785 1119 2828 eausa
1141 2785 1255 2848 oupere
1277 2785 1314 2828 ae
1337 2765 1452 2829 dehere
1473 2765 1631 2847 intellige·

268 2858 375 2922 sohar:
404 2859 475 2941 ipse
497 2858 700 2935 assiduitate,
729 2859 882 2935 oonsilio,
913 2861 1117 2935 auctoritate,
1140 2860 1304 2942 diligentia
1326 2859 1475 2942 perleoit,
1498 2865 1534 2921 ut
1556 2859 1629 2922 Sex.

305 2950 413 3016 Roscii
434 2953 500 3016 vita
522 2960 630 3036 erepta
651 2952 691 3016 de
713 2953 860 3017 menibus
875 2960 1032 3017 sectorum
1050 2955 1215 3018 sententiis
1229 2953 1371 3017 iudicum
1385 2953 1629 3037 permitteretur.

305 3047 475 3122 Nimirum,
506 3048 643 3123 iudiees,
673 3067 732 3130 pro
763 3048 823 3111 hao
851 3048 1017 3112 nobilitate
1046 3067 1119 3130 pars
1146 3049 1284 3112 maxima
1313 3049 1450 3112 civitatis
1478 3047 1629 3112 inarmis

304 3140 382 3217 faits
404 3141 484 3205 haee
504 3151 575 3206 aeta
594 3163 646 3206 res
669 3149 734 3218 est,
756 3149 792 3205 ut
812 3143 836 3205 ii
853 3141 977 3205 nobiles
992 3143 1234 3206 restituerentur
1247 3143 1282 3206 iu
1297 3144 1474 3219 civitatem,
1498 3142 1554 3226 qui
1567 3141 1630 3204 hoo

305 3235 460 3311 fecerent,
492 3237 579 3321 quod
607 3235 711 3300 faeere
734 3236 901 3300 Messalam
924 3235 1055 3311 videtis,
1085 3237 1141 3321 qui
1164 3244 1259 3319 eaput
1279 3236 1459 3300 innocentis
1480 3233 1630 3298 deiende-

267 3336 391 3404 torent,
415 3330 470 3413 qui
492 3329 629 3394 iniuriae
650 3333 851 3406 resisterent,
881 3330 953 3413 qui,
976 3337 1130 3414 quantum
1151 3339 1300 3414 possent,
1322 3331 1356 3393 in
1378 3331 1479 3394 salute
1500 3329 1629 3394 alterius

307 3442 403 3507 quam
436 3423 470 3486 in
503 3425 602 3487 exitio
631 3425 763 3488 mallent
790 3425 967 3487 ostendere.
1012 3424 1106 3499 Quod
1133 3425 1160 3486 si
1183 3443 1310 3499 omnes,
1344 3424 1399 3509 qui
1422 3425 1535 3489 eodem
1557 3424 1629 3487 loeo

305 3518 371 3580 nati
392 3524 483 3593 sunt,
511 3518 668 3594 lacerent,
694 3526 726 3583 et
746 3539 797 3582 res
819 3517 947 3602 publica
968 3537 1009 3581 ex
1030 3517 1094 3580 illis
1116 3523 1149 3582 ot
1168 3517 1232 3603 ipsi
1254 3539 1295 3582 ex
1316 3518 1436 3584 invidie
1457 3519 1562 3582 miuus
1583 3517 1629 3581 lo·

304 3611 463 3675 horarent.

99 2720 209 2786 fv

369 3948 528 4010 hposrttv.
548 3974 576 3984 -
602 3947 653 3998 selo
670 3949 698 3999 G.
719 3975 747 3984 -
773 3947 797 3998 3.
819 3949 884 3999 hmo
905 3949 995 4000 liae:
1021 3963 1088 4001 nane
1104 3953 1165 4012 Gv,
1191 3951 1286 4001 tou.
1307 3977 1334 3985 -
1356 3951 1418 4013 rere]
1435 3949 1628 4014 rempotttoam

304 4025 334 4074 (l.
354 4049 381 4060 -
400 4021 424 4074 l.
443 4035 569 4074 mom.
588 4025 617 4073 G.
638 4051 665 4059 -
685 4024 709 4074 5.
727 4023 887 4074 tosohatm
903 4026 999 4076 Gllv:
1020 4025 1110 4077 heom
1126 4028 1179 4076 tom
1195 4027 1274 4076 Ono.
1296 4051 1322 4062 -
1340 4025 1416 4090 eides]
1433 4027 1526 4076 lothes
1542 4027 1576 4078 hl.
1597 4051 1625 4066 -

304 4099 329 4149 6.
346 4099 532 4163 nospsos„
549 4109 692 4161 quemom.
711 4100 740 4149 G.
760 4127 787 4136 -
813 4101 837 4150 7.
856 4100 920 4165 tae]
942 4103 1054 4162 moti,
1076 4114 1160 4152 som.
1177 4115 1203 4152 v.
1224 4126 1251 4137 -
1276 4101 1300 4152 8.
1319 4100 1625 4154 aettootrs'rs'ocoee.

303 4186 329 4223 v.
350 4199 377 4208 -
396 4173 744 4226 massuetum:
768 4175 1626 4238 Bokaros'lpvs03801enresG3Botiostsll3130ltovttCll.

305 4247 430 4299 Ceterum
455 4248 523 4299 hoec
547 4262 590 4299 vv.
609 4250 638 4298 ut
663 4247 794 4312 glossema
816 4263 878 4301 oum
901 4248 1034 4316 plerisque
1057 4253 1154 4303 criticis
1176 4250 1282 4303 seclusi.
1302 4279 1330 4289 -
1354 4251 1379 4301 9.
1397 4250 1461 4301 ctor.
1477 4256 1577 4313 patrem
1593 4253 1625 4302 G:

300 4323 479 4386 permolor.
499 4323 577 4374 oodd.
595 4322 651 4374 rell.
671 4324 739 4387 noti,
758 4326 787 4376 0.
808 4352 835 4362 -
859 4325 898 4375 to.
920 4325 1011 4390 mmor]
1035 4331 1088 4377 tam
1103 4341 1128 4377 v.
1149 4353 1177 4362 -
1201 4327 1242 4377 tl.
1262 4330 1355 4390 questo
1371 4325 1405 4390 4.]
1423 4339 1501 4389 quoto
1517 4331 1586 4376 tosto
1601 4325 1626 4377 h.

304 4400 371 4450 coni.
385 4400 461 4460 Em.;
479 4406 670 4463 quantocunque
685 4401 709 4451 h.
723 4403 792 4452 oonl.
805 4401 897 4452 Lemb.
913 4429 940 4438 -
960 4404 1000 4453 44.
1019 4404 1168 4468 adficerstw
1179 4403 1207 4453 e.
1223 4427 1250 4439 -
1271 4401 1311 4454 tl.
1328 4402 1410 4464 paors
1425 4401 1498 4451 holos
1509 4402 1625 4453 Gilva:

299 4474 383 4536 petris
398 4475 451 4525 otus
466 4476 527 4535 Oe,
552 4473 630 4526 oodd.
649 4474 717 4536 rell,
736 4477 765 4526 ut
781 4476 893 4527 videtur.
929 4479 954 4528 st
973 4477 1036 4542 quid
1054 4477 1210 4529 mutandum
1229 4479 1284 4538 est,
1307 4477 1393 4541 potios
1410 4477 1436 4527 in
1453 4476 1628 4540 sequentihus

302 4562 386 4600 omnes
410 4550 463 4600 etos
484 4551 589 4612 hospites
609 4551 807 4602 emendandum
824 4554 870 4602 sot
886 4550 998 4604 alterurn
1015 4555 1088 4604 hatur
1103 4553 1247 4604 delendum
1265 4553 1377 4604 videtur.
1398 4575 1425 4588 -·
1443 4551 1546 4612 tospots
1561 4553 1625 4615 llo,

302 4623 393 4676 lex.
413 4651 440 4660 -
459 4625 500 4675 46.
515 4625 621 4691 propos]
634 4640 684 4689 pre
701 4629 755 4677 (lv.
770 4653 798 4662 -
816 4640 914 4677 moro
930 4642 970 4678 res
984 4643 1011 4690 p.
1030 4630 1099 4689 Gli,
1118 4626 1190 4688 eall,
1208 4630 1237 4678 ut
1253 4626 1344 4678 Lemb.
1359 4628 1385 4678 in
1402 4625 1463 4678 odo.
1476 4626 1627 4690 suspicatus

303 4701 360 4750 est:
384 4711 484 4750 mse
498 4701 537 4750 ret
547 4714 576 4764 p.
594 4713 647 4760 eo,
672 4701 780 4761 Fruno.;
806 4715 960 4753 sommare.
981 4717 1009 4765 p.
1033 4703 1086 4753 Tv.
1114 4729 1140 4740 -
1168 4704 1207 4753 47.
1232 4707 1367 4766 temptator
1383 4704 1412 4753 G.
1433 4727 1460 4738 -
1487 4701 1628 4752 todtoomt

301 4782 363 4840 ψν.
384 4801 411 4809 -
434 4770 482 4824 vtir
497 4787 558 4826 eane
572 4781 601 4826 ot
615 4789 666 4826 oon
683 4775 700 4830 l!
717 4777 743 4826 in
762 4789 844 4840 marg.
866 4803 893 4813 -—
911 4779 953 4828 20.
972 4778 1141 4840 nonspsntw
1154 4791 1180 4828 v.
1195 4804 1222 4814 -
1241 4779 1282 4829 il.
1299 4779 1336 4830 at.
1349 4779 1409 4828 Gar.
1422 4777 1457 4826 ΞΑ
1476 4789 1529 4828 om.
1547 4790 1627 4842 pree.

301 4861 400 4900 nomen
417 4848 533 4901 oodioes.
557 4877 581 4888 -
600 4853 1027 4912 emmerammenses:
1049 4852 1209 4904 MessoltoL.
1230 4879 1257 4890 —
1275 4853 1316 4904 ii.
1335 4865 1366 4904 oe
1383 4853 1470 4903 Gllt:
1497 4857 1521 4902 et
1536 4865 1567 4913 v;
1586 4857 1627 4902 ot-

301 4939 350 4987 qoe
364 4924 451 4991 vulgo.
466 4953 494 4962 -
512 4926 553 4976 23.
566 4926 685 4990 qoootom
701 4932 786 4978 autom
802 4928 837 4978 od
853 4929 877 4977 d.
897 4930 925 4978 G.
948 4956 974 4964 -
994 4941 1042 4990 quo
1059 4931 1166 4979 mnotG
1184 4927 1264 4980 solus.
1286 4955 1312 4965 -
1331 4926 1372 4978 il.
1391 4940 1464 4990 qoem
1479 4928 1624 4978 Gilvao:

301 5002 408 5064 qoam
426 5002 488 5052 Oxx.
509 5025 536 5040 -
556 5003 596 5053 25.
613 5003 716 5068 perfecit
731 5015 785 5054 om.
803 5017 828 5055 v.
849 5027 876 5040 -
895 5003 936 5053 tt.
951 5003 1193 5066 praeterveheretur
1209 5006 1239 5054 G.
1259 5027 1287 5041 -
1310 5003 1351 5054 28.
1368 5007 1397 5052 ot
1412 5003 1432 5052 44
1447 5001 1551 5067 iladvig
1568 5003 1623 5068 (Op.

300 5076 332 5126 ll.
351 5089 377 5140 p.
395 5076 479 5140 atil:
505 5081 535 5127 ot
555 5089 589 5138 v3
609 5077 648 5127 sti
672 5078 750 5130 oodd.
776 5079 804 5128 0.
825 5104 852 5116 -
879 5078 920 5128 344.
941 5079 968 5128 to
989 5078 1093 5128 salutm
1111 5079 1142 5140 G,
1167 5078 1220 5134 Pol.
1240 5081 1275 5144 t.,
1293 5078 1415 5131 stillet.
1435 5103 1464 5116 -·
1490 5077 1530 5132 34,
1549 5091 1626 5142 qoam

301 5162 355 5202 om.
375 5152 403 5202 G.
424 5179 451 5189 —
470 5151 701 5217 quitoeodoosG.
722 5179 750 5191 -
769 5152 1064 5218 temnentem.
