3578 5862
296 424 358 494 6l2
664 429 718 493 DE
740 427 846 493 LEGE
867 425 1044 494 AGRARIA
1064 427 1183 494 LIBER
1203 429 1242 492 11.

293 599 407 663 bausto
428 596 550 662 aerario
571 595 659 660 nullo
681 605 773 680 pacto
795 605 917 681 potest;
939 619 1044 683 neque
1065 619 1139 665 vero
1161 597 1216 662 illa
1237 597 1403 683 popularia
1417 606 1492 662 sunt
1505 599 1635 664 existi-

125 682 146 788 ζ
158 669 207 800 ps
294 693 424 768 manda,
445 690 633 781 iudiciorum
654 691 923 776 perturbationes,
944 713 1050 756 rerum
1070 693 1279 756 iudicatarum
1300 691 1544 768 infirmationes,
1569 714 1631 758 re-

180 803 183 812 ’
293 787 412 850 stitutio
441 785 677 860 damnatorum,
710 787 765 869 qui
794 785 953 849 civitatum
978 783 1165 850 afflictarum
1194 784 1324 870 perditis
1349 785 1412 850 iam
1436 785 1529 850 rebus
1560 807 1629 850 ex-

292 882 383 945 tremi
406 880 573 944 exitiorum
602 879 707 943 solent
734 899 804 943 esse
835 878 957 955 exitus;
988 899 1047 942 neo
1075 881 1102 943 si
1133 880 1189 964 qui
1211 899 1302 962 agros
1324 879 1444 962 populo
1470 882 1624 946 Romano

268 974 497 1058 apollicentur,
520 973 577 1037 sed
599 972 686 1037 aliud
705 973 856 1056 quiddam
881 972 1013 1036 obscure
1039 973 1228 1049 moliuntur,
1250 974 1338 1038 aliud
1365 994 1422 1058 spe
1448 994 1485 1038 ac
1509 977 1623 1060 specie

292 1068 499 1132 simulationis
520 1073 695 1142 ostentant,
717 1067 887 1150 populares
916 1067 1117 1132 existimandi
1145 1076 1229 1132 sunt.
1278 1068 1318 1131 V.
1344 1070 1442 1144 Nam,
1470 1089 1543 1133 rere
1568 1069 1624 1132 di·

291 1183 378 1241 cam,
399 1161 556 1238 Quirites,
578 1181 678 1244 genus
703 1161 806 1245 ipsum
830 1159 909 1244 legis
930 1162 1070 1244 agrariae
1092 1163 1271 1244 vituperare
1293 1183 1358 1226 non
1379 1183 1519 1247 possum.
1551 1165 1623 1228 Ve-

135 1273 159 1384 ί
290 1258 339 1321 nit
365 1255 449 1320 enim
470 1255 546 1318 mibi
568 1254 601 1318 in
623 1263 777 1330 mentem,
806 1254 886 1319 duos
911 1255 1119 1332 clarissimos,
1149 1256 1437 1339 ingeniosissimos,
1465 1258 1621 1322 amantis-

155 1358 231 1452 ᾖν
291 1353 388 1416 simos
419 1350 522 1434 plebis
553 1350 713 1413 Romanae
746 1351 847 1424 viros,
880 1350 1039 1436 Tiberium
1071 1358 1102 1413 et
1135 1350 1245 1413 Gaium
1278 1351 1453 1427 Gracchos,
1487 1350 1621 1436 plebem

254 1446 324 1510 stin
352 1445 433 1529 agris
462 1443 597 1528 publicis
625 1443 843 1517 constituisse,
873 1443 929 1527 qui
958 1445 1024 1526 agri
1052 1443 1223 1526 apricatis
1245 1435 1621 1529 antea‘prTseidebantur.

290 1542 361 1604 Non
389 1559 459 1604 sum
485 1544 592 1602 autem
621 1557 680 1620 ego
709 1539 737 1601 is
766 1536 891 1612 consul,
925 1537 997 1620 qni,
1028 1545 1064 1601 ut
1084 1537 1244 1623 plerique,
1276 1537 1366 1602 neias
1389 1559 1460 1604 esse
1481 1538 1622 1605 arbitrer

290 1633 448 1698 Gracchos
469 1631 616 1707 laudare,
639 1651 774 1715 quorum
794 1631 952 1706 consiliis,
975 1631 1146 1714 sapientia,
1168 1631 1290 1716 legibus
1305 1633 1419 1697 multas
1435 1653 1505 1697 esse
1518 1632 1621 1697 rideo

289 1727 336 1791 rei
363 1725 509 1810 publicae
538 1733 645 1809 partes
676 1725 874 1790 constitutas.
924 1719 975 1788 ll.
997 1727 1124 1808 ltaque,
1153 1733 1189 1790 ut
1216 1727 1306 1791 initio
1338 1727 1415 1793 mihi
1445 1728 1620 1811 designato

290 1820 413 1886 consuli
441 1821 643 1886 nuntiabatur
669 1819 771 1902 legem
801 1819 952 1902 agrariam
975 1819 1117 1883 tribunos
1146 1819 1249 1903 plebis
1270 1819 1451 1904 designatos
1473 1823 1620 1887 conscri-

252 1916 381 1993 rtbere,
403 1915 584 1999 cupiebam,
606 1913 683 1998 quid
700 1914 882 1996 cogitarent,
905 1932 1104 1996 cognoscere.
1126 1913 1249 1978 Etenim
1263 1914 1445 1990 arbitrabar,
1460 1915 1620 1999 quoniam

290 2011 403 2076 eodem
431 2029 515 2073 anno
542 2008 672 2092 gerendi
699 2007 789 2070 nobis
820 2014 925 2071 essent
946 2006 1163 2089 magistratus,
1196 2026 1266 2071 esse
1294 2008 1432 2092 aliquam
1462 2017 1617 2094 oportere

288 2109 450 2171 internos
471 2103 518 2168 rei
547 2102 692 2188 publicae
718 2101 799 2164 bene
820 2099 1087 2165 administrandae
1110 2101 1302 2166 societatem.
1347 2099 1398 2168 ld.
1421 2104 1498 2169 Cum
1519 2104 1618 2168 lami-

287 2203 407 2266 liariter
427 2222 478 2264 me
499 2199 534 2262 in
556 2217 666 2261 eorum
688 2215 866 2260 sermonem
886 2195 1079 2258 insinuarem
1094 2213 1131 2258 ac
1150 2193 1273 2271 darem,
1296 2196 1438 2273 celabar,
1461 2198 1617 2262 exclude·

287 2297 345 2362 bar
374 2304 406 2361 et
432 2314 505 2360 cum
534 2290 747 2364 ostenderem,
781 2289 808 2352 si
834 2289 888 2352 lex
917 2289 1002 2353 utilis
1032 2289 1117 2372 plebi
1146 2290 1305 2354 Romanae
1333 2290 1412 2355 mibi
1434 2292 1615 2368 rideretur,

250 2392 448 2457 adauctorem
469 2408 520 2452 me
541 2393 637 2469 atque
660 2383 837 2448 adiutorem
858 2382 1016 2458 futurum,
1038 2392 1144 2446 tamen
1159 2385 1408 2466 aspernabantur
1428 2385 1510 2450 banc
1531 2385 1615 2450 libe·

286 2489 444 2552 ralitatem
465 2503 585 2548 meam:
614 2480 770 2564 negabant
793 2498 843 2541 me
865 2477 979 2542 adduci
1012 2497 1105 2561 posse
1139 2485 1174 2540 ut
1200 2477 1296 2542 ullam
1317 2477 1516 2562 largitionem
1536 2499 1613 2563 pro-

285 2583 403 2646 barem.
446 2579 556 2641 l'inem
577 2574 638 2638 leci
661 2572 814 2636 offerendi
837 2573 915 2646 mei,
944 2591 984 2633 ne
1012 2570 1093 2633 sorte
1115 2589 1185 2633 mea
1207 2571 1360 2636 sedulitas
1381 2580 1437 2636 aut
1457 2571 1612 2636 insidiosa

287 2683 343 2740 aut
369 2673 537 2758 impudens
566 2668 736 2732 rideretur.
779 2666 902 2728 Interea
931 2684 995 2726 non
1018 2664 1212 2728 desistebant
1233 2664 1314 2728 clam
1337 2666 1419 2730 inter
1440 2687 1474 2731 se
1496 2687 1610 2730 conre-

286 2768 356 2832 nire
363 2806 388 2844 ,·
401 2767 542 2851 privatos
573 2760 729 2847 quosdam
755 2758 921 2832 adhibere,
950 2759 990 2821 ad
1013 2777 1088 2821 suos
1111 2765 1220 2822 coetus
1242 2760 1385 2824 occultos
1407 2769 1532 2825 noctem
1551 2759 1610 2824 ad-

249 2863 418 2946 seiungere
451 2866 483 2922 et
510 2853 722 2921 solitudinem.
767 2852 890 2927 Quibus
922 2852 1016 2915 rebus
1046 2859 1166 2936 quanto
1194 2854 1227 2916 in
1257 2861 1344 2918 metu
1364 2853 1533 2931 fuerimus,
1566 2875 1609 2918 ex

286 2961 391 3021 vestra
418 2948 650 3023 sollicitudine,
679 2947 712 3011 in
734 2966 798 3029 qua
823 2945 887 3008 illis
909 2945 1102 3028 temporibus
1123 2944 1244 3021 fuistis,
1271 2946 1364 3011 facile
1384 2950 1511 3033 assequi
1533 2969 1608 3014 con·

284 3050 405 3114 iectura
425 3043 580 3130 poteritis.
617 3037 952 3105 temeraturum
980 3039 1178 3122 magistratus
1207 3041 1323 3105 tribuni
1349 3042 1471 3125 plebis:
1499 3045 1606 3108 contio

286 3146 486 3226 exspectatur
516 3140 550 3204 P.
577 3135 678 3210 Rulli,
712 3133 799 3219 quod
829 3141 860 3197 et
891 3133 1038 3216 princeps
1065 3139 1132 3197 erat
1160 3136 1301 3217 agrariae
1330 3135 1409 3219 legis
1439 3142 1472 3200 et
1502 3147 1607 3204 trucu-

284 3237 403 3302 lentius
430 3255 464 3298 se
492 3231 620 3317 gerebat
646 3249 741 3315 quam
764 3228 869 3293 ceteri.
913 3229 978 3290 lam
1001 3227 1181 3311 designatus
1209 3228 1272 3291 alio
1299 3228 1406 3305 vultu,
1434 3230 1498 3294 alio
1520 3234 1606 3297 vocis

248 3347 382 3407 ausono,
405 3329 467 3394 alio
489 3329 616 3391 incessu
639 3343 708 3388 esse
730 3321 955 3396 meditabatur,
978 3321 1093 3385 vestitu
1113 3321 1318 3398 obsoletiore,
1341 3341 1472 3406 corpore
1486 3324 1607 3390 inculto

285 3432 317 3490 et
336 3422 468 3489 horrido
474 3467 484 3498 ,
507 3418 684 3504 capillatior
706 3437 801 3502 quam
823 3422 895 3479 ante
909 3414 1071 3498 barbaque
1086 3413 1221 3492 maiore,
1243 3423 1278 3480 ut
1292 3415 1394 3481 oculis
1409 3424 1440 3480 et
1453 3418 1607 3502 adspectu

284 3517 470 3584 denuntiare
501 3513 646 3578 omnibus
675 3512 737 3574 vim
767 3508 967 3574 tribuniciam
990 3518 1021 3572 et
1042 3508 1179 3572 minitari
1201 3511 1247 3574 rei
1270 3510 1414 3593 publicae
1437 3513 1606 3578 rideretur.

283 3615 400 3698 Legem
420 3607 558 3674 bominis
581 3606 826 3688 contionemque
849 3603 1080 3684 exspectabam.
1113 3603 1180 3666 Lex
1195 3602 1286 3665 initio
1300 3603 1387 3667 nulla
1404 3607 1606 3690 proponitur:

284 3708 464 3772 contionem
485 3703 520 3766 in
541 3700 651 3784 primis
673 3696 821 3761 advocari
842 3696 950 3759 iubet:
979 3714 1100 3758 summa
1121 3715 1192 3760 oum
1215 3697 1452 3778 exspectatione
1474 3719 1606 3764 concur·

246 3801 373 3864 aeritur.
408 3796 555 3882 Explicat
576 3792 751 3858 orationem
773 3809 849 3854 sane
871 3790 998 3872 longam
1013 3797 1045 3854 et
1059 3789 1163 3853 verbis
1178 3789 1271 3854 valde
1285 3791 1388 3855 bonis.
1410 3791 1513 3857 Unum
1527 3801 1604 3870 erat,

284 3891 370 3977 quod
391 3890 470 3954 mibi
492 3888 640 3953 vitiosum
661 3884 843 3959 ridebatur,
872 3883 958 3968 quod
986 3891 1073 3947 tanta
1094 3903 1134 3948 ex
1155 3883 1336 3968 frequentia
1355 3887 1491 3950 inveniri
1510 3906 1603 3952 nemo

283 3985 404 4070 potuit,
426 3985 483 4068 qui
503 3980 680 4063 intelligere
703 3984 825 4061 posset,
856 3975 935 4061 quid
957 3975 1084 4042 diceret.
1127 3977 1195 4042 Hoc
1216 3977 1270 4041 ille
1291 3985 1397 4043 utrum
1418 3979 1603 4046 insidiarum

349 4311 374 4364 l.
391 4323 436 4362 ccc
452 4309 472 4360 E
482 4308 601 4360 FPTA:
619 4318 698 4368 coque
708 4316 770 4354 cum
782 4302 824 4354 ed.
836 4302 930 4354 Aldina
941 4300 1023 4356 LEO.
1036 4332 1063 4341 -
1082 4306 1106 4356 t.
1124 4305 1167 4357 red
1184 4304 1254 4356 uliud
1265 4307 1432 4360 Garatonins:
1450 4307 1523 4361 codri
1534 4309 1604 4362 uliud

283 4389 371 4449 EFP3
389 4383 498 4436 curun
512 4377 625 4432 anto
645 4405 672 4416 -
692 4378 819 4444 quiddam]
837 4380 935 4441 quidem
951 4380 1036 4430 ΕΒΑ.
1062 4379 1218 4430 Emendavit
1233 4381 1378 4444 Naugerius
1395 4382 1422 4434 in
1439 4383 1482 4434 ed.
1499 4382 1601 4436 Aldina.

285 4490 313 4501 ..
332 4462 356 4513 9,
372 4459 450 4525 plebes·
466 4458 529 4515 Tdt
550 4454 617 4519 plebi
638 4455 723 4505 EFP.
752 4481 780 4490 —
800 4453 922 4515 tyberium
938 4454 1026 4514 EFA;
1055 4454 1089 4504 rt.
1112 4451 1196 4505 LEO.
1221 4482 1249 4492 -
1274 4469 1378 4520 praecor
1393 4458 1449 4511 Fa.
1469 4460 1604 4525 -gor'um

284 4538 346 4588 EF:
365 4535 392 4586 G.
409 4530 523 4586 ALEO.
537 4557 565 4568 -
584 4531 624 4581 tt.
638 4529 779 4580 arbitrarer
794 4529 877 4580 EFT.
893 4556 920 4564 -
940 4531 979 4580 td.
992 4529 1085 4580 mouns
1099 4529 1146 4579 aar
1160 4529 1296 4582 mitescere
1311 4532 1381 4582 video
1392 4533 1418 4584 F.
1433 4561 1460 4571 -
1479 4533 1519 4587 43.
1532 4535 1601 4598 lloip.

279 4613 363 4677 portis
378 4612 413 4672 Α;
431 4624 455 4660 r.
471 4622 499 4673 p.
512 4607 610 4671 partim
625 4607 660 4666 1¹3
682 4619 707 4655 r.
720 4619 750 4669 p.
765 4605 861 4667 partim
876 4603 948 4654 utitor
963 4604 995 4663 F;
1013 4617 1036 4654 r.
1053 4617 1080 4668 p.
1097 4617 1192 4667 ponor
1210 4605 1352 4670 (superscr.
1369 4607 1448 4672 ortu)
1465 4609 1494 4660 E.
1514 4635 1541 4646 -
1560 4609 1600 4660 tt.

283 4686 351 4753 qutd]
368 4685 412 4748 goi
428 4684 456 4736 F.
475 4709 503 4720 -
522 4679 649 4746 montom]
666 4693 743 4743 quum
758 4680 787 4730 T.
807 4705 834 4716 -
863 4679 903 4730 tl.
920 4677 1059 4730 scrutatore
1077 4679 1114 4730 rei
1128 4694 1156 4743 p.
1172 4679 1231 4730 bene
1251 4681 1463 4735 commoramur
1484 4685 1517 4746 P;
1544 4683 1603 4752 bene

282 4760 500 4814 minumus
519 4759 583 4820 reip.
603 4756 742 4808 roetelatem
764 4755 792 4805 L.
816 4753 973 4820 (amministr.
992 4753 1058 4816 EF.)
1078 4779 1104 4790 -
1125 4756 1165 4806 ⁴8.
1183 4755 1312 4808 tonnerre
1327 4762 1485 4822 temptores,
1502 4759 1602 4812 eunom

283 4838 482 4892 Mommsenius.
502 4861 528 4874 -
548 4835 589 4886 tt.
605 4832 693 4895 mom]
710 4832 781 4882 ttlom
796 4832 854 4882 PG.
874 4854 901 4864 -
923 4828 964 4880 tt.
982 4827 1071 4891 quibus
1081 4855 1117 4868 --
1127 4830 1289 4884 sollicitudine
1304 4844 1359 4884 om.
1377 4834 1405 4884 F.
1425 4858 1452 4869 -
1471 4833 1560 4896 quaa
1574 4833 1602 4884 tr

282 4914 355 4966 retro
367 4912 508 4965 Erret.
526 4907 684 4961 Emendavit
698 4906 843 4971 Naugerius
859 4905 886 4955 in
898 4901 941 4954 ed.
953 4901 1054 4956 Aldina.
1069 4931 1096 4942 -
1115 4905 1156 4956 27.
1168 4905 1253 4958 coorto
1268 4905 1423 4960 Lambinus:
1441 4909 1526 4960 condo
1542 4913 1601 4959 tnn-

284 4991 339 5042 dem
354 4985 497 5041 arelo.
512 5011 540 5022 ·-
557 4983 599 5035 28.
616 4987 776 5046 exspectatur
785 4979 952 5034 Gulielmius:
971 4985 1114 5043 exspectato
1124 4982 1214 5033 ceteri.
1230 5009 1257 5019 -
1275 4982 1316 5034 29.
1330 4983 1413 5034 ceteri
1429 4983 1559 5034 Nomium
1569 4983 1598 5033 L.

286 5089 314 5100 -
332 5063 373 5116 ³⁰.
384 5061 543 5114 obmbmtoro
557 5059 618 5120 EF;
636 5057 782 5112 obrotortior
796 5061 826 5112 Α.
839 5083 866 5094 -
885 5055 926 5108 36.
942 5056 1056 5108 ottonem
1072 5069 1126 5109 om.
1139 5057 1172 5122 E,
1189 5057 1239 5110 sed
1255 5058 1541 5126 manuscriptum
1557 5057 1600 5112 est

281 5139 397 5192 ultionem
411 5150 470 5196 aare.
489 5163 517 5174 -
535 5134 577 5188 37.
593 5133 636 5188 dte
652 5146 705 5188 orn.
723 5134 752 5188 E.
