3648 5888
293 370 357 441 lati
698 378 740 443 Ill
761 377 927 446 VERREM
947 379 1069 446 acrio
1091 382 1215 448 ruma

293 567 386 631 agere
407 554 440 611 et
460 548 607 630 cogitare.
637 547 682 612 lie
705 549 786 625 erio,
815 550 953 625 iudices,
982 549 1061 614 baec
1082 552 1122 615 ab
1144 552 1214 616 istis
1235 552 1367 618 consilia
1387 555 1465 619 inita
1485 562 1517 620 et
1538 575 1614 619 eon·

293 641 419 716 stituta,
448 648 499 716 nt,
529 660 665 726 quacum
711 662 730 706 e
759 663 840 726 opus
862 652 946 708 esset
967 645 1106 722 ratione,
1126 666 1178 711 res
1200 647 1244 710 ita
1266 645 1450 726 duceretur,
1472 658 1508 714 ut
1528 651 1613 734 apud

292 739 334 802 Μ.
348 737 510 803 Metellum
533 742 710 818 praetorem
731 755 827 801 causa
849 737 1015 803 diceretur.
1048 740 1084 803 ln
1106 761 1145 805 eo
1168 761 1238 805 esse
1251 740 1331 806 baec
1346 743 1527 808 commoda:
1549 746 1613 829 pri-

292 853 379 896 mum
400 833 441 896 Μ.
456 829 618 896 Metellum
632 832 872 895 amicissimum:
894 833 1007 896 deinde
1024 833 1227 898 Hortensium
1241 836 1406 900 consulem
1420 857 1486 901 non
1499 837 1613 911 solum,

269 926 348 990 csed
371 927 465 989 etiam
484 925 523 1001 Q.
538 924 717 999 Metellum,
740 925 795 1009 qui
818 945 912 1010 quam
934 928 986 991 isti
1008 928 1049 992 sit
1070 928 1208 1003 amicus,
1229 928 1397 994 attendito:
1420 931 1508 996 dedit
1529 933 1612 994 enim

292 1020 541 1103 praerogativam
567 1037 643 1080 suae
671 1017 843 1082 voluntatis
872 1021 1044 1096 eiusmodi,
1074 1029 1110 1085 ut
1138 1023 1191 1087 isti
1220 1042 1279 1106 pro
1301 1024 1528 1108 praerogativis
1548 1027 1611 1088 iam

291 1111 468 1177 reddidisse
488 1112 643 1176 videatur.
676 1108 726 1176 27.
748 1115 798 1177 An
819 1134 870 1178 me
892 1116 1060 1180 taciturum
1083 1116 1177 1180 tantis
1199 1119 1239 1180 de
1260 1117 1355 1182 rebus
1376 1119 1611 1183 existimavistis

291 1216 324 1272 et
352 1228 402 1271 me
431 1207 465 1270 in
491 1213 579 1270 tanto
608 1206 654 1270 rei
684 1207 830 1290 publicae
860 1210 1166 1294 existimationisque
1187 1229 1275 1274 meae
1297 1211 1438 1294 perieulo
1460 1212 1612 1296 cuiquam

144 1316 200 1396 js
292 1302 510 1366 consulturum
531 1301 638 1384 potius
662 1321 758 1386 quam
779 1299 886 1366 officio
901 1310 933 1366 et
950 1303 1096 1386 dignitati
1111 1307 1222 1368 meae?
1253 1304 1393 1368 Arcessit
1407 1305 1487 1370 alter
1500 1305 1612 1368 consul

254 1395 473 1478 indesignatus
495 1393 637 1457 Siculos·
666 1395 800 1458 veniunt
820 1396 983 1473 nonnulli,
1004 1403 1173 1481 propterea
1195 1397 1282 1482 quod
1304 1399 1338 1460 L.
1361 1398 1507 1462 Metellus
1529 1405 1613 1462 esset

290 1496 419 1572 praetor
437 1486 472 1550 in
494 1487 611 1551 Sicilia.
647 1489 768 1552 Cum''
747 1509 785 1552 ns
800 1489 844 1552 ita
858 1491 1015 1574 loquitur.
1038 1511 1072 1554 se
1087 1492 1252 1554 consulem
1267 1511 1354 1568 esse;
1375 1491 1503 1556 fratrem
1519 1511 1611 1556 suum

289 1583 423 1646 alterum
446 1580 584 1644 Siciliam
607 1583 801 1665 provinciam
824 1584 983 1660 obtinere,
1007 1584 1141 1648 alterum
1163 1605 1233 1649 esse
1255 1587 1473 1669 quaesiturum
1494 1585 1534 1649 de
1556 1605 1611 1668 pe-

289 1677 391 1741 cuniis
411 1675 612 1760 repetundis;
641 1677 731 1740 Verri
752 1697 793 1739 ne
815 1679 923 1742 noceri
944 1678 1062 1763 possit,
1090 1680 1198 1744 multis
1219 1679 1394 1742 rationibus
1416 1699 1486 1743 esse
1507 1681 1611 1762 provi·

175 1849 180 1863 .
289 1792 369 1834 sum.
411 1772 451 1832 X.
473 1767 524 1832 28.
548 1769 635 1846 Quid
658 1777 723 1844 est,
754 1791 891 1854 quaeso,
920 1772 1061 1848 Metelle,
1084 1773 1237 1837 iudicium
1260 1793 1478 1855 corrumpere,
1500 1773 1527 1836 si
1547 1773 1610 1836 boc

162 1874 176 1934 t
251 1883 353 1931 tenon
375 1867 444 1928 esti
473 1869 586 1939 testes,
616 1865 803 1948 praesertim
826 1866 965 1942 Siculos,
994 1865 1289 1940 timidosbomines
1312 1875 1344 1930 et
1363 1867 1516 1940 afflictus,
1544 1886 1610 1930 non

288 1960 391 2024 solnm
412 1957 601 2022 auctoritate
624 1957 799 2033 deterrere,
826 1959 882 2022 sed
905 1959 1001 2022 etiam
1022 1961 1181 2024 consulari
1201 1967 1287 2024 metu
1309 1967 1342 2024 et
1362 1962 1498 2024 duorum
1518 1979 1610 2044 prac-

288 2061 392 2118 torum
413 2053 591 2136 potestate?
626 2051 710 2127 Quid
730 2051 851 2118 laceres
871 2073 929 2135 pro
944 2053 1112 2117 innocente
1124 2054 1254 2118 bomine
1269 2061 1302 2118 et
1314 2053 1515 2138 propinquo,
1537 2075 1609 2118 cum

286 2153 417 2231 propter
438 2144 599 2208 hominem
620 2145 868 2227 perditissimum
891 2155 988 2230 atque
1009 2148 1237 2213 alienissimum
1259 2150 1299 2212 de
1321 2145 1426 2212 officio
1448 2168 1485 2213 ac
1507 2148 1610 2231 digni-

286 2250 351 2306 tate
373 2239 500 2304 decedis
522 2245 555 2302 et
575 2238 762 2312 committis,
794 2245 846 2314 ut,
869 2240 956 2324 quod
976 2241 1032 2304 ille
1054 2242 1193 2318 dictitat,
1215 2243 1322 2317 alicui,
1345 2243 1401 2327 qui
1423 2249 1454 2306 te
1476 2243 1609 2325 ignoret,

249 2352 397 2405 noverum
418 2353 488 2398 esse
510 2331 676 2396 videatur?
718 2329 769 2396 29.
791 2335 870 2396 Nam
891 2333 953 2398 hoc
974 2335 1104 2400 Verrem
1126 2337 1232 2400 dicere
1254 2337 1396 2412 aiebant,
1418 2343 1450 2400 te
1464 2355 1529 2399 non
1542 2335 1608 2400 lato

285 2437 323 2494 ut
343 2437 465 2494 ceteros
488 2449 528 2490 ex
548 2434 653 2492 aesna
673 2427 809 2504 familia,
832 2429 887 2492 sed
910 2450 1007 2513 opera
1021 2451 1079 2494 sua
1094 2431 1256 2494 consulem
1270 2409 1499 2504 lactum.(lluo
1513 2429 1610 2512 igitur

83 2569 97 2584 .
121 2517 187 2622 αξ.
286 2524 434 2588 eonsules
457 2530 488 2585 et
509 2521 671 2607 quaesitor
692 2531 785 2610 erqnt
806 2543 847 2586 ex
868 2524 954 2588 illius
977 2511 1170 2613 voluntate.)
1193 2526 1264 2588 Non
1286 2525 1390 2589 solum
1412 2523 1609 2606 effugiemus,

285 2617 406 2701 inquit,
433 2616 594 2679 hominem
616 2615 650 2677 in
673 2618 855 2699 quaerendo
877 2619 1010 2684 nimium
1033 2617 1236 2700 diligentem,
1265 2617 1397 2680 nimium
1421 2615 1608 2680 servientem

151 2725 181 2844 l
253 2751 264 2785 ,-
286 2709 399 2794 populi
421 2708 664 2783 existimationi,
687 2709 738 2772 Μ’.
753 2710 973 2795 GLabrionem
995 2712 1125 2775 accedet
1146 2713 1239 2775 etiam
1261 2711 1353 2774 nobis
1374 2711 1465 2776 illud.
1507 2711 1608 2774 Iudex

163 2803 171 2831 ''
242 2813 335 2882 ,cest
355 2807 396 2870 Μ.
419 2803 610 2877 Caesonius,
639 2802 761 2888 collega
782 2805 882 2868 nostri
904 2806 1113 2880 accusatoris,
1141 2805 1238 2894 bomo
1260 2806 1294 2868 in
1315 2804 1409 2870 rebus
1430 2804 1607 2870 iudicandis

285 2905 445 2983 spectatus
467 2905 500 2961 et
521 2897 682 2980 cognitus,
705 2917 800 2980 quem
822 2899 951 2962 minime
973 2899 1121 2983 expediat
1142 2919 1212 2962 esse
1233 2899 1268 2962 in
1290 2918 1329 2962 eo
1344 2898 1496 2975 consilio,
1519 2897 1607 2984 quod

285 3013 438 3056 conemur
464 2991 574 3075 aliqua
603 2991 725 3054 ratione
756 3012 977 3076 corrumpere,
1008 2999 1175 3077 propterea
1197 2992 1284 3077 quod
1310 2993 1374 3057 iam
1394 3000 1503 3068 antea,
1535 3013 1606 3055 cum

284 3087 383 3150 iudex
404 3086 438 3148 in
458 3086 593 3148 Iuniano
616 3085 751 3149 consilio
772 3085 904 3162 luisset,
931 3088 1149 3171 turpissimum
1170 3086 1251 3151 illud
1270 3087 1394 3152 lacinus
1416 3107 1482 3150 non
1503 3086 1607 3152 solum

285 3180 421 3263 graviter
436 3180 518 3254 tulit,
534 3178 590 3242 sed
605 3178 700 3242 etiam
715 3181 748 3242 in
764 3180 902 3244 medium
916 3182 1058 3264 protulit.
1080 3183 1173 3246 Hunc
1188 3181 1326 3244 indicem
1341 3201 1382 3244 ex
1396 3179 1467 3244 Kal.
1484 3180 1607 3244 Ianuar.

246 3289 275 3340 te
285 3295 351 3339 non
361 3273 558 3338 habebimus.
580 3271 632 3336 30.
642 3272 681 3348 Q.
691 3273 843 3338 Manlium
859 3282 891 3338 et
906 3273 1165 3352 Q.Cornificium,
1181 3275 1263 3339 duos
1278 3273 1496 3338 severissimos
1510 3279 1607 3355 atque

149 3367 169 3445 ζ
248 3422 251 3431 ,
283 3368 502 3451 integerrimos
522 3368 654 3456 iudices,
678 3367 766 3451 qnod
788 3368 907 3432 tribuni
929 3369 1031 3452 plebis
1046 3377 1113 3433 tum
1129 3375 1231 3443 erunt,
1253 3368 1378 3431 iudices
1392 3387 1458 3430 non
1478 3365 1608 3430 babebi-

243 3463 256 3540 ι,
284 3485 365 3528 mus.
385 3466 419 3526 P.
430 3460 602 3543 Sulpicius,
616 3460 714 3544 iudex
729 3461 826 3524 tristis
842 3469 874 3524 et
888 3462 1020 3544 integer,
1037 3463 1254 3545 magistratum
1267 3463 1354 3525 ineat
1368 3467 1495 3543 oportet
1507 3459 1607 3523 Nonis

282 3558 446 3620 Decembr.
468 3556 511 3620 Μ.
532 3554 720 3637 Crepereius
748 3574 788 3616 ex
816 3556 968 3620 acerrima
995 3555 1050 3619 illa
1071 3555 1211 3640 equestri
1232 3555 1354 3620 familia
1375 3561 1408 3618 et
1428 3552 1605 3636 disciplina,

283 3653 318 3714 L.
335 3648 461 3714 Cassius
484 3668 525 3712 ex
544 3647 666 3712 familia
687 3669 759 3711 cnm
781 3648 822 3712 ad
841 3657 961 3714 ceteras
975 3670 1026 3713 res
1041 3658 1108 3715 tum
1122 3650 1162 3714 ad
1176 3648 1383 3713 iudicandum
1397 3647 1605 3721 severissima,

348 3892 373 3944 i.
391 3891 501 3942 cornetae
516 3903 604 3952 eosque
619 3903 669 3940 ooo
684 3890 764 3940 sotem
781 3891 833 3950 Gl;
857 3891 997 3942 comior:
1019 3905 1060 3943 ece
1075 3906 1126 3943 eoo
1141 3891 1221 3942 colum
1237 3892 1273 3952 ll;
1297 3890 1436 3941 occasion:
1453 3901 1540 3952 eoeqtte
1554 3901 1605 3938 noe

282 3967 362 4019 solum
382 3968 449 4018 coni.
468 3965 550 4017 Klotz.
569 3965 680 4025 liebnt.;
706 3965 843 4029 consulem,
869 3967 1040 4030 ementemque
1058 3981 1110 4017 eon
1131 3979 1187 4018 ecc
1202 3967 1282 4018 sotsac
1299 3967 1367 4016 coni.
1385 3963 1470 4016 llalm.
1495 3961 1604 4027 Vulgata

282 4044 421 4096 sanissima
438 4054 524 4106 eaque
541 4041 580 4092 sie
594 4041 808 4106 interpretanda:
833 4041 945 4094 «deinde
963 4043 1132 4094 Hortensium
1149 4039 1287 4093 consulem
1303 4053 1357 4094 non
1373 4039 1458 4092 solum
1475 4037 1605 4090 amicissi-

282 4131 371 4181 mum,
393 4117 442 4169 sed
463 4117 544 4168 etiam
566 4117 596 4177 Q.
614 4114 748 4168 Metellum
769 4115 907 4169 consulem
927 4117 1145 4169 amicissimum.»
1174 4117 1240 4167 Nam
1262 4115 1335 4180 quod
1358 4115 1512 4166 Hortensius
1529 4115 1557 4164 et
1572 4113 1603 4174 Q.

282 4191 401 4244 Metellus
418 4189 542 4244 consules
559 4192 648 4252 erant,
666 4191 693 4241 in
711 4202 743 4240 eo
761 4189 824 4242 nibil
841 4195 899 4242 erat
914 4192 1060 4253 commodi,
1079 4191 1129 4243 nisi
1146 4190 1222 4241 Verri
1239 4193 1313 4240 erant
1329 4189 1414 4240 amici.
1442 4190 1545 4250 Quanta
1556 4201 1605 4238 au·

281 4273 337 4322 tem
359 4269 437 4320 luerit
453 4268 483 4328 Q.
502 4262 597 4316 bleielli
614 4265 728 4315 amicitia
745 4265 896 4331 quibusque
913 4267 994 4318 rebus
1011 4269 1166 4332 conspicua,
1190 4266 1287 4320 deinde
1305 4265 1417 4330 explicet
1432 4263 1542 4326 Tullius,
1565 4277 1606 4316 eos

281 4348 369 4396 ortum
386 4344 429 4394 est
445 4355 477 4393 ex
488 4341 564 4401 COS;
582 4340 644 4391 inde
661 4339 754 4391 turbae
773 4343 855 4392 oriae.
871 4368 897 4377 -
917 4342 941 4392 6.
953 4343 1006 4392 iam
1022 4343 1054 4392 Gi
1068 4343 1129 4393 ist.
1149 4341 1196 4393 al.:
1215 4355 1271 4393 cem
1286 4340 1462 4404 LgaeiaLO.
1476 4367 1504 4378 -
1524 4341 1548 4391 7.
1565 4353 1605 4392 me

282 4421 314 4470 Gi
327 4416 425 4480 igal:
444 4429 498 4467 om.
511 4414 559 4465 dit.
577 4415 606 4465 0.
623 4441 647 4454 -·
669 4415 693 4465 9.
712 4416 814 4465 arcessit
829 4417 861 4465 Gi
875 4416 963 4467 ias:
981 4417 1085 4468 accersit
1099 4417 1146 4468 dtt.
1165 4445 1190 4455 --
1210 4417 1250 4467 444.
1265 4417 1293 4480 (t.
1306 4418 1365 4466 Met.
1378 4415 1455 4466 codd.
1485 4415 1605 4466 Correxit

281 4493 426 4557 Naugerius
438 4491 465 4541 in
475 4491 633 4541 Victoriana.
648 4517 676 4526 -
695 4491 736 4540 44.
755 4491 793 4554 iic]
810 4491 848 4540 bie
864 4492 900 4541 st.
914 4492 942 4542 1..
957 4519 984 4529 -
998 4492 1038 4542 47.
1056 4493 1137 4543 imioc.
1155 4493 1220 4543 beto.
1234 4493 1266 4541 Gi
1279 4489 1335 4541 ai:
1354 4492 1419 4542 bon.
1437 4491 1489 4540 ine.
1506 4490 1553 4540 dtt.
1566 4491 1603 4541 st.

281 4569 310 4620 0.
326 4595 353 4605 -
373 4566 413 4618 49.
434 4565 713 4616 decedas-committes
728 4566 796 4616 coni.
815 4563 879 4616 Keil.
897 4567 987 4630 Progr.
1005 4566 1129 4631 biegnitz.
1149 4566 1221 4618 4846.
1239 4579 1266 4632 p.
1284 4565 1325 4616 lli.
1352 4593 1380 4603 -
1405 4565 1503 4629 ignoret
1518 4565 1550 4614 Gi
1563 4565 1604 4624 25

281 4642 367 4708 Lgibz
385 4641 487 4706 ignorat
503 4640 551 4692 dit.
570 4640 600 4690 0.
618 4667 645 4677 -
670 4641 711 4692 32.
730 4640 855 4703 quaesitor
870 4640 968 4704 Angli
986 4639 1033 4692 al:
1061 4647 1177 4704 quaestor
1196 4643 1257 4692 iiii
1276 4641 1338 4704 ng.
1354 4639 1388 4692 al.
1409 4667 1436 4676 —
1460 4638 1501 4692 ii.
1516 4639 1605 4704 populi

280 4720 350 4769 limo.
362 4718 391 4766 Ι..
405 4741 434 4754 ·-
453 4717 529 4766 eiiam
543 4715 613 4766 oobte
629 4717 660 4766 Gi
673 4717 689 4768 2
701 4717 763 4780 ng.
779 4714 950 4780 praeteria:
967 4717 1038 4767 nobie
1052 4719 1128 4768 etiem
1139 4719 1175 4768 st.
1185 4717 1215 4767 0.
1234 4715 1273 4768 ci.
1291 4714 1368 4767 lland
1384 4715 1459 4766 Turs.
1471 4715 1503 4766 11.
1515 4726 1542 4778 p.
1554 4712 1602 4764 eii

280 4806 321 4858 sq.
341 4791 425 4843 llelm.
444 4791 478 4842 ad
494 4791 579 4842 Vatin.
598 4805 624 4856 p.
637 4791 678 4842 69.
692 4817 720 4827 -
738 4791 779 4842 26.
798 4791 896 4854 ecpedit
912 4792 937 4842 S.
953 4819 981 4829 -
998 4805 1027 4844 eo
1044 4806 1098 4844 om.
1112 4793 1204 4844 (libo.
1219 4819 1247 4830 —
1265 4793 1306 4842 ai.
1322 4792 1439 4842 tamem.
1453 4791 1499 4840 Gi.
1513 4814 1542 4827 ·-
1560 4788 1600 4839 344.

279 4867 420 4920 babebimus
436 4867 515 4919 Gis:
533 4865 649 4918 habenae
659 4868 691 4916 Gi
704 4868 791 4929 chg.
803 4865 897 4931 pleriq.
917 4869 965 4917 «lit
980 4879 1108 4932 praesens
1124 4871 1230 4932 tempus
1246 4868 1273 4918 in
1288 4865 1498 4918 consideratione
1510 4866 1549 4916 rei
1561 4863 1602 4913 lu-

280 4947 356 4996 turae
366 4946 435 4996 inter
445 4943 551 5007 longam
562 4943 660 4994 seriem
671 4942 819 4995 futurorum
830 4940 919 4993 locum
935 4941 1107 4994 nonhabet.»
1124 4943 1210 4996 Madv.
1223 4944 1243 4993 l.
1260 4955 1288 5007 p.
1301 4941 1357 4992 333.
1372 4969 1400 4979 -·
1412 4940 1526 4994 blattieen
1540 4939 1600 4988 Gli

281 5021 383 5084 Lgaeg.
398 5045 425 5056 -
444 5019 486 5070 34.
503 5020 620 5070 hubenare
635 5021 667 5070 Gi
681 5019 727 5068 ld.
742 5046 769 5055 -
787 5017 828 5069 32.
846 5023 942 5081 oportet
958 5015 1164 5080 Geicbgatl:
1182 5030 1277 5070 exesse
1291 5021 1327 5068 cat
1342 5017 1371 5066 Ο.
1392 5043 1420 5052 -
1438 5014 1478 5066 33.
1496 5013 1602 5077 equestri

279 5095 325 5148 itio
340 5097 413 5148 4.-
431 5094 472 5148 34.
489 5107 547 5148 mem
563 5094 748 5160 Garmai:
773 5098 827 5144 taen
843 5092 935 5155 (444.ος
955 5105 1009 5144 om.
1028 5093 1074 5144 Gi.
