3610 5860
301 455 364 524 468
697 457 848 526 ORATIO
870 458 948 524 ruo
971 459 1013 524 Μ.
1033 455 1210 524 FONTEIO

302 630 399 695 dedit.
435 629 547 714 ltaque
568 627 788 714 praefuerunt:
815 629 1047 714 imperaverunt
1072 649 1131 712 pro
1161 627 1312 711 dignitate
1333 644 1390 690 soa
1412 624 1500 712 quod
1520 625 1635 692 visum

302 732 351 789 est
379 730 411 789 et
437 725 659 809 probaverunt.
700 724 792 801 Quod
814 743 886 800 ros,
913 725 940 788 si
960 723 1048 788 nulla
1068 723 1131 788 alia
1152 743 1193 786 ex
1213 741 1266 798 re,
1296 740 1337 785 ex
1357 721 1472 786 litteris
1494 719 1634 807 quidem

300 818 435 892 nostris,
474 839 553 902 quas
582 818 809 901 exscripsistis,
843 826 874 880 et
901 818 1004 882 missis
1035 825 1067 881 et
1093 815 1213 891 allatis,
1240 821 1325 879 certe
1353 815 1434 880 scire
1462 815 1633 899 potuistis.

301 911 388 987 Quas
409 912 437 976 si
458 919 550 977 antea
569 933 633 977 non
655 913 790 996 legistis,
818 933 904 976 nunc
925 932 966 976 ex
987 911 1097 986 nobis,
1126 910 1203 994 qnid
1225 909 1264 974 de
1293 911 1334 974 iis
1354 910 1448 974 robus
1470 908 1632 972 Fonteius

277 1007 340 1070 ead
362 1006 481 1090 legatos
510 1027 585 1071 suos
614 1007 791 1090 scripserit,
824 1007 902 1091 quid
927 1007 968 1070 ad
998 1026 1069 1070 eum
1096 1004 1143 1069 illi
1170 1003 1404 1088 rescripserint,
1432 1003 1632 1086 cognoscite.

299 1099 335 1164 L.
357 1103 399 1166 Μ.
420 1123 463 1167 in
485 1101 518 1165 C.
539 1103 664 1166 Arrrrrrrr
685 1121 757 1166 nne.
779 1122 821 1166 an
844 1101 877 1166 C.
899 1102 1064 1166 Forrnrrrr
1086 1117 1157 1162 nec.
1178 1098 1214 1160 Ι..
1236 1099 1273 1162 A.
1294 1118 1315 1162 a
1338 1097 1371 1161 C.
1392 1098 1493 1162 Aorno
1515 1115 1632 1161 osea

301 1194 334 1258 C.
356 1196 495 1260 Torrnro
517 1215 589 1262 arc.

383 1285 433 1352 l9.
458 1285 511 1374 [9.]
535 1291 615 1354 Satis
638 1290 752 1373 opinor
774 1295 843 1354 esse
864 1287 1083 1374 perspicuum,
1113 1285 1252 1361 iudices,
1273 1285 1357 1350 hanc
1377 1287 1535 1352 rationem
1555 1307 1633 1350 mn·

297 1383 426 1448 nitionis
447 1405 553 1468 neque
575 1383 616 1448 ad
636 1385 679 1448 M.
700 1384 866 1449 Fonteium
888 1383 1047 1466 pertinere
1071 1387 1103 1444 et
1124 1381 1163 1445 ab
1186 1381 1223 1444 iis
1246 1401 1316 1445 esse
1338 1387 1518 1457 tractatur,
1541 1399 1632 1464 quos

262 1488 390 1542 ionemo
412 1479 511 1562 possit
531 1476 776 1562 reprehendere.
819 1478 876 1540 IX.
900 1471 961 1560 [Μ]
986 1475 1170 1559 Cognoscite
1184 1495 1270 1538 nunc
1285 1474 1325 1538 de
1346 1475 1476 1539 crimine
1490 1473 1630 1547 vinario,

298 1571 383 1655 quod
410 1571 459 1635 illi
486 1570 766 1636 invidiosissimum
789 1578 820 1635 et
840 1572 1012 1635 maximum
1034 1589 1103 1634 esse
1124 1569 1303 1632 voluerunt.
1349 1569 1473 1632 Crimen
1494 1588 1513 1632 a
1534 1565 1630 1631 Plae-

296 1665 395 1739 torio,
423 1664 561 1740 iudices,
591 1665 635 1728 ita
662 1665 866 1746 constitutum
895 1671 959 1728 est:
985 1666 1027 1728 Μ.
1049 1663 1182 1727 Fonteio
1211 1683 1276 1728 non
1305 1663 1339 1726 in
1362 1663 1463 1728 Gallia
1485 1664 1630 1746 primunr

295 1760 421 1824 venisse
443 1757 477 1822 in
499 1765 653 1834 mentem,
676 1766 712 1822 ut
732 1759 906 1842 portorium
926 1758 992 1822 vini
1013 1757 1212 1832 institueret,
1233 1757 1308 1832 sed,
1329 1757 1364 1820 in
1383 1753 1472 1822 ltalia
1485 1758 1549 1820 ianr
1563 1755 1631 1819 bac

296 1853 458 1937 proposita
478 1853 617 1928 ratione,
647 1853 747 1916 Roma
767 1851 952 1937 profectum.
985 1851 1097 1935 ltaque
1119 1851 1276 1915 Titurium
1298 1851 1431 1916 Tolosae
1453 1857 1629 1934 qrrnternos

260 1959 289 2008 to
297 1946 443 2010 denarios
473 1946 506 2010 in
528 1945 668 2029 singulas
690 1946 757 2009 vini
781 1945 948 2031 amphoras
973 1945 1101 2030 portorii
1122 1947 1251 2009 nomine
1273 1945 1435 2028 exegisse,
1461 1945 1631 2028 Segoduni

296 2040 442 2104 Porcium
464 2047 495 2104 et
508 2040 652 2105 Munium
673 2046 796 2114 ternos,
818 2040 990 2104 Volcelone
1007 2039 1175 2104 Servaeum
1188 2039 1280 2104 binos
1296 2045 1328 2103 et
1342 2039 1554 2115 uetoriatum,
1576 2045 1631 2102 at·

297 2155 361 2218 que
387 2133 422 2197 in
447 2133 499 2198 bis
526 2134 602 2198 locis
625 2133 785 2218 Segodnni
808 2140 841 2197 et
860 2133 1032 2198 Volcalone
1054 2133 1094 2196 ob
1116 2133 1155 2197 iis
1177 2133 1352 2217 portorium
1373 2152 1443 2198 esse
1466 2139 1628 2208 exactum,

297 2227 395 2311 siqui
409 2228 598 2311 Ebromago‚
620 2227 779 2383 Qiplicus
793 2228 877 2292 inter
893 2228 1039 2291 Tolosam
1057 2233 1088 2290 et
1101 2227 1279 2291 Narbonem
1296 2235 1362 2304 est,
1384 2227 1631 2294 desertarentur

295 2341 403 2406 neque
418 2322 566 2386 Tolosam
587 2322 633 2384 ire
655 2342 694 2386 re
720 2329 793 2385 ent:
820 2320 956 2385 Tolosae
972 2319 1223 2384 Oduloscantum
1239 2341 1333 2386 senos
1355 2321 1499 2388 denarios
1514 2321 1554 2386 ab
1573 2321 1630 2395 iis,

259 2415 352 2499 aequi
373 2414 415 2479 ad
436 2415 561 2480 hortem
582 2421 760 2499 portarent,
783 2414 938 2498 exegisse.
981 2411 1031 2477 20.
1055 2409 1131 2498 [tu]
1154 2413 1275 2492 Video,
1303 2415 1441 2492 iudices,
1472 2433 1541 2478 esse
1563 2414 1630 2477 ori-

296 2527 370 2573 men
398 2516 429 2574 et
455 2527 571 2593 genere
597 2510 667 2594 ipso
694 2529 861 2592 magnum
893 2507 1028 2592 vectigal
1056 2508 1141 2572 enim
1169 2527 1239 2574 esse
1269 2509 1450 2594 impositum
1470 2508 1628 2574 fructibus

296 2604 413 2668 nostris
435 2603 564 2678 dicitur,
587 2609 618 2666 et
639 2603 804 2685 pecuniam
826 2621 1027 2685 permagnam
1049 2601 1170 2666 ratione
1191 2602 1252 2666 ista
1273 2604 1343 2686 cogi
1365 2605 1506 2688 potuisse
1526 2601 1629 2666 confi-

295 2703 381 2761 teor:
410 2705 442 2762 et
463 2695 598 2772 invidia3
626 2696 677 2760 vel
698 2696 834 2760 maxime
857 2696 941 2760 enim
962 2696 1081 2760 inimici
1109 2696 1190 2760 bano
1211 2717 1278 2760 rem
1301 2698 1497 2764 sermonibus
1519 2694 1627 2759 divul-

296 2811 370 2874 gare
391 2791 570 2855 roluerunt.
615 2788 676 2852 Sed
706 2809 764 2872 ego
786 2790 829 2854 ita
852 2790 1014 2864 existimo,
1047 2810 1111 2875 quo
1134 2791 1236 2854 maius
1258 2792 1374 2856 crimen
1397 2793 1438 2856 sit
1458 2788 1507 2864 id,
1535 2789 1626 2872 quod

259 2882 482 2954 atestendatur
504 2903 574 2948 esse
594 2881 724 2958 falsum,
751 2883 813 2946 boc
840 2883 991 2948 maiorem
1014 2883 1054 2947 ab
1076 2904 1114 2948 eo
1136 2884 1284 2949 iniuriam
1304 2885 1387 2962 fieri,
1415 2885 1470 2970 qui
1492 2883 1524 2948 id
1546 2901 1624 2946 con-

295 2978 404 3062 fingat.
446 2977 629 3043 verterim
650 2977 865 3060 magnitudine
888 2979 934 3041 rei
956 2977 1002 3041 sio
1024 2997 1177 3064 occupare
1199 2979 1321 3046 animos
1340 3000 1467 3056 eorum,
1489 2978 1545 3063 qui
1563 2995 1624 3040 an-

298 3073 403 3149 diunt,
425 3080 460 3137 ut
480 3067 618 3136 difficilis
640 3072 744 3136 aditus
765 3072 888 3135 scutati
910 3071 1116 3157 relinquatur.

362 3386 386 3436 t.
404 3381 491 3436 lieltm
508 3384 528 3434 ii
543 3381 628 3446 itopoc
640 3383 813 3448 procoma
832 3409 860 3420 -
878 3384 902 3436 A.
921 3384 1009 3436 ituris
1024 3385 1072 3436 VS
1091 3386 1128 3448 (ut
1144 3385 1276 3451 semper):
1298 3385 1376 3438 literis
1392 3387 1421 3439 0.
1442 3415 1470 3426 ·-
1489 3389 1513 3440 3.
1530 3387 1623 3439 cessis

296 3473 360 3524 poce
379 3461 543 3524 mnipststir
565 3460 593 3523 (t.
613 3473 637 3510 e.
656 3472 723 3523 quas
745 3459 953 3512 conscribendas
976 3461 1103 3522 curastis;
1127 3475 1189 3512 narn
1206 3460 1351 3514 Plaetorius
1368 3476 1461 3514 earum
1477 3463 1622 3516 editionem

295 3533 481 3600 postulaverat)
507 3537 622 3586 Faernus
642 3538 670 3585 et
692 3537 728 3586 L:
753 3537 845 3586 sicaris
863 3548 896 3585 oo:
918 3549 981 3598 coos
998 3537 1130 3599 scripsistis
1145 3537 1201 3586 VS.
1231 3563 1258 3574 -
1285 3535 1311 3588 l.
1329 3538 1359 3589 dc
1373 3539 1411 3588 irie
1428 3539 1453 3590 S.
1478 3566 1505 3576 -
1533 3539 1557 3590 6.
1574 3539 1621 3590 AD

296 3609 442 3661 OANNIVA
459 3609 493 3670 V;
513 3611 547 3659 cd
563 3610 590 3660 0.
603 3609 751 3661 OANNlVlt
766 3613 792 3661 S.
813 3638 841 3646 —
859 3611 887 3660 L.
905 3609 935 3661 A.
947 3610 967 3660 A
979 3611 1006 3662 C.
1019 3612 1121 3662 ΔΝΝΙΟ
1137 3609 1229 3662 Orelli:
1247 3613 1276 3662 Ι..
1294 3611 1323 3662 A.
1342 3613 1373 3664 G.
1391 3613 1546 3666 CANNINIO
1561 3614 1619 3664 VS.

297 3683 354 3749 (sed
372 3685 389 3734 S
406 3684 433 3735 G.
452 3696 501 3748 pro
519 3683 559 3748 G.)
584 3682 701 3748 Explicet
718 3683 843 3735 Orellius:
866 3685 975 3736 litterae
990 3688 1081 3737 missos
1096 3689 1131 3737 od
1147 3687 1173 3737 0.
1191 3687 1221 3738 A.
1239 3687 1286 3752 lep.
1305 3689 1339 3738 od
1355 3688 1382 3740 C.
1399 3688 1428 3739 F.
1446 3689 1494 3755 lep.
1511 3690 1622 3740 Litterae

296 3763 411 3821 occeptoe
427 3772 445 3809 o
461 3759 488 3809 0.
506 3759 535 3809 A.
554 3759 600 3824 lep.
620 3772 638 3809 o
654 3759 680 3810 0.
698 3759 726 3810 F.
744 3759 791 3823 lep.
818 3758 871 3810 Sed
893 3761 916 3812 si
938 3763 1012 3813 recte
1030 3761 1142 3814 alterum
1158 3764 1178 3814 A
1195 3765 1257 3828 post
1272 3764 1291 3814 l
1307 3764 1436 3816 inscrtum
1453 3766 1509 3827 est,
1533 3765 1620 3830 potius

296 3832 482 3899 explicandum
499 3832 605 3885 videtur
621 3835 715 3885 werce
732 3833 788 3886 scil.
801 3833 835 3885 ad
846 3835 880 3887 ll.
893 3837 1045 3900 Fonteium,
1064 3839 1121 3890 sive
1138 3839 1298 3903 rescriptae,
1315 3841 1345 3890 ut
1361 3843 1403 3890 est
1418 3851 1515 3904 sopra:
1533 3837 1622 3888 weris

295 3914 319 3959 ot
333 3911 415 3961 musis
429 3915 453 3960 et
469 3910 567 3970 dicim
589 3909 651 3962 add.
670 3911 746 3962 Verr.
763 3911 805 3961 lll.
824 3910 849 3975 5.
864 3911 921 3962 ⁴67.
941 3938 969 3949 -
987 3913 1012 3964 9.
1031 3913 1064 3964 ob
1078 3915 1117 3964 tots
1133 3915 1159 3965 S.
1180 3941 1207 3952 -
1226 3919 1363 3966 bociam
1378 3915 1409 3964 V.
1430 3939 1458 3951 -
1477 3915 1518 3965 tt.
1535 3912 1618 3963 illeV.

297 4009 326 4020 -
343 3985 439 4036 cotom
454 3985 485 4034 V.
510 4010 538 4020 -
561 3985 601 4035 ti.
622 3986 659 4036 ir.
677 3985 778 4036 Fonteio
800 3985 911 4051 scripsi:
938 3999 956 4036 o
975 3986 1068 4050 soemo
1083 3989 1146 4048 VS,
1171 3989 1207 4039 At.
1226 4001 1280 4039 onr.
1298 3988 1359 4040 edd.
1384 3989 1476 4040 Ortum
1493 3990 1535 4040 est
1549 3987 1569 4038 A
1586 3999 1619 4038 ex

296 4055 362 4121 siglo
377 4059 414 4108 lt.
434 4083 462 4094 -
489 4060 529 4110 te.
551 4059 675 4110 bitoito
695 4062 749 4112 tom
773 4061 879 4127 scripsi:
905 4061 933 4110 ta
948 4062 1050 4114 ltaliam
1065 4064 1127 4125 VS3
1149 4064 1177 4113 io
1191 4062 1268 4113 ltolio
1284 4061 1345 4114 edd.
1365 4063 1461 4128 (Verba
1476 4065 1505 4115 to
1519 4063 1619 4115 lecim

294 4131 470 4184 Mommsenio
487 4132 599 4184 delenda
615 4134 756 4198 videnturi
776 4159 804 4172 -
827 4135 875 4186 boc
891 4137 922 4186 S:
946 4151 977 4188 oc
992 4138 1024 4190 V.
1043 4165 1072 4176 -
1092 4137 1132 4190 tl.
1151 4139 1255 4189 limnom
1271 4139 1327 4189 VS.
1348 4163 1375 4175 -
1394 4140 1434 4189 ro.
1453 4151 1571 4202 osnpom
1585 4137 1616 4188 V.

295 4205 334 4256 cl.
354 4205 523 4259 Bitscbelium
540 4210 570 4260 de
586 4210 657 4261 diedo
672 4212 828 4262 ammone
844 4213 918 4262 teba.
936 4225 996 4278 pag.
1014 4214 1045 4265 V.
1066 4241 1093 4251 -
1112 4213 1234 4278 caepim,
1252 4213 1377 4278 &podest
1387 4213 1502 4264 Porrima
1512 4237 1548 4251 ·-
1558 4223 1619 4263 ece-

292 4279 364 4346 piese]
382 4282 470 4332 secuti
487 4295 580 4335 sumus
597 4287 624 4335 in
636 4285 707 4348 loeo,
726 4287 771 4351 qui
783 4285 964 4340 conclamatus
976 4287 1127 4350 videbatur,
1147 4287 1348 4339 emendationes
1359 4289 1535 4351 llommsenii,
1553 4299 1618 4353 quas

292 4356 432 4420 proposuit
456 4358 483 4408 et
504 4359 647 4411 vindicavit
670 4361 697 4413 in
719 4374 845 4424 excursu,
872 4375 953 4428 qoem
977 4364 1040 4416 hnic
1064 4365 1174 4415 orationi
1196 4363 1397 4415 subiunximus:
1424 4362 1530 4416 codices
1552 4363 1616 4412 Vs:

293 4429 401 4492 coepisse
418 4429 527 4483 &odoni
544 4433 663 4497 (Credam
675 4436 702 4500 S)
719 4437 831 4487 Portiom
846 4443 870 4488 et
882 4441 997 4491 Mucium
1013 4445 1096 4491 tonos
1110 4440 1255 4491 otctoriotos
1264 4440 1301 4490 At.
1317 4439 1464 4490 Vulchalone
1479 4437 1619 4504 (macore

292 4504 325 4566 S,
344 4505 389 4567 qui
406 4504 502 4557 deinde
519 4508 679 4560 Seruaeum·
691 4512 747 4561 -io
764 4512 802 4562 bis
820 4513 880 4562 iocis
897 4515 1000 4567 omittit.
1022 4515 1162 4567 Aberravit
1179 4515 1250 4565 enim
1267 4513 1389 4566 librarius
1406 4513 1440 4566 eb
1458 4513 1541 4566 altero
1560 4511 1619 4563 Vol·

291 4578 393 4629 chelm
414 4578 449 4629 ad
470 4579 603 4648 alterum.)
626 4585 763 4637 Servorum
785 4587 854 4637 bicos
870 4591 892 4638 ct
913 4588 945 4652 (ct
962 4591 987 4639 in
1006 4591 1065 4641 cod.
1085 4604 1158 4654 esse,
1184 4591 1217 4641 de
1235 4604 1288 4655 qua
1304 4604 1334 4642 re
1352 4587 1462 4643 Orellius
1479 4589 1616 4651 dubitarit,

290 4655 404 4705 testatur
421 4653 524 4708 collatio
536 4661 716 4726 Garatoniana)
733 4663 877 4712 oicwrimos
892 4664 928 4713 Μ.
943 4664 986 4726 (Μ.
999 4678 1053 4718 om.
1066 4666 1091 4729 S)
1104 4672 1178 4730 otqoe
1194 4667 1222 4716 tn
1238 4665 1276 4715 bis
1291 4666 1350 4716 tcots
1359 4677 1385 4716 se
1395 4665 1502 4716 mosot
1514 4663 1619 4716 Vrdcloo·

290 4729 346 4780 torre
362 4729 441 4780 abiis
461 4731 507 4796 (bis
523 4734 577 4799 so)
591 4737 735 4798 portorium
751 4749 800 4787 esse
817 4742 934 4788 wcetom
950 4740 972 4788 st
988 4741 1043 4802 poe
1059 4741 1111 4804 (qai
1121 4743 1147 4805 s)
1166 4740 1328 4792 00on
1346 4739 1511 4806 (cobioombo
1521 4740 1556 4804 S),
1574 4737 1618 4801 poi

872 4825 885 4856 0

289 4862 359 4911 ciere
369 4861 435 4912 inter
447 4863 559 4916 Tolosam
571 4871 595 4916 et
607 4867 750 4918 Norboncm
761 4874 804 4930 est,
823 4869 1007 4921 deocmmtor
1024 4871 1213 4934 (declararetur
1223 4871 1248 4935 S)
1265 4884 1344 4934 occsa
1361 4870 1473 4922 Tolosam
1483 4871 1523 4922 ire
1531 4867 1618 4920 collem

289 4937 547 4991 Etesiodoloscoetam
558 4942 824 5005 (specialissimum
837 4947 977 4997 Gamwnio
994 4947 1062 4997 teste
1069 4946 1100 5008 V,
1119 4947 1360 4999 mediatorium
1376 4947 1400 5011 S)
1417 4960 1488 5000 emor
1503 4943 1618 4997 mdes

290 5013 323 5063 cb
343 5013 386 5074 iis,
411 5014 454 5075 coi
474 5015 509 5064 od
527 5017 619 5068 bostem
633 5023 779 5082 portarent,
802 5021 939 5084 cupreos
960 5021 1086 5085 (coepisset
1102 5023 1138 5086 S).
1158 5023 1245 5082 -Tt,
1263 5024 1396 5087 inpositus
1412 5023 1444 5076 V.
1465 5051 1494 5061 -
1517 5021 1559 5074 23.
1575 5020 1617 5070 ie-

288 5089 489 5216 oidio7Emesti:
507 5092 629 5142 tomdiom
640 5093 696 5145 VS.
710 5093 861 5157 (Lambinus
872 5111 878 5146 z
897 5110 948 5148 esse
958 5101 982 5148 et
992 5097 1086 5150 oimeo
1097 5112 1186 5164 poem
1201 5100 1255 5164 ipso
1265 5113 1386 5168 moporca
1395 5125 1410 5141 -
1417 5125 1433 5141 ·
1442 5105 1466 5156 et
1475 5093 1616 5162 actaeo-i

1791 2216 1795 2337 ¹
