3642 5868
281 345 373 451 ⁸tsi
682 353 1055 422 mvnnnnuaorro
1077 353 1261 420 suenoni

310 543 385 608 prae
408 521 508 587 salute
529 543 585 588 sua
606 523 689 590 levia
711 523 887 602 duxerunt3
913 525 968 608 qui
988 525 1093 609 priore
1116 524 1239 588 actione
1260 522 1307 588 ita
1327 523 1509 589 testimonia
1530 527 1633 608 gravi·

310 624 360 681 ter
388 618 653 704 vehementerque
682 619 845 694 dixerunt,
874 625 909 682 ut
935 619 1139 683 Artemonem
1164 616 1404 701 Centuripinum
1432 619 1571 701 legatum
1601 626 1633 683 et

310 713 438 794 publice
468 719 580 776 testem
609 711 649 788 Q.
679 713 868 777 Hortensius
896 719 1132 790 accusatorem,
1167 733 1233 776 non
1263 720 1376 776 testem
1405 733 1475 779 esse
1502 714 1631 779 diceret.

230 865 238 878 ,
309 807 436 870 Etenim
458 807 512 872 ille
534 828 606 871 cum
627 815 758 891 propter
778 808 927 871 uirtutem
949 813 981 870 et
1001 805 1094 871 iidem
1117 805 1189 871 cuin
1203 805 1364 884 Androne,
1386 809 1515 890 bomine
1532 809 1633 872 bone-

214 901 220 914 ’
289 902 451 965 ostissimo
480 908 512 965 et
540 902 731 976 certissimo,
760 909 829 966 tum
858 903 952 966 etiam
981 911 1111 987 propter
1138 904 1354 987 eloquentiam
1382 905 1504 987 legatus
1525 925 1544 968 a
1566 903 1632 969 suis

312 997 432 1060 civibus
455 996 575 1061 electus
598 1003 655 1072 est,
676 1002 713 1058 ut
732 1006 841 1078 posset
862 997 977 1060 multas
998 998 1092 1061 istius
1114 1004 1147 1060 et
1163 998 1267 1061 varias
1283 999 1416 1062 iniurias
1431 1020 1527 1082 quam
1543 1019 1632 1082 aper·

224 1125 254 1228 Z
310 1091 430 1155 tissime
451 1091 541 1155 vobis
563 1089 811 1174 planissimeque
834 1090 1004 1173 explicare.
1027 1092 1121 1154 va.
1135 1093 1292 1178 Dixerunt
1307 1092 1462 1167 Halesini,
1485 1093 1633 1156 Catinen—

311 1207 375 1262 ses,
406 1185 629 1271 Tyndaritani,
651 1185 855 1261 Hennenses,
878 1186 1100 1261 Herbitenses,
1122 1187 1351 1270 Agyrinenses,
1381 1189 1506 1262 Netini,
1538 1190 1633 1270 Sege-

311 1282 409 1345 stani:
439 1300 624 1344 enumerare
646 1300 756 1344 omnes
780 1300 845 1344 non
867 1289 917 1344 est
937 1301 1077 1344 necesse.
1120 1281 1231 1354 Scitis,
1254 1301 1351 1364 quarn
1375 1281 1465 1345 multi
1485 1288 1518 1345 et
1536 1301 1633 1365 quam

273 1377 409 1440 timulia
430 1375 535 1459 priore
557 1375 682 1440 actione
704 1377 858 1439 dixerint:
882 1395 968 1439 nunc
990 1382 1021 1439 et
1036 1376 1082 1438 illi
1098 1381 1131 1438 et
1144 1373 1259 1458 reliqui
1276 1374 1391 1438 dicent.
1427 1370 1498 1438 l57.
1514 1376 1633 1439 Omnes

311 1466 450 1553 denique
470 1468 532 1531 boe
554 1470 588 1532 in
608 1469 669 1532 bac
691 1489 786 1534 causa
807 1464 1080 1551 intelligentibus
1103 1468 1209 1531 animo
1232 1487 1302 1532 esse
1325 1469 1460 1545 Siculos,
1482 1477 1528 1546 ut,
1551 1471 1577 1534 si
1599 1471 1632 1532 in

122 1578 209 1686 ‘mid
255 1585 278 1670 p
310 1564 406 1628 istum
428 1561 681 1626 animadversum
702 1582 768 1626 non
789 1564 846 1638 sit,
870 1564 930 1626 sibi
951 1563 1183 1654 relinquendas
1200 1564 1311 1626 domos
1333 1583 1370 1627 ao
1392 1566 1485 1628 sedes
1506 1543 1633 1646 siffisiei

218 1669 233 1714 l
311 1678 352 1722 ex
367 1655 476 1720 Sicilia
497 1656 714 1720 decedendum
736 1664 833 1741 atque
855 1659 936 1721 adeo
957 1657 1143 1740 fugiendum
1165 1677 1234 1722 esse
1242 1655 1474 1738 (arbitrentur.)
1489 1660 1556 1723 Hos
1575 1659 1633 1722 bo·

220 1782 245 1872 p
310 1752 412 1816 mines
434 1759 469 1814 tu
490 1751 696 1833 persuadebis
718 1752 758 1814 ad
786 1752 941 1816 honorem
969 1758 1067 1835 atque
1096 1751 1337 1835 amplitudinem
1366 1761 1453 1817 tuam
1479 1753 1632 1838 pecunias

273 1848 463 1910 tumaximes
483 1846 648 1910 uoluntate
671 1865 728 1910 sua
750 1846 947 1910 contulisse?
992 1845 1109 1922 Credo,
1132 1845 1188 1930 qui
1210 1854 1241 1910 te
1264 1847 1297 1909 in
1319 1855 1374 1910 tua
1396 1845 1522 1912 civitate
1544 1848 1633 1910 ineo·

309 1940 427 2004 lumem
449 1959 518 2004 esse
540 1941 672 2014 nollent,
693 1939 727 2003 bi
750 1947 955 2003 monumenta
975 1945 1050 2024 tuae
1064 1940 1186 2003 formae
1205 1959 1242 2005 ac
1260 1942 1398 2005 nominis
1418 1943 1453 2004 in
1471 1943 1537 2006 suis
1556 1941 1633 2005 civi·

264 2037 268 2044 '
309 2034 428 2098 tatibus
450 2051 520 2097 esse
542 2035 721 2117 cupiebant.
764 2036 827 2098 Res
850 2034 1032 2109 declarabit,
1053 2040 1090 2098 ut
1112 2035 1280 2117 cupierint.
1317 2037 1383 2100 lam
1405 2035 1526 2100 dudum
1548 2036 1632 2100 enim

309 2128 388 2192 mibi
408 2127 542 2191 nimium
562 2128 702 2192 tenuiter
722 2128 902 2191 Siculorum
930 2148 1002 2211 erge
1028 2135 1060 2192 te
1080 2128 1256 2194 voluntatis
1278 2137 1463 2213 argumenta
1484 2130 1632 2212 colligere

310 2220 437 2297 videor,
467 2228 575 2285 uuum
603 2228 723 2286 statuas
752 2223 914 2287 voluerint
941 2224 998 2286 tibi
1028 2228 1166 2286 statuere
1188 2243 1229 2287 an
1252 2225 1354 2286 eoacti
1376 2224 1449 2287 sini.
1493 2218 1564 2285 458.
1586 2223 1632 2284 lle

273 2333 375 2401 eoquo
397 2316 526 2381 bomine
548 2315 691 2380 anditum
712 2322 931 2401 estumquam‚
955 2319 1042 2402 quod
1055 2318 1113 2382 tibi
1132 2317 1257 2392 accidit,
1278 2325 1316 2382 ut
1334 2318 1402 2381 eius
1419 2318 1453 2380 in
1469 2313 1634 2399 provincia

311 2416 444 2485 statuae,
466 2411 498 2472 in
516 2410 596 2474 loeis
614 2411 750 2494 publicis
770 2413 893 2494 positae
910 2413 1026 2494 partim
1045 2414 1140 2476 etiam
1158 2412 1192 2475 in
1213 2412 1344 2476 aedibus
1364 2412 1471 2485 saeris,
1493 2409 1634 2493 pervim

311 2513 344 2569 et
364 2525 423 2589 per
443 2505 622 2568 universam
644 2505 878 2568 multitudinem
902 2506 1136 2570 deiicerenturi
1172 2507 1234 2569 Tot
1253 2506 1401 2570 homines
1422 2507 1457 2569 in
1479 2505 1555 2569 Asia
1575 2523 1634 2568 no-

311 2607 429 2675 centes,
450 2605 498 2662 tot
519 2599 553 2659 in
566 2599 681 2673 Africa,
704 2606 752 2662 tot
772 2601 805 2662 in
819 2600 982 2682 Hispania,
1006 2599 1116 2675 Gallie,
1140 2599 1296 2674 Sardinia,
1319 2607 1367 2663 tot
1385 2589 1420 2662 in
1438 2599 1508 2683 ipsa
1525 2597 1634 2661 Sicilia

309 2693 454 2757 fuerunt:
478 2711 580 2776 ecquo
603 2693 643 2756 de
664 2692 793 2756 bomine
815 2694 876 2756 boe
891 2714 1042 2778 umquam
1057 2694 1246 2758 audivistis‘i
1273 2696 1399 2759 Nouum
1415 2700 1473 2767 est,
1494 2692 1632 2756 iudices:

273 2789 345 2854 siin
362 2786 476 2850 Siculis
499 2786 629 2870 quidem
651 2793 683 2850 et
703 2786 737 2848 in
759 2787 905 2850 omnibus
928 2788 1054 2852 Graecis
1077 2789 1210 2852 monstri
1232 2788 1345 2851 simile.
1379 2790 1450 2850 Non
1473 2785 1633 2850 crederem

310 2883 372 2948 boc
394 2881 434 2943 de
456 2880 578 2955 statuis,
599 2881 661 2944 nisi
683 2879 821 2944 iacentes
844 2881 1050 2965 revulsasque
1068 2881 1229 2957 vidissem,
1252 2889 1421 2966 propterea
1442 2880 1530 2967 quod
1548 2880 1632 2964 apud

311 2994 422 3040 omnes
443 2973 580 3039 Graecos
601 2974 653 3037 bic
673 2993 743 3037 mos
765 2982 828 3050 est,
854 2983 891 3038 ut
911 2976 1065 3040 bonorem
1093 2976 1275 3040 bominibus
1301 2976 1444 3040 habitum
1466 2977 1499 3038 in
1522 2995 1634 3038 monu-

311 3071 426 3136 mentis
448 3067 618 3133 eiusmodi
639 3063 794 3132 nonnulla
814 3070 968 3152 religione
990 3070 1123 3134 deorum
1138 3069 1314 3134 consecrari
1330 3071 1532 3134 arbitrentur.
1562 3064 1632 3130 ibe.

310 3168 420 3250 ltaque
435 3163 560 3238 Rbodii,
583 3162 638 3246 qui
661 3181 759 3247 prope
781 3164 841 3227 soli
861 3163 982 3228 bellum
1004 3164 1083 3228 illud
1105 3165 1251 3250 superius
1275 3185 1347 3228 oum
1361 3162 1545 3228 Mithridate
1558 3181 1634 3246 rege

273 3264 477 3344 sogesserunt
498 3275 673 3340 omnesque
696 3257 764 3320 eius
787 3259 894 3341 copias
917 3259 1169 3343 acerrimumque
1191 3260 1345 3343 impetum
1363 3260 1543 3335 moenibus,
1561 3259 1634 3323 lito-

309 3355 400 3418 ribus
422 3344 640 3434 clabsibusque
661 3351 727 3415 suis
745 3361 961 3442 ‘exceperunb
986 3360 1110 3428 tamen,
1133 3374 1204 3418 cum
1227 3353 1257 3416 ei
1279 3353 1347 3435 regi
1369 3353 1488 3418 inimici
1510 3358 1635 3437 praeter

310 3457 434 3514 eeteros
456 3451 571 3521 essent,
594 3452 736 3510 statuam.
752 3446 831 3520 eius,
852 3467 936 3530 quae
960 3456 1027 3511 erat
1047 3447 1133 3530 apud
1156 3448 1243 3532 ipsos
1265 3447 1299 3510 in
1321 3446 1528 3513 celeberrimo
1547 3445 1634 3509 urbis

309 3541 398 3619 loco,
419 3562 460 3605 ne
481 3547 549 3606 turn
571 3541 701 3625 quidem
722 3541 756 3603 in
776 3541 856 3623 ipsis
877 3540 965 3605 urbis
985 3541 1137 3624 periculis
1159 3543 1348 3625 attigerunt:
1370 3561 1409 3605 ao
1428 3540 1561 3605 forsitan
1580 3539 1634 3603 rix

310 3637 480 3703 convenire
502 3634 673 3710 videretur,
695 3653 791 3719 quem
812 3634 917 3718 ipsum
938 3635 1100 3699 bominem
1122 3641 1273 3720 cuperent
1294 3643 1453 3712 evertere,
1476 3635 1544 3698 eius
1566 3633 1634 3697 edi-

233 1991 251 2062 3

376 3805 400 3854 4.
415 3817 465 3867 pro
481 3802 549 3867 4344
566 3802 605 3853 eli
615 3815 647 3863 φ.
665 3803 699 3852 At
715 3799 748 3851 cl.
762 3801 845 3852 Hand.
859 3802 933 3853 Turs.
946 3803 989 3852 lV.
1007 3816 1034 3867 p.
1047 3803 1104 3854 446.
1119 3826 1146 3839 -
1160 3802 1288 3853 decerunt
1304 3802 1382 3866 bagg.
1395 3802 1414 3851 li
1426 3801 1449 3850 V
1460 3814 1498 3863 tp:
1516 3799 1636 3850 (40044404

310 3881 336 3932 44
346 3880 376 3930 A.
392 3906 419 3916 -
437 3881 462 3930 4.
480 3880 599 3930 diaeum
614 3878 692 3940 bagg.
710 3877 729 3927 li
740 3876 763 3925 V
774 3891 812 3938 cp:
831 3877 941 3928 dicerim
956 3878 982 3929 ll
992 3879 1022 3928 A.
1042 3877 1170 3938 Quattuor
1185 3876 1227 3928 bis
1244 3875 1308 3928 locis
1326 3890 1388 3928 cum
1403 3879 1516 3940 uterque
1537 3875 1634 3927 modus

309 3957 383 4006 recte
400 3954 502 4005 admitti
518 3953 615 4019 possit,
633 3952 756 4003 codicum
772 3953 955 4003 auctoritatem
966 3953 1097 4018 potiorem
1109 3953 1193 4003 secuti
1205 3963 1308 4003 sumus.
1326 3950 1449 4003 Similiter
1458 3952 1560 4002 verimi
1570 3949 1634 4001 bonl

311 4029 388 4081 codd.
407 4029 474 4082 inire
491 4029 515 4094 S.
534 4029 581 4081 ies
598 4029 652 4079 luit.
673 4053 700 4064 -
728 4027 752 4078 3.
772 4028 800 4089 Q.
819 4040 873 4078 om.
891 4027 922 4079 V.
937 4053 964 4065 -
983 4027 1008 4079 4.
1025 4027 1067 4077 iiie
1082 4040 1139 4078 mea
1155 4028 1211 4079 ΒΜ
1224 4027 1275 4078 eV:
1294 4040 1350 4078 mem
1366 4027 1407 4078 iiie
1423 4028 1510 4090 Lgtiir.
1522 4026 1563 4078 iiie
1578 4038 1632 4076 om.

309 4103 378 4167 rell,
396 4107 426 4156 ut
441 4103 555 4155 videtur.
575 4129 603 4139 -
621 4103 646 4154 4.
664 4100 734 4153 nobis
756 4099 832 4166 4344.
852 4129 881 4137 -
902 4103 926 4154 8.
944 4105 1069 4155 lleeoues
1085 4104 1114 4154 0.
1135 4128 1162 4139 -
1180 4103 1279 4154 Neibiei
1295 4103 1379 4168 4344;
1396 4103 1539 4153 Netineuses
1554 4098 1632 4152 codd.

309 4179 366 4231 rell.
386 4184 413 4231 et
430 4176 491 4233 edd.
512 4205 539 4217 -
559 4178 583 4231 9.
605 4191 752 4230 munuum
772 4177 840 4228 coni.
864 4179 898 4228 L:
923 4184 947 4230 et
966 4192 1100 4230 ecmeore
1122 4179 1162 4240 lil;
1188 4192 1323 4230 nemerim
1339 4181 1385 4230 cti.
1404 4179 1433 4228 0.
1453 4203 1481 4216 -
1499 4179 1549 4228 ecio
1565 4175 1634 4240 4344

309 4270 336 4322 p.
354 4269 408 4317 m.;
426 4257 473 4306 scis
489 4256 528 4316 u;
546 4253 608 4305 soit
623 4253 670 4304 (444.
692 4279 719 4289 -
738 4265 815 4315 quom
830 4253 902 4304 audii
918 4258 942 4304 et
957 4267 1011 4305 em.
1029 4253 1098 4319 4344
1114 4265 1142 4318 p.
1157 4265 1194 4304 m.
1213 4255 1247 4304 ll.
1268 4279 1293 4292 -
1315 4255 1355 4304 44.
1374 4253 1479 4314 dminus
1494 4264 1547 4303 om.
1565 4249 1634 4315 4344

308 4343 335 4399 p.
354 4344 392 4384 m.
412 4359 440 4368 -
467 4331 507 4382 la.
534 4331 597 4380 odeo
614 4341 667 4380 om.
686 4327 754 4392 4344
771 4342 799 4394 p.
817 4341 854 4379 m.
878 4355 907 4366 -
934 4327 973 4380 44.
992 4329 1109 4380 tenuem
1125 4327 1155 4390 4,
1183 4327 1242 4379 cod.
1266 4329 1341 4378 llot.:
1363 4327 1467 4378 boemos
1488 4325 1536 4378 dit.
1555 4326 1584 4375 0.
1604 4347 1632 4360 -

310 4406 544 4470 amplitudinemque
560 4404 637 4468 4349.
659 4430 686 4440 -
706 4404 746 4453 46.
763 4404 783 4453 44
799 4402 861 4453 edd.
879 4405 941 4455 ente
959 4405 1031 4454 Grui.
1049 4405 1078 4453 0.
1097 4404 1130 4453 At
1147 4404 1179 4454 oi.
1199 4403 1222 4467 S.
1236 4405 1293 4454 455.
1308 4430 1336 4439 -
1355 4404 1395 4454 il.
1413 4399 1550 4453 declarabit
1566 4398 1635 4462 4344

309 4493 336 4546 p.
356 4495 392 4532 m.
413 4483 455 4534 bl:
481 4481 619 4531 ἀιοιανιιυίι
632 4481 677 4530 cti.
693 4479 723 4530 0.
744 4503 771 4517 -
793 4483 821 4528 ci
836 4478 959 4541 aperiet
976 4479 1021 4527 «ut
1037 4478 1216 4529 certissimum
1238 4477 1370 4542 glossema
1389 4475 1535 4528 delendum
1553 4477 1633 4540 puio·

311 4558 397 4607 Garat.
416 4555 446 4606 ll.
467 4581 495 4593 -
518 4555 560 4606 40.
578 4555 623 4616 boe
639 4554 735 4604 bomine
751 4553 820 4616 4344
836 4566 863 4617 p.
883 4566 935 4614 m.;
958 4553 1054 4603 bomine
1075 4553 1121 4604 boe
1136 4554 1165 4603 L.
1185 4552 1249 4604 44484
1272 4554 1313 4618 (ex
1330 4554 1375 4616 l'i)
1397 4552 1426 4602 0.
1447 4579 1475 4589 -
1493 4551 1534 4602 44.
1552 4555 1576 4600 et
1588 4561 1635 4612 per

309 4629 374 4693 4φτ
393 4635 417 4682 ei
432 4643 485 4682 om.
504 4629 551 4681 (444.
570 4630 599 4680 0.
621 4656 648 4665 -
666 4629 812 4679 meeum
826 4627 897 4678 muti.
919 4627 988 4692 4344
1006 4640 1032 4692 p.
1051 4640 1088 4678 m.
1108 4651 1136 4664 -
1155 4626 1196 4679 44.
1214 4628 1306 4691 hecquo
1322 4626 1405 4692 4344;
1430 4633 1454 4678 et
1470 4641 1518 4691 qieo
1535 4626 1584 4678 (444.
1604 4649 1632 4662 -·

310 4705 440 4757 oudwutir
456 4704 524 4769 4344
540 4717 568 4769 p.
586 4717 638 4754 m.:
657 4704 784 4754 audientes
799 4703 868 4767 4349
880 4704 913 4762 Β;
932 4703 1073 4753 sufficimus
1090 4703 1135 4753 cti.
1154 4703 1183 4752 0.
1204 4729 1231 4739 -
1250 4702 1291 4754 48.
1309 4702 1429 4753 simmei
1445 4702 1474 4755 i:
1494 4700 1634 4754 ieiumi

310 4781 358 4832 (444.
377 4781 407 4831 0.
428 4805 455 4817 -—
478 4779 520 4831 49.
539 4778 626 4829 libodit
652 4780 695 4841 qui
717 4777 786 4842 4344
798 4792 835 4840 φ(
859 4778 947 4829 liboriii
968 4790 1025 4828 mem
1044 4777 1113 4841 4349
1124 4777 1146 4829 A
1157 4777 1189 4837 B;
1212 4791 1269 4828 men
1285 4777 1373 4829 libodii
1390 4777 1438 4829 dii.
1457 4779 1487 4830 0.
1508 4805 1535 4814 -
1550 4791 1593 4842 pr.
1611 4790 1631 4827 s.

310 4854 334 4906 i.
352 4855 414 4905 iilud
430 4853 496 4916 im:
515 4852 537 4903 b.
555 4853 583 4903 ii.
598 4867 627 4916 p.
644 4865 665 4904 s.
684 4852 732 4904 dit.
750 4853 780 4903 0.
795 4877 823 4890 ··-
842 4851 884 4903 30.
901 4857 1028 4918 gemmei
1044 4851 1126 4917 4344ι
1143 4852 1262 4917 geserici
1278 4868 1312 4915 φ,
1330 4854 1375 4903 cti.
1395 4853 1424 4904 0.
1440 4880 1467 4890 -
1480 4853 1540 4916 terp.
1552 4865 1632 4902 moes.

310 4931 364 4983 444
374 4943 412 4992 φτ
431 4930 484 4980 eius
498 4928 559 4992 imp.
572 4941 590 4978 e
604 4940 685 4978 moeri.
699 4929 784 4979 cit-
804 4927 844 4979 34.
862 4932 1012 4992 escepentai
1028 4927 1096 4978 conl.
1115 4927 1230 4992 Zumpt,
1248 4928 1389 4990 ecceperiei
1405 4927 1495 4990 codd,
1513 4928 1592 4978 obem
1609 4941 1632 4988 φ

310 5006 340 5057 0.
360 5029 387 5042 -
406 5009 489 5056 tecue
504 5002 570 5067 io:
589 5015 642 5054 om.
662 5003 706 5053 ott.
725 5003 755 5053 0.
774 5028 804 5040 -
821 5001 845 5056 ei
860 5004 914 5069 regi
929 5001 994 5065 4φε
1013 5001 1117 5068 strepis
1133 5003 1179 5053 ott.
1197 5002 1227 5053 0.
1247 5028 1276 5041 -
1293 5001 1334 5053 34.
1352 5003 1412 5054 istos
1426 5000 1495 5067 4344
1511 5013 1587 5068 pm.
1603 5023 1630 5036 -

310 5079 352 5132 3³.
369 5092 402 5132 ue
416 5077 485 5145 4344
501 5091 529 5146 p.
544 5092 596 5133 m:
614 5091 669 5132 om.
688 5079 733 5132 cii.
751 5078 782 5130 0.
