3648 5888
281 385 343 452 l52
651 385 694 450 IN
714 381 881 449 VERREM
902 381 1025 448 serlo
1049 377 1233 448 SECUNDA

279 567 347 625 tum
370 565 432 636 est,
460 563 498 622 ut
524 555 718 621 laetarentur
743 573 852 620 omnes
874 572 981 638 neque
1002 553 1071 618 ulla
1091 552 1324 618 animadversio
1347 551 1607 619 constitueretur:

137 650 162 728 ,3
229 647 233 656 '
278 655 332 719 hic
353 656 513 718 sociorum
535 651 698 715 ambustus
720 649 869 714 lucendio
892 655 996 714 tamen
1019 647 1137 738 axilla
1155 649 1282 712 damma
1302 646 1511 732 periculoque
1533 668 1610 712 evo-

279 750 372 826 lavit,
394 766 499 832 neque
520 743 627 810 adhue
649 762 776 808 causam
798 744 896 807 ullam
911 744 1093 827 excogitare
1113 743 1235 827 potuit,
1257 742 1463 828 quamobrem
1479 742 1609 805 cornmi-

280 845 358 908 serit
377 849 433 907 aut
455 841 533 927 quid
548 839 703 914 evenerit,
724 846 761 902 ut
779 839 812 901 in
827 845 950 902 tantum
965 836 1143 920 periculum
1158 839 1290 902 veniret.
1313 839 1386 900 Non
1400 837 1485 900 enim
1499 843 1607 921 potest

256 937 401 1001 idicens:
425 955 497 999 cum
519 933 708 997 seditionem
730 934 842 996 sedare
856 931 987 1006 vellem,
1009 951 1082 995 cum
1095 931 1290 995 frumentum
1306 932 1513 1015 imperarem,
1535 951 1607 996 oum

279 1029 473 1115 stipendium
495 1046 656 1109 cogerem,
689 1047 761 1090 cum
783 1025 907 1111 aliquid
929 1026 1069 1111 denique
1090 1026 1136 1089 rei
1159 1027 1305 1112 publicae
1328 1046 1425 1091 causa
1446 1046 1606 1110 gererem:

280 1122 368 1210 quod
389 1123 494 1187 acrius
514 1122 682 1205 imperavi,
705 1120 794 1205 quod
814 1119 1043 1196 animadverti,
1066 1121 1155 1205 quod
1177 1122 1314 1186 minatus
1337 1141 1437 1186 sum.»
1475 1121 1565 1198 Quae
1581 1122 1608 1185 si

169 1274 170 1277 ,
281 1218 418 1292 diceret,
440 1224 546 1281 tamen
567 1215 690 1298 ignosci
712 1235 778 1278 non
801 1221 977 1298 oporteret,
1008 1215 1034 1279 si
1056 1217 1150 1281 nimis
1174 1217 1326 1280 atrociter
1346 1214 1534 1300 imperando
1557 1235 1610 1280 so-

280 1313 338 1377 ciis
366 1313 401 1376 iu
425 1316 548 1375 tantum
576 1307 732 1374 adductus
761 1310 939 1393 periculum
961 1310 1131 1374 videretur.
1180 1311 1326 1375 XXVIII.
1348 1306 1400 1374 7⁴.
1422 1312 1514 1374 Nunc
1537 1329 1608 1374 cum

243 1407 350 1490 toipse
372 1425 500 1470 causam
521 1404 608 1468 illius
629 1404 783 1468 tumultus
805 1423 912 1514 neque
926 1423 1032 1468 veram
1055 1405 1161 1468 dicere
1181 1423 1287 1490 neque
1302 1405 1413 1469 falsam
1429 1400 1608 1487 confingere

180 1533 202 1594 s
280 1502 412 1575 audeat,
433 1500 530 1563 homo
552 1503 657 1562 autem
680 1497 802 1563 ordinis
825 1498 875 1561 sui
897 1498 1147 1582 frugalissimus,
1170 1501 1226 1584 qai
1248 1508 1316 1563 tum
1331 1498 1532 1564 accensusC.
1548 1501 1608 1562 Ne-

174 1593 200 1641 t·
280 1594 351 1658 roni
379 1593 457 1669 luit,
482 1592 516 1656 P.
539 1593 676 1668 Tettius,
704 1592 785 1656 haec
814 1593 926 1657 eadem
954 1613 988 1656 se
1018 1593 1183 1677 Lampsaci
1212 1614 1367 1677 cognosse
1397 1593 1531 1667 dixerit,
1560 1594 1609 1657 vir

185 1671 221 1772 g
281 1688 428 1753 omnibus
448 1683 555 1752 rebus
566 1687 808 1762 ornatissimus,
838 1685 870 1750 C.
893 1687 1008 1763 Varro,
1040 1689 1095 1772 qui
1118 1688 1215 1752 tum'
1206 1709 1239 1750 rn
1261 1688 1338 1752 Asia
1359 1687 1505 1751 tribunus
1527 1687 1609 1750 mili·

281 1793 350 1847 tum
369 1782 447 1858 fuit,
468 1782 548 1846 haec
571 1781 714 1846 eadem
703 1800 774 1864 rpsa
796 1801 830 1844 se
853 1770 894 1846 en
914 1780 1102 1846 Philodamo
1125 1781 1253 1846 audIsse
1269 1781 1372 1846 dicat.
1396 1782 1530 1864 potestis
1552 1783 1609 1845 du·

245 1877 380 1943 solitar-e
403 1877 481 1963 quin
503 1878 598 1941 istum
620 1875 750 1940 fortuna
768 1896 834 1941 non
855 1883 918 1940 tam
934 1896 974 1939 ex
988 1875 1045 1940 illo
1065 1877 1208 1960 periculo
1224 1877 1347 1960 eripere
1361 1875 1499 1941 voluerit
1513 1897 1609 1961 quam

280 1973 320 2037 ad
341 1980 482 2038 vestrum
503 1971 656 2035 iudicium
679 1973 867 2034 reservaret
902 1971 971 2034 Nisi
993 1991 1069 2034 vcro
1091 1970 1171 2034 illud
1195 1970 1293 2046 dicet,
1316 1971 1403 2055 quod
1420 1971 1475 2034 et
1465 1991 1499 2033 ru
1514 1971 1609 2035 Tettii

280 2068 466 2133 testimonio
488 2067 595 2149 priore
617 2065 743 2128 actione
766 2065 980 2148 interpellavit
996 2064 1207 2128 Hortensius:
1231 2062 1306 2150 (quo
1322 2072 1466 2149 tempore
1481 2065 1608 2150 quidem

280 2263 333 2332 ut,
356 2274 452 2341 quam
467 2254 523 2318 diu
545 2253 675 2316 tacuit
666 2273 700 2315 ur
722 2254 835 2316 ceteris
857 2253 1006 2328 testibus,
1031 2254 1111 2317 scire
1127 2272 1238 2317 omnes
1253 2273 1436 2338 possemus,
1458 2252 1609 2317 nihilha·

155 2415 179 2453 ,
243 2350 390 2413 aobuisse
414 2347 502 2433 quod
525 2343 686 2428 diceret)
685 2335 755 2410 boc
776 2354 844 2410 tum
865 2348 963 2424 dixis,
984 2347 1205 2412 Philodamum
1220 2345 1409 2412 etlilium
1380 2368 1449 2411 erus
1464 2348 1533 2411 aC.
1547 2349 1609 2411 Ne·

131 2462 194 2518 ’ν
281 2463 361 2507 rone
394 2462 464 2505 esse
498 2441 694 2505 damnatosl
719 2437 770 2504 72.
804 2443 937 2525 Deque
960 2461 1001 2505 ne
1024 2442 1157 2504 multum
1179 2443 1349 2516 disseram,
1381 2449 1504 2506 tantum
1527 2441 1608 2518 dico,

283 2545 425 2602 secutum
455 2536 489 2598 id
517 2555 587 2598 esse
608 2520 767 2599 Nerdnem
789 2544 821 2600 et
846 2535 914 2599 eius
938 2536 1122 2611 consilium,
1152 2537 1238 2620 quod
1262 2535 1444 2600 Cornelium
1465 2534 1609 2599 lictorem

283 2632 424 2696 occisum
446 2649 516 2693 esse
539 2637 714 2694 constaret.
741 2638 870 2714 putasse
892 2650 959 2694 non
981 2639 1129 2713 oportere
1152 2651 1222 2694 esse
1244 2632 1394 2714 cuiquam
1415 2649 1455 2693 ne
1475 2629 1511 2691 in
1531 2629 1609 2692 ulci-

282 2724 399 2790 scenda
422 2723 582 2808 quidem'
572 2723 689 2787 iniuria
712 2724 852 2790 hominis
876 2723 1043 2787 occidendi
1064 2730 1263 2808 potestatem.
1295 2725 1333 2788 ln
1355 2744 1420 2808 quo
1441 2724 1535 2788 video
1548 2726 1609 2787 Ne-

244 2820 370 2884 aoronis
399 2817 520 2880 iudicio
552 2837 617 2881 non
647 2825 678 2882 te
707 2819 888 2883 absolutum
912 2837 980 2881 esse
1009 2819 1236 2903 improbitatis,
1270 2820 1326 2883 sed
1348 2820 1421 2882 illos
1444 2817 1608 2881 damnatos

282 2934 352 2978 esse
368 2911 484 2976 caedis.
505 2912 624 2976 Verum
639 2913 701 2978 ista
715 2914 877 2977 damnatio
893 2919 998 2975 tamen
1013 2914 1103 2976 cuius
1122 2914 1209 2977 modi
1223 2913 1307 2978 fuiti
1329 2913 1456 2987 Audite,
1480 2931 1608 2996 quaeso,

279 3008 419 3081 iudices,
447 3010 480 3069 et
508 3006 681 3090 aliquando
712 3007 907 3070 miseremini
939 3007 1098 3071 sociorum
1128 3015 1159 3071 et
1181 3008 1338 3071 ostendite
1361 3007 1481 3090 aliquid
1503 3007 1608 3070 bisin

280 3107 386 3166 vestra
406 3096 468 3163 fide
490 3102 642 3184 praesidii
666 3123 736 3166 esse
759 3109 917 3186 oportere.
951 3102 1068 3165 XXIX.
1093 3101 1187 3179 Quod
1209 3103 1268 3166 toti
1283 3102 1378 3166 Asiae
1399 3101 1470 3163 iure
1485 3101 1608 3164 occisus

280 3196 448 3259 videbatur
468 3195 560 3259 istius
582 3195 636 3259 ille
658 3196 757 3262 verbo
779 3197 890 3273 lictor,
920 3217 953 3260 re
983 3217 1058 3260 vera
1080 3197 1225 3261 minister
1245 3196 1498 3280 improbissImae
1520 3197 1608 3279 cupi-

243 3290 403 3364 eeditatis,
425 3289 589 3373 pertimuit
609 3291 670 3354 iste
699 3310 741 3354 ne
766 3285 972 3355 Philodamus
990 3291 1125 3354 Neronis
1148 3290 1267 3354 iudicio
1289 3291 1495 3353 liberaretur:
1518 3297 1609 3374 rogat

279 3391 312 3447 et
333 3391 402 3446 orat
422 3383 637 3459 Dolabellam,
666 3393 701 3448 ut
731 3384 770 3447 de
793 3404 851 3447 sua
878 3387 1043 3468 provincia
1065 3385 1213 3460 decedat,
1242 3386 1282 3450 ad
1304 3387 1462 3448 Neronem
1484 3383 1607 3469 proiici-

279 3485 404 3542 scatur:
437 3497 472 3542 se
494 3478 691 3543 demonstrat
712 3479 906 3542 incolumem
929 3499 998 3543 esse
1020 3499 1086 3542 non
1108 3499 1219 3562 posse,
1246 3479 1272 3542 si
1293 3477 1480 3544 Philodamo
1501 3480 1607 3543 vivere

278 3579 374 3656 atque
396 3570 570 3655 aliquando
592 3573 726 3636 Romam
747 3573 856 3636 venire
879 3573 1032 3636 licuisset.
1077 3569 1128 3634 73.
1151 3572 1336 3636 Commotus
1358 3581 1406 3636 est
1426 3572 1606 3637 Dolabella:

277 3664 354 3729 iecit
374 3666 426 3740 id,
449 3664 536 3749 quod
557 3666 649 3730 multi
672 3666 959 3750 reprehenderunt,
982 3673 1018 3730 ut
1041 3667 1231 3742 exercitum,
1251 3667 1468 3751 provinciam,
1489 3667 1606 3732 bellum

239 3761 472 3846 atrelinqueret
493 3767 524 3824 et
545 3761 578 3823 in
601 3762 711 3825 Asiam
731 3760 871 3825 hominis
894 3760 1082 3846 nequissimi
1099 3780 1194 3825 causa
1209 3763 1242 3824 in
1257 3760 1394 3825 alienam
1410 3761 1606 3845 provinciam

278 3852 538 3939 proficisceretur.
579 3855 790 3939 Posteaquam
813 3856 854 3919 ad
875 3857 1034 3920 Neronem
1050 3857 1154 3932 venit,
1177 3855 1394 3920 contenditah
1409 3877 1465 3932 eo,
1487 3864 1523 3921 ut
1536 3856 1608 3921 Phi·

278 3949 397 4013 lodami
420 3967 548 4012 causam
571 3957 787 4032 cognosceret
831 3951 970 4013 Venerat
991 3950 1078 4032 ipse,
1101 3951 1156 4034 qui
1179 3957 1264 4014 esset
1285 3951 1319 4013 in
1335 3949 1469 4014 consilio
1492 3957 1523 4013 et
1542 3950 1608 4033 pri-

175 4097 184 4114 ,
277 4065 348 4107 mus
371 4043 563 4108 sententiam
585 4044 724 4108 dIceret:
747 4044 925 4108 adduxerat
947 4045 1042 4108 etiam
1057 4044 1236 4129 praefectos
1251 4050 1284 4109 et
1297 4043 1442 4108 tribunos
1456 4044 1607 4109 militares

344 4289 384 4338 tt.
407 4291 465 4336 tuoe
481 4284 631 4350 GIngii.
651 4313 678 4322 -
704 4287 745 4336 42.
765 4287 855 4338 Tettius
871 4286 935 4338 dtt.:
962 4288 1053 4339 Pettius
1069 4301 1086 4350 ς
1102 4289 1174 4338 Parr.
1191 4287 1213 4338 l
1231 4288 1259 4338 et
1275 4288 1311 4348 (ἔς
1337 4288 1418 4338 Potius
1435 4289 1488 4349 Gt;
1514 4289 1609 4339 Pectius

275 4362 312 4413 (72
324 4361 353 4413 C.
371 4361 414 4412 Sic
430 4361 498 4412 inira
514 4359 623 4412 turbent
639 4359 717 4412 codd.
733 4389 761 4399 -
780 4361 820 4412 ⁴3.
839 4362 947 4413 militum
963 4363 1076 4414 tribunus
1087 4365 1119 4414 Gt
1132 4363 1174 4425 2ς
1190 4365 1263 4414 Parr.
1276 4363 1304 4414 Β.
1319 4363 1348 4415 C.
1364 4391 1391 4400 -
1411 4363 1451 4416 ti.
1469 4365 1521 4428 ipse
1538 4365 1606 4415 conl.

275 4437 390 4489 Beneck.
409 4436 443 4486 ed
461 4449 500 4487 or.
518 4449 545 4501 p.
563 4434 615 4500 leg.
633 4435 720 4488 Manil.
739 4450 765 4503 p.
784 4438 842 4488 255.
860 4439 913 4502 ipso
930 4440 1016 4490 llaase
1034 4437 1068 4489 ad
1085 4437 1156 4489 fleis.
1175 4452 1201 4489 n.
1221 4438 1277 4489 378.
1299 4462 1326 4476 -
1352 4437 1392 4488 tt.
1412 4439 1482 4490 lutis·
1498 4444 1551 4490 test.
1570 4440 1603 4489 Gt

276 4515 319 4576 2ς
334 4515 407 4564 Parr.
425 4513 520 4573 DCD,
539 4511 667 4577 LgaalQ
694 4517 747 4564 test.
768 4513 794 4563 I.
813 4512 861 4564 dtt.
881 4514 909 4564 0.
931 4541 958 4549 -
984 4514 1025 4564 47.
1044 4518 1116 4576 terap.
1134 4514 1185 4576 tpsc
1201 4513 1299 4576 quiden
1316 4515 1361 4565 52,
1383 4537 1409 4551 -
1429 4514 1469 4564 tt.
1488 4514 1566 4564 tacuit
1580 4515 1608 4565 tn

274 4590 362 4641 esteris
377 4590 410 4639 Gt
422 4589 465 4651 2ς
481 4591 554 4640 Parr.
572 4589 668 4652 DCD,
687 4587 814 4652 Lgitltz
836 4589 914 4638 lacuit
926 4601 985 4640 om.
1003 4589 1051 4639 dtt.
1071 4590 1100 4640 0.
1121 4615 1147 4624 -
1167 4587 1266 4639 testibus
1282 4589 1388 4651 aare,
1406 4591 1463 4640 Par.
1484 4589 1518 4640 C:
1535 4589 1608 4640 rebus

274 4665 341 4724 dtt.;
368 4664 490 4728 quamdiu
511 4664 538 4713 io
560 4665 646 4714 ceteris
669 4664 742 4715 rabies
759 4665 866 4714 tacuerit
889 4665 908 4714 0
925 4665 987 4729 post
1002 4665 1115 4728 Nauger.
1136 4690 1163 4699 -
1186 4664 1227 4714 20.
1246 4664 1288 4713 scd
1302 4664 1348 4714 boc
1364 4665 1392 4714 L.
1412 4664 1441 4714 0.
1457 4690 1483 4699 -
1503 4665 1555 4715 Dus
1569 4665 1605 4730 pt.

193 4755 195 4760 ·
277 4740 325 4791 dtt.
344 4740 373 4790 0.
394 4765 421 4775 -
439 4739 480 4790 24.
499 4737 605 4789 multam
622 4736 708 4800 thg
729 4741 787 4790 Par.
808 4740 841 4790 C:
863 4740 943 4790 multa
960 4738 1007 4789 dtt.
1026 4739 1056 4789 0.
1077 4766 1104 4775 -
1123 4738 1163 4790 23.
1182 4739 1292 4802 cuipiam
1309 4739 1395 4803 143293
1422 4739 1541 4803 cuiquam
1557 4739 1605 4791 dtt.

276 4817 452 4880 transponunt
468 4815 529 4866 ente
545 4814 659 4865 tantais.
674 4841 701 4851 —
720 4813 761 4866 ii.
779 4815 886 4866 Neronis
902 4815 993 4865 Iudicio
1010 4811 1062 4865 del.
1082 4815 1144 4865 Bal.
1163 4815 1197 4866 ad
1208 4817 1287 4880 legg.
1306 4828 1332 4881 p.
1347 4815 1402 4866 aas.
1420 4842 1447 4852 ·-
1465 4815 1507 4866 26.
1526 4817 1608 4866 cntra-

274 4891 342 4942 mods'
351 4891 428 4955 nteit
437 4888 552 4941 Klotzius
564 4903 596 4940 ex
609 4889 677 4954 agae
690 4891 717 4941 et
728 4889 760 4953 H,
773 4891 818 4956 qui
828 4891 906 4955 suem
916 4889 1056 4955 praebent.
1068 4915 1096 4927 -
1109 4890 1150 4940 27.
1164 4891 1195 4940 its
1206 4889 1305 4942 malim.
1322 4891 1404 4942 Hans.
1420 4918 1447 4927 —
1459 4890 1500 4942 28.
1514 4890 1607 4942 οεσίως

276 4980 325 5018 esse
342 4968 387 5018 Gt.
408 4994 435 5003 —
454 4965 495 5017 29.
513 4966 622 5032 revere]
639 4979 697 5017 cere
713 4968 759 5018 Gt.
774 4994 800 5004 -
821 4968 897 5030 impr.
909 4965 1043 5030 coleptets's
1059 4967 1087 5016 Ι..
1106 4966 1133 5016 in
1149 4979 1232 5031 marg.
1246 4966 1319 5018 raet.
1340 4965 1421 5016 «Nihil
1433 4967 1604 5020 mutandum:

276 5041 404 5106 cupiditas
422 5043 494 5093 enim
505 5039 667 5106 voluptatem
686 5041 827 5104 antecedlt,
846 5055 914 5107 quae
932 5043 988 5092 tum
1007 5043 1100 5092 secuta
1118 5045 1231 5093 nonest.
1252 5042 1284 5094 cl.
1298 5041 1322 5107 ξ.
1336 5041 1377 5093 67.
1390 5041 1449 5092 78.»
1468 5044 1560 5094 Gsnsr.
1572 5043 1603 5096 11.

275 5143 302 5156 -
321 5115 361 5169 35.
382 5117 410 5168 tn
425 5116 519 5185 asam}
538 5118 649 5184 propter
666 5114 866 5169 collocationem
883 5117 950 5168 haec
965 5115 1049 5170 verba
1067 5115 1101 5170 de
1119 5116 1206 5183 glossa
1223 5119 1349 5184 suspecta
1364 5114 1497 5170 videntur.
