3610 5860
602 353 881 422 carm-rx
908 349 1134 440 seeo-eo.
1220 386 1224 394 -
1461 353 1525 422 ser

212 528 364 612 impetum
385 526 496 590 armati
514 525 663 592 Antiochi
678 532 921 612 ceterorumque
942 526 1005 592 tela
1026 533 1121 611 atque
1134 527 1295 592 incursum
1308 527 1433 612 refugit.
1462 531 1525 594 Eo·

213 622 284 685 dem
311 626 453 704 tempore
482 641 516 685 sc
544 621 578 684 in
603 619 711 704 fugam
732 619 898 704 conferunt
923 641 987 686 una
1007 622 1100 686 amici
1120 623 1326 708 advocatique
1347 623 1417 688 eius
1438 630 1524 688 metu
1584 633 1586 639 ’
1681 613 1708 680 Α

211 714 386 798 perterriti,
408 735 502 798 quem
524 715 564 780 ad
585 715 713 779 modum
734 714 860 779 illorum
881 721 994 780 testem
1017 716 1122 779 dicere
1143 716 1284 780 audistis.
1324 713 1374 781 23.
1396 717 1455 780 His
1476 738 1525 782 re-

211 810 271 874 bus
292 808 338 872 ita
359 809 455 892 gestis
476 811 510 872 P.
532 809 696 874 Dolabella
717 816 842 894 praetor
862 810 1041 886 interdixit,
1067 818 1105 873 ut
1125 817 1173 874 est
1194 811 1407 886 consuetudo,
1429 831 1470 874 on
1492 832 1525 876 vr

211 921 382 968 nonrnrcvs
402 921 539 970 nannrrs
562 904 630 967 sine
650 902 717 966 ulla
738 905 943 986 exceptione,
964 911 1087 968 tantum
1100 911 1152 980 ut,
1172 906 1258 969 unde
1273 906 1454 981 deiecisset,
1475 917 1548 969 re·o

213 1000 367 1062 stitueret.
399 997 585 1064 Restituisse
606 1019 640 1062 se
664 996 762 1059 dixit:
785 999 914 1080 sponsio
935 998 1018 1063 iacta
1032 1004 1089 1062 est.
1117 999 1184 1062 Hac
1199 999 1238 1063 de
1253 1001 1421 1083 sponsione
1435 999 1524 1064 vobis

211 1092 415 1157 iudicandum
437 1103 494 1158 est.

294 1185 351 1248 IX.
379 1187 516 1251 Maxime
540 1185 602 1250 luit
622 1188 793 1270 optandum
815 1188 984 1262 Caecinae,
1011 1195 1265 1272 recuperatores,
1290 1194 1326 1253 ut
1346 1195 1525 1254 conneret-

211 1288 278 1351 siae
299 1281 379 1346 nihil
392 1281 540 1357 haberet3
562 1282 702 1346 secundo
717 1283 805 1357 loeo,
826 1288 916 1345 utne
932 1304 1003 1346 curn
1017 1290 1080 1347 tam
1095 1283 1240 1366 improbo
1255 1283 1400 1360 homine;
1422 1285 1525 1361 tertio,

212 1388 247 1444 ut
268 1399 339 1442 cum
360 1382 424 1439 tam
446 1377 541 1440 stulto
561 1375 701 1439 haberet.
732 1377 859 1440 Etenim
879 1396 944 1441 non
965 1377 1071 1442 minus
1093 1398 1152 1440 nos
1175 1378 1307 1442 stultitia
1320 1377 1405 1442 illius
1422 1377 1562 1442 suble-io

212 1482 264 1540 vat
291 1491 387 1557 qnam
416 1470 514 1537 laedit
534 1470 727 1554 improbitas.
762 1470 928 1555 improbus
948 1471 1025 1546 luit,
1056 1471 1142 1555 quod
1163 1472 1307 1536 homines
1329 1472 1448 1554 coligit,
1477 1492 1526 1538 ar-

212 1570 323 1642 mavit,
354 1564 471 1629 coactis
501 1565 693 1648 armatisque
720 1565 784 1628 vim
811 1563 895 1628 lecit.
928 1566 1034 1630 Laesit
1054 1567 1088 1628 in
1110 1587 1149 1630 eo
1172 1565 1354 1630 Caecinam:
1384 1565 1528 1630 sublevat

213 1663 340 1728 ibidem.
371 1661 450 1724 Nam
472 1660 506 1722 in
525 1679 578 1722 eas
599 1660 684 1742 ipsas
706 1678 772 1734 res,
795 1680 874 1744 quas
891 1659 1122 1744 improbissime
1134 1660 1226 1735 feeit,
1247 1662 1429 1724 testimonia
1442 1679 1527 1722 sum-

213 1759 277 1843 psit
298 1762 332 1818 et
351 1754 398 1818 eis
420 1754 453 1817 in
475 1773 568 1818 causa
589 1753 778 1818 testimoniis
799 1755 906 1818 utitur.
948 1751 1131 1839 2l.1taque
1153 1755 1230 1818 milri
1252 1761 1370 1820 certum
1392 1759 1455 1827 est,
1477 1774 1527 1817 re·

213 1856 432 1934 cuperatores,
464 1856 633 1932 antequam
668 1848 709 1910 ad
743 1871 845 1940 meam
874 1849 1088 1914 defensionem
1118 1871 1269 1935 meosque
1298 1856 1394 1916 testes
1422 1849 1564 1925 vaniore
1632 1848 1657 1930 J

213 1946 299 2009 illius
325 1945 373 2007 uti
398 1943 596 2009 confessione
625 1949 656 2007 et
682 1945 881 2008 testimoniis
914 1945 1000 2020 Quid
1022 1941 1187 2009 confitetur
1208 1953 1303 2029 atque
1324 1946 1369 2010 ita
1392 1943 1528 2008 libenter

214 2036 396 2114 confitetur,
423 2046 543 2102 utnon
565 2037 669 2102 solnm
689 2037 798 2114 fateri,
823 2040 880 2103 sed
903 2040 996 2104 etiam
1018 2038 1158 2124 profiteri
1178 2040 1339 2115 videatur,
1359 2059 1528 2122 recupera-

214 2137 319 2200 tores?
356 2131 550 2196 oConvocavi
570 2133 729 2208 nominee,
759 2134 864 2216 coligi,
892 2135 1027 2212 armari3
1057 2141 1176 2198 terrore
1198 2136 1308 2198 mortis
1329 2155 1366 2198 ac
1386 2133 1527 2216 periculo

213 2229 340 2314 capitis,
362 2247 402 2290 ne
416 2226 599 2303 accederes,
621 2228 743 2303 obstiii;
764 2228 864 2304 ferro,
889 2230 1007 2314 inquit,
1028 2230 1112 2294 ferro
1132 2227 1174 2312 (et
1187 2231 1249 2295 boo
1264 2230 1340 2293 dicit
1353 2229 1386 2293 in
1400 2226 1527 2312 iudicio)

212 2334 245 2392 te
266 2323 363 2389 reieci
385 2329 479 2405 atque
499 2322 686 2405 protendi.»
729 2322 840 2399 Quid?
872 2330 967 2387 testes
989 2323 1067 2408 quid
1088 2324 1197 2387 aiunt?
1224 2325 1258 2386 P.
1279 2322 1430 2397 Vetilius,
1456 2332 1565 2406 [ιφ-20
1635 2317 1660 2408 b

213 2419 352 2504 pinquus
366 2415 508 2489 Aebutii,
530 2435 565 2478 se
580 2415 715 2480 Aebutio
737 2437 808 2481 cum
827 2419 953 2480 armatis
975 2419 1072 2481 servis
1085 2418 1211 2480 venisse
1223 2417 1418 2480 advocatum.
1442 2415 1529 2491 Quid

212 2512 398 2597 praetereat
420 2507 530 2571 Fuisse
552 2506 731 2590 complures
752 2517 899 2573 armatos.
931 2509 1015 2585 Quid
1037 2510 1145 2574 aliudi
1165 2511 1319 2575 Minatum
1341 2531 1411 2574 esse
1426 2509 1530 2572 Aebu-

213 2609 292 2672 tium
315 2603 477 2669 Caecinae.
511 2600 596 2678 Quid
619 2622 677 2685 ego
701 2601 740 2666 de
761 2603 823 2666 hoc
845 2611 924 2668 teste
939 2603 1040 2668 dicam
1059 2605 1121 2668 nisi
1139 2607 1211 2680 boc,
1224 2612 1472 2688 recuperatores,
1494 2611 1531 2668 ut

212 2722 253 2768 ne
280 2700 398 2764 idcirco
426 2697 531 2761 minus
560 2698 590 2760 ei
611 2697 761 2772 credatis,
790 2697 875 2782 quod
895 2698 991 2762 bomo
1013 2699 1118 2762 minus
1140 2700 1274 2763 idoneus
1294 2699 1444 2775 habeor,
1473 2698 1529 2763 sed

213 2796 285 2860 idco
307 2792 462 2868 credatis,
486 2791 573 2875 quod
594 2811 635 2854 ex
656 2791 711 2856 illa
730 2799 820 2875 parte
841 2791 874 2855 id
896 2792 987 2869 dicit,
1014 2793 1100 2877 quod
1121 2794 1168 2857 illi
1191 2813 1302 2858 causae
1323 2793 1460 2858 maxime
1482 2800 1567 2858 estre

213 2892 375 2955 alienum?
411 2884 462 2952 25.
483 2888 520 2950 Α.
536 2887 716 2962 Terentius,
738 2887 946 2976 altefflstis,
968 2908 1033 2951 non
1047 2886 1141 2952 modo
1157 2886 1419 2964 Aebutium,'sed
1436 2887 1530 2952 etiam
1634 2869 1663 2972 b

214 3006 249 3049 sc
277 2982 408 3067 pessimi
435 2981 585 3046 facinoris
616 2982 728 3064 arguit.
770 2983 806 3044 In
834 2981 1005 3046 Aebutium
1025 2982 1087 3046 boo
1109 2982 1200 3058 dicit,
1228 2990 1363 3049 amatos
1384 2981 1529 3046 homines

213 3079 331 3143 fuisse:
363 3075 403 3138 de
424 3097 459 3140 se
480 3083 586 3139 autem
605 3076 665 3139 hoc
686 3076 859 3158 praedicat,
880 3077 1054 3152 Antiocho,
1074 3077 1328 3164 Aebutiiservo,
1348 3076 1530 3161 imperasse,
1644 3067 1667 3161 6

213 3182 249 3236 ut
272 3173 306 3234 in
329 3169 493 3235 Caecinam
517 3169 736 3233 advenientem
758 3191 828 3232 cum
847 3169 931 3233 ferro
952 3171 1124 3235 invaderet.
1154 3171 1239 3248 Quid
1259 3173 1372 3255 loquar
1393 3169 1530 3253 amplius

215 3268 254 3332 de
276 3266 336 3330 boc
358 3264 508 3328 homine‘i
539 3264 576 3325 In
598 3284 693 3347 quem
715 3283 774 3346 ego
790 3263 852 3327 boc
868 3263 989 3339 dicere,
1012 3286 1082 3374 supr
1096 3284 1256 3348 rogarera
1272 3265 1419 3338 Caecina,
1440 3277 1566 3325 num-eo

216 3379 310 3444 quam
333 3357 438 3433 volui,
467 3378 507 3421 ne
529 3377 660 3440 arguere
683 3357 771 3421 illum
792 3359 838 3421 rei
860 3359 1003 3442 capitalis
1025 3359 1163 3436 viderer,
1186 3359 1225 3423 de
1247 3380 1286 3423 eo
1308 3359 1416 3423 dubito
1436 3377 1530 3431 nunc,

216 3473 280 3538 quo
301 3453 397 3516 modo
419 3458 475 3516 ant
494 3451 607 3534 loquar
627 3457 682 3517 aut
702 3457 837 3527 taceam,
859 3473 930 3516 curn
950 3454 1017 3536 ipse
1039 3452 1099 3518 hoc
1122 3453 1210 3518 dese
1227 3450 1530 3537 iuratuspraedicet,

216 3544 267 3611 26.
288 3546 410 3611 Deinde
436 3546 472 3608 L.
502 3544 626 3612 Caelius
655 3565 720 3608 non
748 3545 850 3609 solum
875 3546 1044 3611 Aebutium
1071 3568 1141 3611 oum
1171 3549 1296 3612 armatis
1324 3544 1530 3611 dixit·iuisse

281 3791 305 3842 4.
324 3789 452 3841 occurram
467 3787 487 3838 E
505 3785 643 3850 (Trenndio
658 3785 735 3850 teste)
753 3787 786 3837 T:
810 3787 924 3838 incurate
939 3787 1086 3843 ildito.
1118 3787 1156 3839 Ct.
1179 3787 1203 3852 5.
1221 3787 1263 3840 44.
1280 3788 1321 3840 io.
1350 3813 1377 3827 -
1403 3789 1427 3839 2.
1447 3790 1530 3854 moia]

215 3869 300 3922 0004000
315 3867 372 3931 Ep,
390 3864 462 3930 quod
478 3861 605 3914 mendum
616 3863 649 3913 ni.
664 3861 776 3926 iiauptio
793 3861 859 3912 obss.
871 3863 937 3914 criti.
949 3875 976 3928 p.
988 3861 1029 3914 42.
1047 3866 1135 3914 orium
1145 3863 1249 3914 videtur
1265 3876 1298 3914 ex
1313 3865 1442 3930 scripture
1456 3867 1533 3918 00004-

216 3945 260 3996 cei.
281 3969 308 3981 -
334 3941 358 3991 3.
377 3940 490 3990 audiistis
504 3941 535 3989 Α.
556 3965 583 3972 -
605 3937 650 3987 iiis
668 3936 788 3987 00040--
801 3936 962 3987 iudicandam
977 3943 1012 3988 esi
1028 3935 1199 3998 Quintilianus
1214 3938 1287 3990 insit.
1305 3939 1347 3992 iv.
1365 3943 1389 4002 2,
1407 3941 1464 3992 432.
1491 3943 1530 3994 Gi.

216 4017 295 4072 iulius
311 4015 402 4067 Victor
417 4029 445 4080 p.
463 4013 519 4067 247.
537 4027 563 4064 v.
581 4012 613 4064 38
630 4025 671 4077 sq.
691 4011 753 4063 edit.
771 4014 885 4063 nostrae.
905 4039 932 4048 -
952 4012 975 4064 4.
990 4012 1104 4078 marim]
1123 4014 1158 4064 .P.
1176 4015 1204 4064 n.
1223 4014 1252 4064 E.
1271 4012 1309 4064 Ci.
1328 4015 1352 4078 5.
1370 4014 1411 4067 40.
1429 4017 1470 4068 82.
1487 4017 1529 4068 89.

216 4109 242 4160 p.
261 4090 341 4142 Tullio
359 4090 383 4155 5.
396 4090 436 4142 33.
451 4116 478 4128 -
496 4090 521 4140 0.
533 4089 679 4140 restitueret.
696 4088 791 4138 004000
805 4087 938 4138 restituisse
950 4086 1130 4148 Quintilianus.
1145 4115 1173 4124 -
1190 4088 1317 4140 rectinere
1328 4090 1355 4140 T.
1370 4115 1397 4126 —
1417 4091 1441 4140 6.
1459 4104 1532 4154 apoc-

215 4167 252 4217 rio
272 4167 343 4229 socio
364 4170 407 4216 est.
425 4165 478 4215 nac
495 4164 524 4213 de
540 4176 594 4214 om.
613 4159 678 4221 tim
696 4163 811 4226 primum
827 4163 895 4214 haec
910 4162 993 4213 verba
1010 4164 1166 4228 comparent
1181 4163 1207 4213 in
1217 4162 1310 4214 Aldina
1326 4177 1350 4214 a.
1363 4165 1448 4226 tete,
1466 4178 1531 4231 sup·

215 4240 285 4307 pieta
302 4255 335 4291 ex
352 4238 517 4300 Quintiliano.
546 4264 573 4274 -
599 4237 624 4287 9.
641 4238 761 4288 tersior.
781 4264 807 4272 -
832 4239 872 4289 40.
895 4239 977 4290 minoe
995 4239 1063 4288 cittis
1082 4252 1128 4288 oos
1147 4237 1235 4289 media
1257 4251 1324 4290 voce
1346 4241 1478 4303 expuncta
1500 4239 1528 4290 Τ.

218 4343 246 4353 -
264 4311 337 4381 044400]
355 4316 424 4365 istius
440 4315 470 4374 k;
489 4326 543 4364 om.
560 4314 591 4363 Α.
608 4339 635 4350 -
654 4313 694 4362 44.
713 4310 799 4367 Malim
816 4313 894 4364 40000.
914 4341 941 4349 -
961 4313 1000 4363 42.
1018 4312 1531 4367 0004000418Το014οε0004000044404

216 4389 299 4445 L20.
321 4416 348 4428 -
367 4391 407 4441 46.
427 4389 499 4454 Quid]
518 4389 560 4452 qni
575 4389 595 4438 it
611 4389 641 4438 T.
660 4413 688 4423 ·-
707 4387 747 4437 49.
765 4388 857 4450 Ferro,
873 4389 1075 4453 ferro--otqoe
1087 4389 1216 4452 proterroi
1231 4387 1324 4454 Aquila
1340 4390 1414 4441 Rom.
1433 4388 1467 4440 de
1484 4383 1528 4453 fig.

215 4465 283 4516 sent.
303 4463 327 4528 5.
340 4464 351 4514 4
356 4464 381 4515 8.
397 4492 423 4502 -
441 4465 482 4515 20.
498 4463 635 4527 protervi,
648 4463 677 4513 ut
689 4463 800 4512 coniecit
813 4463 964 4526 Lambinus,
976 4462 1067 4530 Aquila
1079 4467 1226 4516 Romanus:
1243 4467 1369 4529 00040004
1385 4464 1528 4520 eante.

216 4541 255 4592 Ct.
274 4540 298 4604 5.
317 4539 356 4590 34.
373 4540 413 4591 37.
426 4539 467 4591 ii.
481 4567 509 4578 -
528 4541 569 4591 24.
588 4539 669 4589 oebali
680 4539 707 4589 T.
723 4537 761 4589 Ci.
774 4537 799 4603 5.
812 4538 836 4588 4.
851 4566 879 4576 -
896 4553 922 4590 se
938 4553 1018 4605 supra
1035 4554 1142 4594 versum
1158 4540 1240 4592 habet
1250 4542 1280 4592 E.
1295 4569 1322 4578 -
1340 4540 1381 4590 22.
1399 4540 1532 4603 correptorie

215 4616 364 4668 Priscianus
374 4613 432 4667 Vol.
444 4617 463 4667 1.
475 4629 502 4681 p.
516 4614 571 4667 342.
585 4614 628 4665 ed.
641 4612 729 4664 Krehl.
743 4643 771 4651 -
789 4615 830 4666 23.
842 4615 1019 4678 reciperatores
1028 4617 1057 4667 E.
1077 4615 1115 4667 Ct.
1129 4615 1153 4680 5.
1167 4616 1190 4667 6.
1205 4642 1233 4654 -
1251 4622 1279 4667 ct
1294 4629 1325 4667 ae
1340 4616 1433 4666 idcirco
1449 4616 1531 4666 004000

216 4691 411 4746 erneiso:
438 4695 467 4740 04
481 4690 570 4741 iccirco
586 4704 636 4740 000
651 4688 834 4743 0000001008.
855 4717 882 4727 -
900 4689 940 4742 24.
958 4690 1089 4742 iniectio
1105 4693 1133 4742 T.
1157 4717 1182 4730 —
1201 4693 1244 4743 sed
1259 4692 1407 4743 idoonest
1422 4691 1531 4742 aliem

216 4781 269 4819 oni.
288 4768 316 4818 T.
337 4793 364 4804 -
382 4766 424 4816 27.
441 4775 467 4815 se
479 4766 579 4828 persici
593 4765 714 4830 facinoris
730 4766 815 4829 crpuit
826 4766 995 4817 Garatonius:
1013 4767 1132 4829 emisseni
1148 4767 1293 4833 (0000400004
1303 4767 1331 4830 Ε)
1347 4766 1468 4832 sodomis
1483 4779 1530 4815 oe·-

216 4843 270 4908 poit
291 4841 354 4902 ET;
379 4841 520 4903 coepissem
540 4838 582 4890 vel
602 4840 723 4901 sepiasinn
746 4840 807 4903 (om.
825 4840 951 4904 [adcorisl
968 4841 1054 4906 orpaiii
1069 4843 1133 4902 nA3
1158 4856 1184 4892 se
1198 4843 1280 4906 ipsum
1297 4843 1381 4906 00000
1396 4852 1448 4903 mg.
1467 4837 1486 4888 b
1504 4841 1530 4890 et

216 4915 262 4970 Li!
272 4915 301 4966 0.
322 4941 349 4950 -
367 4915 409 4966 28.
427 4915 509 4966 mirati
522 4917 551 4967 Ε.
570 4915 608 4966 Ci.
622 4915 645 4980 5.
659 4916 683 4964 i.
698 4941 725 4951 -
743 4927 828 4966 seruos
842 4916 986 4978 impetrasse
996 4916 1024 4966 T.
1042 4917 1135 4967 Omisit
1151 4917 1218 4968 banc
1234 4916 1376 4968 lectionem
1391 4913 1527 4965 iordanus.

219 5019 247 5031 -
265 4991 305 5044 30.
323 4989 521 5054 0000018Το
545 4989 793 5045 0000000480.
814 5019 842 5027 -
867 4990 1150 5055 epoboodiceroTT:
1173 4993 1314 5058 00004000
1331 4992 1392 5055 (om.
1409 4989 1528 5054 incliti

216 5067 302 5126 nto.
322 5094 350 5106 ··
368 5067 408 5122 ³³.
426 5069 466 5135 4.]
482 5069 561 5122 icona
577 5069 606 5122 Ε.
626 5095 654 5105 -
672 5067 766 5122 coalito
780 5081 801 5117 0
817 5067 844 5118 04
859 5068 894 5127 l.;
911 5067 990 5119 004000
1004 5067 1035 5128 k;
1054 5067 1133 5120 004400
1147 5069 1178 5119 i.
