3610 5860
329 427 395 494 aas
733 427 883 494 omno
904 427 984 494 rac
1003 426 1041 495 r.
1064 427 1237 494 cincun
1292 393 1298 412 '

331 600 382 664 ins
403 600 498 664 istum
520 605 694 683 emptorem
715 598 928 664 demonstravi
948 597 1048 662 fnisse
1069 597 1219 662 mandatu
1234 596 1443 674 Caesenniae,
1465 619 1557 664 suum
1574 619 1661 664 esse

332 714 469 778 seseque
498 694 558 758 sibi
585 695 708 758 emisse.
745 692 830 769 Quid
858 693 927 756 nist
958 694 1053 757 Istius
1074 692 1128 756 ille
1149 691 1266 756 fundus
1289 698 1352 767 est,
1377 713 1473 777 quem
1495 694 1563 757 sine
1585 693 1662 758 ulla

333 788 545 853 controversia
560 787 818 870 quadriennium,
832 787 894 852 boc
907 795 971 862 est,
986 807 1026 850 ex
1041 806 1104 871 qno
1118 796 1260 870 tempore
1273 786 1391 850 fundus
1406 787 1522 864 veniit,
1544 787 1661 872 quoad

332 883 429 958 vixit,
451 882 595 966 possedit
617 881 813 946 Caesennia?
832 879 928 963 (Usus
951 877 1056 956 enirn)
1072 880 1282 965 inquit,·eius
1303 879 1395 944 fundi
1404 886 1449 960 (et
1469 882 1590 947 ductus
1606 890 1662 948 te-

135 969 217 1078 d!
308 984 488 1044 tetamento
517 976 577 1040 viri
604 971 940 1074 luerat)Caesenniae.
983 972 1035 1036 20.
1058 975 1136 1037 Cum
1162 974 1224 1038 boc
1253 993 1353 1040 novae
1379 973 1444 1039 litis
1466 997 1565 1060 genus
1587 985 1662 1042 tam

331 1073 489 1136 malitioso
510 1069 706 1146 intenderet,
727 1071 847 1155 placuit
862 1068 1015 1134 Caecinae
1035 1069 1075 1132 de
1089 1069 1260 1132 amicorum
1277 1070 1434 1134 sententia
1448 1071 1660 1146 constituere,

330 1185 395 1250 qno
412 1165 464 1230 die
480 1165 513 1228 in
527 1185 594 1228 rem
611 1171 808 1248 praesentem
822 1165 982 1228 veniretur
997 1173 1029 1228 et
1044 1163 1083 1228 de
1096 1163 1197 1228 fundo
1214 1162 1346 1226 Caecina
1359 1166 1500 1230 moribus
1515 1166 1661 1230 deduce-

330 1267 427 1326 retur.
461 1259 706 1343 Colloqunntur:
729 1259 797 1321 dies
819 1278 860 1321 ex
880 1259 1047 1343 utriusque
1069 1256 1234 1322 commodo
1257 1259 1399 1322 sumitur.
1434 1259 1565 1324 Caecina
1579 1280 1659 1323 cnm

303 1361 305 1366 “
330 1356 439 1420 amicis
462 1353 502 1418 ad
524 1355 607 1418 diem
622 1353 710 1416 venit
729 1353 763 1416 in
778 1352 942 1416 castellum
955 1352 1082 1426 Axiam,
1104 1371 1123 1414 a
1145 1370 1209 1435 quo
1231 1350 1302 1414 loco
1323 1351 1441 1416 fundus
1460 1353 1508 1429 is,
1531 1353 1658 1436 dequo

293 1468 321 1515 so
330 1451 443 1534 agitur,
457 1468 523 1512 non
536 1448 629 1530 longe
643 1447 742 1510 abest
764 1446 812 1508 Ibi
828 1446 941 1510 certior
953 1445 990 1509 fit
1006 1466 1025 1508 a
1038 1445 1192 1530 pluribus,
1206 1444 1351 1508 homines
1365 1448 1550 1528 permultos,
1571 1447 1659 1512 libe-

327 1565 382 1608 ros
395 1551 489 1628 atque
509 1561 628 1615 servos,
645 1541 787 1624 coegisse
810 1547 843 1604 et
860 1559 997 1604 armasse
1018 1539 1197 1604 Aebutium.
1222 1538 1300 1602 Cum
1321 1538 1353 1600 id
1371 1539 1484 1624 partim
1500 1542 1656 1605 miraren-

329 1647 396 1714 tur,
417 1639 531 1721 partim
548 1654 613 1698 non
628 1632 801 1709 crederent,
824 1655 895 1698 ecce
916 1635 986 1718 ipse
999 1633 1152 1698 Aebutius
1174 1634 1206 1696 in
1222 1633 1386 1696 castellum
1400 1636 1504 1698 venit:
1528 1635 1655 1698 denun-

331 1734 387 1798 tiat
402 1731 565 1805 Caecinae,
587 1749 621 1794 se
639 1736 776 1792 armatos
794 1728 928 1805 habere;
953 1728 1109 1793 abiturum
1128 1748 1201 1792 eum
1223 1745 1287 1790 non
1309 1747 1388 1804 esse,
1413 1727 1439 1792 si
1454 1728 1654 1792 accessisset.

331 1828 485 1900 Caecinae
506 1823 625 1908 placuit
647 1829 678 1886 ot
698 1823 821 1897 amicis,
844 1823 950 1907 quoad
965 1821 1125 1886 videretur
1146 1821 1232 1886 saluo
1252 1821 1354 1904 capite
1375 1821 1444 1886 lieri
1467 1841 1570 1907 posse,
1594 1843 1654 1886 ex·

293 1921 427 2006 reperiri
447 1928 571 1986 tamen.
614 1913 665 1981 Al.
685 1918 732 1982 lle
763 1917 892 1982 castello
925 1915 1141 1981 descendunt:
1174 1916 1207 1978 in
1235 1913 1369 1978 fundum
1397 1913 1652 2000 proficiscuntur.

329 2016 464 2080 Videtur
492 2021 612 2076 temere
641 2011 862 2086 commissnm3
891 2031 1015 2086 rerum,
1046 2018 1083 2073 ut
1104 2009 1232 2093 opinor,
1260 2009 1323 2072 hoc
1343 2009 1406 2072 suit
1426 2027 1555 2073 causae:
1587 2015 1653 2071 tam

330 2118 448 2174 temere
469 2109 564 2172 istum
585 2127 620 2170 re
641 2105 900 2180 commissurum,
924 2125 1019 2189 quam
1039 2103 1143 2168 uerbis
1165 2103 1380 2182 minitabatur,
1402 2123 1497 2168 nemo
1519 2103 1653 2187 putavit.

329 2205 412 2268 Vlll.
434 2202 539 2286 Atque
561 2200 621 2264 iste
643 2198 685 2264 ad
706 2218 815 2263 omnes
837 2199 1000 2273 introitus,
1021 2217 1085 2282 qua
1106 2196 1186 2261 adiri
1200 2205 1400 2281 poteratncn
1417 2196 1512 2260 modo
1529 2198 1561 2260 in
1577 2217 1652 2261 eum

328 2297 479 2371 fundum,
509 2293 548 2358 de
577 2314 641 2378 quo
671 2301 738 2356 crat
760 2293 992 2368 controversia,
1020 2291 1077 2355 sed
1099 2292 1194 2354 etiam
1215 2292 1248 2354 in
1270 2292 1360 2356 illum
1382 2291 1580 2376 proximum,
1609 2289 1652 2352 de

293 2409 395 2479 eoquo
417 2391 497 2456 nibil
518 2388 749 2472 ambigebatur,
771 2393 908 2452 armatos
928 2385 1073 2449 homines
1096 2385 1238 2469 opponit.
1281 2385 1395 2469 Itaque
1416 2385 1517 2468 primo
1532 2404 1603 2447 cnm
1616 2385 1652 2446 in

331 2487 497 2570 antiquum
517 2482 650 2546 fundum
672 2482 794 2565 ingredi
815 2482 926 2556 vellet,
955 2479 1041 2564 quod
1070 2499 1107 2542 ea
1128 2479 1270 2562 proxime
1293 2479 1400 2543 accedi
1422 2485 1561 2565 poterat,
1587 2477 1651 2540 ire-

331 2587 464 2665 quentes
482 2576 597 2642 armati
620 2575 817 2640 obstiterunt
860 2570 911 2637 22.
936 2573 1006 2649 Quo
1027 2573 1097 2636 loco
1120 2571 1270 2655 depulsus
1288 2573 1421 2637 Caecina
1443 2580 1562 2647 mmor,
1585 2594 1651 2656 qua

331 2673 450 2758 potuit,
472 2671 512 2734 ad
534 2689 605 2733 eum
621 2668 756 2732 fundum
778 2669 937 2753 profectus
957 2674 1020 2742 est,
1041 2667 1153 2748 inquo
1170 2687 1210 2730 ex
1225 2675 1380 2732 conventu
1394 2667 1457 2730 vim
1472 2668 1541 2732 fieri
1556 2687 1651 2750 opon-

331 2768 434 2832 tobat:
456 2767 524 2829 eius
546 2770 652 2826 autem
673 2762 766 2824 fundi
787 2769 958 2826 extremam
979 2768 1099 2846 partem
1115 2761 1204 2824 oleae
1219 2761 1338 2826 directo
1358 2761 1467 2826 ordine
1485 2757 1647 2826 definiunt.

293 2861 379 2926 aoAd
402 2879 455 2923 eas
478 2878 550 2922 cnm
571 2856 786 2932 accederetur,
816 2858 876 2920 istc
899 2878 968 2920 cum
990 2855 1135 2918 omnibus
1157 2856 1257 2938 copiis
1279 2862 1405 2939 praesto
1426 2855 1488 2918 snit
1509 2874 1649 2918 servum·

323 2975 393 3040 ·qne
415 2973 506 3016 suum
528 2951 657 3016 nomine
677 2950 867 3014 Antiochum
889 2951 929 3016 ad
951 2971 985 3016 sa
1007 2950 1130 3014 vocavit
1151 2957 1182 3012 et
1203 2949 1286 3014 clara
1306 2970 1385 3014 uoce
1405 2949 1584 3032 imperarit,
1613 2957 1650 3012 ut

331 3031 420 3123 ernn',
450 3048 505 3130 qui
526 3046 615 3110 illum
636 3046 777 3110 olearum
799 3045 941 3110 ordinem
963 3047 1129 3117 intrasset,
1155 3042 1323 3107 occideret.
1358 3043 1461 3108 Homo
1484 3062 1555 3106 maa
1575 3062 1647 3104 sen·

329 3144 427 3208 tentia
449 3140 718 3225 ¹prudentissimus
748 3139 882 3204 Caecina
910 3147 1014 3204 tamen
1042 3141 1075 3202 in
1103 3137 1161 3202 hac
1181 3159 1215 3202 re
1243 3139 1314 3222 plus
1336 3137 1413 3202 mihi
1434 3137 1531 3200 animi
1553 3157 1647 3221 quarn

329 3236 456 3304 consilii
478 3235 604 3301 ridetur
623 3233 781 3305 babuisse.
822 3235 901 3298 Nam
923 3254 994 3297 cum
1016 3239 1049 3297 et
1069 3240 1259 3298 armatorum
1280 3233 1513 3296 multitudinem
1528 3231 1648 3296 rideret

293 3340 363 3398 aoot
391 3352 460 3396 eam
488 3350 597 3395 vocem
618 3313 764 3404 emunit
791 3349 887 3413 quarn
916 3329 1176 3402 commemorari,
1207 3325 1361 3402 audisset,
1390 3333 1495 3389 tamen
1517 3324 1648 3388 accessit

330 3428 459 3514 propius
481 3431 514 3489 ot
534 3425 596 3489 iam
617 3423 798 3506 ingrediens
820 3423 903 3486 intra
916 3419 1010 3486 linem
1029 3424 1097 3486 eins
1112 3423 1190 3497 loci,
1213 3442 1308 3506 quern
1324 3422 1412 3486 oleae
1428 3421 1646 3498 terminabant,

395 3719 418 3769 t.
436 3715 584 3768 mundaum
601 3714 663 3771 Ga,
681 3711 800 3762 modulo
816 3708 862 3772 kd
879 3712 906 3760 et
922 3709 978 3765 Aa.
999 3738 1026 3748 -
1052 3712 1076 3761 t.
1095 3723 1191 3773 seseque
1207 3709 1272 3761 ET:
1292 3722 1365 3772 seque
1380 3707 1522 3763 alato,
1542 3737 1569 3746 -
1587 3711 1645 3774 quid

329 3789 626 3858 cananaeorum.
639 3787 677 3838 Cf.
692 3787 716 3851 ξ.
725 3786 765 3837 34.
779 3800 805 3852 p.
819 3787 938 3848 Quinctio
950 3787 1021 3851 §.ta
1031 3801 1058 3853 p.
1072 3787 1164 3838 Roscio
1175 3789 1233 3836 Am.
1247 3785 1271 3848 5.
1281 3783 1322 3836 43.
1331 3786 1387 3836 tot.
1401 3785 1435 3835 de
1447 3785 1522 3836 deor.
1536 3787 1588 3837 nat.
1601 3788 1643 3836 itt.

330 3871 370 3930 t‘l,
388 3866 429 3919 ii.
450 3892 477 3902 -
494 3863 572 3928 ottus]
589 3869 647 3914 tuan
663 3875 723 3913 cum
742 3862 888 3912 Hotomauo
906 3863 942 3924 (et
957 3876 1012 3914 var.
1031 3863 1090 3914 lect.
1109 3861 1231 3925 Nauger.)
1249 3861 1277 3910 L.
1298 3887 1325 3894 —
1344 3859 1368 3910 3.
1386 3860 1431 3910 boc
1446 3866 1482 3912 ast
1499 3873 1552 3912 om.
1570 3861 1598 3911 T.
1615 3887 1642 3896 —

328 3943 396 3994 uenit
412 3936 672 4003 Tabempqtuti
689 3939 716 3987 et
733 3937 761 3986 L.
780 3937 865 4000 (uestit
881 3937 944 4001 Ek.)
964 3966 991 3975 -
1011 3937 1034 3990 l.
1053 3939 1140 4000 inquid
1158 3938 1215 3988 ET.
1244 3935 1281 3986 Cl.
1300 3936 1386 3986 Osann
1404 3935 1437 3986 ad
1455 3937 1509 3987 Cic.
1530 3936 1564 3988 do
1581 3939 1643 4002 asp.

329 4033 355 4084 p.
375 4017 414 4068 37.
435 4043 462 4052 -
481 4016 534 4066 dio
547 4015 620 4078 fiendi
636 4019 658 4064 ct
673 4013 769 4077 pacton
786 4011 808 4064 n
827 4013 940 4078 (praeter
956 4013 980 4076 kl
998 4017 1033 4064 A:
1055 4015 1106 4064 eiua
1122 4019 1145 4064 ct
1160 4013 1256 4076 fructas
1271 4011 1342 4074 modi
1358 4012 1375 4061 k
1393 4014 1419 4062 et
1435 4011 1520 4066 LEO.
1548 4013 1645 4076 (Utrum

329 4095 349 4143 T
365 4091 447 4142 verba
464 4095 488 4140 et
501 4091 597 4153 [nctus
613 4087 710 4138 habeat
726 4102 824 4150 necne,
843 4101 876 4139 ex
893 4087 1016 4142 Harlessii
1033 4088 1170 4140 collatione
1187 4099 1281 4151 perum
1299 4085 1400 4150 liquet.)
1414 4113 1441 4121 -
1461 4086 1484 4137 6.
1502 4085 1646 4150 maleficiose

329 4163 510 4232 hempqtd
527 4167 554 4216 et
569 4165 599 4215 A.
620 4192 647 4200 —
672 4164 804 4214 iutmderit
819 4161 842 4216 a
860 4167 973 4227 (praeter
990 4165 1071 4227 ETl)
1089 4167 1118 4215 A.
1140 4191 1167 4200 -
1190 4163 1308 4213 sententio
1328 4163 1392 4212 diem
1408 4163 1553 4213 constituere
1568 4164 1595 4214 L.
1616 4191 1643 4199 -

330 4245 354 4295 7.
373 4241 403 4307 ct]
420 4248 449 4292 ut
464 4243 492 4292 L.
507 4267 534 4277 -
553 4240 577 4291 8.
596 4239 749 4290 oodccuntur
760 4241 792 4301 E,
811 4240 972 4290 conlocantur
983 4241 1010 4290 T.
1026 4267 1052 4275 -
1072 4239 1096 4290 9.
1115 4253 1132 4288 o
1149 4251 1197 4300 quo
1214 4236 1275 4291 Lo:
1295 4251 1327 4288 aa
1344 4251 1392 4300 quo
1409 4235 1499 4289 tlAO.
1514 4265 1541 4274 -
1560 4238 1643 4287 isom.

281 4364 288 4377 .
331 4321 359 4371 T.
374 4346 401 4356 -
421 4319 461 4369 to.
480 4315 573 4381 optior]
591 4315 701 4378 loquitau
718 4317 844 4378 amqta
861 4318 887 4366 et
903 4317 934 4366 A.
949 4343 976 4352 ·-
995 4331 1043 4366 non
1060 4327 1113 4366 om.
1133 4311 1259 4377 amqtss
1276 4314 1342 4364 etA.
1359 4341 1386 4350 -
1405 4314 1444 4362 tt.
1463 4313 1561 4364 credent
1575 4314 1642 4364 T.-

328 4392 465 4456 dcnuotiot]
482 4397 506 4442 st
521 4391 620 4441 nuntiat
636 4391 665 4441 T.
686 4419 713 4428 -
733 4390 773 4442 ⁴3.
792 4396 936 4442 amaturos
951 4395 978 4443 T.
1000 4419 1027 4428 -
1047 4391 1087 4443 tl.
1106 4391 1216 4454 experiri
1232 4397 1322 4441 tumeo.
1350 4391 1387 4440 Da
1402 4389 1499 4440 castello
1516 4387 1642 4440 Klotzins:

330 4467 448 4530 euperiri.
467 4470 550 4517 umas
567 4467 596 4516 da
611 4465 710 4517 casuue
726 4465 760 4527 E,
787 4467 898 4529 uupcdirt
916 4466 1033 4530 (capania
1050 4469 1084 4529 e).
1105 4467 1193 4516 Tamen
1210 4467 1239 4516 do
1254 4466 1353 4516 castello
1369 4465 1529 4516 TGabem
1539 4478 1555 4529 p
1566 4463 1643 4528 otti,

330 4543 450 4606 anpodiri.
469 4546 522 4591 trun
537 4543 566 4592 dc
582 4542 681 4592 castello
698 4557 732 4602 n;
750 4544 869 4604 ecpertrt.
888 4547 940 4592 tam
957 4543 986 4592 de
1001 4543 1099 4593 castello
1115 4542 1132 4592 k
1149 4545 1176 4592 et
1192 4541 1304 4595 ΑΗΘ.
1323 4542 1361 4592 Do
1377 4540 1504 4606 particula
1521 4547 1603 4592 tumor
1618 4541 1643 4591 in

331 4619 382 4670 fine
400 4617 586 4670 enuntiationis
602 4617 685 4682 posita
704 4617 830 4669 londanus
847 4617 956 4669 contulit
972 4616 1048 4668 Tusc.
1067 4619 1086 4667 Ι.
1106 4618 1149 4679 ti,
1163 4617 1203 4667 ET.
1221 4617 1252 4666 V.
1265 4615 1305 4678 33,
1324 4617 1364 4667 95.
1379 4645 1406 4653 -
1425 4615 1465 4666 47.
1482 4615 1645 4666 minitabatur
1704 4679 1707 4686 ἦ

329 4693 453 4745 ETVO:
474 4691 610 4742 corruatur
627 4706 658 4756 q;
682 4691 874 4743 denumiobutur
890 4707 922 4743 ax
939 4706 992 4743 uno
1009 4691 1101 4744 codice
1117 4695 1151 4752 L;
1174 4691 1335 4742 anuntiabant
1350 4691 1392 4742 alii
1408 4691 1434 4741 in
1451 4704 1503 4756 mg.
1522 4691 1554 4752 t²;
1577 4705 1644 4741 nun-

288 4781 290 4786 ·
329 4767 444 4820 elabatur
461 4768 509 4818 aa
519 4765 545 4821 a.
560 4793 587 4801 -
607 4767 647 4817 49.
665 4773 721 4818 erut
737 4769 904 4818 controversia
915 4769 963 4819 ET
974 4783 979 4817 :
999 4769 1166 4818 controversia
1180 4767 1264 4829 [uerat
1280 4767 1329 4817 aa
1339 4768 1358 4816 L
1368 4765 1393 4820 a.
1409 4793 1435 4802 -
1454 4769 1504 4830 sed]
1520 4779 1601 4818 secum
1612 4771 1641 4817 A.

331 4871 358 4880 -
377 4843 418 4893 23.
433 4843 558 4906 profectus
573 4847 609 4894 cst
625 4855 686 4894 cum
703 4843 850 4896 llotomsno
868 4843 955 4899 Lao:
981 4843 1105 4906 protectus
1122 4845 1183 4906 (om.
1202 4844 1243 4906 eat)
1261 4841 1322 4894 itA.
1345 4870 1370 4879 -
1393 4843 1420 4892 tn
1437 4855 1485 4904 ouo
1502 4843 1593 4894 ETV:
1611 4857 1644 4894 ao

329 4933 379 4983 qao
393 4917 514 4976 ΒΑἱΞΟς
537 4931 615 4979 equo
632 4917 659 4967 L.
686 4944 712 4956 -
736 4917 777 4969 Ti.
795 4920 896 4984 directo]
914 4921 1008 4971 decreto
1024 4921 1053 4970 T.
1073 4946 1100 4956 -
1127 4919 1168 4968 id.
1186 4918 1290 4968 etatum
1305 4931 1365 4968 uoce
1382 4930 1440 4978 aa,
1459 4922 1483 4968 et
1497 4930 1556 4967 occo
1572 4917 1644 4968 eluro

330 4997 430 5058 (contra
447 5007 525 5046 usum
547 4989 699 5054 Tullianum)
717 4993 778 5054 ET;
803 4999 827 5045 et
847 4997 869 5046 ei
890 4995 962 5046 eluro
980 5009 1038 5046 uoce
1055 4995 1082 5046 L.
1109 4993 1196 5047 Malim
1212 4999 1235 5044 et
1253 4995 1325 5044 cturu
1339 5007 1398 5044 occe
1414 4993 1436 5043 et
1455 4993 1594 5056 imperauit.
1614 5020 1642 5030 —

330 5069 370 5120 30.
388 5068 470 5119 ocimi
495 5069 530 5132 (et
550 5069 589 5120 sic
609 5067 724 5133 semper)
742 5068 770 5120 T.
798 5069 837 5121 cl.
855 5067 879 5134 ἓ.
900 5071 922 5122 t.
952 5097 978 5107 -
1005 5069 1112 5122 oodismt
1127 5067 1204 5134 ΕΤβ
1221 5071 1248 5120 et
1268 5067 1360 5126 uto:
1387 5070 1521 5123 aminon
1536 5069 1595 5122 LA.
1614 5095 1642 5108 -

330 5144 369 5196 ar.
386 5143 504 5208 papan
520 5143 549 5194 r.
