<?xml version="1.0" encoding="UTF-8"?>
<!DOCTYPE html PUBLIC "-//W3C//DTD XHTML 1.0 Transitional//EN"
    "http://www.w3.org/TR/xhtml1/DTD/xhtml1-transitional.dtd">
<html xmlns="http://www.w3.org/1999/xhtml" xml:lang="en" lang="en">
 <head>
  <title>
</title>
<meta http-equiv="Content-Type" content="text/html;charset=utf-8" />
  <meta name='ocr-system' content='tesseract 3.04.00' />
  <meta name='ocr-capabilities' content='ocr_page ocr_carea ocr_par ocr_line ocrx_word'/>
</head>
<body>
  <div class='ocr_page' id='page_1' title='image "./mtulliiciceroni00baitgoog_0493.png"; bbox 0 0 3610 5860; ppageno 0'>
   <div class='ocr_carea' id='block_1_1' title="bbox 463 467 1518 560">
    <p class='ocr_par' dir='ltr' id='par_1_1' title="bbox 463 467 1518 560">
     <span class='ocr_line' id='line_1_1' title="bbox 463 467 1518 560; baseline 0.002 -22"><span class='ocrx_word' id='word_1_1' title='bbox 463 472 537 537; x_wconf 72' lang='lat' dir='ltr'><strong>cn.</strong></span> <span class='ocrx_word' id='word_1_2' title='bbox 551 471 732 538; x_wconf 79' lang='lat' dir='ltr'><strong>vr-rnr.</strong></span> <span class='ocrx_word' id='word_1_3' title='bbox 753 468 811 556; x_wconf 71' lang='lat' dir='ltr'><strong>es.</strong></span> <span class='ocrx_word' id='word_1_4' title='bbox 830 467 980 538; x_wconf 79' lang='lat' dir='ltr'><strong>ra-ss,</strong></span> <span class='ocrx_word' id='word_1_5' title='bbox 1001 469 1139 558; x_wconf 44' lang='lat' dir='ltr'><strong>[nnn.</strong></span> <span class='ocrx_word' id='word_1_6' title='bbox 1160 469 1267 560; x_wconf 82' lang='lat' dir='ltr'><strong>a-s.]</strong></span> <span class='ocrx_word' id='word_1_7' title='bbox 1456 472 1518 540; x_wconf 84' lang='lat' dir='ltr'><strong>sao</strong></span> 
     </span>
    </p>
   </div>
   <div class='ocr_carea' id='block_1_2' title="bbox 193 637 1558 2514">
    <p class='ocr_par' dir='ltr' id='par_1_2' title="bbox 193 637 1558 2418">
     <span class='ocr_line' id='line_1_2' title="bbox 198 637 1519 727; baseline 0.005 -23"><span class='ocrx_word' id='word_1_8' title='bbox 198 638 394 704; x_wconf 76' lang='lat' dir='ltr'><strong>iramndiam</strong></span> <span class='ocrx_word' id='word_1_9' title='bbox 421 640 518 705; x_wconf 87' lang='lat' dir='ltr'><strong>iidem</strong></span> <span class='ocrx_word' id='word_1_10' title='bbox 546 661 651 727; x_wconf 85' lang='lat' dir='ltr'><strong>neque</strong></span> <span class='ocrx_word' id='word_1_11' title='bbox 677 649 806 726; x_wconf 83' lang='lat' dir='ltr'><strong>proptor</strong></span> <span class='ocrx_word' id='word_1_12' title='bbox 829 637 1048 710; x_wconf 79' lang='lat' dir='ltr'><strong>infidelitatem</strong></span> <span class='ocrx_word' id='word_1_13' title='bbox 1076 643 1227 708; x_wconf 74' lang='lat' dir='ltr'><strong>bonorem</strong></span> <span class='ocrx_word' id='word_1_14' title='bbox 1248 642 1365 713; x_wconf 84' lang='lat' dir='ltr'><strong>babere</strong></span> <span class='ocrx_word' id='word_1_15' title='bbox 1387 644 1519 710; x_wconf 90' lang='lat' dir='ltr'><strong>debetis.</strong></span> 
     </span>
     <span class='ocr_line' id='line_1_3' title="bbox 200 729 1520 822; baseline 0.005 -25"><span class='ocrx_word' id='word_1_16' title='bbox 200 729 250 797; x_wconf 79' lang='lat' dir='ltr'><strong>is.</strong></span> <span class='ocrx_word' id='word_1_17' title='bbox 270 730 328 818; x_wconf 70' lang='lat' dir='ltr'><strong>ld]</strong></span> <span class='ocrx_word' id='word_1_18' title='bbox 352 734 456 810; x_wconf 78' lang='lat' dir='ltr'><strong>Quia</strong></span> <span class='ocrx_word' id='word_1_19' title='bbox 478 738 504 800; x_wconf 91' lang='lat' dir='ltr'><strong>si</strong></span> <span class='ocrx_word' id='word_1_20' title='bbox 525 736 675 802; x_wconf 87' lang='lat' dir='ltr'><strong>maiorem</strong></span> <span class='ocrx_word' id='word_1_21' title='bbox 697 735 791 800; x_wconf 88' lang='lat' dir='ltr'><strong>etiam</strong></span> <span class='ocrx_word' id='word_1_22' title='bbox 811 735 974 802; x_wconf 85' lang='lat' dir='ltr'><strong>hominum</strong></span> <span class='ocrx_word' id='word_1_23' title='bbox 988 737 1280 802; x_wconf 87' lang='lat' dir='ltr'><strong>honestissimorum</strong></span> <span class='ocrx_word' id='word_1_24' title='bbox 1300 739 1422 822; x_wconf 80' lang='lat' dir='ltr'><strong>sopiam</strong></span> <span class='ocrx_word' id='word_1_25' title='bbox 1442 741 1520 803; x_wconf 83' lang='lat' dir='ltr'><strong>aile-</strong></span> 
     </span>
     <span class='ocr_line' id='line_1_4' title="bbox 197 827 1519 916; baseline 0.002 -24"><span class='ocrx_word' id='word_1_26' title='bbox 197 827 279 902; x_wconf 77' lang='lat' dir='ltr'><strong>mm,</strong></span> <span class='ocrx_word' id='word_1_27' title='bbox 298 843 383 912; x_wconf 81' lang='lat' dir='ltr'><strong>quae</strong></span> <span class='ocrx_word' id='word_1_28' title='bbox 403 828 498 894; x_wconf 89' lang='lat' dir='ltr'><strong>buius</strong></span> <span class='ocrx_word' id='word_1_29' title='bbox 509 831 617 894; x_wconf 82' lang='lat' dir='ltr'><strong>virtuti</strong></span> <span class='ocrx_word' id='word_1_30' title='bbox 638 837 733 915; x_wconf 83' lang='lat' dir='ltr'><strong>atque</strong></span> <span class='ocrx_word' id='word_1_31' title='bbox 755 829 956 894; x_wconf 71' lang='lat' dir='ltr'><strong>innocentiae</strong></span> <span class='ocrx_word' id='word_1_32' title='bbox 969 832 1148 896; x_wconf 88' lang='lat' dir='ltr'><strong>testimonio</strong></span> <span class='ocrx_word' id='word_1_33' title='bbox 1163 833 1357 916; x_wconf 70' lang='lat' dir='ltr'><strong>penitense,</strong></span> <span class='ocrx_word' id='word_1_34' title='bbox 1372 840 1519 898; x_wconf 67' lang='lat' dir='ltr'><strong>umenne</strong></span> 
     </span>
     <span class='ocr_line' id='line_1_5' title="bbox 197 923 1519 1009; baseline 0.005 -25"><span class='ocrx_word' id='word_1_35' title='bbox 197 923 268 1006; x_wconf 82' lang='lat' dir='ltr'><strong>plus</strong></span> <span class='ocrx_word' id='word_1_36' title='bbox 297 923 458 988; x_wconf 72' lang='lat' dir='ltr'>Gallorum</span> <span class='ocrx_word' id='word_1_37' title='bbox 486 924 653 988; x_wconf 75' lang='lat' dir='ltr'><strong>eonsemio</strong></span> <span class='ocrx_word' id='word_1_38' title='bbox 679 924 796 988; x_wconf 76' lang='lat' dir='ltr'><strong>valebit</strong></span> <span class='ocrx_word' id='word_1_39' title='bbox 825 944 919 1009; x_wconf 88' lang='lat' dir='ltr'><strong>quam</strong></span> <span class='ocrx_word' id='word_1_40' title='bbox 944 945 1085 988; x_wconf 90' lang='lat' dir='ltr'><strong>summae</strong></span> <span class='ocrx_word' id='word_1_41' title='bbox 1110 927 1306 990; x_wconf 65' lang='lat' dir='ltr'><strong>auctoritatis</strong></span> <span class='ocrx_word' id='word_1_42' title='bbox 1333 927 1519 991; x_wconf 77' lang='lat' dir='ltr'><strong>bominum?</strong></span> 
     </span>
     <span class='ocr_line' id='line_1_6' title="bbox 198 1016 1543 1106; baseline 0.003 -26"><span class='ocrx_word' id='word_1_43' title='bbox 198 1017 277 1080; x_wconf 78' lang='lat' dir='ltr'><strong>(lum</strong></span> <span class='ocrx_word' id='word_1_44' title='bbox 294 1016 416 1080; x_wconf 72' lang='lat' dir='ltr'><strong>Galliae</strong></span> <span class='ocrx_word' id='word_1_45' title='bbox 435 1017 585 1085; x_wconf 75' lang='lat' dir='ltr'><strong>Fonteius</strong></span> <span class='ocrx_word' id='word_1_46' title='bbox 603 1026 780 1101; x_wconf 84' lang='lat' dir='ltr'><strong>praeesset,</strong></span> <span class='ocrx_word' id='word_1_47' title='bbox 802 1020 904 1094; x_wconf 83' lang='lat' dir='ltr'><strong>scitis,</strong></span> <span class='ocrx_word' id='word_1_48' title='bbox 926 1018 1063 1094; x_wconf 82' lang='lat' dir='ltr'><strong>iudices,</strong></span> <span class='ocrx_word' id='word_1_49' title='bbox 1086 1021 1239 1084; x_wconf 69' lang='lat' dir='ltr'><strong>maximos</strong></span> <span class='ocrx_word' id='word_1_50' title='bbox 1259 1021 1367 1106; x_wconf 90' lang='lat' dir='ltr'><strong>populi</strong></span> <span class='ocrx_word' id='word_1_51' title='bbox 1387 1022 1543 1086; x_wconf 73' lang='lat' dir='ltr'><strong>nonnis</strong></span> 
     </span>
     <span class='ocr_line' id='line_1_7' title="bbox 197 1109 1520 1197; baseline 0.003 -23"><span class='ocrx_word' id='word_1_52' title='bbox 197 1111 356 1174; x_wconf 63' lang='lat' dir='ltr'><strong>exertius</strong></span> <span class='ocrx_word' id='word_1_53' title='bbox 377 1109 416 1173; x_wconf 68' lang='lat' dir='ltr'><strong>’in</strong></span> <span class='ocrx_word' id='word_1_54' title='bbox 445 1111 567 1174; x_wconf 92' lang='lat' dir='ltr'><strong>duabus</strong></span> <span class='ocrx_word' id='word_1_55' title='bbox 594 1111 754 1195; x_wconf 70' lang='lat' dir='ltr'><strong>Hispaniis</strong></span> <span class='ocrx_word' id='word_1_56' title='bbox 775 1113 1030 1195; x_wconf 82' lang='lat' dir='ltr'><strong>clarissimosque</strong></span> <span class='ocrx_word' id='word_1_57' title='bbox 1051 1114 1255 1197; x_wconf 89' lang='lat' dir='ltr'><strong>imperatores</strong></span> <span class='ocrx_word' id='word_1_58' title='bbox 1274 1113 1384 1178; x_wconf 80' lang='lat' dir='ltr'><strong>fuisse.</strong></span> <span class='ocrx_word' id='word_1_59' title='bbox 1417 1115 1520 1190; x_wconf 85' lang='lat' dir='ltr'><strong>Quam</strong></span> 
     </span>
     <span class='ocr_line' id='line_1_8' title="bbox 196 1205 1521 1292; baseline 0.002 -22"><span class='ocrx_word' id='word_1_60' title='bbox 196 1205 287 1270; x_wconf 89' lang='lat' dir='ltr'><strong>multi</strong></span> <span class='ocrx_word' id='word_1_61' title='bbox 315 1207 437 1290; x_wconf 80' lang='lat' dir='ltr'><strong>equites</strong></span> <span class='ocrx_word' id='word_1_62' title='bbox 463 1206 615 1282; x_wconf 89' lang='lat' dir='ltr'><strong>Romani,</strong></span> <span class='ocrx_word' id='word_1_63' title='bbox 645 1226 739 1290; x_wconf 88' lang='lat' dir='ltr'><strong>quarn</strong></span> <span class='ocrx_word' id='word_1_64' title='bbox 768 1207 858 1270; x_wconf 89' lang='lat' dir='ltr'><strong>multi</strong></span> <span class='ocrx_word' id='word_1_65' title='bbox 883 1207 1000 1270; x_wconf 90' lang='lat' dir='ltr'><strong>tribuni</strong></span> <span class='ocrx_word' id='word_1_66' title='bbox 1021 1208 1173 1284; x_wconf 90' lang='lat' dir='ltr'><strong>militurn,</strong></span> <span class='ocrx_word' id='word_1_67' title='bbox 1203 1207 1314 1292; x_wconf 90' lang='lat' dir='ltr'><strong>quales</strong></span> <span class='ocrx_word' id='word_1_68' title='bbox 1334 1217 1368 1272; x_wconf 90' lang='lat' dir='ltr'><strong>et</strong></span> <span class='ocrx_word' id='word_1_69' title='bbox 1388 1215 1468 1292; x_wconf 88' lang='lat' dir='ltr'><strong>quot</strong></span> <span class='ocrx_word' id='word_1_70' title='bbox 1489 1215 1521 1271; x_wconf 88' lang='lat' dir='ltr'><strong>et</strong></span> 
     </span>
     <span class='ocr_line' id='line_1_9' title="bbox 197 1299 1520 1386; baseline 0.001 -24"><span class='ocrx_word' id='word_1_71' title='bbox 197 1301 343 1384; x_wconf 76' lang='lat' dir='ltr'><strong>quotiens</strong></span> <span class='ocrx_word' id='word_1_72' title='bbox 365 1299 460 1382; x_wconf 73' lang='lat' dir='ltr'><strong>legati</strong></span> <span class='ocrx_word' id='word_1_73' title='bbox 481 1299 523 1362; x_wconf 85' lang='lat' dir='ltr'><strong>ad</strong></span> <span class='ocrx_word' id='word_1_74' title='bbox 544 1301 620 1364; x_wconf 85' lang='lat' dir='ltr'><strong>eost</strong></span> <span class='ocrx_word' id='word_1_75' title='bbox 654 1299 822 1364; x_wconf 78' lang='lat' dir='ltr'><strong>Exercitus</strong></span> <span class='ocrx_word' id='word_1_76' title='bbox 843 1307 1006 1384; x_wconf 87' lang='lat' dir='ltr'><strong>praeterea</strong></span> <span class='ocrx_word' id='word_1_77' title='bbox 1022 1301 1080 1364; x_wconf 87' lang='lat' dir='ltr'><strong>Cn.</strong></span> <span class='ocrx_word' id='word_1_78' title='bbox 1095 1303 1227 1384; x_wconf 79' lang='lat' dir='ltr'><strong>Pompei</strong></span> <span class='ocrx_word' id='word_1_79' title='bbox 1248 1303 1402 1369; x_wconf 82' lang='lat' dir='ltr'><strong>maximus</strong></span> <span class='ocrx_word' id='word_1_80' title='bbox 1424 1309 1520 1386; x_wconf 86' lang='lat' dir='ltr'><strong>atque</strong></span> 
     </span>
     <span class='ocr_line' id='line_1_10' title="bbox 196 1391 1522 1478; baseline -0.002 -20"><span class='ocrx_word' id='word_1_81' title='bbox 196 1393 414 1469; x_wconf 78' lang='lat' dir='ltr'><strong>ornatissimus</strong></span> <span class='ocrx_word' id='word_1_82' title='bbox 435 1391 586 1458; x_wconf 78' lang='lat' dir='ltr'><strong>hiemavit</strong></span> <span class='ocrx_word' id='word_1_83' title='bbox 605 1393 640 1456; x_wconf 90' lang='lat' dir='ltr'><strong>in</strong></span> <span class='ocrx_word' id='word_1_84' title='bbox 662 1393 764 1458; x_wconf 84' lang='lat' dir='ltr'><strong>Gallia</strong></span> <span class='ocrx_word' id='word_1_85' title='bbox 778 1395 819 1458; x_wconf 87' lang='lat' dir='ltr'><strong>bl.</strong></span> <span class='ocrx_word' id='word_1_86' title='bbox 834 1394 966 1458; x_wconf 82' lang='lat' dir='ltr'><strong>Fonteio</strong></span> <span class='ocrx_word' id='word_1_87' title='bbox 980 1394 1165 1478; x_wconf 85' lang='lat' dir='ltr'><strong>imperante.</strong></span> <span class='ocrx_word' id='word_1_88' title='bbox 1199 1395 1321 1459; x_wconf 86' lang='lat' dir='ltr'><strong>Satisne</strong></span> <span class='ocrx_word' id='word_1_89' title='bbox 1335 1395 1425 1459; x_wconf 87' lang='lat' dir='ltr'><strong>robis</strong></span> <span class='ocrx_word' id='word_1_90' title='bbox 1441 1394 1522 1458; x_wconf 88' lang='lat' dir='ltr'><strong>mul·</strong></span> 
     </span>
     <span class='ocr_line' id='line_1_11' title="bbox 195 1485 1557 1571; baseline -0.002 -17"><span class='ocrx_word' id='word_1_91' title='bbox 195 1495 261 1563; x_wconf 80' lang='lat' dir='ltr'><strong>ios,</strong></span> <span class='ocrx_word' id='word_1_92' title='bbox 291 1489 368 1551; x_wconf 85' lang='lat' dir='ltr'><strong>satis</strong></span> <span class='ocrx_word' id='word_1_93' title='bbox 394 1485 529 1550; x_wconf 89' lang='lat' dir='ltr'><strong>idoneos</strong></span> <span class='ocrx_word' id='word_1_94' title='bbox 557 1494 653 1551; x_wconf 89' lang='lat' dir='ltr'><strong>testes</strong></span> <span class='ocrx_word' id='word_1_95' title='bbox 679 1495 712 1551; x_wconf 92' lang='lat' dir='ltr'><strong>et</strong></span> <span class='ocrx_word' id='word_1_96' title='bbox 741 1489 885 1552; x_wconf 77' lang='lat' dir='ltr'><strong>conscios</strong></span> <span class='ocrx_word' id='word_1_97' title='bbox 906 1488 1032 1552; x_wconf 86' lang='lat' dir='ltr'><strong>videtur</strong></span> <span class='ocrx_word' id='word_1_98' title='bbox 1051 1488 1122 1571; x_wconf 82' lang='lat' dir='ltr'><strong>ipss</strong></span> <span class='ocrx_word' id='word_1_99' title='bbox 1142 1488 1269 1553; x_wconf 65' lang='lat' dir='ltr'><strong>munna</strong></span> <span class='ocrx_word' id='word_1_100' title='bbox 1291 1509 1361 1553; x_wconf 89' lang='lat' dir='ltr'><strong>esse</strong></span> <span class='ocrx_word' id='word_1_101' title='bbox 1381 1489 1557 1552; x_wconf 82' lang='lat' dir='ltr'><strong>voluisseii</strong></span> 
     </span>
     <span class='ocr_line' id='line_1_12' title="bbox 196 1582 1521 1665; baseline 0 -21"><span class='ocrx_word' id='word_1_102' title='bbox 196 1599 304 1645; x_wconf 74' lang='lat' dir='ltr'><strong>earum</strong></span> <span class='ocrx_word' id='word_1_103' title='bbox 323 1601 446 1655; x_wconf 76' lang='lat' dir='ltr'><strong>rernm,</strong></span> <span class='ocrx_word' id='word_1_104' title='bbox 467 1601 549 1665; x_wconf 89' lang='lat' dir='ltr'><strong>quae</strong></span> <span class='ocrx_word' id='word_1_105' title='bbox 571 1583 614 1644; x_wconf 82' lang='lat' dir='ltr'><strong>it.</strong></span> <span class='ocrx_word' id='word_1_106' title='bbox 629 1582 760 1645; x_wconf 80' lang='lat' dir='ltr'><strong>Fonteio</strong></span> <span class='ocrx_word' id='word_1_107' title='bbox 781 1589 926 1664; x_wconf 87' lang='lat' dir='ltr'><strong>praetore</strong></span> <span class='ocrx_word' id='word_1_108' title='bbox 947 1589 1133 1665; x_wconf 71' lang='lat' dir='ltr'><strong>gererentur</strong></span> <span class='ocrx_word' id='word_1_109' title='bbox 1152 1583 1187 1645; x_wconf 86' lang='lat' dir='ltr'><strong>in</strong></span> <span class='ocrx_word' id='word_1_110' title='bbox 1202 1583 1329 1648; x_wconf 84' lang='lat' dir='ltr'><strong>Gelliai</strong></span> <span class='ocrx_word' id='word_1_111' title='bbox 1363 1582 1464 1659; x_wconf 88' lang='lat' dir='ltr'><strong>Quem</strong></span> <span class='ocrx_word' id='word_1_112' title='bbox 1479 1601 1521 1644; x_wconf 82' lang='lat' dir='ltr'><strong>ax</strong></span> 
     </span>
     <span class='ocr_line' id='line_1_13' title="bbox 194 1674 1522 1760; baseline 0.001 -21"><span class='ocrx_word' id='word_1_113' title='bbox 194 1683 282 1740; x_wconf 79' lang='lat' dir='ltr'><strong>tante</strong></span> <span class='ocrx_word' id='word_1_114' title='bbox 301 1674 468 1739; x_wconf 82' lang='lat' dir='ltr'><strong>bominum</strong></span> <span class='ocrx_word' id='word_1_115' title='bbox 489 1694 623 1738; x_wconf 80' lang='lat' dir='ltr'><strong>numam</strong></span> <span class='ocrx_word' id='word_1_116' title='bbox 645 1683 759 1740; x_wconf 88' lang='lat' dir='ltr'><strong>testem</strong></span> <span class='ocrx_word' id='word_1_117' title='bbox 779 1677 813 1738; x_wconf 89' lang='lat' dir='ltr'><strong>iu</strong></span> <span class='ocrx_word' id='word_1_118' title='bbox 833 1675 893 1738; x_wconf 86' lang='lat' dir='ltr'><strong>bae</strong></span> <span class='ocrx_word' id='word_1_119' title='bbox 912 1695 1007 1739; x_wconf 85' lang='lat' dir='ltr'><strong>eausa</strong></span> <span class='ocrx_word' id='word_1_120' title='bbox 1020 1674 1196 1758; x_wconf 84' lang='lat' dir='ltr'><strong>produeore</strong></span> <span class='ocrx_word' id='word_1_121' title='bbox 1210 1679 1363 1758; x_wconf 71' lang='lat' dir='ltr'><strong>potestis?</strong></span> <span class='ocrx_word' id='word_1_122' title='bbox 1385 1677 1458 1760; x_wconf 85' lang='lat' dir='ltr'><strong>quis</strong></span> <span class='ocrx_word' id='word_1_123' title='bbox 1473 1683 1522 1740; x_wconf 89' lang='lat' dir='ltr'><strong>est</strong></span> 
     </span>
     <span class='ocr_line' id='line_1_14' title="bbox 195 1768 1520 1853; baseline 0 -19"><span class='ocrx_word' id='word_1_124' title='bbox 195 1789 236 1834; x_wconf 78' lang='lat' dir='ltr'><strong>ex</strong></span> <span class='ocrx_word' id='word_1_125' title='bbox 255 1789 295 1833; x_wconf 90' lang='lat' dir='ltr'><strong>eo</strong></span> <span class='ocrx_word' id='word_1_126' title='bbox 312 1787 466 1844; x_wconf 87' lang='lat' dir='ltr'><strong>nmnero,</strong></span> <span class='ocrx_word' id='word_1_127' title='bbox 488 1769 544 1853; x_wconf 85' lang='lat' dir='ltr'><strong>qui</strong></span> <span class='ocrx_word' id='word_1_128' title='bbox 566 1770 656 1835; x_wconf 86' lang='lat' dir='ltr'><strong>robis</strong></span> <span class='ocrx_word' id='word_1_129' title='bbox 677 1776 789 1833; x_wconf 79' lang='lat' dir='ltr'><strong>auctor</strong></span> <span class='ocrx_word' id='word_1_130' title='bbox 808 1768 951 1852; x_wconf 82' lang='lat' dir='ltr'><strong>placeati</strong></span> <span class='ocrx_word' id='word_1_131' title='bbox 978 1788 1018 1831; x_wconf 89' lang='lat' dir='ltr'><strong>eo</strong></span> <span class='ocrx_word' id='word_1_132' title='bbox 1039 1788 1098 1832; x_wconf 90' lang='lat' dir='ltr'><strong>nos</strong></span> <span class='ocrx_word' id='word_1_133' title='bbox 1119 1769 1183 1834; x_wconf 86' lang='lat' dir='ltr'><strong>iam</strong></span> <span class='ocrx_word' id='word_1_134' title='bbox 1203 1769 1366 1837; x_wconf 83' lang='lat' dir='ltr'><strong>laudatore</strong></span> <span class='ocrx_word' id='word_1_135' title='bbox 1388 1779 1419 1834; x_wconf 89' lang='lat' dir='ltr'><strong>et</strong></span> <span class='ocrx_word' id='word_1_136' title='bbox 1439 1777 1520 1834; x_wconf 87' lang='lat' dir='ltr'><strong>teste</strong></span> 
     </span>
     <span class='ocr_line' id='line_1_15' title="bbox 194 1858 1521 1948; baseline -0.001 -22"><span class='ocrx_word' id='word_1_137' title='bbox 194 1872 330 1928; x_wconf 82' lang='lat' dir='ltr'><strong>utemur.</strong></span> <span class='ocrx_word' id='word_1_138' title='bbox 373 1858 423 1926; x_wconf 79' lang='lat' dir='ltr'><strong>ii.</strong></span> <span class='ocrx_word' id='word_1_139' title='bbox 449 1859 503 1947; x_wconf 84' lang='grc'><strong>[7.]</strong></span> <span class='ocrx_word' id='word_1_140' title='bbox 527 1863 716 1926; x_wconf 82' lang='lat' dir='ltr'><strong>Dubitabitis</strong></span> <span class='ocrx_word' id='word_1_141' title='bbox 746 1863 840 1928; x_wconf 84' lang='lat' dir='ltr'><strong>etism</strong></span> <span class='ocrx_word' id='word_1_142' title='bbox 869 1862 1002 1937; x_wconf 89' lang='lat' dir='ltr'><strong>diutius,</strong></span> <span class='ocrx_word' id='word_1_143' title='bbox 1032 1861 1170 1938; x_wconf 90' lang='lat' dir='ltr'><strong>iudiess,</strong></span> <span class='ocrx_word' id='word_1_144' title='bbox 1204 1864 1399 1948; x_wconf 74' lang='lat' dir='ltr'><strong>quiaillud,</strong></span> <span class='ocrx_word' id='word_1_145' title='bbox 1431 1862 1521 1948; x_wconf 85' lang='lat' dir='ltr'><strong>quod</strong></span> 
     </span>
     <span class='ocr_line' id='line_1_16' title="bbox 194 1953 1558 2041; baseline 0.001 -19"><span class='ocrx_word' id='word_1_146' title='bbox 194 1957 285 2021; x_wconf 73' lang='lat' dir='ltr'><strong>iuiu&#39;o</strong></span> <span class='ocrx_word' id='word_1_147' title='bbox 302 1953 395 2022; x_wconf 78' lang='lat' dir='ltr'><strong>robis</strong></span> <span class='ocrx_word' id='word_1_148' title='bbox 417 1957 585 2040; x_wconf 76' lang='lat' dir='ltr'><strong>proposui,</strong></span> <span class='ocrx_word' id='word_1_149' title='bbox 615 1957 815 2021; x_wconf 74' lang='lat' dir='ltr'><strong>verissimum</strong></span> <span class='ocrx_word' id='word_1_150' title='bbox 835 1957 893 2032; x_wconf 91' lang='lat' dir='ltr'><strong>sit,</strong></span> <span class='ocrx_word' id='word_1_151' title='bbox 915 1957 1002 2021; x_wconf 87' lang='lat' dir='ltr'><strong>aliud</strong></span> <span class='ocrx_word' id='word_1_152' title='bbox 1024 1977 1081 2040; x_wconf 88' lang='lat' dir='ltr'><strong>per</strong></span> <span class='ocrx_word' id='word_1_153' title='bbox 1101 1957 1163 2020; x_wconf 90' lang='lat' dir='ltr'><strong>hoo</strong></span> <span class='ocrx_word' id='word_1_154' title='bbox 1184 1957 1337 2022; x_wconf 73' lang='lat' dir='ltr'><strong>iudicium</strong></span> <span class='ocrx_word' id='word_1_155' title='bbox 1358 1958 1438 2023; x_wconf 81' lang='lat' dir='ltr'><strong>nibil</strong></span> <span class='ocrx_word' id='word_1_156' title='bbox 1459 1958 1520 2041; x_wconf 81' lang='lat' dir='ltr'><strong>agi,</strong></span> <span class='ocrx_word' id='word_1_157' title='bbox 1530 1963 1558 2012; x_wconf 67' lang='grc' dir='ltr'><strong>*ὅ</strong></span> 
     </span>
     <span class='ocr_line' id='line_1_17' title="bbox 193 2050 1521 2138; baseline 0 -23"><span class='ocrx_word' id='word_1_158' title='bbox 193 2052 256 2115; x_wconf 87' lang='lat' dir='ltr'><strong>nisi</strong></span> <span class='ocrx_word' id='word_1_159' title='bbox 273 2058 314 2118; x_wconf 82' lang='lat' dir='ltr'><strong>ut</strong></span> <span class='ocrx_word' id='word_1_160' title='bbox 332 2053 375 2116; x_wconf 84' lang='lat' dir='ltr'><strong>ii.</strong></span> <span class='ocrx_word' id='word_1_161' title='bbox 392 2050 528 2114; x_wconf 87' lang='lat' dir='ltr'><strong>Fonteio</strong></span> <span class='ocrx_word' id='word_1_162' title='bbox 545 2070 701 2135; x_wconf 88' lang='lat' dir='ltr'><strong>oppresso</strong></span> <span class='ocrx_word' id='word_1_163' title='bbox 723 2052 911 2117; x_wconf 79' lang='lat' dir='ltr'><strong>testimoniis</strong></span> <span class='ocrx_word' id='word_1_164' title='bbox 934 2072 1062 2128; x_wconf 89' lang='lat' dir='ltr'><strong>eorum,</strong></span> <span class='ocrx_word' id='word_1_165' title='bbox 1092 2053 1208 2136; x_wconf 84' lang='lat' dir='ltr'><strong>quibus</strong></span> <span class='ocrx_word' id='word_1_166' title='bbox 1229 2054 1330 2118; x_wconf 89' lang='lat' dir='ltr'><strong>multa</strong></span> <span class='ocrx_word' id='word_1_167' title='bbox 1349 2056 1397 2118; x_wconf 88' lang='lat' dir='ltr'><strong>rei</strong></span> <span class='ocrx_word' id='word_1_168' title='bbox 1417 2052 1521 2138; x_wconf 89' lang='lat' dir='ltr'><strong>publi·</strong></span> 
     </span>
     <span class='ocr_line' id='line_1_18' title="bbox 195 2145 1519 2231; baseline 0.001 -22"><span class='ocrx_word' id='word_1_169' title='bbox 195 2163 250 2209; x_wconf 84' lang='lat' dir='ltr'><strong>ese</strong></span> <span class='ocrx_word' id='word_1_170' title='bbox 270 2163 368 2210; x_wconf 81' lang='lat' dir='ltr'><strong>eausa</strong></span> <span class='ocrx_word' id='word_1_171' title='bbox 385 2145 583 2210; x_wconf 70' lang='lat' dir='ltr'><strong>invitissimis</strong></span> <span class='ocrx_word' id='word_1_172' title='bbox 604 2145 758 2230; x_wconf 87' lang='lat' dir='ltr'><strong>imperata</strong></span> <span class='ocrx_word' id='word_1_173' title='bbox 780 2154 868 2221; x_wconf 90' lang='lat' dir='ltr'><strong>sunt,</strong></span> <span class='ocrx_word' id='word_1_174' title='bbox 897 2147 1058 2230; x_wconf 79' lang='lat' dir='ltr'><strong>segniores</strong></span> <span class='ocrx_word' id='word_1_175' title='bbox 1085 2148 1217 2230; x_wconf 87' lang='lat' dir='ltr'><strong>posthae</strong></span> <span class='ocrx_word' id='word_1_176' title='bbox 1238 2149 1278 2211; x_wconf 93' lang='lat' dir='ltr'><strong>ad</strong></span> <span class='ocrx_word' id='word_1_177' title='bbox 1300 2147 1519 2231; x_wconf 82' lang='lat' dir='ltr'><strong>imperandum</strong></span> 
     </span>
     <span class='ocr_line' id='line_1_19' title="bbox 194 2237 1520 2327; baseline 0.002 -25"><span class='ocrx_word' id='word_1_178' title='bbox 194 2239 293 2303; x_wconf 82' lang='lat' dir='ltr'><strong>aeteri</strong></span> <span class='ocrx_word' id='word_1_179' title='bbox 312 2239 393 2316; x_wconf 80' lang='lat' dir='ltr'><strong>sint,</strong></span> <span class='ocrx_word' id='word_1_180' title='bbox 413 2257 487 2306; x_wconf 84' lang='lat' dir='ltr'><strong>oum</strong></span> <span class='ocrx_word' id='word_1_181' title='bbox 508 2237 644 2303; x_wconf 81' lang='lat' dir='ltr'><strong>videatis</strong></span> <span class='ocrx_word' id='word_1_182' title='bbox 667 2260 724 2304; x_wconf 88' lang='lat' dir='ltr'><strong>eos</strong></span> <span class='ocrx_word' id='word_1_183' title='bbox 738 2259 939 2326; x_wconf 74' lang='lat' dir='ltr'><strong>oppugnare,</strong></span> <span class='ocrx_word' id='word_1_184' title='bbox 960 2241 1126 2325; x_wconf 80' lang='lat' dir='ltr'><strong>quibui...</strong></span> <span class='ocrx_word' id='word_1_185' title='bbox 1141 2242 1252 2327; x_wconf 87' lang='lat' dir='ltr'><strong>populi</strong></span> <span class='ocrx_word' id='word_1_186' title='bbox 1264 2243 1399 2307; x_wconf 75' lang='lat' dir='ltr'><strong>Romani</strong></span> <span class='ocrx_word' id='word_1_187' title='bbox 1420 2243 1520 2326; x_wconf 91' lang='lat' dir='ltr'><strong>impe·</strong></span> 
     </span>
     <span class='ocr_line' id='line_1_20' title="bbox 193 2333 782 2418; baseline -0.002 -20"><span class='ocrx_word' id='word_1_188' title='bbox 193 2333 276 2398; x_wconf 75' lang='lat' dir='ltr'><strong>rim</strong></span> <span class='ocrx_word' id='word_1_189' title='bbox 294 2333 456 2397; x_wconf 70' lang='lat' dir='ltr'><strong>incolume</strong></span> <span class='ocrx_word' id='word_1_190' title='bbox 478 2352 548 2397; x_wconf 89' lang='lat' dir='ltr'><strong>osse</strong></span> <span class='ocrx_word' id='word_1_191' title='bbox 569 2352 635 2397; x_wconf 91' lang='lat' dir='ltr'><strong>non</strong></span> <span class='ocrx_word' id='word_1_192' title='bbox 655 2335 782 2418; x_wconf 79' lang='lat' dir='ltr'><strong>possiti</strong></span> 
     </span>
    </p>

    <p class='ocr_par' dir='ltr' id='par_1_3' title="bbox 278 2423 1556 2514">
     <span class='ocr_line' id='line_1_21' title="bbox 278 2423 1556 2514; baseline 0.005 -22"><span class='ocrx_word' id='word_1_193' title='bbox 278 2428 361 2492; x_wconf 73' lang='lat' dir='ltr'><strong>Vni.</strong></span> <span class='ocrx_word' id='word_1_194' title='bbox 383 2423 462 2511; x_wconf 66' lang='lat' dir='ltr'><strong>[iu]</strong></span> <span class='ocrx_word' id='word_1_195' title='bbox 491 2426 657 2494; x_wconf 86' lang='lat' dir='ltr'><strong>Obieetum</strong></span> <span class='ocrx_word' id='word_1_196' title='bbox 687 2434 736 2494; x_wconf 88' lang='lat' dir='ltr'><strong>est</strong></span> <span class='ocrx_word' id='word_1_197' title='bbox 756 2427 867 2505; x_wconf 88' lang='lat' dir='ltr'><strong>etiam,</strong></span> <span class='ocrx_word' id='word_1_198' title='bbox 897 2438 1063 2514; x_wconf 86' lang='lat' dir='ltr'><strong>quaestum</strong></span> <span class='ocrx_word' id='word_1_199' title='bbox 1084 2431 1127 2494; x_wconf 86' lang='lat' dir='ltr'><strong>ii.</strong></span> <span class='ocrx_word' id='word_1_200' title='bbox 1148 2431 1313 2496; x_wconf 89' lang='lat' dir='ltr'><strong>Fonteium</strong></span> <span class='ocrx_word' id='word_1_201' title='bbox 1335 2451 1377 2496; x_wconf 84' lang='lat' dir='ltr'><strong>ex</strong></span> <span class='ocrx_word' id='word_1_202' title='bbox 1397 2430 1556 2497; x_wconf 59' lang='lat' dir='ltr'><strong>warns</strong></span> 
     </span>
    </p>
   </div>
   <div class='ocr_carea' id='block_1_3' title="bbox 85 2520 1519 2608">
    <p class='ocr_par' dir='ltr' id='par_1_4' title="bbox 85 2520 1519 2608">
     <span class='ocr_line' id='line_1_22' title="bbox 85 2520 1519 2608; baseline 0.001 -22"><span class='ocrx_word' id='word_1_203' title='bbox 85 2571 87 2578; x_wconf 63' lang='grc'><strong>.</strong></span> <span class='ocrx_word' id='word_1_204' title='bbox 193 2521 367 2587; x_wconf 83' lang='lat' dir='ltr'><strong>munitione</strong></span> <span class='ocrx_word' id='word_1_205' title='bbox 387 2520 520 2596; x_wconf 86' lang='lat' dir='ltr'><strong>ieoisse,</strong></span> <span class='ocrx_word' id='word_1_206' title='bbox 542 2527 577 2584; x_wconf 90' lang='lat' dir='ltr'><strong>ut</strong></span> <span class='ocrx_word' id='word_1_207' title='bbox 597 2528 652 2586; x_wconf 88' lang='lat' dir='ltr'><strong>aut</strong></span> <span class='ocrx_word' id='word_1_208' title='bbox 672 2541 714 2586; x_wconf 90' lang='lat' dir='ltr'><strong>ne</strong></span> <span class='ocrx_word' id='word_1_209' title='bbox 736 2530 862 2605; x_wconf 77' lang='lat' dir='ltr'><strong>cogeret</strong></span> <span class='ocrx_word' id='word_1_210' title='bbox 876 2525 1016 2598; x_wconf 88' lang='lat' dir='ltr'><strong>munire,</strong></span> <span class='ocrx_word' id='word_1_211' title='bbox 1039 2530 1094 2588; x_wconf 88' lang='lat' dir='ltr'><strong>aut</strong></span> <span class='ocrx_word' id='word_1_212' title='bbox 1115 2524 1149 2588; x_wconf 94' lang='lat' dir='ltr'><strong>id</strong></span> <span class='ocrx_word' id='word_1_213' title='bbox 1162 2525 1248 2608; x_wconf 84' lang='lat' dir='ltr'><strong>quod</strong></span> <span class='ocrx_word' id='word_1_214' title='bbox 1263 2526 1420 2590; x_wconf 86' lang='lat' dir='ltr'><strong>munitum</strong></span> <span class='ocrx_word' id='word_1_215' title='bbox 1435 2530 1519 2588; x_wconf 89' lang='lat' dir='ltr'><strong>esset</strong></span> 
     </span>
    </p>
   </div>
   <div class='ocr_carea' id='block_1_4' title="bbox 191 2615 1557 3552">
    <p class='ocr_par' dir='ltr' id='par_1_5' title="bbox 191 2615 1557 3552">
     <span class='ocr_line' id='line_1_23' title="bbox 192 2615 1519 2704; baseline 0 -23"><span class='ocrx_word' id='word_1_216' title='bbox 192 2636 234 2681; x_wconf 87' lang='lat' dir='ltr'><strong>ne</strong></span> <span class='ocrx_word' id='word_1_217' title='bbox 252 2617 456 2702; x_wconf 60' lang='lat' dir='ltr'><strong>mprobsrat.</strong></span> <span class='ocrx_word' id='word_1_218' title='bbox 495 2615 530 2680; x_wconf 81' lang='lat' dir='ltr'><strong>Si</strong></span> <span class='ocrx_word' id='word_1_219' title='bbox 552 2622 584 2679; x_wconf 89' lang='lat' dir='ltr'><strong>et</strong></span> <span class='ocrx_word' id='word_1_220' title='bbox 606 2617 707 2681; x_wconf 85' lang='lat' dir='ltr'><strong>ooaati</strong></span> <span class='ocrx_word' id='word_1_221' title='bbox 729 2625 802 2680; x_wconf 90' lang='lat' dir='ltr'><strong>sunt</strong></span> <span class='ocrx_word' id='word_1_222' title='bbox 822 2619 944 2682; x_wconf 88' lang='lat' dir='ltr'><strong>munire</strong></span> <span class='ocrx_word' id='word_1_223' title='bbox 967 2638 1077 2683; x_wconf 91' lang='lat' dir='ltr'><strong>omnes</strong></span> <span class='ocrx_word' id='word_1_224' title='bbox 1097 2625 1131 2682; x_wconf 90' lang='lat' dir='ltr'><strong>et</strong></span> <span class='ocrx_word' id='word_1_225' title='bbox 1151 2618 1321 2684; x_wconf 86' lang='lat' dir='ltr'><strong>multorum</strong></span> <span class='ocrx_word' id='word_1_226' title='bbox 1343 2639 1440 2704; x_wconf 88' lang='lat' dir='ltr'><strong>opera</strong></span> <span class='ocrx_word' id='word_1_227' title='bbox 1459 2619 1519 2682; x_wconf 86' lang='lat' dir='ltr'><strong>im·</strong></span> 
     </span>
     <span class='ocr_line' id='line_1_24' title="bbox 192 2709 1519 2796; baseline -0.001 -20"><span class='ocrx_word' id='word_1_228' title='bbox 192 2711 323 2796; x_wconf 86' lang='lat' dir='ltr'><strong>probata</strong></span> <span class='ocrx_word' id='word_1_229' title='bbox 343 2717 434 2785; x_wconf 89' lang='lat' dir='ltr'><strong>sunt,</strong></span> <span class='ocrx_word' id='word_1_230' title='bbox 454 2715 540 2774; x_wconf 76' lang='lat' dir='ltr'><strong>uerte</strong></span> <span class='ocrx_word' id='word_1_231' title='bbox 559 2717 732 2794; x_wconf 86' lang='lat' dir='ltr'><strong>utrumque</strong></span> <span class='ocrx_word' id='word_1_232' title='bbox 753 2709 869 2774; x_wconf 83' lang='lat' dir='ltr'><strong>falsum</strong></span> <span class='ocrx_word' id='word_1_233' title='bbox 891 2719 956 2787; x_wconf 87' lang='lat' dir='ltr'><strong>est,</strong></span> <span class='ocrx_word' id='word_1_234' title='bbox 978 2719 1010 2776; x_wconf 91' lang='lat' dir='ltr'><strong>et</strong></span> <span class='ocrx_word' id='word_1_235' title='bbox 1031 2712 1072 2775; x_wconf 94' lang='lat' dir='ltr'><strong>ob</strong></span> <span class='ocrx_word' id='word_1_236' title='bbox 1086 2713 1283 2778; x_wconf 79' lang='lat' dir='ltr'><strong>vacationem</strong></span> <span class='ocrx_word' id='word_1_237' title='bbox 1304 2713 1442 2796; x_wconf 87' lang='lat' dir='ltr'><strong>pretium</strong></span> <span class='ocrx_word' id='word_1_238' title='bbox 1464 2711 1519 2775; x_wconf 73' lang='lat' dir='ltr'><strong>ds·</strong></span> 
     </span>
     <span class='ocr_line' id='line_1_25' title="bbox 192 2805 1518 2891; baseline 0.002 -24"><span class='ocrx_word' id='word_1_239' title='bbox 192 2813 278 2880; x_wconf 74' lang='lat' dir='ltr'><strong>trem,</strong></span> <span class='ocrx_word' id='word_1_240' title='bbox 300 2825 371 2868; x_wconf 85' lang='lat' dir='ltr'><strong>enm</strong></span> <span class='ocrx_word' id='word_1_241' title='bbox 390 2805 540 2869; x_wconf 86' lang='lat' dir='ltr'><strong>immunis</strong></span> <span class='ocrx_word' id='word_1_242' title='bbox 561 2825 656 2870; x_wconf 85' lang='lat' dir='ltr'><strong>nemo</strong></span> <span class='ocrx_word' id='word_1_243' title='bbox 676 2805 789 2881; x_wconf 80' lang='lat' dir='ltr'><strong>fuerit,</strong></span> <span class='ocrx_word' id='word_1_244' title='bbox 818 2815 851 2872; x_wconf 90' lang='lat' dir='ltr'><strong>et</strong></span> <span class='ocrx_word' id='word_1_245' title='bbox 871 2807 912 2870; x_wconf 95' lang='lat' dir='ltr'><strong>ob</strong></span> <span class='ocrx_word' id='word_1_246' title='bbox 934 2805 1167 2891; x_wconf 78' lang='lat' dir='ltr'><strong>probationem,</strong></span> <span class='ocrx_word' id='word_1_247' title='bbox 1190 2827 1262 2870; x_wconf 90' lang='lat' dir='ltr'><strong>cum</strong></span> <span class='ocrx_word' id='word_1_248' title='bbox 1283 2807 1383 2872; x_wconf 75' lang='lat' dir='ltr'><strong>muna</strong></span> <span class='ocrx_word' id='word_1_249' title='bbox 1402 2808 1518 2890; x_wconf 86' lang='lat' dir='ltr'><strong>impro-</strong></span> 
     </span>
     <span class='ocr_line' id='line_1_26' title="bbox 192 2893 1557 2984; baseline -0.003 -22"><span class='ocrx_word' id='word_1_250' title='bbox 192 2897 266 2962; x_wconf 84' lang='lat' dir='ltr'><strong>bata</strong></span> <span class='ocrx_word' id='word_1_251' title='bbox 295 2899 367 2962; x_wconf 86' lang='lat' dir='ltr'><strong>sint.</strong></span> <span class='ocrx_word' id='word_1_252' title='bbox 417 2893 469 2961; x_wconf 82' lang='lat' dir='ltr'><strong>is.</strong></span> <span class='ocrx_word' id='word_1_253' title='bbox 492 2895 547 2983; x_wconf 90' lang='lat'><strong>[8.]</strong></span> <span class='ocrx_word' id='word_1_254' title='bbox 571 2899 682 2975; x_wconf 74' lang='lat' dir='ltr'><strong>Quid?</strong></span> <span class='ocrx_word' id='word_1_255' title='bbox 714 2900 741 2963; x_wconf 88' lang='lat' dir='ltr'><strong>si</strong></span> <span class='ocrx_word' id='word_1_256' title='bbox 769 2900 830 2964; x_wconf 89' lang='lat' dir='ltr'><strong>boo</strong></span> <span class='ocrx_word' id='word_1_257' title='bbox 864 2903 982 2964; x_wconf 75' lang='lat' dir='ltr'><strong>eumen</strong></span> <span class='ocrx_word' id='word_1_258' title='bbox 1011 2901 1136 2983; x_wconf 88' lang='lat' dir='ltr'><strong>optimis</strong></span> <span class='ocrx_word' id='word_1_259' title='bbox 1162 2901 1342 2965; x_wconf 88' lang='lat' dir='ltr'><strong>nominibus</strong></span> <span class='ocrx_word' id='word_1_260' title='bbox 1371 2899 1557 2984; x_wconf 72' lang='lat' dir='ltr'><strong>delegarent</strong></span> 
     </span>
     <span class='ocr_line' id='line_1_27' title="bbox 192 2993 1519 3077; baseline 0.002 -22"><span class='ocrx_word' id='word_1_261' title='bbox 192 3011 378 3076; x_wconf 86' lang='lat' dir='ltr'><strong>possumus,</strong></span> <span class='ocrx_word' id='word_1_262' title='bbox 407 2999 441 3056; x_wconf 90' lang='lat' dir='ltr'><strong>et</strong></span> <span class='ocrx_word' id='word_1_263' title='bbox 459 2993 519 3068; x_wconf 85' lang='lat' dir='ltr'><strong>ita,</strong></span> <span class='ocrx_word' id='word_1_264' title='bbox 546 3012 613 3056; x_wconf 91' lang='lat' dir='ltr'><strong>non</strong></span> <span class='ocrx_word' id='word_1_265' title='bbox 634 3001 670 3058; x_wconf 92' lang='lat' dir='ltr'><strong>ut</strong></span> <span class='ocrx_word' id='word_1_266' title='bbox 691 2995 816 3077; x_wconf 87' lang='lat' dir='ltr'><strong>eulpam</strong></span> <span class='ocrx_word' id='word_1_267' title='bbox 837 2994 872 3057; x_wconf 91' lang='lat' dir='ltr'><strong>in</strong></span> <span class='ocrx_word' id='word_1_268' title='bbox 893 2996 972 3059; x_wconf 90' lang='lat' dir='ltr'><strong>alios</strong></span> <span class='ocrx_word' id='word_1_269' title='bbox 995 2994 1234 3071; x_wconf 81' lang='lat' dir='ltr'><strong>transieramus,</strong></span> <span class='ocrx_word' id='word_1_270' title='bbox 1256 2995 1315 3058; x_wconf 89' lang='lat' dir='ltr'><strong>sed</strong></span> <span class='ocrx_word' id='word_1_271' title='bbox 1336 2995 1384 3058; x_wconf 91' lang='lat' dir='ltr'><strong>uti</strong></span> <span class='ocrx_word' id='word_1_272' title='bbox 1404 2996 1519 3059; x_wconf 77' lang='lat' dir='ltr'><strong>donea·</strong></span> 
     </span>
     <span class='ocr_line' id='line_1_28' title="bbox 192 3085 1518 3173; baseline 0.003 -25"><span class='ocrx_word' id='word_1_273' title='bbox 192 3105 262 3150; x_wconf 88' lang='lat' dir='ltr'><strong>mus</strong></span> <span class='ocrx_word' id='word_1_274' title='bbox 284 3107 340 3152; x_wconf 89' lang='lat' dir='ltr'><strong>eos</strong></span> <span class='ocrx_word' id='word_1_275' title='bbox 361 3085 416 3150; x_wconf 90' lang='lat' dir='ltr'><strong>isti</strong></span> <span class='ocrx_word' id='word_1_276' title='bbox 437 3087 605 3151; x_wconf 90' lang='lat' dir='ltr'><strong>munitioni</strong></span> <span class='ocrx_word' id='word_1_277' title='bbox 627 3087 818 3171; x_wconf 80' lang='lat' dir='ltr'><strong>praefuisse,</strong></span> <span class='ocrx_word' id='word_1_278' title='bbox 841 3091 897 3172; x_wconf 90' lang='lat' dir='ltr'><strong>qui</strong></span> <span class='ocrx_word' id='word_1_279' title='bbox 919 3087 1011 3151; x_wconf 84' lang='lat' dir='ltr'><strong>iaoile</strong></span> <span class='ocrx_word' id='word_1_280' title='bbox 1029 3087 1169 3152; x_wconf 86' lang='lat' dir='ltr'><strong>oifieiurn</strong></span> <span class='ocrx_word' id='word_1_281' title='bbox 1192 3109 1283 3152; x_wconf 86' lang='lat' dir='ltr'><strong>suum</strong></span> <span class='ocrx_word' id='word_1_282' title='bbox 1306 3096 1337 3153; x_wconf 90' lang='lat' dir='ltr'><strong>et</strong></span> <span class='ocrx_word' id='word_1_283' title='bbox 1357 3095 1518 3173; x_wconf 87' lang='lat' dir='ltr'><strong>praestare</strong></span> 
     </span>
     <span class='ocr_line' id='line_1_29' title="bbox 193 3181 1517 3265; baseline 0.001 -22"><span class='ocrx_word' id='word_1_284' title='bbox 193 3187 226 3243; x_wconf 93' lang='lat' dir='ltr'><strong>et</strong></span> <span class='ocrx_word' id='word_1_285' title='bbox 254 3181 387 3265; x_wconf 90' lang='lat' dir='ltr'><strong>probare</strong></span> <span class='ocrx_word' id='word_1_286' title='bbox 415 3187 566 3264; x_wconf 86' lang='lat' dir='ltr'><strong>possunt:</strong></span> <span class='ocrx_word' id='word_1_287' title='bbox 594 3188 740 3245; x_wconf 90' lang='lat' dir='ltr'><strong>tamenne</strong></span> <span class='ocrx_word' id='word_1_288' title='bbox 762 3201 820 3245; x_wconf 84' lang='lat' dir='ltr'><strong>ros</strong></span> <span class='ocrx_word' id='word_1_289' title='bbox 844 3183 949 3245; x_wconf 91' lang='lat' dir='ltr'><strong>omnia</strong></span> <span class='ocrx_word' id='word_1_290' title='bbox 971 3182 1005 3244; x_wconf 94' lang='lat' dir='ltr'><strong>in</strong></span> <span class='ocrx_word' id='word_1_291' title='bbox 1026 3183 1068 3246; x_wconf 89' lang='lat' dir='ltr'><strong>M.</strong></span> <span class='ocrx_word' id='word_1_292' title='bbox 1090 3184 1256 3246; x_wconf 89' lang='lat' dir='ltr'><strong>Fonteium</strong></span> <span class='ocrx_word' id='word_1_293' title='bbox 1277 3183 1364 3246; x_wconf 91' lang='lat' dir='ltr'><strong>iratis</strong></span> <span class='ocrx_word' id='word_1_294' title='bbox 1386 3183 1517 3246; x_wconf 87' lang='lat' dir='ltr'><strong>testibus</strong></span> 
     </span>
     <span class='ocr_line' id='line_1_30' title="bbox 191 3271 1519 3359; baseline 0.002 -23"><span class='ocrx_word' id='word_1_295' title='bbox 191 3271 265 3337; x_wconf 85' lang='lat' dir='ltr'><strong>freti</strong></span> <span class='ocrx_word' id='word_1_296' title='bbox 288 3273 482 3337; x_wconf 75' lang='lat' dir='ltr'><strong>conferetis?</strong></span> <span class='ocrx_word' id='word_1_297' title='bbox 506 3273 585 3338; x_wconf 86' lang='lat' dir='ltr'><strong>Cum</strong></span> <span class='ocrx_word' id='word_1_298' title='bbox 606 3275 780 3338; x_wconf 89' lang='lat' dir='ltr'><strong>maioribus</strong></span> <span class='ocrx_word' id='word_1_299' title='bbox 802 3276 849 3338; x_wconf 88' lang='lat' dir='ltr'><strong>rei</strong></span> <span class='ocrx_word' id='word_1_300' title='bbox 869 3277 1015 3359; x_wconf 82' lang='lat' dir='ltr'><strong>publicae</strong></span> <span class='ocrx_word' id='word_1_301' title='bbox 1037 3276 1171 3358; x_wconf 82' lang='lat' dir='ltr'><strong>nogotiis</strong></span> <span class='ocrx_word' id='word_1_302' title='bbox 1193 3278 1235 3339; x_wconf 88' lang='grc' dir='ltr'><strong>Μ.</strong></span> <span class='ocrx_word' id='word_1_303' title='bbox 1247 3276 1397 3339; x_wconf 88' lang='lat' dir='ltr'><strong>Fonteius</strong></span> <span class='ocrx_word' id='word_1_304' title='bbox 1419 3276 1519 3359; x_wconf 88' lang='lat' dir='ltr'><strong>impe·</strong></span> 
     </span>
     <span class='ocr_line' id='line_1_31' title="bbox 193 3366 1556 3452; baseline 0.002 -23"><span class='ocrx_word' id='word_1_305' title='bbox 193 3366 329 3443; x_wconf 91' lang='lat' dir='ltr'><strong>diretur,</strong></span> <span class='ocrx_word' id='word_1_306' title='bbox 352 3375 382 3432; x_wconf 90' lang='lat' dir='ltr'><strong>et</strong></span> <span class='ocrx_word' id='word_1_307' title='bbox 403 3389 476 3432; x_wconf 90' lang='lat' dir='ltr'><strong>oum</strong></span> <span class='ocrx_word' id='word_1_308' title='bbox 497 3368 537 3433; x_wconf 95' lang='lat' dir='ltr'><strong>ad</strong></span> <span class='ocrx_word' id='word_1_309' title='bbox 558 3388 626 3433; x_wconf 90' lang='lat' dir='ltr'><strong>rem</strong></span> <span class='ocrx_word' id='word_1_310' title='bbox 646 3367 804 3452; x_wconf 74' lang='lat' dir='ltr'><strong>publicam</strong></span> <span class='ocrx_word' id='word_1_311' title='bbox 825 3367 1000 3452; x_wconf 86' lang='lat' dir='ltr'><strong>pertineret</strong></span> <span class='ocrx_word' id='word_1_312' title='bbox 1019 3369 1101 3433; x_wconf 82' lang='lat' dir='ltr'><strong>riam</strong></span> <span class='ocrx_word' id='word_1_313' title='bbox 1122 3369 1291 3434; x_wconf 86' lang='lat' dir='ltr'><strong>Domitiam</strong></span> <span class='ocrx_word' id='word_1_314' title='bbox 1313 3369 1447 3444; x_wconf 90' lang='lat' dir='ltr'><strong>muniri,</strong></span> <span class='ocrx_word' id='word_1_315' title='bbox 1473 3369 1556 3432; x_wconf 68' lang='lat' dir='ltr'><strong>lesa</strong></span> 
     </span>
     <span class='ocr_line' id='line_1_32' title="bbox 193 3461 1518 3552; baseline -0.002 -25"><span class='ocrx_word' id='word_1_316' title='bbox 193 3462 273 3545; x_wconf 79' lang='lat' dir='ltr'><strong>gatis</strong></span> <span class='ocrx_word' id='word_1_317' title='bbox 302 3462 384 3538; x_wconf 81' lang='lat' dir='ltr'><strong>nris,</strong></span> <span class='ocrx_word' id='word_1_318' title='bbox 415 3462 572 3552; x_wconf 71' lang='lat' dir='ltr'><strong>primariis</strong></span> <span class='ocrx_word' id='word_1_319' title='bbox 600 3463 694 3538; x_wconf 81' lang='lat' dir='ltr'><strong>viris,</strong></span> <span class='ocrx_word' id='word_1_320' title='bbox 730 3463 763 3526; x_wconf 85' lang='lat' dir='ltr'><strong>C.</strong></span> <span class='ocrx_word' id='word_1_321' title='bbox 785 3463 890 3527; x_wconf 75' lang='lat' dir='ltr'><strong>Annio</strong></span> <span class='ocrx_word' id='word_1_322' title='bbox 921 3461 1062 3526; x_wconf 89' lang='lat' dir='ltr'><strong>Bellieno</strong></span> <span class='ocrx_word' id='word_1_323' title='bbox 1090 3469 1121 3526; x_wconf 90' lang='lat' dir='ltr'><strong>et</strong></span> <span class='ocrx_word' id='word_1_324' title='bbox 1150 3462 1183 3526; x_wconf 87' lang='lat' dir='ltr'><strong>C.</strong></span> <span class='ocrx_word' id='word_1_325' title='bbox 1205 3463 1335 3527; x_wconf 87' lang='lat' dir='ltr'><strong>Fonteio</strong></span> <span class='ocrx_word' id='word_1_326' title='bbox 1356 3463 1518 3546; x_wconf 73' lang='lat' dir='ltr'><strong>negotium</strong></span> 
     </span>
    </p>
   </div>
   <div class='ocr_carea' id='block_1_5' title="bbox 192 3762 1521 4282">
    <p class='ocr_par' dir='ltr' id='par_1_6' title="bbox 192 3762 1521 4282">
     <span class='ocr_line' id='line_1_33' title="bbox 257 3762 1520 3830; baseline 0 -14"><span class='ocrx_word' id='word_1_327' title='bbox 257 3762 284 3816; x_wconf 73' lang='grc' dir='ltr'><strong>Ξ.</strong></span> <span class='ocrx_word' id='word_1_328' title='bbox 302 3764 410 3828; x_wconf 69' lang='lat' dir='ltr'><strong>offeror</strong></span> <span class='ocrx_word' id='word_1_329' title='bbox 426 3764 537 3829; x_wconf 78' lang='lat' dir='ltr'><strong>scripsi:</strong></span> <span class='ocrx_word' id='word_1_330' title='bbox 556 3763 656 3830; x_wconf 66' lang='lat' dir='ltr'><strong>minio</strong></span> <span class='ocrx_word' id='word_1_331' title='bbox 670 3764 703 3827; x_wconf 87' lang='lat' dir='ltr'><strong>V,</strong></span> <span class='ocrx_word' id='word_1_332' title='bbox 721 3766 796 3829; x_wconf 65' lang='lat' dir='ltr'><strong>offui</strong></span> <span class='ocrx_word' id='word_1_333' title='bbox 811 3767 843 3828; x_wconf 90' lang='lat' dir='ltr'><strong>s,</strong></span> <span class='ocrx_word' id='word_1_334' title='bbox 861 3765 940 3830; x_wconf 70' lang='lat' dir='ltr'><strong>atreo</strong></span> <span class='ocrx_word' id='word_1_335' title='bbox 957 3765 1019 3818; x_wconf 90' lang='lat' dir='ltr'><strong>edd.</strong></span> <span class='ocrx_word' id='word_1_336' title='bbox 1035 3792 1061 3802; x_wconf 93' lang='grc'>-</span> <span class='ocrx_word' id='word_1_337' title='bbox 1080 3763 1105 3814; x_wconf 89' lang='grc'><strong>3.</strong></span> <span class='ocrx_word' id='word_1_338' title='bbox 1124 3765 1354 3828; x_wconf 60' lang='lat' dir='ltr'><strong>quintinensis.</strong></span> <span class='ocrx_word' id='word_1_339' title='bbox 1369 3789 1395 3802; x_wconf 91' lang='lat'><strong>-·</strong></span> <span class='ocrx_word' id='word_1_340' title='bbox 1415 3763 1440 3816; x_wconf 87' lang='lat' dir='ltr'><strong>i.</strong></span> <span class='ocrx_word' id='word_1_341' title='bbox 1453 3778 1520 3816; x_wconf 83' lang='lat' dir='ltr'><strong>sons·</strong></span> 
     </span>
     <span class='ocr_line' id='line_1_34' title="bbox 192 3839 1520 3892; baseline 0.001 -2"><span class='ocrx_word' id='word_1_342' title='bbox 192 3850 249 3890; x_wconf 82' lang='lat' dir='ltr'><strong>mee</strong></span> <span class='ocrx_word' id='word_1_343' title='bbox 265 3839 474 3890; x_wconf 70' lang='lat' dir='ltr'><strong>senneser:</strong></span> <span class='ocrx_word' id='word_1_344' title='bbox 492 3852 592 3891; x_wconf 74' lang='lat' dir='ltr'><strong>moroso</strong></span> <span class='ocrx_word' id='word_1_345' title='bbox 607 3841 746 3892; x_wconf 64' lang='lat' dir='ltr'><strong>onomius</strong></span> <span class='ocrx_word' id='word_1_346' title='bbox 761 3842 816 3892; x_wconf 80' lang='lat' dir='ltr'><strong>st..</strong></span> <span class='ocrx_word' id='word_1_347' title='bbox 834 3866 862 3877; x_wconf 92' lang='lat'><strong>·-</strong></span> <span class='ocrx_word' id='word_1_348' title='bbox 880 3841 1008 3892; x_wconf 78' lang='lat' dir='ltr'><strong>bominum</strong></span> <span class='ocrx_word' id='word_1_349' title='bbox 1024 3841 1157 3892; x_wconf 75' lang='lat' dir='ltr'><strong>Faernus:</strong></span> <span class='ocrx_word' id='word_1_350' title='bbox 1176 3840 1286 3890; x_wconf 74' lang='lat' dir='ltr'><strong>namium</strong></span> <span class='ocrx_word' id='word_1_351' title='bbox 1301 3840 1386 3891; x_wconf 79' lang='lat' dir='ltr'><strong>Vsi..</strong></span> <span class='ocrx_word' id='word_1_352' title='bbox 1400 3865 1427 3876; x_wconf 92' lang='lat'>—</span> <span class='ocrx_word' id='word_1_353' title='bbox 1446 3840 1471 3891; x_wconf 84' lang='grc'><strong>6.</strong></span> <span class='ocrx_word' id='word_1_354' title='bbox 1483 3841 1520 3891; x_wconf 77' lang='lat' dir='ltr'><strong>ii-</strong></span> 
     </span>
     <span class='ocr_line' id='line_1_35' title="bbox 192 3913 1520 3980; baseline 0.002 -14"><span class='ocrx_word' id='word_1_355' title='bbox 192 3915 280 3978; x_wconf 81' lang='lat' dir='ltr'><strong>sposts</strong></span> <span class='ocrx_word' id='word_1_356' title='bbox 294 3913 326 3966; x_wconf 91' lang='lat' dir='ltr'><strong>V.</strong></span> <span class='ocrx_word' id='word_1_357' title='bbox 346 3939 373 3950; x_wconf 98' lang='lat'>-</span> <span class='ocrx_word' id='word_1_358' title='bbox 393 3915 416 3964; x_wconf 81' lang='lat'><strong>7.</strong></span> <span class='ocrx_word' id='word_1_359' title='bbox 434 3915 508 3966; x_wconf 79' lang='lat' dir='ltr'><strong>mutii</strong></span> <span class='ocrx_word' id='word_1_360' title='bbox 525 3915 572 3968; x_wconf 80' lang='lat' dir='ltr'><strong>ia.</strong></span> <span class='ocrx_word' id='word_1_361' title='bbox 588 3915 643 3966; x_wconf 83' lang='lat' dir='ltr'><strong>iiii.</strong></span> <span class='ocrx_word' id='word_1_362' title='bbox 661 3916 692 3966; x_wconf 88' lang='lat' dir='ltr'><strong>V.</strong></span> <span class='ocrx_word' id='word_1_363' title='bbox 713 3943 740 3954; x_wconf 93' lang='lat'>-</span> <span class='ocrx_word' id='word_1_364' title='bbox 760 3915 841 3980; x_wconf 80' lang='lat' dir='ltr'><strong>qnoits</strong></span> <span class='ocrx_word' id='word_1_365' title='bbox 857 3916 888 3966; x_wconf 92' lang='lat' dir='ltr'><strong>V.</strong></span> <span class='ocrx_word' id='word_1_366' title='bbox 908 3941 933 3954; x_wconf 79' lang='lat'>-</span> <span class='ocrx_word' id='word_1_367' title='bbox 963 3917 988 3967; x_wconf 89' lang='lat'><strong>8.</strong></span> <span class='ocrx_word' id='word_1_368' title='bbox 1008 3916 1198 3979; x_wconf 78' lang='lat' dir='ltr'><strong>qnottersVS:</strong></span> <span class='ocrx_word' id='word_1_369' title='bbox 1222 3916 1361 3980; x_wconf 67' lang='lat' dir='ltr'><strong>puniero.</strong></span> <span class='ocrx_word' id='word_1_370' title='bbox 1382 3943 1409 3953; x_wconf 86' lang='lat'><em>-</em></span> <span class='ocrx_word' id='word_1_371' title='bbox 1428 3917 1463 3967; x_wconf 83' lang='lat' dir='ltr'><strong>ad</strong></span> <span class='ocrx_word' id='word_1_372' title='bbox 1478 3929 1520 3968; x_wconf 84' lang='lat' dir='ltr'><strong>sos</strong></span> 
     </span>
     <span class='ocr_line' id='line_1_36' title="bbox 193 3988 1517 4056; baseline 0.003 -16"><span class='ocrx_word' id='word_1_373' title='bbox 193 3989 326 4044; x_wconf 67' lang='lat' dir='ltr'><strong>mritis</strong></span> <span class='ocrx_word' id='word_1_374' title='bbox 343 3988 459 4042; x_wconf 70' lang='lat' dir='ltr'><strong>erosa</strong></span> <span class='ocrx_word' id='word_1_375' title='bbox 474 3989 520 4042; x_wconf 68' lang='lat' dir='ltr'><strong>ils.</strong></span> <span class='ocrx_word' id='word_1_376' title='bbox 537 3990 666 4053; x_wconf 70' lang='lat' dir='ltr'><strong>mnsam</strong></span> <span class='ocrx_word' id='word_1_377' title='bbox 681 3992 707 4042; x_wconf 87' lang='lat' dir='ltr'><strong>S.</strong></span> <span class='ocrx_word' id='word_1_378' title='bbox 722 4017 749 4028; x_wconf 94' lang='lat'><em>-</em></span> <span class='ocrx_word' id='word_1_379' title='bbox 768 3992 809 4042; x_wconf 84' lang='lat' dir='ltr'><strong>io.</strong></span> <span class='ocrx_word' id='word_1_380' title='bbox 827 3991 961 4042; x_wconf 77' lang='lat' dir='ltr'><strong>concines</strong></span> <span class='ocrx_word' id='word_1_381' title='bbox 971 3992 1001 4041; x_wconf 89' lang='lat' dir='ltr'><strong>V.</strong></span> <span class='ocrx_word' id='word_1_382' title='bbox 1015 4017 1043 4028; x_wconf 86' lang='lat'><em>-</em></span> <span class='ocrx_word' id='word_1_383' title='bbox 1063 3992 1104 4042; x_wconf 90' lang='lat' dir='ltr'><strong>ii.</strong></span> <span class='ocrx_word' id='word_1_384' title='bbox 1122 4003 1221 4054; x_wconf 80' lang='lat' dir='ltr'><strong>eoposm</strong></span> <span class='ocrx_word' id='word_1_385' title='bbox 1237 3994 1265 4042; x_wconf 89' lang='lat' dir='ltr'><strong>et</strong></span> <span class='ocrx_word' id='word_1_386' title='bbox 1282 3991 1378 4043; x_wconf 88' lang='lat' dir='ltr'><strong>deinde</strong></span> <span class='ocrx_word' id='word_1_387' title='bbox 1395 3993 1478 4056; x_wconf 77' lang='lat' dir='ltr'><strong>sconis</strong></span> <span class='ocrx_word' id='word_1_388' title='bbox 1489 3994 1517 4044; x_wconf 84' lang='lat' dir='ltr'><strong>i..</strong></span> 
     </span>
     <span class='ocr_line' id='line_1_37' title="bbox 193 4062 1521 4132; baseline 0.002 -17"><span class='ocrx_word' id='word_1_389' title='bbox 193 4062 278 4128; x_wconf 74' lang='lat' dir='ltr'><strong>(quen</strong></span> <span class='ocrx_word' id='word_1_390' title='bbox 288 4065 435 4127; x_wconf 81' lang='lat' dir='ltr'><strong>——poiorts&#39;s</strong></span> <span class='ocrx_word' id='word_1_391' title='bbox 450 4077 593 4131; x_wconf 88' lang='lat' dir='ltr'><strong>perperam</strong></span> <span class='ocrx_word' id='word_1_392' title='bbox 610 4077 659 4130; x_wconf 92' lang='lat' dir='ltr'><strong>pro</strong></span> <span class='ocrx_word' id='word_1_393' title='bbox 676 4067 772 4130; x_wconf 86' lang='lat' dir='ltr'><strong>spuriis</strong></span> <span class='ocrx_word' id='word_1_394' title='bbox 783 4065 877 4118; x_wconf 85' lang='lat' dir='ltr'><strong>habuit</strong></span> <span class='ocrx_word' id='word_1_395' title='bbox 888 4066 1044 4132; x_wconf 72' lang='lat' dir='ltr'><strong>Sohiitziuei</strong></span> <span class='ocrx_word' id='word_1_396' title='bbox 1059 4093 1087 4104; x_wconf 93' lang='lat'><em>-</em></span> <span class='ocrx_word' id='word_1_397' title='bbox 1105 4067 1146 4118; x_wconf 80' lang='lat' dir='ltr'><strong>ii.</strong></span> <span class='ocrx_word' id='word_1_398' title='bbox 1158 4067 1266 4118; x_wconf 73' lang='lat' dir='ltr'><strong>maiores</strong></span> <span class='ocrx_word' id='word_1_399' title='bbox 1277 4067 1306 4117; x_wconf 91' lang='lat' dir='ltr'><strong>V.</strong></span> <span class='ocrx_word' id='word_1_400' title='bbox 1321 4091 1347 4102; x_wconf 92' lang='lat'><em>-</em></span> <span class='ocrx_word' id='word_1_401' title='bbox 1362 4066 1403 4118; x_wconf 89' lang='lat' dir='ltr'><strong>i8.</strong></span> <span class='ocrx_word' id='word_1_402' title='bbox 1414 4067 1521 4118; x_wconf 61' lang='lat' dir='ltr'><strong>musam</strong></span> 
     </span>
     <span class='ocr_line' id='line_1_38' title="bbox 193 4139 1521 4207; baseline 0.001 -16"><span class='ocrx_word' id='word_1_403' title='bbox 193 4139 233 4191; x_wconf 85' lang='lat' dir='ltr'><strong>V:</strong></span> <span class='ocrx_word' id='word_1_404' title='bbox 250 4140 353 4192; x_wconf 57' lang='lat' dir='ltr'><strong>Most</strong></span> <span class='ocrx_word' id='word_1_405' title='bbox 368 4142 424 4193; x_wconf 84' lang='lat' dir='ltr'><strong>So.</strong></span> <span class='ocrx_word' id='word_1_406' title='bbox 438 4168 466 4178; x_wconf 94' lang='lat'>-</span> <span class='ocrx_word' id='word_1_407' title='bbox 485 4155 632 4206; x_wconf 77' lang='lat' dir='ltr'><strong>oppspssare</strong></span> <span class='ocrx_word' id='word_1_408' title='bbox 642 4141 665 4191; x_wconf 90' lang='lat' dir='ltr'><strong>V</strong></span> <span class='ocrx_word' id='word_1_409' title='bbox 676 4143 763 4192; x_wconf 86' lang='lat' dir='ltr'><strong>Garat.</strong></span> <span class='ocrx_word' id='word_1_410' title='bbox 777 4143 858 4194; x_wconf 85' lang='lat' dir='ltr'><strong>teste:</strong></span> <span class='ocrx_word' id='word_1_411' title='bbox 878 4141 1020 4207; x_wconf 74' lang='lat' dir='ltr'><strong>oppopoort</strong></span> <span class='ocrx_word' id='word_1_412' title='bbox 1031 4141 1047 4192; x_wconf 86' lang='lat' dir='ltr'>S</span> <span class='ocrx_word' id='word_1_413' title='bbox 1057 4143 1086 4193; x_wconf 91' lang='lat'><strong>0.</strong></span> <span class='ocrx_word' id='word_1_414' title='bbox 1102 4167 1128 4180; x_wconf 90' lang='lat'><strong>·-</strong></span> <span class='ocrx_word' id='word_1_415' title='bbox 1149 4140 1237 4204; x_wconf 73' lang='lat' dir='ltr'><strong>quum</strong></span> <span class='ocrx_word' id='word_1_416' title='bbox 1247 4142 1281 4192; x_wconf 92' lang='lat' dir='ltr'><strong>V:</strong></span> <span class='ocrx_word' id='word_1_417' title='bbox 1301 4140 1389 4204; x_wconf 78' lang='lat' dir='ltr'><strong>potine</strong></span> <span class='ocrx_word' id='word_1_418' title='bbox 1399 4142 1521 4204; x_wconf 82' lang='lat' dir='ltr'><strong>oppressis</strong></span> 
     </span>
     <span class='ocr_line' id='line_1_39' title="bbox 194 4215 1519 4282; baseline 0 -16"><span class='ocrx_word' id='word_1_419' title='bbox 194 4215 246 4267; x_wconf 85' lang='lat' dir='ltr'><strong>so.</strong></span> <span class='ocrx_word' id='word_1_420' title='bbox 258 4215 430 4268; x_wconf 72' lang='lat' dir='ltr'><strong>«Tenendum</strong></span> <span class='ocrx_word' id='word_1_421' title='bbox 441 4219 483 4268; x_wconf 89' lang='lat' dir='ltr'><strong>est</strong></span> <span class='ocrx_word' id='word_1_422' title='bbox 491 4217 604 4278; x_wconf 64' lang='lat' dir='ltr'><strong>videam,</strong></span> <span class='ocrx_word' id='word_1_423' title='bbox 617 4229 679 4268; x_wconf 88' lang='lat' dir='ltr'><strong>mox</strong></span> <span class='ocrx_word' id='word_1_424' title='bbox 690 4228 738 4280; x_wconf 90' lang='lat' dir='ltr'><strong>pro</strong></span> <span class='ocrx_word' id='word_1_425' title='bbox 749 4217 892 4281; x_wconf 75' lang='lat' dir='ltr'><strong>oppapsrori</strong></span> <span class='ocrx_word' id='word_1_426' title='bbox 903 4215 1075 4268; x_wconf 83' lang='lat' dir='ltr'><strong>scribendum</strong></span> <span class='ocrx_word' id='word_1_427' title='bbox 1085 4229 1246 4281; x_wconf 58' lang='lat' dir='ltr'><strong>oppansum</strong></span> <span class='ocrx_word' id='word_1_428' title='bbox 1259 4215 1356 4267; x_wconf 88' lang='lat' dir='ltr'><strong>deinde</strong></span> <span class='ocrx_word' id='word_1_429' title='bbox 1368 4218 1458 4267; x_wconf 87' lang='lat' dir='ltr'><strong>autem</strong></span> <span class='ocrx_word' id='word_1_430' title='bbox 1470 4227 1519 4282; x_wconf 87' lang='lat' dir='ltr'><strong>pro</strong></span> 
     </span>
    </p>
   </div>
   <div class='ocr_carea' id='block_1_6' title="bbox 193 4289 1641 4356">
    <p class='ocr_par' dir='ltr' id='par_1_7' title="bbox 193 4289 1641 4356">
     <span class='ocr_line' id='line_1_40' title="bbox 193 4289 1641 4356; baseline -0.002 -14"><span class='ocrx_word' id='word_1_431' title='bbox 193 4290 322 4354; x_wconf 76' lang='lat' dir='ltr'><strong>oppressis,</strong></span> <span class='ocrx_word' id='word_1_432' title='bbox 339 4290 386 4343; x_wconf 89' lang='lat' dir='ltr'><strong>ubi</strong></span> <span class='ocrx_word' id='word_1_433' title='bbox 397 4305 462 4344; x_wconf 89' lang='lat' dir='ltr'><strong>sane</strong></span> <span class='ocrx_word' id='word_1_434' title='bbox 474 4291 634 4345; x_wconf 78' lang='lat' dir='ltr'><strong>vocabulum</strong></span> <span class='ocrx_word' id='word_1_435' title='bbox 645 4290 750 4354; x_wconf 75' lang='lat' dir='ltr'><strong>exsistit,</strong></span> <span class='ocrx_word' id='word_1_436' title='bbox 769 4289 839 4342; x_wconf 86' lang='lat' dir='ltr'><strong>aliud</strong></span> <span class='ocrx_word' id='word_1_437' title='bbox 851 4291 1043 4356; x_wconf 88' lang='lat' dir='ltr'><strong>reponendum,</strong></span> <span class='ocrx_word' id='word_1_438' title='bbox 1061 4290 1111 4346; x_wconf 87' lang='lat' dir='ltr'><strong>sed</strong></span> <span class='ocrx_word' id='word_1_439' title='bbox 1127 4289 1205 4356; x_wconf 86' lang='lat' dir='ltr'><strong>piene</strong></span> <span class='ocrx_word' id='word_1_440' title='bbox 1217 4291 1339 4342; x_wconf 74' lang='lat' dir='ltr'><strong>conuerti</strong></span> <span class='ocrx_word' id='word_1_441' title='bbox 1353 4302 1462 4342; x_wconf 87' lang='lat' dir='ltr'><strong>sensus:</strong></span> <span class='ocrx_word' id='word_1_442' title='bbox 1478 4291 1520 4340; x_wconf 82' lang='lat' dir='ltr'><strong>ot-</strong></span> <span class='ocrx_word' id='word_1_443' title='bbox 1638 4294 1641 4302; x_wconf 86' lang='lat'>&#39;</span> 
     </span>
    </p>
   </div>
   <div class='ocr_carea' id='block_1_7' title="bbox 192 4364 1541 5250">
    <p class='ocr_par' dir='ltr' id='par_1_8' title="bbox 192 4364 1541 5250">
     <span class='ocr_line' id='line_1_41' title="bbox 193 4364 1520 4432; baseline -0.001 -16"><span class='ocrx_word' id='word_1_444' title='bbox 193 4364 302 4416; x_wconf 64' lang='lat' dir='ltr'><strong>melios</strong></span> <span class='ocrx_word' id='word_1_445' title='bbox 311 4364 434 4429; x_wconf 81' lang='lat' dir='ltr'><strong>arbitror,</strong></span> <span class='ocrx_word' id='word_1_446' title='bbox 446 4370 477 4419; x_wconf 89' lang='lat' dir='ltr'><strong>ut</strong></span> <span class='ocrx_word' id='word_1_447' title='bbox 486 4369 541 4419; x_wconf 85' lang='lat' dir='ltr'><strong>tota</strong></span> <span class='ocrx_word' id='word_1_448' title='bbox 554 4365 680 4432; x_wconf 84' lang='lat' dir='ltr'><strong>periodus</strong></span> <span class='ocrx_word' id='word_1_449' title='bbox 692 4365 730 4417; x_wconf 89' lang='lat' dir='ltr'><strong>sio</strong></span> <span class='ocrx_word' id='word_1_450' title='bbox 744 4365 885 4432; x_wconf 84' lang='lat' dir='ltr'><strong>procedat:</strong></span> <span class='ocrx_word' id='word_1_451' title='bbox 904 4365 1235 4418; x_wconf 77' lang='lat' dir='ltr'><strong>Dubtiobttis-aitod-oittt</strong></span> <span class='ocrx_word' id='word_1_452' title='bbox 1245 4366 1301 4430; x_wconf 75' lang='lat' dir='ltr'><strong>opi,</strong></span> <span class='ocrx_word' id='word_1_453' title='bbox 1312 4366 1362 4416; x_wconf 81' lang='lat' dir='ltr'><strong>nist</strong></span> <span class='ocrx_word' id='word_1_454' title='bbox 1371 4365 1520 4429; x_wconf 77' lang='lat' dir='ltr'><strong>ot-sspoto·</strong></span> 
     </span>
     <span class='ocr_line' id='line_1_42' title="bbox 192 4439 1541 4504; baseline -0.001 -14"><span class='ocrx_word' id='word_1_455' title='bbox 192 4451 234 4490; x_wconf 82' lang='lat' dir='ltr'><strong>res</strong></span> <span class='ocrx_word' id='word_1_456' title='bbox 244 4439 279 4490; x_wconf 83' lang='lat' dir='ltr'><strong>ed</strong></span> <span class='ocrx_word' id='word_1_457' title='bbox 292 4439 469 4503; x_wconf 72' lang='lat' dir='ltr'><strong>{sperandam</strong></span> <span class='ocrx_word' id='word_1_458' title='bbox 484 4443 559 4494; x_wconf 82' lang='lat' dir='ltr'><strong>eeiort</strong></span> <span class='ocrx_word' id='word_1_459' title='bbox 574 4442 637 4503; x_wconf 72' lang='lat' dir='ltr'><strong>dost,</strong></span> <span class='ocrx_word' id='word_1_460' title='bbox 654 4453 712 4492; x_wconf 86' lang='lat' dir='ltr'><strong>oum</strong></span> <span class='ocrx_word' id='word_1_461' title='bbox 721 4441 827 4491; x_wconf 68' lang='lat' dir='ltr'><strong>uideam</strong></span> <span class='ocrx_word' id='word_1_462' title='bbox 838 4453 879 4492; x_wconf 84' lang='lat' dir='ltr'><strong>eos</strong></span> <span class='ocrx_word' id='word_1_463' title='bbox 889 4453 1048 4504; x_wconf 75' lang='lat' dir='ltr'><strong>oppspeors,</strong></span> <span class='ocrx_word' id='word_1_464' title='bbox 1066 4439 1155 4502; x_wconf 66' lang='lat' dir='ltr'><strong>ambro</strong></span> <span class='ocrx_word' id='word_1_465' title='bbox 1163 4439 1297 4490; x_wconf 60' lang='lat' dir='ltr'><strong>murtiae</strong></span> <span class='ocrx_word' id='word_1_466' title='bbox 1306 4441 1333 4490; x_wconf 85' lang='grc' dir='ltr'><strong>Ρ.</strong></span> <span class='ocrx_word' id='word_1_467' title='bbox 1346 4440 1375 4490; x_wconf 88' lang='lat' dir='ltr'><strong>ii.</strong></span> <span class='ocrx_word' id='word_1_468' title='bbox 1387 4439 1521 4502; x_wconf 66' lang='lat' dir='ltr'><strong>soporem</strong></span> <span class='ocrx_word' id='word_1_469' title='bbox 1539 4491 1541 4496; x_wconf 73' lang='grc'>,</span> 
     </span>
     <span class='ocr_line' id='line_1_43' title="bbox 192 4509 1520 4582; baseline -0.002 -16"><span class='ocrx_word' id='word_1_470' title='bbox 192 4515 315 4568; x_wconf 72' lang='lat' dir='ltr'><strong>imolam</strong></span> <span class='ocrx_word' id='word_1_471' title='bbox 330 4529 379 4569; x_wconf 84' lang='lat' dir='ltr'><strong>esse</strong></span> <span class='ocrx_word' id='word_1_472' title='bbox 393 4531 445 4569; x_wconf 82' lang='lat' dir='ltr'><strong>noo</strong></span> <span class='ocrx_word' id='word_1_473' title='bbox 458 4520 561 4582; x_wconf 62' lang='lat' dir='ltr'><strong>poem.»</strong></span> <span class='ocrx_word' id='word_1_474' title='bbox 579 4519 700 4569; x_wconf 77' lang='lat' dir='ltr'><strong>Faernus.</strong></span> <span class='ocrx_word' id='word_1_475' title='bbox 726 4517 823 4568; x_wconf 87' lang='lat' dir='ltr'><strong>Contra</strong></span> <span class='ocrx_word' id='word_1_476' title='bbox 839 4516 966 4568; x_wconf 87' lang='lat' dir='ltr'><strong>Orellius:</strong></span> <span class='ocrx_word' id='word_1_477' title='bbox 986 4518 1122 4568; x_wconf 75' lang='lat' dir='ltr'><strong>«Nimium</strong></span> <span class='ocrx_word' id='word_1_478' title='bbox 1139 4519 1266 4582; x_wconf 85' lang='lat' dir='ltr'><strong>quantum</strong></span> <span class='ocrx_word' id='word_1_479' title='bbox 1283 4511 1358 4566; x_wconf 77' lang='lat' dir='ltr'><strong>nasot</strong></span> <span class='ocrx_word' id='word_1_480' title='bbox 1375 4509 1426 4566; x_wconf 77' lang='grc' dir='ltr'><strong>τὸν</strong></span> <span class='ocrx_word' id='word_1_481' title='bbox 1442 4511 1520 4581; x_wconf 83' lang='grc' dir='ltr'><strong><em>λογι-</em></strong></span> 
     </span>
     <span class='ocr_line' id='line_1_44' title="bbox 193 4585 1520 4658; baseline -0.002 -16"><span class='ocrx_word' id='word_1_482' title='bbox 193 4585 248 4642; x_wconf 78' lang='grc' dir='ltr'><strong>κὸν</strong></span> <span class='ocrx_word' id='word_1_483' title='bbox 268 4585 360 4644; x_wconf 68' lang='grc' dir='ltr'><strong><em>τόπον</em></strong></span> <span class='ocrx_word' id='word_1_484' title='bbox 375 4595 472 4658; x_wconf 84' lang='lat' dir='ltr'><strong>peceat</strong></span> <span class='ocrx_word' id='word_1_485' title='bbox 493 4595 524 4645; x_wconf 88' lang='lat' dir='ltr'><strong>N.</strong></span> <span class='ocrx_word' id='word_1_486' title='bbox 543 4594 710 4653; x_wconf 76' lang='lat' dir='ltr'><strong>coniectura,</strong></span> <span class='ocrx_word' id='word_1_487' title='bbox 732 4605 784 4643; x_wconf 89' lang='lat' dir='ltr'><strong>nee</strong></span> <span class='ocrx_word' id='word_1_488' title='bbox 807 4590 913 4643; x_wconf 88' lang='lat' dir='ltr'><strong>delendi</strong></span> <span class='ocrx_word' id='word_1_489' title='bbox 935 4591 1017 4642; x_wconf 89' lang='lat' dir='ltr'><strong>dohet</strong></span> <span class='ocrx_word' id='word_1_490' title='bbox 1033 4605 1066 4642; x_wconf 84' lang='lat' dir='ltr'><strong>ex</strong></span> <span class='ocrx_word' id='word_1_491' title='bbox 1087 4592 1160 4642; x_wconf 87' lang='lat' dir='ltr'><strong>initio</strong></span> <span class='ocrx_word' id='word_1_492' title='bbox 1176 4592 1255 4642; x_wconf 86' lang='lat' dir='ltr'><strong>huius</strong></span> <span class='ocrx_word' id='word_1_493' title='bbox 1271 4591 1373 4656; x_wconf 87' lang='lat' dir='ltr'><strong>eapitis.</strong></span> <span class='ocrx_word' id='word_1_494' title='bbox 1399 4587 1520 4640; x_wconf 85' lang='lat' dir='ltr'><strong>Fortibus</strong></span> 
     </span>
     <span class='ocr_line' id='line_1_45' title="bbox 194 4664 1522 4732; baseline -0.002 -16"><span class='ocrx_word' id='word_1_495' title='bbox 194 4664 322 4728; x_wconf 76' lang='lat' dir='ltr'><strong>ducibus,</strong></span> <span class='ocrx_word' id='word_1_496' title='bbox 340 4667 425 4732; x_wconf 82' lang='lat' dir='ltr'><strong>qualis</strong></span> <span class='ocrx_word' id='word_1_497' title='bbox 441 4668 528 4720; x_wconf 86' lang='lat' dir='ltr'><strong>iuerat</strong></span> <span class='ocrx_word' id='word_1_498' title='bbox 543 4668 675 4729; x_wconf 84' lang='lat' dir='ltr'><strong>Fonteius,</strong></span> <span class='ocrx_word' id='word_1_499' title='bbox 694 4681 743 4732; x_wconf 88' lang='lat' dir='ltr'><strong>per</strong></span> <span class='ocrx_word' id='word_1_500' title='bbox 760 4681 841 4730; x_wconf 86' lang='lat' dir='ltr'><strong>quem</strong></span> <span class='ocrx_word' id='word_1_501' title='bbox 858 4679 881 4717; x_wconf 91' lang='lat' dir='ltr'><strong>o.</strong></span> <span class='ocrx_word' id='word_1_502' title='bbox 894 4667 919 4718; x_wconf 75' lang='grc' dir='ltr'><strong>Ξ.</strong></span> <span class='ocrx_word' id='word_1_503' title='bbox 938 4665 1025 4717; x_wconf 87' lang='lat' dir='ltr'><strong>coloni</strong></span> <span class='ocrx_word' id='word_1_504' title='bbox 1042 4668 1121 4718; x_wconf 89' lang='lat' dir='ltr'><strong>etiam</strong></span> <span class='ocrx_word' id='word_1_505' title='bbox 1137 4666 1325 4718; x_wconf 86' lang='lat' dir='ltr'><strong>Narbonenses</strong></span> <span class='ocrx_word' id='word_1_506' title='bbox 1342 4678 1372 4717; x_wconf 90' lang='lat' dir='ltr'><strong>se</strong></span> <span class='ocrx_word' id='word_1_507' title='bbox 1388 4665 1522 4715; x_wconf 77' lang='lat' dir='ltr'><strong>incolumes</strong></span> 
     </span>
     <span class='ocr_line' id='line_1_46' title="bbox 194 4740 1520 4807; baseline -0.004 -14"><span class='ocrx_word' id='word_1_508' title='bbox 194 4740 380 4794; x_wconf 82' lang='lat' dir='ltr'><strong>existimabant</strong></span> <span class='ocrx_word' id='word_1_509' title='bbox 395 4754 468 4806; x_wconf 87' lang='lat' dir='ltr'><strong>essa,</strong></span> <span class='ocrx_word' id='word_1_510' title='bbox 486 4741 597 4807; x_wconf 88' lang='lat' dir='ltr'><strong>talibus,</strong></span> <span class='ocrx_word' id='word_1_511' title='bbox 616 4743 739 4806; x_wconf 87' lang='lat' dir='ltr'><strong>inquam,</strong></span> <span class='ocrx_word' id='word_1_512' title='bbox 757 4744 891 4807; x_wconf 85' lang='lat' dir='ltr'><strong>oppressis</strong></span> <span class='ocrx_word' id='word_1_513' title='bbox 907 4742 1049 4807; x_wconf 87' lang='lat' dir='ltr'><strong>imperium</strong></span> <span class='ocrx_word' id='word_1_514' title='bbox 1065 4742 1153 4806; x_wconf 88' lang='lat' dir='ltr'><strong>ipsum</strong></span> <span class='ocrx_word' id='word_1_515' title='bbox 1169 4745 1198 4793; x_wconf 87' lang='lat' dir='ltr'><strong>P.</strong></span> <span class='ocrx_word' id='word_1_516' title='bbox 1211 4743 1239 4792; x_wconf 90' lang='lat' dir='ltr'><strong>ii.</strong></span> <span class='ocrx_word' id='word_1_517' title='bbox 1251 4740 1384 4793; x_wconf 88' lang='lat' dir='ltr'><strong>incolume</strong></span> <span class='ocrx_word' id='word_1_518' title='bbox 1395 4753 1456 4791; x_wconf 87' lang='lat' dir='ltr'><strong>esse</strong></span> <span class='ocrx_word' id='word_1_519' title='bbox 1468 4751 1520 4789; x_wconf 91' lang='lat' dir='ltr'><strong>non</strong></span> 
     </span>
     <span class='ocr_line' id='line_1_47' title="bbox 193 4814 1519 4884; baseline -0.004 -17"><span class='ocrx_word' id='word_1_520' title='bbox 193 4819 307 4884; x_wconf 87' lang='lat' dir='ltr'><strong>poterat.</strong></span> <span class='ocrx_word' id='word_1_521' title='bbox 333 4817 484 4870; x_wconf 84' lang='lat' dir='ltr'><strong>viatoribus</strong></span> <span class='ocrx_word' id='word_1_522' title='bbox 501 4818 578 4870; x_wconf 88' lang='lat' dir='ltr'><strong>Gallis</strong></span> <span class='ocrx_word' id='word_1_523' title='bbox 594 4817 658 4870; x_wconf 89' lang='lat' dir='ltr'><strong>illud</strong></span> <span class='ocrx_word' id='word_1_524' title='bbox 677 4817 809 4869; x_wconf 85' lang='lat' dir='ltr'><strong>incolume</strong></span> <span class='ocrx_word' id='word_1_525' title='bbox 827 4831 880 4869; x_wconf 87' lang='lat' dir='ltr'><strong>non</strong></span> <span class='ocrx_word' id='word_1_526' title='bbox 897 4818 966 4878; x_wconf 90' lang='lat' dir='ltr'><strong>iore,</strong></span> <span class='ocrx_word' id='word_1_527' title='bbox 993 4815 1069 4879; x_wconf 85' lang='lat' dir='ltr'><strong>quid,</strong></span> <span class='ocrx_word' id='word_1_528' title='bbox 1097 4828 1209 4880; x_wconf 83' lang='lat' dir='ltr'><strong>quaeso,</strong></span> <span class='ocrx_word' id='word_1_529' title='bbox 1236 4815 1365 4866; x_wconf 87' lang='lat' dir='ltr'><strong>attinebat</strong></span> <span class='ocrx_word' id='word_1_530' title='bbox 1386 4814 1519 4864; x_wconf 79' lang='lat' dir='ltr'><strong>dioerai»</strong></span> 
     </span>
     <span class='ocr_line' id='line_1_48' title="bbox 194 4890 1522 4964; baseline -0.002 -23"><span class='ocrx_word' id='word_1_531' title='bbox 194 4892 329 4943; x_wconf 80' lang='lat' dir='ltr'><strong>Lacunam</strong></span> <span class='ocrx_word' id='word_1_532' title='bbox 346 4893 426 4945; x_wconf 86' lang='lat' dir='ltr'><strong>statui</strong></span> <span class='ocrx_word' id='word_1_533' title='bbox 443 4905 505 4964; x_wconf 81' lang='lat' dir='ltr'><strong>epm</strong></span> <span class='ocrx_word' id='word_1_534' title='bbox 521 4893 706 4955; x_wconf 83' lang='lat' dir='ltr'><strong>Mommsenio,</strong></span> <span class='ocrx_word' id='word_1_535' title='bbox 725 4893 768 4944; x_wconf 85' lang='lat' dir='ltr'><strong>oui</strong></span> <span class='ocrx_word' id='word_1_536' title='bbox 785 4892 852 4943; x_wconf 85' lang='lat' dir='ltr'><strong>haee</strong></span> <span class='ocrx_word' id='word_1_537' title='bbox 869 4891 924 4943; x_wconf 88' lang='lat' dir='ltr'><strong>iere</strong></span> <span class='ocrx_word' id='word_1_538' title='bbox 935 4890 1059 4941; x_wconf 82' lang='lat' dir='ltr'><strong>videntur</strong></span> <span class='ocrx_word' id='word_1_539' title='bbox 1070 4890 1179 4942; x_wconf 87' lang='lat' dir='ltr'><strong>deesse:</strong></span> <span class='ocrx_word' id='word_1_540' title='bbox 1199 4904 1255 4942; x_wconf 81' lang='lat' dir='ltr'><strong>oum</strong></span> <span class='ocrx_word' id='word_1_541' title='bbox 1270 4890 1375 4942; x_wconf 82' lang='lat' dir='ltr'><strong>videatis</strong></span> <span class='ocrx_word' id='word_1_542' title='bbox 1390 4901 1431 4940; x_wconf 82' lang='lat' dir='ltr'><strong>sos</strong></span> <span class='ocrx_word' id='word_1_543' title='bbox 1441 4901 1522 4951; x_wconf 82' lang='lat' dir='ltr'><strong>oppo-</strong></span> 
     </span>
     <span class='ocr_line' id='line_1_49' title="bbox 194 4963 1518 5033; baseline -0.005 -13"><span class='ocrx_word' id='word_1_544' title='bbox 194 4981 289 5032; x_wconf 77' lang='lat' dir='ltr'><strong>psors,</strong></span> <span class='ocrx_word' id='word_1_545' title='bbox 306 4967 396 5030; x_wconf 75' lang='lat' dir='ltr'><strong>quoru</strong></span> <span class='ocrx_word' id='word_1_546' title='bbox 410 4969 536 5033; x_wconf 79' lang='lat' dir='ltr'><strong>torporata</strong></span> <span class='ocrx_word' id='word_1_547' title='bbox 550 4969 600 5018; x_wconf 80' lang='lat' dir='ltr'><strong>sint</strong></span> <span class='ocrx_word' id='word_1_548' title='bbox 613 4981 658 5030; x_wconf 85' lang='lat' dir='ltr'><strong>eo,</strong></span> <span class='ocrx_word' id='word_1_549' title='bbox 676 4968 729 5019; x_wconf 83' lang='lat' dir='ltr'><strong>stne</strong></span> <span class='ocrx_word' id='word_1_550' title='bbox 738 4967 826 5032; x_wconf 58' lang='lat' dir='ltr'><strong>wisa</strong></span> <span class='ocrx_word' id='word_1_551' title='bbox 839 4965 964 5030; x_wconf 85' lang='lat' dir='ltr'><strong>populiii.</strong></span> <span class='ocrx_word' id='word_1_552' title='bbox 977 4966 1110 5028; x_wconf 83' lang='lat' dir='ltr'><strong>imparium</strong></span> <span class='ocrx_word' id='word_1_553' title='bbox 1124 4966 1246 5018; x_wconf 65' lang='lat' dir='ltr'><strong>maiorne</strong></span> <span class='ocrx_word' id='word_1_554' title='bbox 1261 4977 1312 5017; x_wconf 84' lang='lat' dir='ltr'><strong>esse</strong></span> <span class='ocrx_word' id='word_1_555' title='bbox 1326 4977 1377 5014; x_wconf 84' lang='lat' dir='ltr'><strong>noo</strong></span> <span class='ocrx_word' id='word_1_556' title='bbox 1389 4963 1476 5026; x_wconf 81' lang='lat' dir='ltr'><strong>possit.</strong></span> <span class='ocrx_word' id='word_1_557' title='bbox 1491 4990 1518 5000; x_wconf 93' lang='lat'>-</span> 
     </span>
     <span class='ocr_line' id='line_1_50' title="bbox 196 5037 1518 5106; baseline -0.004 -15"><span class='ocrx_word' id='word_1_558' title='bbox 196 5041 236 5093; x_wconf 87' lang='lat' dir='ltr'><strong>i9.</strong></span> <span class='ocrx_word' id='word_1_559' title='bbox 254 5043 390 5096; x_wconf 72' lang='lat' dir='ltr'><strong>tomitanos</strong></span> <span class='ocrx_word' id='word_1_560' title='bbox 404 5045 437 5095; x_wconf 87' lang='lat' dir='ltr'><strong>V.</strong></span> <span class='ocrx_word' id='word_1_561' title='bbox 456 5069 484 5081; x_wconf 91' lang='lat'><em>-</em></span> <span class='ocrx_word' id='word_1_562' title='bbox 502 5044 544 5095; x_wconf 80' lang='lat' dir='ltr'><strong>ii.</strong></span> <span class='ocrx_word' id='word_1_563' title='bbox 562 5043 702 5094; x_wconf 61' lang='lat' dir='ltr'><strong>mammons</strong></span> <span class='ocrx_word' id='word_1_564' title='bbox 718 5043 749 5094; x_wconf 92' lang='lat' dir='ltr'><strong>V.</strong></span> <span class='ocrx_word' id='word_1_565' title='bbox 770 5069 798 5078; x_wconf 89' lang='lat'><em>-</em></span> <span class='ocrx_word' id='word_1_566' title='bbox 815 5041 858 5094; x_wconf 75' lang='lat'><strong>23.</strong></span> <span class='ocrx_word' id='word_1_567' title='bbox 876 5047 911 5093; x_wconf 85' lang='lat' dir='ltr'><strong>ssi</strong></span> <span class='ocrx_word' id='word_1_568' title='bbox 926 5041 958 5106; x_wconf 85' lang='lat' dir='ltr'><strong>ei]</strong></span> <span class='ocrx_word' id='word_1_569' title='bbox 976 5047 1036 5092; x_wconf 84' lang='lat' dir='ltr'><strong>esset</strong></span> <span class='ocrx_word' id='word_1_570' title='bbox 1052 5041 1082 5100; x_wconf 84' lang='lat' dir='ltr'><strong>V,</strong></span> <span class='ocrx_word' id='word_1_571' title='bbox 1101 5047 1161 5092; x_wconf 85' lang='lat' dir='ltr'><strong>esset</strong></span> <span class='ocrx_word' id='word_1_572' title='bbox 1177 5047 1200 5093; x_wconf 84' lang='lat' dir='ltr'><strong>ei</strong></span> <span class='ocrx_word' id='word_1_573' title='bbox 1216 5043 1242 5092; x_wconf 88' lang='lat' dir='ltr'><strong>S.</strong></span> <span class='ocrx_word' id='word_1_574' title='bbox 1263 5067 1290 5077; x_wconf 93' lang='lat'>-</span> <span class='ocrx_word' id='word_1_575' title='bbox 1305 5039 1433 5102; x_wconf 71' lang='lat' dir='ltr'><strong>praelim</strong></span> <span class='ocrx_word' id='word_1_576' title='bbox 1448 5037 1479 5089; x_wconf 88' lang='lat' dir='ltr'><strong>V.</strong></span> <span class='ocrx_word' id='word_1_577' title='bbox 1491 5065 1518 5074; x_wconf 94' lang='lat'>-</span> 
     </span>
     <span class='ocr_line' id='line_1_51' title="bbox 194 5113 1519 5184; baseline -0.005 -16"><span class='ocrx_word' id='word_1_578' title='bbox 194 5115 236 5168; x_wconf 76' lang='lat' dir='ltr'><strong>ii.</strong></span> <span class='ocrx_word' id='word_1_579' title='bbox 254 5123 279 5170; x_wconf 84' lang='lat' dir='ltr'><strong>si</strong></span> <span class='ocrx_word' id='word_1_580' title='bbox 294 5119 497 5184; x_wconf 73' lang='lat' dir='ltr'><strong>opprobois&#39;om</strong></span> <span class='ocrx_word' id='word_1_581' title='bbox 512 5120 544 5170; x_wconf 91' lang='lat' dir='ltr'><strong>V.</strong></span> <span class='ocrx_word' id='word_1_582' title='bbox 564 5147 593 5157; x_wconf 95' lang='lat'>-</span> <span class='ocrx_word' id='word_1_583' title='bbox 610 5119 651 5170; x_wconf 77' lang='lat' dir='ltr'><strong>ss.</strong></span> <span class='ocrx_word' id='word_1_584' title='bbox 669 5125 727 5170; x_wconf 82' lang='lat' dir='ltr'><strong>suot</strong></span> <span class='ocrx_word' id='word_1_585' title='bbox 742 5119 767 5171; x_wconf 84' lang='lat' dir='ltr'><strong>S.</strong></span> <span class='ocrx_word' id='word_1_586' title='bbox 786 5143 813 5154; x_wconf 92' lang='lat'>-</span> <span class='ocrx_word' id='word_1_587' title='bbox 832 5119 955 5182; x_wconf 77' lang='lat' dir='ltr'><strong>dsaopore</strong></span> <span class='ocrx_word' id='word_1_588' title='bbox 971 5119 996 5167; x_wconf 88' lang='lat' dir='ltr'><strong>S.</strong></span> <span class='ocrx_word' id='word_1_589' title='bbox 1015 5143 1043 5153; x_wconf 94' lang='lat'><em>-</em></span> <span class='ocrx_word' id='word_1_590' title='bbox 1061 5117 1103 5167; x_wconf 77' lang='lat' dir='ltr'><strong>ii.</strong></span> <span class='ocrx_word' id='word_1_591' title='bbox 1120 5117 1197 5180; x_wconf 69' lang='lat' dir='ltr'><strong>sonte</strong></span> <span class='ocrx_word' id='word_1_592' title='bbox 1211 5117 1241 5168; x_wconf 90' lang='lat' dir='ltr'><strong>V.</strong></span> <span class='ocrx_word' id='word_1_593' title='bbox 1264 5141 1291 5151; x_wconf 83' lang='lat'>-</span> <span class='ocrx_word' id='word_1_594' title='bbox 1309 5113 1351 5164; x_wconf 73' lang='lat'><strong>28.</strong></span> <span class='ocrx_word' id='word_1_595' title='bbox 1368 5113 1431 5163; x_wconf 84' lang='lat' dir='ltr'><strong>troii</strong></span> <span class='ocrx_word' id='word_1_596' title='bbox 1445 5113 1477 5164; x_wconf 91' lang='lat' dir='ltr'><strong>V.</strong></span> <span class='ocrx_word' id='word_1_597' title='bbox 1491 5137 1519 5149; x_wconf 85' lang='lat'><strong>-</strong></span> 
     </span>
     <span class='ocr_line' id='line_1_52' title="bbox 195 5189 1503 5250; baseline -0.004 -3"><span class='ocrx_word' id='word_1_598' title='bbox 195 5190 237 5244; x_wconf 81' lang='lat'><strong>3⁰.</strong></span> <span class='ocrx_word' id='word_1_599' title='bbox 254 5192 324 5246; x_wconf 67' lang='lat' dir='ltr'><strong>mors</strong></span> <span class='ocrx_word' id='word_1_600' title='bbox 340 5195 455 5250; x_wconf 74' lang='lat' dir='ltr'><strong>domitos</strong></span> <span class='ocrx_word' id='word_1_601' title='bbox 469 5195 502 5248; x_wconf 92' lang='lat' dir='ltr'><strong>V.</strong></span> <span class='ocrx_word' id='word_1_602' title='bbox 517 5222 544 5235; x_wconf 95' lang='lat'>-</span> <span class='ocrx_word' id='word_1_603' title='bbox 561 5195 657 5247; x_wconf 75' lang='lat' dir='ltr'><strong>mouit</strong></span> <span class='ocrx_word' id='word_1_604' title='bbox 673 5195 837 5248; x_wconf 83' lang='lat' dir='ltr'><strong>Hotomanus</strong></span> <span class='ocrx_word' id='word_1_605' title='bbox 854 5194 882 5244; x_wconf 88' lang='lat' dir='ltr'><strong>ei</strong></span> <span class='ocrx_word' id='word_1_606' title='bbox 897 5193 1027 5246; x_wconf 81' lang='lat' dir='ltr'><strong>Faernus:</strong></span> <span class='ocrx_word' id='word_1_607' title='bbox 1045 5193 1145 5246; x_wconf 68' lang='lat' dir='ltr'><strong>musea</strong></span> <span class='ocrx_word' id='word_1_608' title='bbox 1160 5193 1216 5245; x_wconf 87' lang='lat' dir='ltr'><strong>VS.</strong></span> <span class='ocrx_word' id='word_1_609' title='bbox 1233 5218 1260 5229; x_wconf 94' lang='lat'>-</span> <span class='ocrx_word' id='word_1_610' title='bbox 1279 5191 1320 5242; x_wconf 82' lang='lat' dir='ltr'><strong>ai.</strong></span> <span class='ocrx_word' id='word_1_611' title='bbox 1338 5189 1456 5242; x_wconf 66' lang='lat' dir='ltr'><strong>Baition</strong></span> <span class='ocrx_word' id='word_1_612' title='bbox 1472 5190 1503 5242; x_wconf 94' lang='lat' dir='ltr'><strong>V.</strong></span> 
     </span>
    </p>
   </div>
   <div class='ocr_carea' id='block_1_8' title="bbox 0 0 1810 5860">
    <p class='ocr_par' dir='ltr' id='par_1_9' title="bbox 0 0 1810 5860">
     <span class='ocr_line' id='line_1_53' title="bbox 0 0 1810 5860; baseline 0 0"><span class='ocrx_word' id='word_1_613' title='bbox 0 0 1810 5860; x_wconf 95' lang='lat' dir='ltr'><strong> </strong></span> 
     </span>
    </p>
   </div>
  </div>
 </body>
</html>
