3578 5862
92 1137 164 1236 *22

296 391 359 460 656
488 393 640 459 ORATIO
661 394 740 460 Pho
765 395 798 459 C.
820 394 984 461 RABIRIO
1015 393 1089 464 Car.
1110 397 1181 462 XII.
1206 395 1263 483 35.
1284 395 1434 464 36-38.

296 569 343 630 rei
367 566 502 649 pohiiece
533 583 621 647 spem
652 562 822 641 libertatis,
852 585 937 648 spem
966 566 1091 643 salutis,
1126 589 1216 652 spem
1244 569 1411 652 diffinitatis.
1461 566 1512 633 35.
1545 569 1642 648 Quid

294 663 449 742 tacerem,
480 659 506 722 si
537 660 573 722 Τ.
596 659 751 723 Labienus
780 661 906 724 eaedem
934 661 1051 725 civium
1075 663 1212 743 fecisset,
1244 671 1279 726 ut
1307 664 1342 725 L.
1365 664 1565 737 Saturninus,
1599 663 1637 726 si

298 774 455 818 carcerem
477 754 672 836 resreps'sset,
699 755 725 818 si
749 755 936 840 Capitolium
961 776 1028 819 eum
1054 758 1183 820 ormchs
1203 758 1433 838 occupavisset?
1475 758 1636 820 Facerem

298 850 391 920 idem,
414 848 495 931 preod
518 847 551 911 C.
574 851 693 913 Marius
714 850 805 914 iecit:
826 852 867 914 cd
889 855 1032 913 senatum
1053 851 1219 930 referrem,
1241 870 1297 914 vos
1319 850 1359 914 ad
1383 849 1634 934 rempublicam

274 942 522 1026 edesendundam
546 945 739 1021 cohortarer,
761 952 898 1008 armatus
919 944 981 1025 ipse
1002 943 1165 1008 vobiscum
1179 953 1295 1006 ermcto
1310 944 1505 1008 obsisterem.
1536 944 1634 1006 Nreec

299 1037 451 1123 quoniam
471 1057 631 1100 armorum
657 1039 795 1123 suspicio
823 1037 910 1102 nulle
941 1044 1004 1113 est,
1038 1037 1101 1100 teia
1127 1058 1192 1101 non
1223 1037 1434 1116 rideo,(non
1464 1037 1528 1112 ris,
1560 1057 1632 1099 non

296 1132 428 1206 caedes,
450 1151 513 1195 non
537 1119 801 1218 Capitolii)atque
823 1132 900 1195 arcis
911 1119 1066 1224 (obsessio
1089 1113 1172 1220 episi
1181 1132 1236 1197 sed
1258 1133 1416 1197 accusatio
1437 1132 1631 1214 perniciosa,

298 1226 450 1290 iudicium
470 1209 638 1306 acerbum)
657 1247 709 1290 res
731 1234 796 1290 tota
818 1248 837 1292 a
857 1226 985 1290 tribuno
1005 1227 1049 1309 pl.
1073 1232 1219 1309 suscepta
1240 1235 1350 1290 eontra
1369 1245 1435 1288 rem
1456 1226 1628 1308 publicam,

299 1341 363 1384 non
384 1341 442 1385 vos
464 1319 504 1384 ad
526 1341 612 1384 arma
632 1322 789 1386 vocandos
809 1343 887 1395 esse,
921 1339 1025 1383 cerem
1046 1321 1085 1383 ad
1112 1321 1261 1404 sutfragia
1282 1319 1494 1384 cohortandos
1516 1329 1627 1385 contra

260 1423 289 1472 tc
300 1415 567 1500 oppugnationem
588 1423 711 1479 vestrae
733 1415 905 1480 maiestatis
932 1418 1050 1498 putavi.
1094 1415 1205 1499 Itaque
1235 1435 1320 1478 nunc
1345 1435 1402 1478 vos
1431 1434 1540 1478 omnes
1568 1433 1624 1476 oro

298 1519 393 1594 atque
416 1511 558 1574 obtestor
578 1510 766 1594 hortorque:
792 1511 923 1575 nonita
944 1530 1011 1574 mos
1034 1517 1099 1586 est,
1122 1510 1299 1585 consulem,
1329 1529 1400 1572 cum
1422 1529 1455 1572 es
1478 1505 1559 1544 *Η
1574 1507 1592 1540 ¹*
1606 1507 1622 1540 s

381 1601 433 1666 36.
457 1603 475 1638 *
491 1603 510 1636 *
532 1605 635 1667 timet:
668 1605 722 1688 qui
743 1605 838 1668 hasce
868 1623 922 1667 ore
950 1604 1082 1668 adverso
1111 1624 1169 1688 pro
1196 1624 1231 1667 re
1253 1603 1379 1688 publica
1400 1603 1562 1667 cicatrices
1588 1623 1625 1666 ac

298 1707 389 1764 nome
411 1698 536 1763 virtutis
557 1699 696 1782 accepit,
719 1699 746 1762 is
768 1719 809 1762 ne
832 1698 918 1783 quod
941 1699 1075 1781 accipiat
1094 1697 1197 1762 famae
1212 1697 1328 1761 vulnus
1350 1700 1373 1779 †
1395 1697 1623 1784 perhorrescit:

298 1815 394 1877 quem
416 1812 588 1877 numquam
617 1794 816 1857 incursiones
843 1793 981 1857 bostium
1012 1792 1082 1855 loco
1112 1813 1239 1857 morere
1266 1799 1459 1877 potuerunt,
1487 1792 1514 1856 is
1542 1812 1625 1855 nunc

264 1888 449 1973 ttimpetunr
472 1887 604 1962 civium,
626 1887 677 1950 eui
698 1887 874 1952 necessario
896 1886 1072 1950 cedendum
1095 1895 1158 1962 est,
1180 1885 1404 1970 perhorrescit
1441 1884 1493 1949 37.
1514 1889 1623 1972 Neque

298 2001 317 2046 a
338 1981 428 2045 vobis
449 1981 512 2044 iam
534 1981 615 2045 bene
636 1983 776 2057 vivendi,
799 1981 856 2046 sed
876 1981 1010 2045 honeste
1031 1981 1186 2047 moriendi
1206 1980 1388 2045 facultatem
1401 1981 1497 2065 petit:
1519 2002 1624 2066 neque

286 2079 361 2139 ‘tam
382 2084 416 2141 ct
437 2077 532 2141 domo
554 2096 612 2140 sua
633 2076 770 2152 truatur,
800 2095 896 2160 quam
918 2096 958 2139 ne
979 2075 1082 2159 patrio
1110 2074 1280 2160 sepulchro
1307 2075 1464 2160 privetur,
1491 2075 1623 2141 laborat.

296 2171 384 2235 Nihil
406 2171 490 2235 aliud
510 2170 572 2233 iam
593 2190 649 2234 vos
679 2178 748 2234 orat
777 2178 874 2256 atque
901 2171 1052 2245 obsecrat,
1082 2169 1144 2234 nisi
1173 2169 1220 2232 uti
1242 2189 1279 2232 ne
1300 2187 1331 2231 se
1351 2168 1494 2251 legitimo
1518 2169 1623 2234 funere

298 2273 325 2326 et
346 2265 520 2328 domestice
540 2273 636 2328 morte
663 2265 812 2350 privetis;
842 2273 878 2328 ut
908 2285 998 2338 eum,
1029 2264 1081 2346 poi
1108 2283 1167 2347 pro
1194 2262 1297 2346 patrie
1326 2263 1444 2326 eutium
1474 2285 1623 2349 umquam

261 2360 407 2423 somortis
422 2358 596 2440 periculum
617 2358 714 2442 tagit,
736 2361 770 2422 irs
790 2359 893 2442 patria
914 2358 994 2421 mori
1017 2359 1187 2442 patiamini.

383 2450 434 2514 38.
462 2452 536 2515 Dixi
559 2453 598 2516 ad
620 2453 652 2515 id
675 2461 816 2538 tempus,
846 2453 927 2537 qood
956 2451 1033 2515 mibi
1056 2471 1075 2515 a
1097 2451 1223 2515 tribuno
1251 2452 1294 2536 pl.
1316 2453 1532 2536 praestitutum
1562 2462 1623 2517 est:

299 2547 430 2612 anobis
445 2555 515 2628 peto
537 2566 738 2631 quaesoque,
769 2555 805 2611 ut
825 2547 905 2610 barse
934 2566 1029 2610 eseam
1061 2545 1271 2609 defensionem
1292 2566 1350 2629 pro
1373 2547 1466 2610 amici
1488 2547 1625 2631 periente

294 2641 440 2723 fidelem,
460 2661 518 2724 pro
541 2640 587 2702 rei
609 2641 755 2724 publicae
778 2641 875 2705 salute
896 2640 1096 2705 consularem
1118 2641 1240 2723 putetis.

258 2851 287 2900 st
382 2820 506 2882 Servius
526 2819 565 2881 cd
591 2819 674 2900 terp.
699 2818 774 2881 Aere.
797 2820 829 2893 1,
862 2815 917 2882 ts:
949 2819 1052 2883 Cicero
1067 2837 1128 2901 pro
1150 2820 1290 2882 Rabirio:
1325 2827 1449 2883 etcum
1478 2820 1624 2886 universo

295 2913 416 3000 populo
438 2914 599 2988 Romano,
621 2919 688 2976 tum
710 2932 785 2977 vero
809 2914 947 2998 equestri
969 2912 1073 2976 ordini
1095 2913 1189 2996 longe
1212 2913 1403 2978 carissimus.

361 3184 386 3238 i.
405 3187 471 3236 idem
488 3185 594 3249 scripsi:
613 3185 639 3234 id
655 3183 731 3235 Nieb.
751 3186 778 3234 et
793 3185 823 3234 0.
852 3182 918 3234 illud
939 3197 1000 3235 cum
1020 3198 1050 3235 re
1073 3185 1143 3249 ipse,
1167 3185 1224 3234 tum
1246 3186 1330 3248 spatio
1348 3197 1433 3236 vacuo
1450 3188 1533 3249 magis
1551 3199 1622 3238 scm·

297 3263 447 3314 mendatur.
467 3286 494 3296 -
513 3261 570 3326 tecit
587 3259 678 3311 Nieb:
707 3271 755 3323 ego
773 3258 863 3310 malim
881 3259 983 3323 [cocat.
1003 3286 1030 3295 -
1050 3261 1074 3310 5.
1094 3260 1274 3323 desmduodcm
1291 3261 1322 3309 P:
1349 3260 1525 3324 tefordensem
1542 3262 1570 3310 0.
1592 3289 1618 3297 -

295 3339 320 3388 6.
339 3339 431 3388 ouhmt
449 3339 475 3388 P.
497 3360 524 3371 -
543 3336 567 3385 7.
586 3335 711 3386 ohseshost
727 3337 756 3385 P.
776 3360 803 3370 -
823 3335 847 3385 8.
865 3335 911 3384 Ph.
931 3336 963 3384 P:
986 3333 1063 3396 piebis
1079 3335 1112 3396 0,
1135 3337 1162 3385 et
1183 3337 1222 3385 sic
1244 3335 1308 3385 item
1329 3348 1354 3384 v.
1373 3338 1415 3386 et.
1435 3363 1462 3372 -
1484 3343 1621 3399 esrceptcm

296 3417 324 3465 P.
339 3443 366 3452 -
381 3415 405 3464 9.
422 3412 547 3464 eocoodos
563 3425 626 3472 esse,
644 3424 732 3462 oerum
743 3411 849 3474 scripsi:
867 3410 1062 3460 oocccdcsmihi
1072 3422 1122 3460 esse
1135 3411 1177 3459 sed
1188 3411 1207 3460 0
1219 3423 1282 3460 curn
1293 3408 1447 3462 Niebubrio.
1462 3440 1489 3450 -
1504 3415 1543 3464 tt.
1555 3413 1620 3463 GOS.

297 3490 324 3541 P.
343 3488 454 3540 Beierus
465 3486 553 3538 iocum
566 3487 600 3536 ite
612 3486 761 3537 constituit:
780 3486 997 3548 ttepcecucccos
1009 3497 1091 3536 moes
1101 3497 1161 3546 erc,
1180 3483 1297 3546 cimice,
1315 3485 1413 3548 hortor,
1433 3488 1462 3550 Q.
1482 3487 1620 3551 (Quirites),

295 3564 370 3614 notite
386 3576 431 3612 hos
447 3566 470 3613 et
486 3575 548 3612 cose.
567 3574 649 3612 omnes
663 3563 767 3623 privare
781 3561 923 3624 honestene
937 3562 1063 3623 pracsidio
1079 3561 1117 3611 rei
1131 3575 1157 3624 p.
1170 3561 1343 3622 detecdeedce.
1358 3587 1386 3598 -
1400 3562 1439 3612 ts.
1453 3564 1544 3626 occipit
1554 3565 1582 3614 P.
1593 3589 1620 3599 -

295 3639 378 3688 sectius
393 3651 441 3702 pro
457 3637 547 3688 uolnus
564 3639 591 3687 P.
607 3635 809 3698 -perhorrescit
826 3673 833 3685 .
848 3673 874 3686 ..
892 3639 1026 3688 cedendum
1042 3643 1076 3689 est
1089 3637 1262 3702 perhorrescit]
1282 3639 1335 3687 «lta
1346 3635 1417 3698 cod..
1438 3637 1463 3687 id
1475 3638 1546 3702 quod
1558 3651 1621 3689 sane

296 3711 384 3764 iocum
402 3725 455 3763 non
473 3711 563 3763 bobct.
583 3709 742 3762 Niebubrius
760 3710 975 3774 igiturcorrexit:
993 3714 1081 3764 cothus
1088 3713 1258 3777 pertineseit.
1274 3751 1280 3762 .
1295 3750 1301 3762 .
1314 3713 1365 3764 ced.
1384 3717 1432 3775 est,
1447 3713 1621 3776 perhorrescit.

297 3787 349 3838 Sed
365 3799 391 3838 v.
407 3787 558 3850 perthnescit
573 3787 634 3851 post
650 3799 675 3836 v.
695 3785 762 3836 timet
778 3785 887 3837 minime
906 3785 1008 3852 placet,
1032 3801 1083 3839 nec
1104 3801 1169 3838 vero
1191 3785 1353 3853 probabilior
1375 3790 1417 3840 est
1436 3787 1521 3838 Beieri
1542 3789 1619 3838 ratio:

295 3878 320 3913 c.
335 3862 501 3926 perhorrescit
519 3901 525 3912 .
541 3899 568 3912 ..
587 3863 638 3912 ced.
658 3866 705 3922 est,
721 3861 880 3922 pertimescit.
899 3863 953 3928 Ego
970 3865 1043 3928 prius
1056 3863 1222 3926 perhorreret
1237 3875 1287 3926 pro
1304 3861 1383 3926 gloss.
1402 3863 1488 3916 haheo
1500 3863 1621 3928 adeoque

297 3937 456 3989 eiiciendum
477 3941 554 4004 putc;
581 3951 614 3989 ec
639 3950 704 3990 sens
725 3934 846 3987 tacillime
872 3939 1005 4002 posterius
1027 3937 1193 4002 perhorrescit
1209 3936 1244 3988 ad
1264 3938 1336 4001 prius
1356 3936 1510 3989 membrum
1531 3937 1622 3989 reterri

295 4014 410 4077 potest.»
432 4014 477 4064 Oa.
496 4013 521 4062 i.
545 4039 572 4049 -
594 4011 632 4062 tt.
655 4011 750 4073 NVth
773 4013 790 4060 P
812 4023 875 4061 cum
898 4010 965 4063 linea
988 4013 1055 4064 intre
1078 4014 1112 4075 Q}
1137 4026 1267 4076 cuhqoem
1284 4014 1313 4064 0.
1333 4038 1360 4048 -
1387 4014 1529 4064 incursione
1544 4015 1572 4064 P.
1594 4038 1620 4048 -

297 4088 336 4138 rt.
356 4093 409 4138 tom
424 4087 596 4138 Niebubrius:
615 4087 669 4137 iam
684 4089 712 4137 P.
734 4109 761 4124 -·
781 4087 821 4136 ts.
837 4087 952 4149 petriam
968 4088 995 4136 P.
1008 4113 1034 4122 -
1053 4099 1166 4149 coquom
1182 4088 1211 4136 0.
1227 4113 1254 4124 -
1268 4086 1309 4136 ΞΟ.
1327 4088 1392 4137 osori
1410 4089 1467 4152 (pro
1482 4088 1581 4151 mortis)
1597 4093 1624 4140 et

296 4161 462 4225 deindepost
479 4164 511 4222 P;
529 4163 673 4225 utrumque
690 4159 844 4212 emendavit
859 4159 1027 4212 Niebubrius.
1040 4188 1066 4198 -
1081 4162 1121 4213 25.
1141 4162 1327 4225 Fragmentum
1345 4175 1377 4213 ex
1394 4163 1486 4214 Servio
1503 4163 1623 4214 additum

295 4237 373 4288 deest
388 4239 415 4288 in
433 4236 602 4289 editionibus.
