3642 5862
510 471 580 548 Lra.
602 483 640 546 V.
669 481 743 548 Car.
765 481 874 546 XLVI.
902 476 958 564 55.
981 473 1168 546 tte-las.
1433 465 1495 542 443

177 651 409 738 loquebantur?
436 671 502 717 non
524 673 634 716 omnes
656 653 795 716 omnium
825 652 998 738 propinqui
1019 637 1269 716 adhibebantur?
1298 669 1363 714 non
1391 651 1496 735 palam

176 748 320 812 rivorum
339 747 452 810 funera
473 747 679 811 locabantur?
723 747 844 823 Quibus
873 747 1020 810 omnibus
1047 748 1142 809 rebus
1164 746 1242 809 actis
1266 753 1360 829 atque
1382 745 1496 809 decisis

177 842 396 924 producuntur
412 863 429 905 e
445 861 579 916 carcere,
602 841 789 925 deligantur.
822 841 931 904 XLVI.
947 835 1019 904 lat.
1035 839 1194 916 Quietem
1207 839 1269 904 fnit
1282 839 1338 902 illo
1354 847 1496 921 tempore

175 932 312 1009 lenens,
335 937 407 1018 quis
429 943 493 1000 tam
515 936 706 1000 inhumanus
728 943 854 1019 praeter
875 955 973 998 unum
995 941 1043 1010 te,
1072 937 1128 1018 qui
1149 956 1214 999 non
1235 933 1362 998 illorum
1383 939 1496 1007 aetate,

175 1029 350 1103 nobilitate,
373 1029 501 1092 miseria
522 1033 793 1093 commoveretur?
816 1029 925 1114 ecquis
946 1029 1017 1105 luit,
1040 1029 1117 1112 quin
1138 1029 1337 1092 lacrimaret?
1361 1027 1521 1112 quinitas

176 1123 387 1186 calamitatem
408 1123 495 1186 illam
517 1130 643 1204 putaret
664 1123 801 1198 illorum,
823 1132 859 1188 ut
874 1122 1034 1187 fortunam
1049 1132 1153 1187 tamen
1168 1144 1232 1187 non
1247 1122 1392 1196 alienam,
1414 1120 1498 1203 peri·
1600 1131 1602 1136 '

176 1217 283 1280 culum
304 1224 410 1280 autem
435 1235 600 1279 commune
629 1217 862 1287 arbitraretur?
895 1219 1063 1280 Feriuntur
1091 1219 1203 1281 securi.
1247 1217 1387 1281 Laetaris
1409 1223 1444 1278 tu
1464 1215 1498 1277 in

176 1312 316 1374 omnium
338 1312 457 1394 gemitu
480 1318 512 1373 et
532 1309 724 1394 triumphas:
748 1317 843 1374 testes
865 1311 1015 1375 avaritiae
1037 1319 1109 1374 tuae
1127 1313 1246 1394 gaudes
1261 1332 1332 1375 esse
1347 1311 1498 1375 sublatos.

174 1405 326 1481 Errabas,
348 1405 485 1481 Verres,
514 1412 547 1468 et
574 1406 778 1468 vehementer
806 1407 946 1480 errabas,
976 1427 1048 1468 curn
1070 1413 1102 1468 te
1123 1407 1263 1470 maculas
1291 1407 1446 1471 furtorum
1468 1413 1499 1469 et

176 1501 366 1584 flagitiorum
393 1507 521 1563 tuorum
550 1499 708 1563 sociorum
734 1501 951 1563 innocentium
983 1500 1136 1583 sanguine
1163 1501 1271 1564 eluere
1292 1501 1536 1564 arbitrabareeto

176 1613 327 1679 praeceps
348 1595 485 1658 amentia
504 1594 664 1668 ferebare,
687 1594 742 1677 qui
765 1601 796 1656 te
818 1595 1016 1657 existimares
1038 1593 1190 1657 avaritiae
1211 1595 1343 1658 vulnera
1364 1595 1499 1658 crudeli-

175 1689 248 1753 tatis
269 1688 418 1752 remediis
440 1707 535 1770 posse
557 1705 679 1751 sanare.
707 1688 833 1750 Etenim
856 1705 1048 1772 quamquam
1069 1689 1116 1751 illi
1138 1697 1212 1752 sunt
1232 1690 1349 1752 mortni
1370 1688 1498 1753 sceleris

175 1783 221 1846 tui
243 1790 350 1857 testes,
371 1787 476 1844 tamen
499 1801 608 1844 eorum
630 1781 803 1865 propinqui
825 1801 930 1866 neque
952 1782 1009 1844 tibi
1030 1801 1136 1867 neque
1157 1783 1220 1847 illis
1242 1783 1369 1859 desunt,
1392 1792 1498 1848 tamen

176 1895 217 1940 ex
237 1877 309 1960 ipso
329 1876 386 1939 illo
408 1894 540 1939 numero
562 1876 791 1940 navarchorum
813 1875 912 1959 aliqui
936 1876 1046 1941 visunt
1065 1885 1096 1940 et
1110 1878 1233 1952 adsunt,
1257 1899 1349 1966 quos,
1370 1888 1406 1942 ut
1420 1877 1497 1941 mihi

174 1970 315 2046 videtur,
349 1969 389 2034 ad
418 1971 546 2034 illorum
576 1969 792 2033 innocentium
825 1989 944 2051 poenas
972 1969 1101 2034 fortuna
1133 1978 1166 2035 et
1196 1971 1235 2034 ad
1263 1972 1346 2036 bane
1372 1972 1536 2036 causamtt

175 2065 354 2129 reservarit.
398 2059 469 2127 422.
490 2063 589 2128 Adest
609 2063 802 2147 Phylarchus
823 2063 1032 2138 Haluntinus,
1060 2065 1115 2146 qui
1137 2065 1212 2147 quia
1235 2085 1305 2129 curn
1331 2065 1498 2130 Cleomene

174 2179 240 2223 non
260 2157 358 2242 40344,
390 2176 562 2242 oppressus
584 2177 603 2221 a
624 2157 839 2241 praedonibus
871 2165 903 2222 et
924 2165 1034 2243 captus
1056 2166 1119 2222 est:
1149 2160 1200 2222 oni
1223 2159 1383 2223 calamitas
1405 2151 1498 2223 saluti

174 2251 250 2316 tuit:
276 2252 344 2336 qui,
366 2251 428 2315 nisi
452 2259 563 2333 captus
583 2271 602 2314 a
624 2252 733 2335 piratis
754 2258 848 2327 esset,
870 2253 902 2315 in
924 2253 1010 2316 hunc
1031 2255 1223 2336 praedonem
1245 2254 1403 2317 sociorum
1420 2254 1500 2316 inci·

175 2344 282 2410 disset
330 2343 415 2408 Dicit
442 2345 471 2408 is
500 2364 559 2429 pro
587 2346 770 2409 testimonio
799 2345 839 2408 de
866 2347 1018 2410 missione
1046 2353 1231 2423 nautarum,
1262 2349 1302 2413 de
1327 2349 1429 2424 fame,
1459 2347 1498 2410 de

175 2439 351 2504 Cleomenis
379 2439 464 2524 fuga.
507 2438 605 2503 Adest
628 2439 850 2523 Centuripinus
872 2439 1059 2516 Phalacrus,
1088 2441 1121 2503 in
1150 2441 1343 2524 amplissima
1371 2441 1537 2506 civilatem

173 2533 367 2616 amplissimo
388 2533 458 2598 loco
480 2541 591 2597 natus:
614 2534 724 2597 eadem
746 2532 835 2596 dicit:
857 2532 945 2597 nulla
966 2534 999 2597 in
1021 2555 1056 2598 re
1078 2535 1244 2618 discrepat

259 2622 330 2690 423.
352 2629 412 2691 Per
433 2628 511 2691 deos
533 2628 744 2691 immortalesl
768 2647 831 2711 quo
853 2627 980 2692 tandem
1003 2630 1108 2692 animo
1131 2625 1258 2704 sedetis,
1280 2630 1422 2695 iudices?
1443 2639 1499 2694 ant

172 2719 251 2784 haec
272 2741 368 2804 quem
390 2721 429 2784 ad
452 2720 582 2785 modurn
604 2722 756 2785 audistis?
797 2721 907 2785 Utrum
929 2741 988 2804 030
1010 2721 1133 2806 desipio
1155 2729 1188 2786 et
1208 2724 1281 2806 plus
1304 2745 1399 2809 quam
1421 2727 1499 2789 satis

174 2822 223 2878 est
248 2815 341 2879 doleo
373 2822 461 2879 tanta
492 2816 668 2879 calamitate
700 2815 890 2899 miseriaque
923 2818 1102 2880 sociorum?
1122 2806 1176 2894 (an
1205 2837 1262 2882 vos
1289 2837 1419 2904 quoque
1446 2820 1499 2883 hic

174 2909 394 2973 acerbissimus
416 2909 634 2974 innocentium
656 2909 814 2971 cmciatus
837 2915 869 2971 et
890 2927 1015 2974 maeror
1035 2909 1104 2993 pari
1126 2928 1222 2973 sensu
1246 2911 1365 2975 doloris
1379 2901 1537 3012 “ffiFW
1586 2903 1655 3002 (ἓν
1680 2924 1683 2934 ’

173 3003 240 3086 Ego
268 2985 714 3092 enimscumsslerbitenscm,
745 3021 817 3066 cum
838 3003 1074 3068 Heracliensem
1096 3006 1199 3068 securi
1221 3022 1406 3120 percussum
1429 3021 1498 3072 esse
1560 2928 1580 3122 3

1498 3118 1501 3130 .
1584 3039 1657 3132 a?

240 3302 264 3352 4.
284 3339 290 3353 .
305 3340 311 3352 .
326 3341 332 3354 .
346 3301 554 3354 000400--0000
569 3301 613 3352 4404
630 3301 654 3367 s.
668 3299 725 3353 430.
738 3313 763 3351 v.
776 3301 817 3352 22.
830 3299 913 3351 habet
923 3301 954 3350 V.
969 3325 997 3336 -
1010 3299 1120 3352 00004000
1132 3299 1177 3364 443,
1195 3298 1230 3352 V:
1248 3303 1375 3356 0040404000
1391 3301 1456 3358 dett.
1469 3330 1495 3346 -

173 3375 199 3428 4.
216 3376 334 3428 obenan
349 3377 381 3428 V.
401 3403 428 3413 —
446 3377 519 3428 redata
534 3377 646 3428 comibus
661 3376 727 3427 dett.
746 3376 776 3426 0.
800 3403 823 3412 -
843 3375 972 3427 00000044
988 3374 1105 3440 (mersor
1120 3377 1145 3426 2.
1164 3388 1201 3427 m.
1219 3378 1309 3442 corn),
1327 3381 1436 3431 00000040
1451 3382 1497 3434 (43.

175 3478 203 3488 -
222 3451 246 3504 3.
267 3455 293 3504 tn
309 3467 323 3504 0
338 3465 439 3504 caraem
455 3453 477 3502 V
495 3452 566 3518 (Βο),
585 3453 633 3504 sed
649 3453 676 3502 40
692 3451 856 3517 punctatum,
875 3452 904 3500 nt
919 3448 1032 3500 videtur.
1054 3477 1081 3488 -
1100 3451 1242 3516 0044300400
1257 3453 1294 3504 443
1311 3455 1334 3504 V
1351 3455 1392 3519 (04.
1410 3457 1497 3509 Madv.

173 3542 200 3595 p.
221 3527 286 3594 llll:
312 3531 337 3580 et
352 3529 495 3593 0044300400·
511 3529 546 3579 ad
559 3528 647 3590 004000
670 3525 734 3577 dett.
753 3523 782 3575 0.
808 3523 864 3586 (sad
881 3524 950 3587 3340
972 3523 1031 3575 0400
1047 3523 1090 3589 04.)
1109 3549 1137 3562 -
1156 3524 1181 3576 4.
1198 3527 1380 3590 fererant?
1402 3531 1498 3594 (Madv.

171 3615 201 3670 p.
220 3604 286 3670 llll:
304 3605 383 3656 00000
398 3603 422 3654 41
439 3603 515 3669 (00.);
534 3605 612 3654 dunas
628 3607 650 3654 et
665 3603 762 3666 (000000
777 3599 843 3651 dett.
861 3601 891 3651 0.
911 3625 939 3635 -
957 3599 1002 3663 qut
1016 3613 1067 3651 000
1084 3599 1178 3652 codd:
1196 3603 1257 3664 0040
1273 3605 1302 3654 0.
1318 3629 1344 3644 -
1364 3606 1388 3657 0.
1407 3609 1431 3657 04
1446 3609 1502 3670 quta

172 3680 204 3742 V,
221 3679 383 3745 0000004044.
403 3705 431 3717 -
449 3679 594 3730 4000000004
610 3677 695 3742 334οι
719 3675 954 3728 nemausev
971 3675 1048 3742 (30.);
1074 3675 1249 3728 (0000000000
1266 3680 1299 3741 44,
1322 3681 1501 3734 westmonster

172 3753 230 3807 rell.
248 3754 279 3806 0.
297 3752 337 3806 Cl.
355 3751 442 3806 lladv.
461 3753 509 3818 Op.
527 3753 547 3803 l.
565 3766 593 3819 p.
606 3751 663 3804 344.
677 3777 705 3788 -
718 3751 743 3802 c.
760 3750 831 3801 444040
846 3750 897 3802 lta:
915 3761 969 3801 om.
988 3749 1052 3801 dett.
1072 3751 1106 3813 03
1124 3751 1268 3803 0040000040
1283 3753 1329 3805 illo
1344 3755 1375 3807 V.
1395 3759 1457 3824 (440.)
1469 3785 1498 3796 .-

172 3835 202 3882 04
216 3831 462 3895 tommomputorct
477 3834 561 3879 400000
576 3827 607 3878 V.
627 3853 655 3864 -
673 3829 698 3878 7.
716 3839 844 3879 0000000000
859 3826 896 3878 443
912 3825 935 3876 41
953 3824 1046 3889 (44000.
1064 3824 1171 3891 3.40.);
1189 3831 1378 3896 cananaeam?
1392 3830 1450 3883 rell.
1469 3834 1498 3884 0.

175 3933 203 3946 ·-
221 3907 246 3961 3.
264 3907 383 3974 panim
397 3907 422 3956 et
437 3903 589 3968 404000ρο000
605 3901 650 3954 aa.
674 3898 770 3967 (404ρο0
785 3901 825 3964 44.)
845 3927 873 3938 -
892 3900 932 3951 40.
950 3901 1019 3954 luere
1041 3899 1056 3952 6
1074 3903 1153 3966 3033.
1172 3929 1201 3942 -·
1220 3903 1260 3956 tt.
1279 3917 1367 3968 proca
1389 3909 1501 3961 00000440

171 3981 246 4046 sarab.
270 3993 324 4034 om.
343 3981 421 4044 3033.
440 3981 547 4046 praeter
567 3979 608 4030 29.
629 4005 656 4016 -·
674 3978 779 4029 uoluam
800 3979 820 4028 44
836 3977 868 4027 V.
888 4001 915 4012 -
934 3975 975 4026 43.
1000 3987 1087 4026 eom
1106 3988 1160 4027 om.
1183 3979 1261 4043 3033.
1283 3983 1391 4046 praeter
1407 3985 1449 4035 40.
1469 4011 1497 4021 -
1609 4011 1614 4032 .

172 4048 251 4122 neque
266 4057 316 4108 0440
330 4069 410 4119 neque
426 4055 469 4106 4404
485 4055 521 4117 V;
543 4067 622 4117 00000
638 4055 722 4118 3300,
741 4065 820 4116 00000
836 4052 880 4102 4404
895 4054 974 4116 3033.
993 4050 1067 4115 rell,
1091 4053 1187 4105 ceteris
1204 4055 1317 4108 omissis.
1338 4083 1365 4095 -
1384 4058 1424 4112 44.
1442 4061 1499 4126 toro

172 4134 215 4184 tlte
230 4135 267 4194 44;
284 4132 332 4182 0440
344 4144 394 4196 pro
404 4131 447 4180 ttto
459 4129 508 4188 G3;
526 4130 570 4181 tlto
580 4130 633 4192 ipro
644 4128 709 4180 dett.
723 4130 752 4180 0.
770 4127 912 4194 (43304Ρο
932 4127 954 4178 V
965 4127 992 4178 ln
1002 4127 1055 4180 tine
1066 4129 1192 4194 paginam
1210 4133 1331 4194 sequitur
1341 4134 1367 4185 in
1378 4137 1499 4200 proxima

172 4206 295 4270 0000000.)
314 4233 341 4244 -
359 4217 530 4256 0000000000
545 4205 576 4267 V,
595 4206 623 4254 et
638 4204 677 4256 sio
694 4205 810 4270 saepius.
831 4231 858 4241 -
876 4203 965 4254 utaoet
980 4205 1001 4253 44
1017 4216 1058 4269 pr.
1071 4214 1122 4265 m.;
1139 4205 1242 4256 0004004
1257 4208 1336 4271 3033.
1356 4233 1385 4246 -
1404 4215 1428 4260 et
1443 4221 1496 4262 om.

172 4282 203 4332 v.
224 4307 252 4320 -
269 4285 299 4332 0
313 4281 349 4331 ns
363 4282 394 4331 v.
415 4280 475 4344 (or.)
495 4305 523 4316 -
538 4279 577 4329 00.
596 4279 782 4342 00--00000
796 4278 855 4342 sors.
874 4283 898 4329 0
913 4278 948 4328 aa
963 4277 999 4328 na
1016 4279 1039 4327 v
1056 4279 1139 4342 030οι
1158 4279 1329 4344 00--0000
1343 4284 1449 4348 tonna
1464 4287 1499 4336 00

172 4355 229 4407 rell.
248 4356 277 4406 0.
296 4355 335 4406 Cl.
353 4354 439 4408 htadr.
457 4367 484 4420 p.
503 4355 559 4406 440.
574 4377 601 4389 -
619 4354 786 4405 innocentiora
802 4355 823 4405 44
839 4353 922 4418 330ος
939 4355 1097 4404 innocentum
1113 4355 1158 4405 ot.
1177 4353 1288 4419 (040000
1303 4357 1413 4409 00040000
1427 4359 1498 4411 0000-

172 4431 281 4483 caetum
296 4432 327 4494 V,
346 4433 376 4481 nt
391 4431 435 4481 Br.
453 4428 534 4494 legit.)
553 4456 580 4466 -
600 4430 640 4481 40.
658 4430 802 4480 0044000000
817 4429 854 4480 443
871 4429 894 4477 V
911 4429 943 4490 03
966 4428 1127 4490 1000000000
1143 4430 1225 4493 3300;
1246 4431 1402 4484 Philias-elma
1417 4436 1495 4500 3033.

172 4505 228 4558 rell.
248 4532 276 4543 -
295 4505 445 4569 Helvetium
460 4507 490 4568 44,
507 4505 631 4557 0444044000
646 4505 678 4567 V,
695 4505 827 4556 ,4400040000
843 4504 920 4568 agae.
941 4531 968 4542 -
988 4505 1027 4555 44.
1045 4505 1118 4570 sealt]
1136 4506 1265 4571 nouiqovtt
1282 4505 1346 4558 dett.
1367 4531 1395 4546 -·
1415 4521 1497 4573 apres«

171 4593 214 4632 000
229 4581 264 4643 44(
290 4581 412 4644 oppresso
426 4581 458 4632 V.
478 4609 505 4619 —
525 4582 565 4633 40.
584 4582 647 4631 dicet
662 4581 727 4632 dett.
746 4582 775 4632 0.
803 4579 874 4645 (04004
891 4592 924 4630 er
939 4581 1017 4644 3033.
1036 4593 1090 4630 000
1106 4581 1148 4632 004
1164 4580 1291 4647 allatam]
1310 4607 1338 4620 ·-
1356 4585 1386 4634 00
1401 4585 1498 4637 aedom

171 4655 207 4718 V;
232 4657 263 4707 00
281 4657 385 4708 00404000
400 4655 429 4708 44.
450 4685 478 4694 -
495 4657 538 4708 00.
562 4656 693 4709 memma
714 4655 790 4720 3300.
812 4683 839 4693 -
862 4655 985 4706 Fatorcaa
999 4656 1023 4705 V
1046 4655 1121 4720 (00),
1143 4657 1281 4719 salomen
1296 4659 1326 4708 44.
1345 4682 1374 4696 -
1392 4660 1433 4710 04.
1451 4661 1498 4711 00-

171 4731 287 4783 00040400
302 4733 326 4784 V
347 4733 421 4796 (440),
448 4734 478 4783 00
492 4732 605 4784 videtur.
625 4757 653 4768 -·
671 4731 758 4784 0000440
772 4731 866 4782 noos
881 4731 918 4782 443
934 4731 965 4780 V.
995 4730 1080 4781 codd.
1098 4730 1164 4783 dett.
1182 4735 1210 4782 et
1226 4732 1246 4782 0
1262 4730 1355 4783 iudices
1370 4736 1431 4784 ante
1448 4748 1497 4797 qoo

173 4803 287 4868 babent3
310 4817 360 4874 pro
376 4807 462 4858 0000440
478 4809 568 4858 nomm
590 4808 630 4858 est
648 4807 675 4856 40
692 4806 769 4869 3033.
789 4805 896 4870 praeter
912 4804 944 4856 40
963 4805 1054 4870 sueth.
1074 4829 1102 4840 -
1120 4805 1161 4856 2³.
1180 4809 1395 4869 000000000οω
1415 4801 1445 4858 V.
1467 4833 1494 4846 -
1602 4837 1604 4844 ·

172 4889 336 4944 0000000οε
355 4891 523 4942 mounes.
537 4891 571 4954 o;
589 4889 695 4941 00000
703 4887 747 4939 vu
758 4889 863 4940 0000ιο
872 4888 904 4939 v.
919 4915 946 4926 -
960 4875 1059 4952 00000
1065 4890 1111 4942 00.
1131 4890 1188 4957 (sea
1204 4889 1298 4943 lineola
1315 4874 1497 4944 04400000

174 4988 189 5025 a
206 4988 243 5028 m.
262 4987 318 5030 sec.
336 4977 364 5028 n
381 4973 440 5028 coa.
459 4975 498 5040 0.)
512 5001 540 5012 -
553 4975 615 5026 saca
630 4978 665 5026 se
680 4973 717 5025 aa
733 4972 750 5024 0
766 4957 850 5038 aas:
868 4973 930 5025 000
945 4973 982 5035 v;
999 4974 1061 5025 000
1076 4987 1137 5038 opo
1152 4979 1187 5028 eo
1203 4975 1267 5029 cett.
1281 5003 1308 5012 -
1321 4975 1363 5028 ss.
1380 4977 1408 5027 0
1424 4979 1498 5028 sassa

173 5049 238 5102 dett.
258 5051 287 5104 ο.
308 5079 336 5089 -
353 5063 398 5102 uos
413 5050 452 5102 040
468 5063 566 5116 quoque
586 5049 632 5102 443.
654 5075 681 5088 -
698 5049 739 5100 20.
758 5049 939 5100 0000040000οε
954 5050 984 5101 44.
1004 5077 1032 5086 -
1050 5049 1206 5103 40000οι000
1226 5051 1304 5116 agae.
1324 5079 1352 5088 -
1369 5063 1454 5106 meror
1466 5065 1494 5116 p.

172 5137 193 5174 0.
212 5125 236 5176 0.
255 5127 340 5182 adach
357 5127 379 5178 R
395 5123 427 5178 V.
447 5152 476 5163 -
493 5125 535 5178 00.
552 5136 610 5178 uun
624 5123 725 5177 Heract.
748 5135 801 5179 om.
821 5124 871 5186 (³35
897 5135 954 5176 oum
970 5137 1024 5177 om.
1042 5125 1072 5178 44.
1094 5123 1276 5190 (Heracleum
1292 5125 1381 5191 3340.)
1400 5154 1427 5164 -
1446 5135 1496 5180 esse

171 5211 315 5264 00000000
331 5199 396 5255 dett.
414 5201 444 5254 0.
