3642 5862
288 353 350 422 37t
661 357 704 422 IN
725 357 893 424 VERREM
912 355 1035 424 ACTIO
1053 353 1242 424 SECUNDA

289 529 468 616 spectabam
490 549 594 616 neque
617 526 738 592 eratin
759 527 865 593 animo
894 526 1065 614 postulare.
1109 526 1187 592 Cum
1207 526 1287 592 haec
1308 545 1453 612 agerem,
1480 532 1616 612 repente

288 623 329 686 ad
351 643 401 687 me
423 625 510 688 veuit
524 622 688 688 Heraclius
708 625 756 698 is,
779 623 916 707 quitum
931 622 1147 705 magistratum
1163 621 1327 706 Syracusis
1340 619 1495 698 habebat,
1514 621 1615 706 bomo

248 697 266 804 ζ
288 715 419 793 nobilis,
442 718 497 802 qui
519 717 667 781 sacerdos
689 717 773 780 Iovis
795 715 923 791 luisset,
945 717 1002 802 qui
1022 716 1124 780 houos
1146 720 1194 778 est
1215 714 1300 798 apud
1316 716 1530 800 Syracusanos
1548 735 1615 782 am·

201 806 228 859 'l
287 809 465 895 plissimus:
488 811 553 894 agit
573 831 697 875 mecum
719 819 751 874 et
772 809 960 874 cumfratre
982 829 1071 886 meo,
1093 816 1144 886 ut,
1166 807 1193 872 si
1208 808 1298 872 nobis
1312 810 1489 884 rideretur,
1511 809 1615 874 adire·

265 919 359 967 smus
387 904 429 967 ad
457 925 568 969 eorum
598 912 758 968 senatum:
787 903 970 988 trequentes
993 924 1062 967 csse
1084 903 1118 966 iu
1140 901 1244 968 curia:
1276 923 1310 968 se
1331 904 1423 968 iussu
1445 910 1572 968 senatus
1594 925 1616 970 a

288 997 380 1061 nohis
401 1005 519 1083 petere,
541 1004 576 1062 ut
595 999 786 1062 veniremus.
825 999 922 1062 LXII.
946 993 1017 1060 ⁴38.
1040 997 1145 1062 Primo
1166 996 1260 1061 nobis
1281 996 1343 1060 luit
1364 995 1511 1072 dubium,
1534 997 1614 1082 quid

108 1113 174 1224 'y'
288 1113 472 1176 ageremus:
505 1093 619 1158 deindo
649 1095 712 1157 cito
738 1085 827 1176 penit
854 1094 886 1156 iu
916 1099 1054 1156 mentem
1082 1111 1148 1155 nou
1169 1111 1240 1155 esse
1261 1091 1423 1178 vita-ndum
1444 1092 1535 1156 illum
1554 1113 1614 1156 no·

288 1187 338 1252 bis
360 1196 549 1254 conventum
576 1194 607 1250 et
634 1188 766 1274 locump
785 1187 893 1270 itaque
921 1185 955 1248 in
985 1186 1104 1250 curiam
1130 1187 1283 1250 venimus.
1327 1185 1509 1251 Honorifice
1536 1207 1614 1252 sane

289 1282 509 1366 consurgitur:
531 1300 590 1344 nos
612 1285 724 1364 rogatu
746 1282 945 1364 magistratus
966 1279 1151 1344 assedimus.
1194 1281 1309 1364 Incipit
1328 1281 1356 1344 is
1377 1279 1483 1364 loqui,
1506 1282 1614 1364 quiet

251 1376 473 1440 :tauctoritate
495 1382 527 1438 et
548 1381 650 1439 aetate
672 1380 718 1448 et,
740 1381 775 1438 ut
797 1374 875 1438 mihi
889 1375 992 1439 risum
1015 1380 1077 1448 est,
1100 1395 1160 1438 usu
1174 1395 1281 1439 rerum
1294 1373 1517 1449 antecedebat,
1539 1375 1614 1438 llio-

288 1470 384 1534 dorus
416 1468 626 1543 Timarchidi,
660 1469 751 1532 cuius
780 1469 883 1532 omnis
912 1469 1011 1532 oratic
1040 1469 1122 1532 hanc
1149 1468 1261 1534 habuit
1280 1468 1384 1553 primo
1406 1470 1612 1534 senteutiam:

288 1571 430 1628 senatum
452 1571 485 1627 et
504 1563 657 1647 populum
679 1561 911 1648 Syracusanum
933 1562 1067 1626 moleste
1089 1562 1289 1647 graviterque
1309 1561 1408 1640 ferre,
1436 1565 1523 1649 quod
1543 1585 1612 1648 ego,

288 1679 358 1722 cum
379 1657 414 1721 in
436 1657 549 1722 ceteris
572 1657 698 1721 Siciliae
720 1656 896 1720 ciuitatibus
919 1664 1062 1721 senatum
1078 1657 1299 1741 populumque
1317 1655 1511 1734 docuissem,
1535 1659 1612 1744 quid

287 1753 327 1816 iis
349 1753 508 1828 utilitatis,
531 1750 608 1835 quid
630 1749 740 1814 salutis
762 1752 921 1826 afferrem,
944 1755 976 1814 et
996 1770 1068 1814 cum
1082 1750 1121 1814 ab
1138 1750 1284 1814 omuibus
1301 1751 1458 1827 mandata,
1480 1752 1612 1836 legatos,

251 1849 406 1912 relitteres
428 1846 670 1929 testim0niaque
685 1846 905 1929 sumpsissem,
920 1844 953 1907 in
972 1845 1027 1908 illa
1041 1845 1166 1909 civitate
1180 1844 1261 1907 nihil
1275 1845 1344 1908 cius
1359 1847 1445 1910 modi
1463 1846 1610 1912 facerem.

288 1941 450 2026 Respondi
471 1959 576 2024 neque
597 1939 715 2003 Romae
737 1939 771 2001 in
787 1944 943 2002 conventu
959 1939 1152 2014 Siculorum,
1175 1958 1246 2002 cum
1262 1957 1345 2002 ame
1359 1941 1514 2006 auxilium
1528 1962 1612 2006 com·

288 2037 377 2100 muni
406 2036 546 2100 omnium
574 2033 766 2116 legationum
796 2032 926 2095 oonsilio
949 2033 1114 2117 petebatur
1136 2053 1293 2117 causaque
1315 2035 1410 2098 totius
1430 2036 1612 2120 provinciae

288 2129 329 2206 ad
349 2149 400 2194 me
421 2129 637 2202 deserebatur,
659 2125 779 2209 legatos
794 2126 1061 2210 Syracusanorum
1080 2126 1235 2202 adfuisse,
1257 2147 1363 2212 neque
1377 2149 1427 2193 me
1441 2131 1612 2215 postulare,

287 2230 324 2288 ut
346 2223 519 2309 quidquam
541 2227 648 2285 contra
671 2220 704 2284 C.
727 2221 857 2286 Verrem
880 2218 1102 2285 decerneretur
1122 2221 1156 2284 in
1177 2241 1216 2284 ea
1237 2223 1338 2298 cruia,
1359 2223 1392 2286 iu
1407 2245 1471 2309 qua
1488 2225 1612 2290 iuaura·

251 2325 386 2384 :oratam
415 2317 448 2382 C.
470 2315 578 2381 Verris
606 2321 737 2380 statuam
764 2315 915 2380 viderem.
958 2310 1031 2380 leo.
1054 2314 1148 2392 Quod
1169 2322 1372 2400 posteaquam
1395 2318 1478 2395 dixi,
1506 2326 1612 2386 tantus

288 2419 338 2478 est
358 2412 494 2496 gemitus
514 2409 615 2474 lactus
638 2409 789 2495 adspectu
811 2417 931 2474 statuae
954 2418 985 2474 et
999 2411 1311 2486 commemoratione,
1332 2411 1462 2476 utillud
1477 2413 1511 2477 in
1526 2413 1613 2478 curia

287 2508 425 2592 positum
446 2512 682 2569 monumentum
704 2504 876 2580 scelerum,
903 2525 967 2570 uon
993 2501 1218 2568 beneticIorum
1240 2504 1409 2569 videretur.
1453 2507 1533 2570 Tum
1553 2527 1611 2590 pro

288 2622 323 2665 se
346 2603 497 2685 quisque,
521 2605 672 2684 quantum
686 2596 819 2663 dicendo
834 2599 963 2681 assequi
980 2605 1117 2685 poterat,
1140 2599 1252 2662 docere
1267 2617 1318 2662 me
1333 2599 1439 2684 coepit
1453 2619 1507 2676 ea,
1529 2619 1613 2684 quae

287 2696 382 2782 paulo
410 2702 484 2759 ante
513 2693 768 2758 commemoravir
795 2693 961 2776 spoliatam
992 2693 1118 2770 urbem,
1147 2693 1221 2757 lana
1249 2693 1385 2778 direpta:
1414 2693 1454 2758 de
1474 2693 1613 2758 Heraclii

249 2789 477 2862 ethereditate,
498 2807 594 2871 mam
615 2785 804 2873 palaestritis
826 2789 1049 2864 concessisset,
1071 2787 1170 2853 multo
1185 2788 1353 2850 maximam
1371 2796 1493 2872 partem
1507 2789 1613 2872 ipsum

287 2884 471 2950 abstulisse:
499 2901 605 2966 neque
626 2880 852 2966 postulandum
873 2881 990 2958 luisse,
1019 2891 1056 2946 ut
1075 2883 1130 2946 illc
1151 2881 1346 2967 palaestritas
1369 2881 1532 2965 diligeret,
1555 2883 1612 2967 qui

287 2977 383 3044 etiam
402 2977 598 3042 inventorem
620 2976 681 3040 olei
704 2975 798 3040 deum
820 2977 1013 3053 sustulisset,
1035 2998 1141 3062 neque
1163 2976 1250 3040 illam
1265 2984 1397 3041 statuam
1415 2995 1485 3040 esse
1500 2996 1541 3041 ex
1554 2996 1610 3063 pe-

286 3072 380 3136 cunia
400 3071 528 3156 publica
548 3090 651 3155 neque
672 3071 797 3155 pubhce
820 3073 941 3148 datam,
964 3072 1019 3137 sed
1042 3090 1113 3147 cos,
1135 3071 1192 3157 qui
1212 3070 1397 3136 hereditatis
1417 3071 1612 3155 diripiendae

202 3239 204 3246 ¹
286 3167 454 3252 participes
483 3164 635 3240 luissent,
668 3164 846 3230 taciendam
875 3167 1137 3250 statuendamque
1166 3184 1307 3230 curasse:
1341 3166 1470 3229 eosdem
1491 3167 1611 3230 Romae

159 3294 164 3306 ·
249 3260 384 3324 soluisse
412 3260 549 3344 legatos,
578 3259 660 3322 illius
690 3260 850 3344 adiutores
880 3260 1107 3345 improbitatis,
1140 3261 1243 3324 socios
1265 3257 1434 3334 furtorum,
1467 3259 1610 3323 conscios

285 3354 492 3436 flagitiorum:
525 3375 564 3418 eo
593 3355 697 3418 miuus
725 3355 830 3420 mirari
857 3375 907 3419 me
936 3363 1096 3440 oportere,
1130 3355 1155 3418 si
1185 3354 1233 3418 illi
1255 3354 1412 3418 communi
1434 3352 1611 3437 legatorum

285 3447 440 3512 voluntati
472 3454 503 3510 et
524 3447 618 3511 saluti
649 3449 773 3512 SIciliae
797 3448 981 3515 defuissent.
1024 3448 1136 3513 LXIII.
1159 3443 1231 3510 tto.
1254 3448 1312 3512 Ubi
1334 3466 1445 3511 eorum
1467 3445 1610 3510 dolorem

286 3563 327 3606 ex
347 3542 436 3605 istius
457 3543 580 3605 iniuriis
602 3562 668 3606 non
685 3544 778 3606 modo
800 3562 865 3607 non
887 3545 1057 3619 minorem,
1081 3543 1137 3606 scd
1158 3561 1256 3627 prope
1277 3542 1429 3606 maiorem
1444 3561 1539 3625 quam
1561 3540 1611 3603 Si·

286 3637 429 3702 culorum
455 3644 631 3700 ceterorum
659 3657 729 3700 esse
752 3639 899 3721 cognovi,
922 3645 989 3703 tum
1011 3656 1117 3701 meum
1138 3637 1277 3701 animum
1298 3637 1331 3699 iu
1352 3634 1435 3712 illos,
1457 3642 1524 3700 tum
1545 3635 1609 3699 mei

247 3732 411 3797 saccusdii
432 3731 612 3814 negotiique
633 3733 727 3795 totius
750 3735 888 3816 suscepti
911 3751 1037 3796 causam
1051 3731 1268 3815 rationemque
1282 3731 1452 3816 proposui,
1473 3735 1540 3794 tum
1553 3751 1609 3795 eos

283 3827 424 3892 hortatus
447 3846 532 3900 sum,
563 3831 601 3888 ut
622 3845 735 3889 causac
758 3829 915 3891 communi
938 3828 1094 3911 salutique
1116 3845 1156 3889 uc
1178 3827 1342 3904 deessent,
1370 3833 1407 3889 ut
1433 3825 1521 3890 lllam
1542 3825 1609 3890 lau·

284 3921 459 3994 dationem,
482 3939 577 4002 quam
598 3939 632 3983 sc
654 3921 683 3984 vi
707 3940 743 3983 ac
767 3929 853 3984 metu
875 3928 1001 3985 coactos
1022 3922 1131 4006 paucis
1153 3920 1216 3984 illis
1236 3921 1348 3984 diebus
1363 3919 1509 3986 decresse
1524 3921 1609 3983 dice-

283 4014 374 4088 bant,
396 4013 551 4077 tollerent
595 4014 723 4098 ltaque,
744 4015 883 4091 iudices,
907 4016 1095 4101 Syracusani
1117 4014 1197 4079 haec
1215 4014 1350 4092 faciunt,
1372 4015 1462 4078 istius
1478 4013 1607 4106 clientes
1716 4092 1720 4100 ι

283 4114 379 4191 atque
400 4108 503 4171 amici.
545 4107 682 4172 Primum
705 4110 781 4172 mihi
806 4109 925 4174 litteras
947 4110 1108 4194 publicas,
1139 4129 1218 4193 quas
1246 4110 1281 4173 iu
1308 4111 1430 4174 aerario
1452 4109 1607 4176 sanctiore

172 4383 174 4388 ,
348 4321 373 4372 3.
391 4319 502 4386 babebat]
519 4319 621 4386 gsrsbot
637 4320 716 4384 ngas.
732 4345 759 4358 -
779 4321 803 4374 3.
820 4324 870 4388 fuit
886 4324 949 4375 dett.
965 4349 993 4362 -
1012 4323 1081 4388 opud
1096 4324 1154 4386 Syr.
1166 4327 1202 4374 cst
1216 4322 1281 4375 dett.
1295 4324 1323 4375 0.
1339 4349 1366 4359 -
1384 4321 1409 4373 l.
1426 4321 1508 4388 botru
1518 4323 1606 4388 lagga

284 4398 313 4459 Q.
331 4396 412 4461 fratrc
427 4395 478 4457 R3;
505 4397 533 4447 t.
550 4397 632 4460 fratrs
649 4398 718 4448 ccul.
737 4397 799 4449 Lall.
818 4397 857 4450 Ill.
882 4403 916 4452 a:
939 4399 972 4451 cl.
992 4399 1015 4464 ἓ.
1034 4398 1092 4451 tlt.
1117 4425 1144 4436 -
1169 4400 1193 4450 t.
1212 4400 1311 4450 mom
1326 4398 1390 4452 ant
1406 4398 1431 4449 3.
1451 4425 1479 4435 -
1497 4399 1522 4450 I.
1539 4399 1609 4451 nobit

282 4473 353 4524 mum
369 4473 448 4536 lagg.
466 4471 531 4523 dett.
551 4500 579 4510 -
599 4472 623 4522 9.
643 4475 783 4526 acescomu
799 4476 826 4526 et
842 4474 908 4526 inira
925 4475 1062 4539 cosman,
1087 4474 1204 4538 censure,
1222 4475 1326 4537 adsequi
1342 4476 1371 4526 R.
1396 4499 1423 4509 —
1450 4471 1494 4536 cot
1509 4479 1606 4526 auctor.

283 4547 361 4611 ngas.
381 4573 409 4583 —
429 4547 469 4598 ll.
490 4548 654 4600 Timarchides
670 4549 735 4601 dett.
755 4577 783 4588 -
802 4550 842 4601 te.
857 4551 1025 4615 populusque
1041 4551 1120 4614 Lagg.
1139 4549 1203 4601 dett.
1220 4551 1250 4602 0.
1265 4578 1292 4587 -
1311 4550 1352 4602 43.
1370 4549 1605 4612 summano.

283 4625 313 4676 a.
333 4648 361 4658 -
381 4621 420 4674 ll.
439 4622 519 4676 iislt:
538 4624 616 4675 sisO.
638 4650 666 4660 -
685 4623 1086 4688 ltproutucr'osodmclltl:
1111 4625 1284 4689 aduuprou.
1302 4625 1386 4690 1429:
1404 4625 1608 4676 aarum
1697 4683 1705 4704 ο

283 4697 348 4750 dett.
367 4697 398 4747 0.
418 4723 446 4734 -
464 4697 506 4748 33.
520 4711 569 4760 pro
586 4698 619 4764 se]
633 4712 713 4762 prope
729 4701 807 4765 Lagg.
826 4703 933 4765 praeter
948 4701 989 4751 29.
1011 4727 1038 4736 -
1057 4698 1097 4751 st.
1117 4702 1147 4751 cte
1163 4701 1193 4752 Η.
1211 4701 1262 4764 RS,
1279 4698 1308 4751 l:
1327 4715 1360 4752 so
1374 4700 1405 4751 Η.
1425 4699 1490 4750 dett.
1508 4700 1536 4751 0.
1556 4699 1607 4764 (bs-
1789 4725 1790 4766 1

282 4773 348 4824 sectr·
364 4772 402 4836 a.)
422 4797 450 4810 -
468 4772 509 4823 bt.
528 4785 605 4836 quesn
618 4773 689 4835 pota.
700 4771 797 4826 iratis
815 4776 869 4840 (sic)
887 4778 917 4827 Il.
939 4804 965 4813 -
983 4774 1061 4826 multo
1071 4800 1108 4812 --
1120 4775 1231 4840 otique:
1247 4788 1300 4828 cm.
1313 4776 1391 4840 Lsgg.
1403 4775 1561 4841 praetereo.
1575 4801 1603 4812 -

282 4849 324 4902 38.
340 4861 420 4912 oeque
432 4848 530 4911 publice
544 4861 598 4899 cm.
618 4850 697 4914 Legg.
717 4876 744 4886 -
763 4851 804 4902 29.
821 4852 897 4915 sutem
913 4853 933 4904 a
950 4862 986 4902 m.
1004 4864 1044 4915 pr.
1065 4877 1093 4888 -
1119 4850 1160 4901 33.
1178 4864 1212 4902 ec
1227 4853 1298 4902 Istius
1314 4852 1396 4915 agas:
1421 4863 1455 4902 ec
1473 4849 1540 4900 tlttus
1557 4848 1604 4912 133,

283 4922 341 4986 clii,
359 4924 392 4984 0:
415 4937 448 4976 cc
468 4923 538 4975 tsttsu
553 4925 653 4975 triariis
670 4938 724 4977 om.
742 4924 798 4978 rell.
818 4929 895 4992 lagg.
916 4954 944 4964 -
968 4925 1008 4979 sl.
1025 4930 1098 4976 octor.
1117 4927 1167 4978 Sic.
1186 4927 1251 4978 dett.
1269 4927 1298 4977 0.
1318 4955 1345 4964 -
1364 4927 1522 4992 comeatum
1538 4923 1604 4979 dett.

285 5025 313 5035 -
331 5004 385 5049 tum
400 5013 445 5064 eqo
460 5013 543 5052 mauu
559 5001 579 5050 0
595 5001 687 5052 contre
703 5000 782 5053 codd.
802 5029 831 5040 -
849 5008 902 5054 tum
918 5016 962 5068 ego
978 5001 1115 5066 mauagg.
1130 5000 1187 5066 (sed
1198 5001 1243 5054 29:
1262 5001 1374 5068 scama.)
1388 5029 1415 5040 -
1434 5001 1475 5054 36.
1492 5003 1605 5055 cormac

282 5077 424 5128 sucosa.
445 5074 738 5140 -uteitllamhagg
