<?xml version="1.0" encoding="UTF-8"?>
<!DOCTYPE html PUBLIC "-//W3C//DTD XHTML 1.0 Transitional//EN"
    "http://www.w3.org/TR/xhtml1/DTD/xhtml1-transitional.dtd">
<html xmlns="http://www.w3.org/1999/xhtml" xml:lang="en" lang="en">
 <head>
  <title>
</title>
<meta http-equiv="Content-Type" content="text/html;charset=utf-8" />
  <meta name='ocr-system' content='tesseract 3.04.00' />
  <meta name='ocr-capabilities' content='ocr_page ocr_carea ocr_par ocr_line ocrx_word'/>
</head>
<body>
  <div class='ocr_page' id='page_1' title='image "./mtulliiciceroni00baitgoog_0498.png"; bbox 0 0 3610 5860; ppageno 0'>
   <div class='ocr_carea' id='block_1_1' title="bbox 320 319 1220 394">
    <p class='ocr_par' dir='ltr' id='par_1_1' title="bbox 320 319 1220 394">
     <span class='ocr_line' id='line_1_1' title="bbox 320 319 1220 394; baseline -0.007 0"><span class='ocrx_word' id='word_1_1' title='bbox 320 325 383 394; x_wconf 72' lang='lat' dir='ltr'><strong>tls</strong></span> <span class='ocrx_word' id='word_1_2' title='bbox 710 323 861 392; x_wconf 79' lang='lat' dir='ltr'><strong>cuano</strong></span> <span class='ocrx_word' id='word_1_3' title='bbox 881 321 960 392; x_wconf 78' lang='lat' dir='ltr'><strong>PRO</strong></span> <span class='ocrx_word' id='word_1_4' title='bbox 981 323 1023 392; x_wconf 80' lang='lat' dir='ltr'><strong>u.</strong></span> <span class='ocrx_word' id='word_1_5' title='bbox 1044 319 1220 390; x_wconf 74' lang='lat' dir='ltr'><strong>scutulo</strong></span> 
     </span>
    </p>
   </div>
   <div class='ocr_carea' id='block_1_2' title="bbox 284 488 1776 1797">
    <p class='ocr_par' dir='ltr' id='par_1_2' title="bbox 284 488 1776 1797">
     <span class='ocr_line' id='line_1_2' title="bbox 320 488 1682 584; baseline -0.008 -19"><span class='ocrx_word' id='word_1_6' title='bbox 320 499 502 584; x_wconf 75' lang='lat' dir='ltr'><strong>religionem</strong></span> <span class='ocrx_word' id='word_1_7' title='bbox 527 497 744 582; x_wconf 86' lang='lat' dir='ltr'><strong>coniungetist</strong></span> <span class='ocrx_word' id='word_1_8' title='bbox 775 497 815 560; x_wconf 86' lang='lat' dir='ltr'><strong>ab</strong></span> <span class='ocrx_word' id='word_1_9' title='bbox 842 496 893 561; x_wconf 89' lang='lat' dir='ltr'><strong>bis</strong></span> <span class='ocrx_word' id='word_1_10' title='bbox 922 495 1090 580; x_wconf 83' lang='lat' dir='ltr'><strong>quicquam</strong></span> <span class='ocrx_word' id='word_1_11' title='bbox 1118 500 1223 560; x_wconf 78' lang='lat' dir='ltr'><strong>sancte</strong></span> <span class='ocrx_word' id='word_1_12' title='bbox 1251 498 1305 560; x_wconf 89' lang='lat' dir='ltr'><strong>aut</strong></span> <span class='ocrx_word' id='word_1_13' title='bbox 1330 493 1502 560; x_wconf 84' lang='lat' dir='ltr'><strong>moderate</strong></span> <span class='ocrx_word' id='word_1_14' title='bbox 1540 488 1682 556; x_wconf 86' lang='lat' dir='ltr'><strong>dictum</strong></span> 
     </span>
     <span class='ocr_line' id='line_1_3' title="bbox 321 586 1683 677; baseline -0.006 -21"><span class='ocrx_word' id='word_1_15' title='bbox 321 594 496 677; x_wconf 71' lang='lat' dir='ltr'><strong>putabitis?</strong></span> <span class='ocrx_word' id='word_1_16' title='bbox 538 589 590 655; x_wconf 68' lang='grc'><strong>33.</strong></span> <span class='ocrx_word' id='word_1_17' title='bbox 613 587 688 676; x_wconf 74' lang='grc'><strong>[33.]</strong></span> <span class='ocrx_word' id='word_1_18' title='bbox 718 591 786 654; x_wconf 83' lang='lat' dir='ltr'><strong>Hoc</strong></span> <span class='ocrx_word' id='word_1_19' title='bbox 811 597 932 654; x_wconf 84' lang='lat' dir='ltr'><strong>restrae</strong></span> <span class='ocrx_word' id='word_1_20' title='bbox 955 597 1074 654; x_wconf 80' lang='lat' dir='ltr'><strong>mentes</strong></span> <span class='ocrx_word' id='word_1_21' title='bbox 1095 597 1158 654; x_wconf 69' lang='lat' dir='ltr'><strong>um</strong></span> <span class='ocrx_word' id='word_1_22' title='bbox 1180 595 1302 665; x_wconf 89' lang='lat' dir='ltr'><strong>castae,</strong></span> <span class='ocrx_word' id='word_1_23' title='bbox 1330 595 1393 652; x_wconf 88' lang='lat' dir='ltr'><strong>tanr</strong></span> <span class='ocrx_word' id='word_1_24' title='bbox 1414 588 1590 672; x_wconf 83' lang='lat' dir='ltr'><strong>integrae</strong></span> <span class='ocrx_word' id='word_1_25' title='bbox 1615 586 1683 649; x_wconf 90' lang='lat' dir='ltr'><strong>sibi</strong></span> 
     </span>
     <span class='ocr_line' id='line_1_4' title="bbox 321 681 1730 768; baseline -0.005 -18"><span class='ocrx_word' id='word_1_26' title='bbox 321 687 507 768; x_wconf 76' lang='lat' dir='ltr'><strong>suscipient,</strong></span> <span class='ocrx_word' id='word_1_27' title='bbox 528 693 578 761; x_wconf 92' lang='lat' dir='ltr'><strong>ut,</strong></span> <span class='ocrx_word' id='word_1_28' title='bbox 601 705 672 748; x_wconf 92' lang='lat' dir='ltr'><strong>cum</strong></span> <span class='ocrx_word' id='word_1_29' title='bbox 694 703 803 748; x_wconf 90' lang='lat' dir='ltr'><strong>omnes</strong></span> <span class='ocrx_word' id='word_1_30' title='bbox 825 685 919 767; x_wconf 91' lang='lat' dir='ltr'><strong>legati</strong></span> <span class='ocrx_word' id='word_1_31' title='bbox 939 686 1054 758; x_wconf 84' lang='lat' dir='ltr'>nostri,</span> <span class='ocrx_word' id='word_1_32' title='bbox 1076 683 1132 768; x_wconf 92' lang='lat' dir='ltr'><strong>qui</strong></span> <span class='ocrx_word' id='word_1_33' title='bbox 1152 683 1208 746; x_wconf 90' lang='lat' dir='ltr'><strong>illo</strong></span> <span class='ocrx_word' id='word_1_34' title='bbox 1230 683 1365 747; x_wconf 87' lang='lat' dir='ltr'><strong>triennio</strong></span> <span class='ocrx_word' id='word_1_35' title='bbox 1387 683 1419 745; x_wconf 94' lang='lat' dir='ltr'><strong>in</strong></span> <span class='ocrx_word' id='word_1_36' title='bbox 1437 681 1606 746; x_wconf 74' lang='lat' dir='ltr'><strong>Galliam</strong></span> <span class='ocrx_word' id='word_1_37' title='bbox 1622 698 1681 744; x_wconf 83' lang='lat' dir='ltr'><strong>ve·</strong></span> <span class='ocrx_word' id='word_1_38' title='bbox 1721 715 1730 722; x_wconf 92' lang='lat'>·</span> 
     </span>
     <span class='ocr_line' id='line_1_5' title="bbox 320 775 1680 862; baseline -0.005 -20"><span class='ocrx_word' id='word_1_39' title='bbox 320 786 451 854; x_wconf 90' lang='lat' dir='ltr'><strong>nerunt,</strong></span> <span class='ocrx_word' id='word_1_40' title='bbox 479 799 586 844; x_wconf 90' lang='lat' dir='ltr'><strong>omnes</strong></span> <span class='ocrx_word' id='word_1_41' title='bbox 615 781 741 862; x_wconf 86' lang='lat' dir='ltr'><strong>equites</strong></span> <span class='ocrx_word' id='word_1_42' title='bbox 761 779 909 852; x_wconf 83' lang='lat' dir='ltr'><strong>Romani,</strong></span> <span class='ocrx_word' id='word_1_43' title='bbox 940 779 996 862; x_wconf 92' lang='lat' dir='ltr'><strong>qui</strong></span> <span class='ocrx_word' id='word_1_44' title='bbox 1023 779 1057 840; x_wconf 95' lang='lat' dir='ltr'><strong>in</strong></span> <span class='ocrx_word' id='word_1_45' title='bbox 1084 776 1140 841; x_wconf 89' lang='lat' dir='ltr'><strong>illa</strong></span> <span class='ocrx_word' id='word_1_46' title='bbox 1168 777 1330 860; x_wconf 81' lang='lat' dir='ltr'><strong>provincia</strong></span> <span class='ocrx_word' id='word_1_47' title='bbox 1355 775 1512 848; x_wconf 75' lang='lat' dir='ltr'><strong>feserunt,</strong></span> <span class='ocrx_word' id='word_1_48' title='bbox 1550 792 1680 836; x_wconf 84' lang='lat' dir='ltr'><strong>omnes</strong></span> 
     </span>
     <span class='ocr_line' id='line_1_6' title="bbox 298 865 1681 956; baseline -0.001 -24"><span class='ocrx_word' id='word_1_49' title='bbox 298 873 535 956; x_wconf 82' lang='lat' dir='ltr'><strong>cnegotiatores</strong></span> <span class='ocrx_word' id='word_1_50' title='bbox 562 873 630 936; x_wconf 89' lang='lat' dir='ltr'><strong>eius</strong></span> <span class='ocrx_word' id='word_1_51' title='bbox 659 871 855 955; x_wconf 85' lang='lat' dir='ltr'><strong>provinciae,</strong></span> <span class='ocrx_word' id='word_1_52' title='bbox 889 871 1026 954; x_wconf 90' lang='lat' dir='ltr'><strong>denique</strong></span> <span class='ocrx_word' id='word_1_53' title='bbox 1056 891 1165 935; x_wconf 90' lang='lat' dir='ltr'><strong>omnes</strong></span> <span class='ocrx_word' id='word_1_54' title='bbox 1194 871 1227 932; x_wconf 93' lang='lat' dir='ltr'><strong>in</strong></span> <span class='ocrx_word' id='word_1_55' title='bbox 1253 869 1355 934; x_wconf 88' lang='lat' dir='ltr'><strong>Gallia</strong></span> <span class='ocrx_word' id='word_1_56' title='bbox 1383 868 1437 953; x_wconf 93' lang='lat' dir='ltr'><strong>qui</strong></span> <span class='ocrx_word' id='word_1_57' title='bbox 1467 874 1568 932; x_wconf 75' lang='lat' dir='ltr'><strong>sumt</strong></span> <span class='ocrx_word' id='word_1_58' title='bbox 1594 865 1681 930; x_wconf 73' lang='lat' dir='ltr'><strong>soreii</strong></span> 
     </span>
     <span class='ocr_line' id='line_1_7' title="bbox 321 960 1679 1049; baseline -0.007 -19"><span class='ocrx_word' id='word_1_59' title='bbox 321 966 432 1049; x_wconf 88' lang='lat' dir='ltr'><strong>populi</strong></span> <span class='ocrx_word' id='word_1_60' title='bbox 453 967 583 1030; x_wconf 85' lang='lat' dir='ltr'><strong>Romani</strong></span> <span class='ocrx_word' id='word_1_61' title='bbox 605 973 699 1049; x_wconf 88' lang='lat' dir='ltr'><strong>atque</strong></span> <span class='ocrx_word' id='word_1_62' title='bbox 721 965 811 1029; x_wconf 91' lang='lat' dir='ltr'><strong>amici</strong></span> <span class='ocrx_word' id='word_1_63' title='bbox 833 965 876 1028; x_wconf 86' lang='lat' dir='ltr'><strong>ll.</strong></span> <span class='ocrx_word' id='word_1_64' title='bbox 890 966 1052 1028; x_wconf 90' lang='lat' dir='ltr'><strong>Fonteium</strong></span> <span class='ocrx_word' id='word_1_65' title='bbox 1074 963 1262 1028; x_wconf 89' lang='lat' dir='ltr'><strong>incolumem</strong></span> <span class='ocrx_word' id='word_1_66' title='bbox 1283 983 1353 1026; x_wconf 90' lang='lat' dir='ltr'><strong>esse</strong></span> <span class='ocrx_word' id='word_1_67' title='bbox 1375 963 1539 1045; x_wconf 87' lang='lat' dir='ltr'><strong>cupiant,</strong></span> <span class='ocrx_word' id='word_1_68' title='bbox 1569 960 1679 1022; x_wconf 86' lang='lat' dir='ltr'><strong>iurati</strong></span> 
     </span>
     <span class='ocr_line' id='line_1_8' title="bbox 321 1051 1776 1155; baseline -0.006 -33"><span class='ocrx_word' id='word_1_69' title='bbox 321 1059 464 1143; x_wconf 88' lang='lat' dir='ltr'><strong>privatim</strong></span> <span class='ocrx_word' id='word_1_70' title='bbox 486 1067 518 1122; x_wconf 89' lang='lat' dir='ltr'><strong>et</strong></span> <span class='ocrx_word' id='word_1_71' title='bbox 537 1060 663 1143; x_wconf 91' lang='lat' dir='ltr'><strong>publice</strong></span> <span class='ocrx_word' id='word_1_72' title='bbox 684 1058 829 1130; x_wconf 89' lang='lat' dir='ltr'><strong>laudent,</strong></span> <span class='ocrx_word' id='word_1_73' title='bbox 850 1078 907 1121; x_wconf 85' lang='lat' dir='ltr'><strong>vas</strong></span> <span class='ocrx_word' id='word_1_74' title='bbox 929 1065 1033 1122; x_wconf 91' lang='lat' dir='ltr'><strong>tamen</strong></span> <span class='ocrx_word' id='word_1_75' title='bbox 1056 1079 1125 1122; x_wconf 90' lang='lat' dir='ltr'><strong>cum</strong></span> <span class='ocrx_word' id='word_1_76' title='bbox 1147 1057 1244 1121; x_wconf 86' lang='lat' dir='ltr'><strong>Gallis</strong></span> <span class='ocrx_word' id='word_1_77' title='bbox 1265 1058 1367 1120; x_wconf 86' lang='lat' dir='ltr'><strong>iurare</strong></span> <span class='ocrx_word' id='word_1_78' title='bbox 1389 1055 1545 1120; x_wconf 83' lang='lat' dir='ltr'><strong>malitis?</strong></span> <span class='ocrx_word' id='word_1_79' title='bbox 1581 1051 1677 1127; x_wconf 87' lang='lat' dir='ltr'><strong>Quid</strong></span> <span class='ocrx_word' id='word_1_80' title='bbox 1775 1128 1776 1155; x_wconf 23' lang='grc'>1</span> 
     </span>
     <span class='ocr_line' id='line_1_9' title="bbox 321 1145 1676 1233; baseline -0.008 -17"><span class='ocrx_word' id='word_1_81' title='bbox 321 1159 356 1216; x_wconf 93' lang='lat' dir='ltr'><strong>ut</strong></span> <span class='ocrx_word' id='word_1_82' title='bbox 377 1153 477 1216; x_wconf 88' lang='lat' dir='ltr'><strong>secuti</strong></span> <span class='ocrx_word' id='word_1_83' title='bbox 499 1172 568 1216; x_wconf 89' lang='lat' dir='ltr'><strong>esse</strong></span> <span class='ocrx_word' id='word_1_84' title='bbox 589 1153 784 1216; x_wconf 84' lang='lat' dir='ltr'><strong>videamini‘l</strong></span> <span class='ocrx_word' id='word_1_85' title='bbox 812 1152 1051 1216; x_wconf 76' lang='lat' dir='ltr'>voluntatemne</span> <span class='ocrx_word' id='word_1_86' title='bbox 1080 1151 1262 1215; x_wconf 74' lang='lat' dir='ltr'><strong>huminum?</strong></span> <span class='ocrx_word' id='word_1_87' title='bbox 1289 1152 1411 1233; x_wconf 80' lang='lat' dir='ltr'><strong>gmvior</strong></span> <span class='ocrx_word' id='word_1_88' title='bbox 1432 1149 1546 1232; x_wconf 87' lang='lat' dir='ltr'><strong>igitur</strong></span> <span class='ocrx_word' id='word_1_89' title='bbox 1571 1145 1676 1208; x_wconf 84' lang='lat' dir='ltr'><strong>vobis</strong></span> 
     </span>
     <span class='ocr_line' id='line_1_10' title="bbox 321 1239 1675 1329; baseline -0.006 -21"><span class='ocrx_word' id='word_1_90' title='bbox 321 1247 380 1308; x_wconf 89' lang='lat' dir='ltr'><strong>erit</strong></span> <span class='ocrx_word' id='word_1_91' title='bbox 405 1247 540 1310; x_wconf 90' lang='lat' dir='ltr'><strong>bostium</strong></span> <span class='ocrx_word' id='word_1_92' title='bbox 568 1248 733 1318; x_wconf 82' lang='lat' dir='ltr'><strong>voluntas,</strong></span> <span class='ocrx_word' id='word_1_93' title='bbox 764 1266 858 1329; x_wconf 88' lang='lat' dir='ltr'><strong>quam</strong></span> <span class='ocrx_word' id='word_1_94' title='bbox 885 1245 1022 1309; x_wconf 73' lang='lat' dir='ltr'><strong>civium?</strong></span> <span class='ocrx_word' id='word_1_95' title='bbox 1057 1248 1107 1309; x_wconf 81' lang='lat' dir='ltr'><strong>An</strong></span> <span class='ocrx_word' id='word_1_96' title='bbox 1129 1245 1311 1328; x_wconf 89' lang='lat' dir='ltr'><strong>dignitatem</strong></span> <span class='ocrx_word' id='word_1_97' title='bbox 1331 1245 1478 1308; x_wconf 73' lang='lat' dir='ltr'><strong>testium?</strong></span> <span class='ocrx_word' id='word_1_98' title='bbox 1516 1239 1675 1324; x_wconf 84' lang='lat' dir='ltr'><strong>potestis</strong></span> 
     </span>
     <span class='ocr_line' id='line_1_11' title="bbox 284 1335 1674 1423; baseline -0.005 -22"><span class='ocrx_word' id='word_1_99' title='bbox 284 1355 312 1402; x_wconf 87' lang='grc'><strong>44</strong></span> <span class='ocrx_word' id='word_1_100' title='bbox 320 1340 414 1422; x_wconf 91' lang='lat' dir='ltr'><strong>igitur</strong></span> <span class='ocrx_word' id='word_1_101' title='bbox 433 1340 558 1423; x_wconf 89' lang='lat' dir='ltr'><strong>ignotos</strong></span> <span class='ocrx_word' id='word_1_102' title='bbox 579 1341 678 1414; x_wconf 91' lang='lat' dir='ltr'><strong>notis,</strong></span> <span class='ocrx_word' id='word_1_103' title='bbox 701 1340 828 1422; x_wconf 92' lang='lat' dir='ltr'><strong>iniquos</strong></span> <span class='ocrx_word' id='word_1_104' title='bbox 850 1340 978 1423; x_wconf 81' lang='lat' dir='ltr'>aequis,</span> <span class='ocrx_word' id='word_1_105' title='bbox 1000 1338 1193 1420; x_wconf 88' lang='lat' dir='ltr'><strong>alienigenas</strong></span> <span class='ocrx_word' id='word_1_106' title='bbox 1209 1337 1404 1413; x_wconf 81' lang='lat' dir='ltr'><strong>domesticis,</strong></span> <span class='ocrx_word' id='word_1_107' title='bbox 1426 1335 1581 1419; x_wconf 88' lang='lat' dir='ltr'><strong>cupidos</strong></span> <span class='ocrx_word' id='word_1_108' title='bbox 1598 1352 1674 1395; x_wconf 74' lang='grc' dir='ltr'><strong>ωο-</strong></span> 
     </span>
     <span class='ocr_line' id='line_1_12' title="bbox 320 1427 1673 1516; baseline -0.006 -20"><span class='ocrx_word' id='word_1_109' title='bbox 320 1434 450 1508; x_wconf 90' lang='lat' dir='ltr'><strong>deratis,</strong></span> <span class='ocrx_word' id='word_1_110' title='bbox 472 1434 703 1498; x_wconf 88' lang='lat' dir='ltr'><strong>mercennarios</strong></span> <span class='ocrx_word' id='word_1_111' title='bbox 725 1434 880 1515; x_wconf 76' lang='lat' dir='ltr'><strong>gratuitis,</strong></span> <span class='ocrx_word' id='word_1_112' title='bbox 904 1432 1017 1516; x_wconf 92' lang='lat' dir='ltr'><strong>impios</strong></span> <span class='ocrx_word' id='word_1_113' title='bbox 1038 1431 1209 1514; x_wconf 76' lang='lat' dir='ltr'><strong>religiosis,</strong></span> <span class='ocrx_word' id='word_1_114' title='bbox 1231 1433 1460 1496; x_wconf 84' lang='lat' dir='ltr'><strong>inimicissimos</strong></span> <span class='ocrx_word' id='word_1_115' title='bbox 1482 1429 1581 1492; x_wconf 86' lang='lat' dir='ltr'><strong>huic</strong></span> <span class='ocrx_word' id='word_1_116' title='bbox 1606 1427 1673 1488; x_wconf 88' lang='lat' dir='ltr'><strong>im·</strong></span> 
     </span>
     <span class='ocr_line' id='line_1_13' title="bbox 319 1523 1508 1612; baseline -0.003 -22"><span class='ocrx_word' id='word_1_117' title='bbox 319 1527 406 1612; x_wconf 92' lang='lat' dir='ltr'><strong>perio</strong></span> <span class='ocrx_word' id='word_1_118' title='bbox 427 1549 464 1590; x_wconf 91' lang='lat' dir='ltr'><strong>ac</strong></span> <span class='ocrx_word' id='word_1_119' title='bbox 483 1527 602 1591; x_wconf 93' lang='lat' dir='ltr'><strong>nomini</strong></span> <span class='ocrx_word' id='word_1_120' title='bbox 623 1527 714 1589; x_wconf 91' lang='lat' dir='ltr'><strong>bonis</strong></span> <span class='ocrx_word' id='word_1_121' title='bbox 736 1545 772 1588; x_wconf 89' lang='lat' dir='ltr'><strong>ac</strong></span> <span class='ocrx_word' id='word_1_122' title='bbox 794 1525 941 1588; x_wconf 89' lang='lat' dir='ltr'><strong>fidelibus</strong></span> <span class='ocrx_word' id='word_1_123' title='bbox 963 1532 995 1587; x_wconf 88' lang='lat' dir='ltr'><strong>et</strong></span> <span class='ocrx_word' id='word_1_124' title='bbox 1015 1525 1109 1588; x_wconf 89' lang='lat' dir='ltr'><strong>sociis</strong></span> <span class='ocrx_word' id='word_1_125' title='bbox 1131 1533 1162 1588; x_wconf 94' lang='lat' dir='ltr'><strong>et</strong></span> <span class='ocrx_word' id='word_1_126' title='bbox 1182 1525 1302 1590; x_wconf 86' lang='lat' dir='ltr'><strong>civibus</strong></span> <span class='ocrx_word' id='word_1_127' title='bbox 1324 1523 1508 1588; x_wconf 72' lang='lat' dir='ltr'><strong>anteferre?</strong></span> 
     </span>
     <span class='ocr_line' id='line_1_14' title="bbox 403 1616 1669 1704; baseline -0.007 -19"><span class='ocrx_word' id='word_1_128' title='bbox 403 1622 472 1685; x_wconf 84' lang='lat' dir='ltr'><strong>XV.</strong></span> <span class='ocrx_word' id='word_1_129' title='bbox 486 1617 537 1682; x_wconf 89' lang='grc'><strong>33.</strong></span> <span class='ocrx_word' id='word_1_130' title='bbox 562 1617 628 1704; x_wconf 88' lang='lat' dir='ltr'><strong>[Xl.</strong></span> <span class='ocrx_word' id='word_1_131' title='bbox 644 1616 707 1702; x_wconf 76' lang='grc'><strong>23]</strong></span> <span class='ocrx_word' id='word_1_132' title='bbox 729 1620 779 1683; x_wconf 81' lang='lat' dir='ltr'><strong>An</strong></span> <span class='ocrx_word' id='word_1_133' title='bbox 800 1637 874 1682; x_wconf 89' lang='lat' dir='ltr'><strong>vero</strong></span> <span class='ocrx_word' id='word_1_134' title='bbox 897 1619 1058 1692; x_wconf 90' lang='lat' dir='ltr'><strong>dubitatis,</strong></span> <span class='ocrx_word' id='word_1_135' title='bbox 1080 1619 1214 1694; x_wconf 91' lang='lat' dir='ltr'><strong>iudices,</strong></span> <span class='ocrx_word' id='word_1_136' title='bbox 1237 1620 1313 1703; x_wconf 76' lang='lat' dir='ltr'><strong>quain</strong></span> <span class='ocrx_word' id='word_1_137' title='bbox 1334 1620 1442 1682; x_wconf 89' lang='lat' dir='ltr'><strong>insitas</strong></span> <span class='ocrx_word' id='word_1_138' title='bbox 1460 1616 1669 1681; x_wconf 86' lang='lat' dir='ltr'><strong>inimicitias</strong></span> 
     </span>
     <span class='ocr_line' id='line_1_15' title="bbox 320 1710 1665 1797; baseline -0.006 -20"><span class='ocrx_word' id='word_1_139' title='bbox 320 1715 398 1777; x_wconf 87' lang='lat' dir='ltr'><strong>istae</strong></span> <span class='ocrx_word' id='word_1_140' title='bbox 427 1723 536 1797; x_wconf 90' lang='lat' dir='ltr'><strong>gentes</strong></span> <span class='ocrx_word' id='word_1_141' title='bbox 564 1733 672 1778; x_wconf 89' lang='lat' dir='ltr'><strong>omnes</strong></span> <span class='ocrx_word' id='word_1_142' title='bbox 702 1721 735 1776; x_wconf 91' lang='lat' dir='ltr'><strong>et</strong></span> <span class='ocrx_word' id='word_1_143' title='bbox 761 1713 949 1776; x_wconf 88' lang='lat' dir='ltr'><strong>habeantet</strong></span> <span class='ocrx_word' id='word_1_144' title='bbox 975 1719 1084 1794; x_wconf 81' lang='lat' dir='ltr'><strong>gerant</strong></span> <span class='ocrx_word' id='word_1_145' title='bbox 1106 1733 1175 1775; x_wconf 91' lang='lat' dir='ltr'><strong>cum</strong></span> <span class='ocrx_word' id='word_1_146' title='bbox 1195 1712 1306 1796; x_wconf 90' lang='lat' dir='ltr'><strong>populi</strong></span> <span class='ocrx_word' id='word_1_147' title='bbox 1328 1711 1462 1775; x_wconf 86' lang='lat' dir='ltr'><strong>Romani</strong></span> <span class='ocrx_word' id='word_1_148' title='bbox 1483 1710 1665 1774; x_wconf 88' lang='lat' dir='ltr'><strong>nominet</strong></span> 
     </span>
    </p>
   </div>
   <div class='ocr_carea' id='block_1_3' title="bbox 283 1804 1776 1891">
    <p class='ocr_par' dir='ltr' id='par_1_3' title="bbox 283 1804 1776 1891">
     <span class='ocr_line' id='line_1_16' title="bbox 283 1804 1776 1891; baseline -0.007 -20"><span class='ocrx_word' id='word_1_149' title='bbox 283 1823 312 1871; x_wconf 81' lang='grc'><strong>44</strong></span> <span class='ocrx_word' id='word_1_150' title='bbox 321 1809 373 1872; x_wconf 90' lang='lat' dir='ltr'><strong>Sic</strong></span> <span class='ocrx_word' id='word_1_151' title='bbox 395 1809 582 1872; x_wconf 83' lang='lat' dir='ltr'><strong>existimatis</strong></span> <span class='ocrx_word' id='word_1_152' title='bbox 604 1827 658 1871; x_wconf 90' lang='lat' dir='ltr'><strong>eos</strong></span> <span class='ocrx_word' id='word_1_153' title='bbox 680 1807 732 1870; x_wconf 93' lang='lat' dir='ltr'><strong>bic</strong></span> <span class='ocrx_word' id='word_1_154' title='bbox 753 1813 876 1889; x_wconf 88' lang='lat' dir='ltr'><strong>sagatos</strong></span> <span class='ocrx_word' id='word_1_155' title='bbox 897 1806 1103 1889; x_wconf 87' lang='lat' dir='ltr'><strong>bracatosque</strong></span> <span class='ocrx_word' id='word_1_156' title='bbox 1124 1806 1242 1869; x_wconf 74' lang='lat' dir='ltr'><strong>versam</strong></span> <span class='ocrx_word' id='word_1_157' title='bbox 1263 1807 1366 1869; x_wconf 90' lang='lat' dir='ltr'><strong>anim0</strong></span> <span class='ocrx_word' id='word_1_158' title='bbox 1387 1804 1533 1868; x_wconf 89' lang='lat' dir='ltr'><strong>demisso</strong></span> <span class='ocrx_word' id='word_1_159' title='bbox 1556 1809 1666 1884; x_wconf 85' lang='lat' dir='ltr'><strong>atque</strong></span> <span class='ocrx_word' id='word_1_160' title='bbox 1775 1886 1776 1891; x_wconf 8' lang='grc' dir='ltr'>γ</span> 
     </span>
    </p>
   </div>
   <div class='ocr_carea' id='block_1_4' title="bbox 318 1892 1664 2079">
    <p class='ocr_par' dir='ltr' id='par_1_4' title="bbox 318 1892 1664 2079">
     <span class='ocr_line' id='line_1_17' title="bbox 318 1892 1664 1984; baseline -0.006 -19"><span class='ocrx_word' id='word_1_161' title='bbox 318 1901 448 1976; x_wconf 87' lang='lat' dir='ltr'><strong>humili,</strong></span> <span class='ocrx_word' id='word_1_162' title='bbox 469 1907 506 1964; x_wconf 90' lang='lat' dir='ltr'><strong>ut</strong></span> <span class='ocrx_word' id='word_1_163' title='bbox 526 1901 630 1965; x_wconf 90' lang='lat' dir='ltr'><strong>solent</strong></span> <span class='ocrx_word' id='word_1_164' title='bbox 649 1901 687 1974; x_wconf 94' lang='lat' dir='ltr'><strong>ii,</strong></span> <span class='ocrx_word' id='word_1_165' title='bbox 710 1902 764 1984; x_wconf 92' lang='lat' dir='ltr'><strong>qui</strong></span> <span class='ocrx_word' id='word_1_166' title='bbox 786 1901 888 1964; x_wconf 83' lang='lat' dir='ltr'><strong>allecti</strong></span> <span class='ocrx_word' id='word_1_167' title='bbox 909 1899 1030 1962; x_wconf 91' lang='lat' dir='ltr'><strong>iniuriis</strong></span> <span class='ocrx_word' id='word_1_168' title='bbox 1047 1899 1086 1962; x_wconf 91' lang='lat' dir='ltr'><strong>ad</strong></span> <span class='ocrx_word' id='word_1_169' title='bbox 1102 1919 1195 1982; x_wconf 90' lang='lat' dir='ltr'><strong>opem</strong></span> <span class='ocrx_word' id='word_1_170' title='bbox 1216 1899 1355 1963; x_wconf 91' lang='lat' dir='ltr'><strong>iudicum</strong></span> <span class='ocrx_word' id='word_1_171' title='bbox 1377 1898 1546 1982; x_wconf 87' lang='lat' dir='ltr'><strong>supplices</strong></span> <span class='ocrx_word' id='word_1_172' title='bbox 1571 1892 1664 1957; x_wconf 80' lang='lat' dir='ltr'><strong>infe·</strong></span> 
     </span>
     <span class='ocr_line' id='line_1_18' title="bbox 320 1991 1663 2079; baseline -0.005 -20"><span class='ocrx_word' id='word_1_173' title='bbox 320 1998 482 2079; x_wconf 88' lang='lat' dir='ltr'><strong>rioresque</strong></span> <span class='ocrx_word' id='word_1_174' title='bbox 504 1994 712 2078; x_wconf 74' lang='lat' dir='ltr'><strong>confugiunt?</strong></span> <span class='ocrx_word' id='word_1_175' title='bbox 744 1993 827 2056; x_wconf 90' lang='lat' dir='ltr'><strong>Nihil</strong></span> <span class='ocrx_word' id='word_1_176' title='bbox 849 2013 925 2057; x_wconf 82' lang='lat' dir='ltr'><strong>vero</strong></span> <span class='ocrx_word' id='word_1_177' title='bbox 947 1995 1060 2056; x_wconf 88' lang='lat' dir='ltr'><strong>minus.</strong></span> <span class='ocrx_word' id='word_1_178' title='bbox 1097 1994 1123 2056; x_wconf 94' lang='lat' dir='ltr'><strong>li</strong></span> <span class='ocrx_word' id='word_1_179' title='bbox 1146 1999 1254 2057; x_wconf 88' lang='lat' dir='ltr'><strong>eontra</strong></span> <span class='ocrx_word' id='word_1_180' title='bbox 1275 2001 1426 2076; x_wconf 87' lang='lat' dir='ltr'><strong>regantur</strong></span> <span class='ocrx_word' id='word_1_181' title='bbox 1445 1991 1525 2056; x_wconf 87' lang='lat' dir='ltr'><strong>laeti</strong></span> <span class='ocrx_word' id='word_1_182' title='bbox 1552 1997 1663 2072; x_wconf 87' lang='lat' dir='ltr'><strong>atque</strong></span> 
     </span>
    </p>
   </div>
   <div class='ocr_carea' id='block_1_5' title="bbox 319 2082 1776 2172">
    <p class='ocr_par' dir='ltr' id='par_1_5' title="bbox 319 2082 1776 2172">
     <span class='ocr_line' id='line_1_19' title="bbox 319 2082 1776 2172; baseline -0.004 -20"><span class='ocrx_word' id='word_1_183' title='bbox 319 2090 414 2152; x_wconf 90' lang='lat' dir='ltr'><strong>erecti</strong></span> <span class='ocrx_word' id='word_1_184' title='bbox 436 2088 554 2172; x_wconf 88' lang='lat' dir='ltr'><strong>passim</strong></span> <span class='ocrx_word' id='word_1_185' title='bbox 574 2097 639 2152; x_wconf 93' lang='lat' dir='ltr'><strong>toto</strong></span> <span class='ocrx_word' id='word_1_186' title='bbox 660 2087 745 2163; x_wconf 84' lang='lat' dir='ltr'><strong>foro,</strong></span> <span class='ocrx_word' id='word_1_187' title='bbox 771 2109 841 2151; x_wconf 90' lang='lat' dir='ltr'><strong>cum</strong></span> <span class='ocrx_word' id='word_1_188' title='bbox 863 2087 1051 2172; x_wconf 90' lang='lat' dir='ltr'><strong>quibusdam</strong></span> <span class='ocrx_word' id='word_1_189' title='bbox 1073 2087 1165 2152; x_wconf 88' lang='lat' dir='ltr'><strong>minis</strong></span> <span class='ocrx_word' id='word_1_190' title='bbox 1187 2095 1219 2150; x_wconf 90' lang='lat' dir='ltr'><strong>et</strong></span> <span class='ocrx_word' id='word_1_191' title='bbox 1238 2086 1370 2152; x_wconf 90' lang='lat' dir='ltr'><strong>barbaro</strong></span> <span class='ocrx_word' id='word_1_192' title='bbox 1392 2094 1487 2170; x_wconf 90' lang='lat' dir='ltr'><strong>atque</strong></span> <span class='ocrx_word' id='word_1_193' title='bbox 1509 2082 1661 2148; x_wconf 84' lang='lat' dir='ltr'><strong>immani</strong></span> <span class='ocrx_word' id='word_1_194' title='bbox 1775 2112 1776 2121; x_wconf 46' lang='lat'>¹</span> 
     </span>
    </p>
   </div>
   <div class='ocr_carea' id='block_1_6' title="bbox 199 2179 1659 3702">
    <p class='ocr_par' dir='ltr' id='par_1_6' title="bbox 282 2179 1659 2359">
     <span class='ocr_line' id='line_1_20' title="bbox 319 2179 1659 2266; baseline -0.007 -18"><span class='ocrx_word' id='word_1_195' title='bbox 319 2191 437 2248; x_wconf 89' lang='lat' dir='ltr'><strong>terrare</strong></span> <span class='ocrx_word' id='word_1_196' title='bbox 458 2184 642 2248; x_wconf 83' lang='lat' dir='ltr'><strong>verborum:</strong></span> <span class='ocrx_word' id='word_1_197' title='bbox 664 2182 751 2266; x_wconf 92' lang='lat' dir='ltr'><strong>quod</strong></span> <span class='ocrx_word' id='word_1_198' title='bbox 773 2201 831 2265; x_wconf 88' lang='lat' dir='ltr'><strong>ego</strong></span> <span class='ocrx_word' id='word_1_199' title='bbox 853 2179 993 2265; x_wconf 86' lang='lat' dir='ltr'><strong>proiecto</strong></span> <span class='ocrx_word' id='word_1_200' title='bbox 1014 2199 1080 2244; x_wconf 88' lang='lat' dir='ltr'><strong>non</strong></span> <span class='ocrx_word' id='word_1_201' title='bbox 1101 2180 1278 2255; x_wconf 85' lang='lat' dir='ltr'><strong>crederem,</strong></span> <span class='ocrx_word' id='word_1_202' title='bbox 1300 2181 1361 2244; x_wconf 89' lang='lat' dir='ltr'><strong>nisi</strong></span> <span class='ocrx_word' id='word_1_203' title='bbox 1382 2179 1589 2264; x_wconf 83' lang='lat' dir='ltr'><strong>aliquotiens</strong></span> <span class='ocrx_word' id='word_1_204' title='bbox 1615 2195 1659 2240; x_wconf 84' lang='lat' dir='ltr'><strong>ex</strong></span> 
     </span>
     <span class='ocr_line' id='line_1_21' title="bbox 282 2273 1658 2359; baseline -0.005 -20"><span class='ocrx_word' id='word_1_205' title='bbox 282 2277 396 2359; x_wconf 83' lang='lat' dir='ltr'><strong>scipsis</strong></span> <span class='ocrx_word' id='word_1_206' title='bbox 418 2276 650 2341; x_wconf 88' lang='lat' dir='ltr'><strong>accusatoribus</strong></span> <span class='ocrx_word' id='word_1_207' title='bbox 672 2276 832 2340; x_wconf 90' lang='lat' dir='ltr'><strong>vobiscum</strong></span> <span class='ocrx_word' id='word_1_208' title='bbox 854 2275 962 2348; x_wconf 88' lang='lat' dir='ltr'><strong>simul,</strong></span> <span class='ocrx_word' id='word_1_209' title='bbox 983 2274 1116 2349; x_wconf 89' lang='lat' dir='ltr'><strong>iudices,</strong></span> <span class='ocrx_word' id='word_1_210' title='bbox 1146 2274 1302 2338; x_wconf 87' lang='lat' dir='ltr'><strong>audissem</strong></span> <span class='ocrx_word' id='word_1_211' title='bbox 1325 2294 1395 2338; x_wconf 85' lang='lat' dir='ltr'><strong>cum</strong></span> <span class='ocrx_word' id='word_1_212' title='bbox 1417 2273 1658 2356; x_wconf 82' lang='lat' dir='ltr'><strong>praeciperent</strong></span> 
     </span>
    </p>

    <p class='ocr_par' dir='ltr' id='par_1_7' title="bbox 318 2366 1655 2452">
     <span class='ocr_line' id='line_1_22' title="bbox 318 2366 1655 2452; baseline -0.007 -18"><span class='ocrx_word' id='word_1_213' title='bbox 318 2377 354 2434; x_wconf 92' lang='lat' dir='ltr'><strong>ut</strong></span> <span class='ocrx_word' id='word_1_214' title='bbox 368 2371 533 2444; x_wconf 84' lang='lat' dir='ltr'><strong>careretis,</strong></span> <span class='ocrx_word' id='word_1_215' title='bbox 553 2391 595 2434; x_wconf 88' lang='lat' dir='ltr'><strong>ne</strong></span> <span class='ocrx_word' id='word_1_216' title='bbox 610 2370 670 2432; x_wconf 93' lang='lat' dir='ltr'><strong>boc</strong></span> <span class='ocrx_word' id='word_1_217' title='bbox 686 2369 829 2433; x_wconf 88' lang='lat' dir='ltr'><strong>absoluta</strong></span> <span class='ocrx_word' id='word_1_218' title='bbox 845 2389 961 2434; x_wconf 86' lang='lat' dir='ltr'><strong>novum</strong></span> <span class='ocrx_word' id='word_1_219' title='bbox 975 2368 1103 2452; x_wconf 90' lang='lat' dir='ltr'><strong>aliquod</strong></span> <span class='ocrx_word' id='word_1_220' title='bbox 1116 2367 1234 2432; x_wconf 89' lang='lat' dir='ltr'><strong>bellum</strong></span> <span class='ocrx_word' id='word_1_221' title='bbox 1249 2367 1402 2431; x_wconf 86' lang='lat' dir='ltr'><strong>Gallicum</strong></span> <span class='ocrx_word' id='word_1_222' title='bbox 1419 2366 1655 2430; x_wconf 86' lang='lat' dir='ltr'><strong>concitaretur.</strong></span> 
     </span>
    </p>

    <p class='ocr_par' dir='ltr' id='par_1_8' title="bbox 223 2449 1654 2732">
     <span class='ocr_line' id='line_1_23' title="bbox 223 2449 1654 2546; baseline -0.004 -20"><span class='ocrx_word' id='word_1_223' title='bbox 223 2449 227 2464; x_wconf 79' lang='grc'><em>’</em></span> <span class='ocrx_word' id='word_1_224' title='bbox 319 2459 370 2526; x_wconf 79' lang='grc'><strong>34.</strong></span> <span class='ocrx_word' id='word_1_225' title='bbox 395 2458 470 2546; x_wconf 65' lang='lat' dir='ltr'><strong>[Vb]</strong></span> <span class='ocrx_word' id='word_1_226' title='bbox 495 2463 528 2525; x_wconf 87' lang='lat' dir='ltr'><strong>Si</strong></span> <span class='ocrx_word' id='word_1_227' title='bbox 546 2465 587 2526; x_wconf 89' lang='lat' dir='ltr'><strong>M.</strong></span> <span class='ocrx_word' id='word_1_228' title='bbox 609 2465 791 2537; x_wconf 85' lang='lat' dir='ltr'><strong>Fonteium,</strong></span> <span class='ocrx_word' id='word_1_229' title='bbox 820 2463 954 2536; x_wconf 92' lang='lat' dir='ltr'><strong>iudices,</strong></span> <span class='ocrx_word' id='word_1_230' title='bbox 983 2463 1015 2524; x_wconf 93' lang='lat' dir='ltr'><strong>in</strong></span> <span class='ocrx_word' id='word_1_231' title='bbox 1045 2481 1138 2526; x_wconf 91' lang='lat' dir='ltr'><strong>causa</strong></span> <span class='ocrx_word' id='word_1_232' title='bbox 1160 2458 1328 2525; x_wconf 87' lang='lat' dir='ltr'><strong>deficerent</strong></span> <span class='ocrx_word' id='word_1_233' title='bbox 1349 2460 1468 2524; x_wconf 86' lang='lat' dir='ltr'><strong>omnia:</strong></span> <span class='ocrx_word' id='word_1_234' title='bbox 1498 2460 1527 2523; x_wconf 92' lang='lat' dir='ltr'><strong>si</strong></span> <span class='ocrx_word' id='word_1_235' title='bbox 1563 2458 1654 2540; x_wconf 86' lang='lat' dir='ltr'><strong>turpi</strong></span> 
     </span>
     <span class='ocr_line' id='line_1_24' title="bbox 319 2552 1652 2640; baseline -0.005 -20"><span class='ocrx_word' id='word_1_236' title='bbox 319 2557 546 2630; x_wconf 86' lang='lat' dir='ltr'><strong>adolescentia,</strong></span> <span class='ocrx_word' id='word_1_237' title='bbox 568 2558 631 2621; x_wconf 88' lang='lat' dir='ltr'><strong>rita</strong></span> <span class='ocrx_word' id='word_1_238' title='bbox 653 2557 777 2630; x_wconf 90' lang='lat' dir='ltr'><strong>inlami,</strong></span> <span class='ocrx_word' id='word_1_239' title='bbox 800 2556 1046 2638; x_wconf 88' lang='lat' dir='ltr'><strong>magistratibus,</strong></span> <span class='ocrx_word' id='word_1_240' title='bbox 1068 2575 1148 2640; x_wconf 92' lang='lat' dir='ltr'><strong>quos</strong></span> <span class='ocrx_word' id='word_1_241' title='bbox 1171 2563 1243 2618; x_wconf 87' lang='lat' dir='ltr'><strong>ante</strong></span> <span class='ocrx_word' id='word_1_242' title='bbox 1265 2555 1371 2618; x_wconf 92' lang='lat' dir='ltr'><strong>oculos</strong></span> <span class='ocrx_word' id='word_1_243' title='bbox 1387 2562 1505 2618; x_wconf 86' lang='lat' dir='ltr'><strong>vestros</strong></span> <span class='ocrx_word' id='word_1_244' title='bbox 1531 2552 1652 2636; x_wconf 88' lang='lat' dir='ltr'><strong>gessit,</strong></span> 
     </span>
     <span class='ocr_line' id='line_1_25' title="bbox 319 2647 1650 2732; baseline -0.005 -17"><span class='ocrx_word' id='word_1_245' title='bbox 319 2653 470 2716; x_wconf 86' lang='lat' dir='ltr'><strong>convictis</strong></span> <span class='ocrx_word' id='word_1_246' title='bbox 491 2652 627 2715; x_wconf 87' lang='lat' dir='ltr'><strong>virorum</strong></span> <span class='ocrx_word' id='word_1_247' title='bbox 647 2650 802 2712; x_wconf 89' lang='lat' dir='ltr'><strong>bonorum</strong></span> <span class='ocrx_word' id='word_1_248' title='bbox 824 2650 1024 2724; x_wconf 89' lang='lat' dir='ltr'><strong>testimoniis,</strong></span> <span class='ocrx_word' id='word_1_249' title='bbox 1052 2650 1260 2732; x_wconf 87' lang='lat' dir='ltr'><strong>legationibus</strong></span> <span class='ocrx_word' id='word_1_250' title='bbox 1282 2649 1434 2732; x_wconf 83' lang='lat' dir='ltr'><strong>flagitiose</strong></span> <span class='ocrx_word' id='word_1_251' title='bbox 1457 2648 1575 2722; x_wconf 88' lang='lat' dir='ltr'><strong>obitis,</strong></span> <span class='ocrx_word' id='word_1_252' title='bbox 1600 2647 1650 2708; x_wconf 90' lang='lat' dir='ltr'><strong>in·</strong></span> 
     </span>
    </p>

    <p class='ocr_par' dir='ltr' id='par_1_9' title="bbox 213 2741 1649 3204">
     <span class='ocr_line' id='line_1_26' title="bbox 218 2741 1649 2823; baseline -0.006 -15"><span class='ocrx_word' id='word_1_253' title='bbox 218 2782 226 2823; x_wconf 62' lang='lat' dir='ltr'><strong><em>s</em></strong></span> <span class='ocrx_word' id='word_1_254' title='bbox 282 2746 406 2810; x_wconf 66' lang='lat' dir='ltr'><strong>uvisus</strong></span> <span class='ocrx_word' id='word_1_255' title='bbox 434 2746 498 2809; x_wconf 91' lang='lat' dir='ltr'><strong>suis</strong></span> <span class='ocrx_word' id='word_1_256' title='bbox 524 2743 668 2807; x_wconf 91' lang='lat' dir='ltr'><strong>omnibus</strong></span> <span class='ocrx_word' id='word_1_257' title='bbox 696 2745 731 2807; x_wconf 89' lang='lat' dir='ltr'><strong>in</strong></span> <span class='ocrx_word' id='word_1_258' title='bbox 756 2741 908 2806; x_wconf 90' lang='lat' dir='ltr'><strong>iudicium</strong></span> <span class='ocrx_word' id='word_1_259' title='bbox 934 2750 1117 2819; x_wconf 61' lang='lat' dir='ltr'><strong>accuratum</strong></span> <span class='ocrx_word' id='word_1_260' title='bbox 1145 2744 1172 2806; x_wconf 90' lang='lat' dir='ltr'><strong>si</strong></span> <span class='ocrx_word' id='word_1_261' title='bbox 1201 2744 1233 2805; x_wconf 92' lang='lat' dir='ltr'><strong>in</strong></span> <span class='ocrx_word' id='word_1_262' title='bbox 1256 2763 1294 2807; x_wconf 92' lang='lat' dir='ltr'><strong>eo</strong></span> <span class='ocrx_word' id='word_1_263' title='bbox 1315 2742 1431 2805; x_wconf 92' lang='lat' dir='ltr'><strong>iudicio</strong></span> <span class='ocrx_word' id='word_1_264' title='bbox 1453 2743 1649 2806; x_wconf 88' lang='lat' dir='ltr'><strong>colonorum</strong></span> 
     </span>
     <span class='ocr_line' id='line_1_27' title="bbox 213 2831 1647 2924; baseline -0.006 -22"><span class='ocrx_word' id='word_1_265' title='bbox 213 2831 224 2894; x_wconf 73' lang='lat' dir='ltr'><strong>l</strong></span> <span class='ocrx_word' id='word_1_266' title='bbox 318 2839 426 2924; x_wconf 91' lang='lat' dir='ltr'><strong>populi</strong></span> <span class='ocrx_word' id='word_1_267' title='bbox 457 2839 588 2902; x_wconf 82' lang='lat' dir='ltr'><strong>Romani</strong></span> <span class='ocrx_word' id='word_1_268' title='bbox 614 2838 880 2911; x_wconf 88' lang='lat' dir='ltr'><strong>Narbonensium,</strong></span> <span class='ocrx_word' id='word_1_269' title='bbox 911 2836 1166 2917; x_wconf 78' lang='lat' dir='ltr'><strong>fidelissimorum</strong></span> <span class='ocrx_word' id='word_1_270' title='bbox 1195 2838 1352 2900; x_wconf 88' lang='lat' dir='ltr'><strong>sociorum</strong></span> <span class='ocrx_word' id='word_1_271' title='bbox 1384 2835 1647 2906; x_wconf 85' lang='lat' dir='ltr'><strong>Massiliensium,</strong></span> 
     </span>
     <span class='ocr_line' id='line_1_28' title="bbox 319 2931 1646 3015; baseline -0.005 -21"><span class='ocrx_word' id='word_1_272' title='bbox 319 2931 434 2994; x_wconf 83' lang='lat' dir='ltr'><strong>cisium</strong></span> <span class='ocrx_word' id='word_1_273' title='bbox 463 2933 671 2996; x_wconf 83' lang='lat' dir='ltr'><strong>Romanorum</strong></span> <span class='ocrx_word' id='word_1_274' title='bbox 703 2933 841 2996; x_wconf 88' lang='lat' dir='ltr'><strong>amnium</strong></span> <span class='ocrx_word' id='word_1_275' title='bbox 869 2931 1053 2994; x_wconf 87' lang='lat' dir='ltr'><strong>testimoniis</strong></span> <span class='ocrx_word' id='word_1_276' title='bbox 1082 2932 1258 3015; x_wconf 87' lang='lat' dir='ltr'><strong>tabulisque</strong></span> <span class='ocrx_word' id='word_1_277' title='bbox 1288 2938 1500 3014; x_wconf 76' lang='lat' dir='ltr'><strong>premereturz</strong></span> <span class='ocrx_word' id='word_1_278' title='bbox 1530 2937 1646 2993; x_wconf 63' lang='lat' dir='ltr'><strong>umen</strong></span> 
     </span>
     <span class='ocr_line' id='line_1_29' title="bbox 318 3021 1644 3109; baseline -0.004 -22"><span class='ocrx_word' id='word_1_279' title='bbox 318 3033 403 3088; x_wconf 90' lang='lat' dir='ltr'><strong>esset</strong></span> <span class='ocrx_word' id='word_1_280' title='bbox 427 3025 516 3089; x_wconf 83' lang='lat' dir='ltr'><strong>vobis</strong></span> <span class='ocrx_word' id='word_1_281' title='bbox 548 3045 661 3108; x_wconf 90' lang='lat' dir='ltr'><strong>magno</strong></span> <span class='ocrx_word' id='word_1_282' title='bbox 688 3045 784 3108; x_wconf 90' lang='lat' dir='ltr'><strong>opere</strong></span> <span class='ocrx_word' id='word_1_283' title='bbox 814 3026 1043 3109; x_wconf 89' lang='lat' dir='ltr'><strong>providendum</strong></span> <span class='ocrx_word' id='word_1_284' title='bbox 1070 3046 1126 3100; x_wconf 91' lang='lat' dir='ltr'><strong>ne,</strong></span> <span class='ocrx_word' id='word_1_285' title='bbox 1158 3046 1239 3109; x_wconf 92' lang='lat' dir='ltr'><strong>quos</strong></span> <span class='ocrx_word' id='word_1_286' title='bbox 1267 3027 1310 3089; x_wconf 89' lang='lat' dir='ltr'><strong>ita</strong></span> <span class='ocrx_word' id='word_1_287' title='bbox 1331 3025 1462 3089; x_wconf 87' lang='lat' dir='ltr'><strong>afflictos</strong></span> <span class='ocrx_word' id='word_1_288' title='bbox 1484 3044 1504 3089; x_wconf 93' lang='lat' dir='ltr'><strong>a</strong></span> <span class='ocrx_word' id='word_1_289' title='bbox 1524 3021 1644 3088; x_wconf 67' lang='lat' dir='ltr'><strong>vestis</strong></span> 
     </span>
     <span class='ocr_line' id='line_1_30' title="bbox 318 3117 1644 3204; baseline -0.004 -22"><span class='ocrx_word' id='word_1_290' title='bbox 318 3119 456 3201; x_wconf 89' lang='lat' dir='ltr'><strong>patribus</strong></span> <span class='ocrx_word' id='word_1_291' title='bbox 471 3119 704 3204; x_wconf 89' lang='lat' dir='ltr'><strong>maioribusque</strong></span> <span class='ocrx_word' id='word_1_292' title='bbox 719 3120 934 3203; x_wconf 90' lang='lat' dir='ltr'><strong>accepissetis,</strong></span> <span class='ocrx_word' id='word_1_293' title='bbox 948 3127 983 3182; x_wconf 95' lang='lat' dir='ltr'><strong>ut</strong></span> <span class='ocrx_word' id='word_1_294' title='bbox 998 3119 1219 3182; x_wconf 87' lang='lat' dir='ltr'><strong>contemnendi</strong></span> <span class='ocrx_word' id='word_1_295' title='bbox 1234 3128 1349 3194; x_wconf 89' lang='lat' dir='ltr'><strong>essent,</strong></span> <span class='ocrx_word' id='word_1_296' title='bbox 1365 3139 1419 3182; x_wconf 89' lang='lat' dir='ltr'><strong>eos</strong></span> <span class='ocrx_word' id='word_1_297' title='bbox 1434 3117 1644 3202; x_wconf 86' lang='lat' dir='ltr'><strong>pertimuisse</strong></span> 
     </span>
    </p>

    <p class='ocr_par' dir='ltr' id='par_1_10' title="bbox 199 3209 1642 3702">
     <span class='ocr_line' id='line_1_31' title="bbox 221 3209 1640 3301; baseline -0.003 -25"><span class='ocrx_word' id='word_1_298' title='bbox 221 3282 228 3301; x_wconf 85' lang='lat'><strong>.</strong></span> <span class='ocrx_word' id='word_1_299' title='bbox 280 3220 350 3276; x_wconf 86' lang='lat' dir='ltr'><strong>acet</strong></span> <span class='ocrx_word' id='word_1_300' title='bbox 371 3233 479 3277; x_wconf 89' lang='lat' dir='ltr'><strong>eorum</strong></span> <span class='ocrx_word' id='word_1_301' title='bbox 502 3215 595 3276; x_wconf 89' lang='lat' dir='ltr'><strong>minis</strong></span> <span class='ocrx_word' id='word_1_302' title='bbox 619 3221 651 3276; x_wconf 93' lang='lat' dir='ltr'><strong>et</strong></span> <span class='ocrx_word' id='word_1_303' title='bbox 670 3221 788 3276; x_wconf 88' lang='lat' dir='ltr'><strong>terrore</strong></span> <span class='ocrx_word' id='word_1_304' title='bbox 811 3215 955 3277; x_wconf 91' lang='lat' dir='ltr'><strong>commoti</strong></span> <span class='ocrx_word' id='word_1_305' title='bbox 977 3235 1046 3277; x_wconf 90' lang='lat' dir='ltr'><strong>esse</strong></span> <span class='ocrx_word' id='word_1_306' title='bbox 1061 3213 1256 3277; x_wconf 88' lang='lat' dir='ltr'><strong>videremini.</strong></span> <span class='ocrx_word' id='word_1_307' title='bbox 1286 3213 1336 3276; x_wconf 85' lang='lat'><strong>35.</strong></span> <span class='ocrx_word' id='word_1_308' title='bbox 1354 3209 1428 3297; x_wconf 57' lang='lat'><strong>[25]</strong></span> <span class='ocrx_word' id='word_1_309' title='bbox 1446 3215 1536 3276; x_wconf 88' lang='lat' dir='ltr'><strong>Nunc</strong></span> <span class='ocrx_word' id='word_1_310' title='bbox 1550 3229 1640 3282; x_wconf 85' lang='lat' dir='ltr'><strong>vero,</strong></span> 
     </span>
     <span class='ocr_line' id='line_1_32' title="bbox 214 3306 1642 3394; baseline -0.001 -28"><span class='ocrx_word' id='word_1_311' title='bbox 214 3310 228 3366; x_wconf 59' lang='grc' dir='ltr'><em>ὲ</em></span> <span class='ocrx_word' id='word_1_312' title='bbox 318 3325 388 3370; x_wconf 88' lang='lat' dir='ltr'><strong>cum</strong></span> <span class='ocrx_word' id='word_1_313' title='bbox 417 3306 520 3370; x_wconf 89' lang='lat' dir='ltr'><strong>laedat</strong></span> <span class='ocrx_word' id='word_1_314' title='bbox 546 3326 639 3370; x_wconf 89' lang='lat' dir='ltr'><strong>nemo</strong></span> <span class='ocrx_word' id='word_1_315' title='bbox 666 3306 786 3381; x_wconf 91' lang='lat' dir='ltr'><strong>bonus,</strong></span> <span class='ocrx_word' id='word_1_316' title='bbox 814 3306 943 3394; x_wconf 68' lang='lat' dir='ltr'><strong>laudent</strong></span> <span class='ocrx_word' id='word_1_317' title='bbox 970 3328 1079 3372; x_wconf 88' lang='lat' dir='ltr'><strong>omnes</strong></span> <span class='ocrx_word' id='word_1_318' title='bbox 1106 3309 1202 3373; x_wconf 84' lang='lat' dir='ltr'><strong>vestri</strong></span> <span class='ocrx_word' id='word_1_319' title='bbox 1230 3309 1314 3372; x_wconf 89' lang='lat' dir='ltr'><strong>cives</strong></span> <span class='ocrx_word' id='word_1_320' title='bbox 1337 3317 1430 3391; x_wconf 90' lang='lat' dir='ltr'><strong>atque</strong></span> <span class='ocrx_word' id='word_1_321' title='bbox 1453 3306 1545 3379; x_wconf 89' lang='lat' dir='ltr'><strong>socii;</strong></span> <span class='ocrx_word' id='word_1_322' title='bbox 1583 3322 1642 3386; x_wconf 90' lang='lat' dir='ltr'><strong>op-</strong></span> 
     </span>
     <span class='ocr_line' id='line_1_33' title="bbox 206 3399 1639 3492; baseline -0.002 -30"><span class='ocrx_word' id='word_1_323' title='bbox 206 3433 218 3492; x_wconf 73' lang='lat'><strong>².</strong></span> <span class='ocrx_word' id='word_1_324' title='bbox 318 3407 459 3484; x_wconf 90' lang='lat' dir='ltr'><strong>pugnent</strong></span> <span class='ocrx_word' id='word_1_325' title='bbox 484 3402 524 3476; x_wconf 92' lang='lat' dir='ltr'><strong>ii,</strong></span> <span class='ocrx_word' id='word_1_326' title='bbox 553 3401 609 3484; x_wconf 92' lang='lat' dir='ltr'><strong>qui</strong></span> <span class='ocrx_word' id='word_1_327' title='bbox 638 3399 820 3482; x_wconf 86' lang='lat' dir='ltr'><strong>saepissime</strong></span> <span class='ocrx_word' id='word_1_328' title='bbox 848 3403 929 3464; x_wconf 88' lang='lat' dir='ltr'><strong>banc</strong></span> <span class='ocrx_word' id='word_1_329' title='bbox 948 3401 1058 3465; x_wconf 88' lang='lat' dir='ltr'><strong>urbem</strong></span> <span class='ocrx_word' id='word_1_330' title='bbox 1080 3408 1112 3465; x_wconf 89' lang='lat' dir='ltr'><strong>et</strong></span> <span class='ocrx_word' id='word_1_331' title='bbox 1131 3402 1192 3466; x_wconf 90' lang='lat' dir='ltr'><strong>boc</strong></span> <span class='ocrx_word' id='word_1_332' title='bbox 1213 3403 1376 3486; x_wconf 89' lang='lat' dir='ltr'><strong>imperium</strong></span> <span class='ocrx_word' id='word_1_333' title='bbox 1398 3405 1639 3485; x_wconf 84' lang='lat' dir='ltr'><strong>oppugnarunt;</strong></span> 
     </span>
     <span class='ocr_line' id='line_1_34' title="bbox 199 3482 1639 3579; baseline -0.003 -23"><span class='ocrx_word' id='word_1_334' title='bbox 199 3495 214 3515; x_wconf 79' lang='grc'><strong>“’</strong></span> <span class='ocrx_word' id='word_1_335' title='bbox 319 3513 454 3577; x_wconf 88' lang='lat' dir='ltr'><strong>cumque</strong></span> <span class='ocrx_word' id='word_1_336' title='bbox 480 3495 596 3558; x_wconf 91' lang='lat' dir='ltr'><strong>inimici</strong></span> <span class='ocrx_word' id='word_1_337' title='bbox 617 3496 659 3557; x_wconf 88' lang='lat' dir='ltr'><strong>lll.</strong></span> <span class='ocrx_word' id='word_1_338' title='bbox 681 3495 791 3558; x_wconf 88' lang='lat' dir='ltr'><strong>Fontei</strong></span> <span class='ocrx_word' id='word_1_339' title='bbox 812 3482 900 3559; x_wconf 69' lang='lat' dir='ltr'><strong>vobis</strong></span> <span class='ocrx_word' id='word_1_340' title='bbox 925 3515 961 3558; x_wconf 89' lang='lat' dir='ltr'><strong>ac</strong></span> <span class='ocrx_word' id='word_1_341' title='bbox 982 3495 1099 3579; x_wconf 93' lang='lat' dir='ltr'><strong>populo</strong></span> <span class='ocrx_word' id='word_1_342' title='bbox 1122 3497 1262 3559; x_wconf 83' lang='lat' dir='ltr'><strong>Romano</strong></span> <span class='ocrx_word' id='word_1_343' title='bbox 1285 3496 1459 3568; x_wconf 88' lang='lat' dir='ltr'><strong>minentur,</strong></span> <span class='ocrx_word' id='word_1_344' title='bbox 1484 3493 1578 3556; x_wconf 88' lang='lat' dir='ltr'><strong>amici</strong></span> <span class='ocrx_word' id='word_1_345' title='bbox 1601 3509 1639 3553; x_wconf 90' lang='lat' dir='ltr'><strong>ae</strong></span> 
     </span>
     <span class='ocr_line' id='line_1_35' title="bbox 199 3584 1638 3702; baseline -0.001 -54"><span class='ocrx_word' id='word_1_346' title='bbox 199 3620 217 3702; x_wconf 42' lang='lat' dir='ltr'><strong>p«</strong></span> <span class='ocrx_word' id='word_1_347' title='bbox 317 3587 487 3671; x_wconf 86' lang='lat' dir='ltr'><strong>propinqui</strong></span> <span class='ocrx_word' id='word_1_348' title='bbox 518 3587 696 3686; x_wconf 88' lang='lat' dir='ltr'><strong>supplicent</strong></span> <span class='ocrx_word' id='word_1_349' title='bbox 720 3589 830 3653; x_wconf 70' lang='lat' dir='ltr'><strong>vobisc</strong></span> <span class='ocrx_word' id='word_1_350' title='bbox 862 3587 1041 3652; x_wconf 88' lang='lat' dir='ltr'><strong>dubitabitis</strong></span> <span class='ocrx_word' id='word_1_351' title='bbox 1071 3608 1136 3651; x_wconf 94' lang='lat' dir='ltr'><strong>non</strong></span> <span class='ocrx_word' id='word_1_352' title='bbox 1163 3589 1256 3653; x_wconf 89' lang='lat' dir='ltr'><strong>modo</strong></span> <span class='ocrx_word' id='word_1_353' title='bbox 1277 3591 1388 3653; x_wconf 84' lang='lat' dir='ltr'><strong>vestris</strong></span> <span class='ocrx_word' id='word_1_354' title='bbox 1410 3587 1547 3664; x_wconf 85' lang='lat' dir='ltr'><strong>civibus,</strong></span> <span class='ocrx_word' id='word_1_355' title='bbox 1582 3584 1638 3671; x_wconf 93' lang='lat' dir='ltr'><strong>qui</strong></span> 
     </span>
    </p>
   </div>
   <div class='ocr_carea' id='block_1_7' title="bbox 317 3911 1634 4480">
    <p class='ocr_par' dir='ltr' id='par_1_11' title="bbox 317 3911 1634 4432">
     <span class='ocr_line' id='line_1_36' title="bbox 384 3911 1634 3978; baseline 0.002 -16"><span class='ocrx_word' id='word_1_356' title='bbox 384 3914 407 3963; x_wconf 97' lang='grc'><strong>4.</strong></span> <span class='ocrx_word' id='word_1_357' title='bbox 426 3911 457 3962; x_wconf 84' lang='lat' dir='ltr'><strong>ab</strong></span> <span class='ocrx_word' id='word_1_358' title='bbox 473 3913 517 3978; x_wconf 81' lang='lat' dir='ltr'><strong>bis]</strong></span> <span class='ocrx_word' id='word_1_359' title='bbox 535 3913 568 3963; x_wconf 91' lang='lat' dir='ltr'><strong>ab</strong></span> <span class='ocrx_word' id='word_1_360' title='bbox 584 3915 615 3974; x_wconf 89' lang='lat' dir='ltr'><strong>V,</strong></span> <span class='ocrx_word' id='word_1_361' title='bbox 633 3919 677 3964; x_wconf 87' lang='lat' dir='ltr'><strong>out</strong></span> <span class='ocrx_word' id='word_1_362' title='bbox 693 3915 710 3964; x_wconf 87' lang='lat' dir='ltr'>S</span> <span class='ocrx_word' id='word_1_363' title='bbox 728 3915 790 3978; x_wconf 84' lang='lat' dir='ltr'><strong>(om.</strong></span> <span class='ocrx_word' id='word_1_364' title='bbox 808 3914 862 3978; x_wconf 82' lang='lat' dir='ltr'><strong>bis).</strong></span> <span class='ocrx_word' id='word_1_365' title='bbox 884 3943 911 3952; x_wconf 99' lang='lat'>-</span> <span class='ocrx_word' id='word_1_366' title='bbox 935 3919 1018 3966; x_wconf 79' lang='lat' dir='ltr'><strong>sancte</strong></span> <span class='ocrx_word' id='word_1_367' title='bbox 1034 3921 1079 3966; x_wconf 89' lang='lat' dir='ltr'><strong>out</strong></span> <span class='ocrx_word' id='word_1_368' title='bbox 1099 3916 1224 3966; x_wconf 84' lang='lat' dir='ltr'><strong>moderate</strong></span> <span class='ocrx_word' id='word_1_369' title='bbox 1241 3915 1269 3966; x_wconf 90' lang='lat' dir='ltr'><strong>S:</strong></span> <span class='ocrx_word' id='word_1_370' title='bbox 1291 3915 1435 3966; x_wconf 83' lang='lat' dir='ltr'><strong>eacctoscui</strong></span> <span class='ocrx_word' id='word_1_371' title='bbox 1454 3917 1587 3968; x_wconf 84' lang='lat' dir='ltr'><strong>moderata</strong></span> <span class='ocrx_word' id='word_1_372' title='bbox 1602 3915 1634 3975; x_wconf 91' lang='lat' dir='ltr'><strong>V,</strong></span> 
     </span>
     <span class='ocr_line' id='line_1_37' title="bbox 319 3987 1632 4054; baseline 0.004 -16"><span class='ocrx_word' id='word_1_373' title='bbox 319 3987 390 4052; x_wconf 88' lang='lat' dir='ltr'><strong>quod</strong></span> <span class='ocrx_word' id='word_1_374' title='bbox 407 4001 492 4052; x_wconf 83' lang='lat' dir='ltr'><strong>aeque</strong></span> <span class='ocrx_word' id='word_1_375' title='bbox 510 3991 583 4039; x_wconf 86' lang='lat' dir='ltr'><strong>recte</strong></span> <span class='ocrx_word' id='word_1_376' title='bbox 600 3989 634 4038; x_wconf 91' lang='lat' dir='ltr'><strong>ita</strong></span> <span class='ocrx_word' id='word_1_377' title='bbox 653 3990 785 4052; x_wconf 86' lang='lat' dir='ltr'><strong>corrigere</strong></span> <span class='ocrx_word' id='word_1_378' title='bbox 801 3991 900 4054; x_wconf 85' lang='lat' dir='ltr'><strong>possis:</strong></span> <span class='ocrx_word' id='word_1_379' title='bbox 926 3991 1006 4039; x_wconf 80' lang='lat' dir='ltr'><strong>euecti</strong></span> <span class='ocrx_word' id='word_1_380' title='bbox 1022 3995 1067 4040; x_wconf 85' lang='lat' dir='ltr'><strong>aut</strong></span> <span class='ocrx_word' id='word_1_381' title='bbox 1081 3991 1212 4040; x_wconf 84' lang='lat' dir='ltr'><strong>moderati.</strong></span> <span class='ocrx_word' id='word_1_382' title='bbox 1232 4018 1259 4028; x_wconf 94' lang='lat'><em>-</em></span> <span class='ocrx_word' id='word_1_383' title='bbox 1278 3989 1303 4042; x_wconf 86' lang='lat' dir='ltr'><strong>l.</strong></span> <span class='ocrx_word' id='word_1_384' title='bbox 1322 4004 1404 4040; x_wconf 76' lang='lat' dir='ltr'><strong>anses</strong></span> <span class='ocrx_word' id='word_1_385' title='bbox 1419 3992 1538 4053; x_wconf 81' lang='lat' dir='ltr'><strong>inequites</strong></span> <span class='ocrx_word' id='word_1_386' title='bbox 1553 3995 1584 4043; x_wconf 88' lang='lat' dir='ltr'><strong>V.</strong></span> <span class='ocrx_word' id='word_1_387' title='bbox 1604 4017 1632 4028; x_wconf 93' lang='lat'><strong>·—</strong></span> 
     </span>
     <span class='ocr_line' id='line_1_38' title="bbox 318 4063 1634 4130; baseline 0.002 -18"><span class='ocrx_word' id='word_1_388' title='bbox 318 4064 341 4112; x_wconf 89' lang='lat' dir='ltr'><strong>&#39;l.</strong></span> <span class='ocrx_word' id='word_1_389' title='bbox 361 4067 443 4112; x_wconf 75' lang='lat' dir='ltr'><strong>tarem</strong></span> <span class='ocrx_word' id='word_1_390' title='bbox 459 4075 516 4112; x_wconf 86' lang='lat' dir='ltr'><strong>cum</strong></span> <span class='ocrx_word' id='word_1_391' title='bbox 532 4064 562 4114; x_wconf 89' lang='lat' dir='ltr'><strong>G.</strong></span> <span class='ocrx_word' id='word_1_392' title='bbox 580 4063 667 4114; x_wconf 88' lang='lat' dir='ltr'><strong>iurare</strong></span> <span class='ocrx_word' id='word_1_393' title='bbox 682 4063 721 4112; x_wconf 89' lang='lat' dir='ltr'><strong>V:</strong></span> <span class='ocrx_word' id='word_1_394' title='bbox 740 4069 822 4114; x_wconf 80' lang='lat' dir='ltr'><strong>tomen</strong></span> <span class='ocrx_word' id='word_1_395' title='bbox 839 4063 917 4114; x_wconf 82' lang='lat' dir='ltr'><strong>Gallis</strong></span> <span class='ocrx_word' id='word_1_396' title='bbox 933 4067 1031 4115; x_wconf 88' lang='lat' dir='ltr'><strong>credere</strong></span> <span class='ocrx_word' id='word_1_397' title='bbox 1047 4066 1073 4114; x_wconf 86' lang='lat' dir='ltr'><strong>S.</strong></span> <span class='ocrx_word' id='word_1_398' title='bbox 1093 4066 1214 4130; x_wconf 75' lang='lat' dir='ltr'><strong>«Optime</strong></span> <span class='ocrx_word' id='word_1_399' title='bbox 1226 4067 1261 4124; x_wconf 93' lang='lat' dir='ltr'><strong>V;</strong></span> <span class='ocrx_word' id='word_1_400' title='bbox 1280 4067 1356 4116; x_wconf 88' lang='lat' dir='ltr'><strong>iurati</strong></span> <span class='ocrx_word' id='word_1_401' title='bbox 1373 4065 1444 4116; x_wconf 91' lang='lat' dir='ltr'><strong>enim</strong></span> <span class='ocrx_word' id='word_1_402' title='bbox 1459 4066 1560 4118; x_wconf 89' lang='lat' dir='ltr'><strong>iudices</strong></span> <span class='ocrx_word' id='word_1_403' title='bbox 1572 4077 1634 4118; x_wconf 89' lang='lat' dir='ltr'><strong>cum</strong></span> 
     </span>
     <span class='ocr_line' id='line_1_39' title="bbox 318 4137 1632 4206; baseline 0 -18"><span class='ocrx_word' id='word_1_404' title='bbox 318 4137 430 4188; x_wconf 86' lang='lat' dir='ltr'><strong>testibus</strong></span> <span class='ocrx_word' id='word_1_405' title='bbox 448 4137 537 4188; x_wconf 88' lang='lat' dir='ltr'><strong>iuratis</strong></span> <span class='ocrx_word' id='word_1_406' title='bbox 554 4140 627 4188; x_wconf 88' lang='lat' dir='ltr'><strong>recte</strong></span> <span class='ocrx_word' id='word_1_407' title='bbox 646 4137 738 4201; x_wconf 81' lang='lat' dir='ltr'><strong>(simul)</strong></span> <span class='ocrx_word' id='word_1_408' title='bbox 756 4139 843 4188; x_wconf 88' lang='lat' dir='ltr'><strong>iurare</strong></span> <span class='ocrx_word' id='word_1_409' title='bbox 860 4138 1006 4190; x_wconf 74' lang='lat' dir='ltr'><strong>dicuntur.»</strong></span> <span class='ocrx_word' id='word_1_410' title='bbox 1024 4141 1068 4190; x_wconf 89' lang='lat' dir='ltr'><strong>On.</strong></span> <span class='ocrx_word' id='word_1_411' title='bbox 1089 4168 1116 4178; x_wconf 91' lang='lat'><em>-</em></span> <span class='ocrx_word' id='word_1_412' title='bbox 1142 4141 1166 4192; x_wconf 89' lang='lat'><strong>8.</strong></span> <span class='ocrx_word' id='word_1_413' title='bbox 1185 4141 1311 4190; x_wconf 77' lang='lat' dir='ltr'><strong>uideamus</strong></span> <span class='ocrx_word' id='word_1_414' title='bbox 1326 4141 1357 4191; x_wconf 94' lang='lat' dir='ltr'><strong>V.</strong></span> <span class='ocrx_word' id='word_1_415' title='bbox 1377 4167 1403 4176; x_wconf 92' lang='lat'>—</span> <span class='ocrx_word' id='word_1_416' title='bbox 1424 4141 1447 4191; x_wconf 98' lang='grc'><strong>9.</strong></span> <span class='ocrx_word' id='word_1_417' title='bbox 1466 4143 1585 4206; x_wconf 77' lang='lat' dir='ltr'><strong>dignitate</strong></span> <span class='ocrx_word' id='word_1_418' title='bbox 1601 4141 1632 4190; x_wconf 94' lang='lat' dir='ltr'><strong>V.</strong></span> 
     </span>
     <span class='ocr_line' id='line_1_40' title="bbox 320 4212 1633 4280; baseline 0.003 -18"><span class='ocrx_word' id='word_1_419' title='bbox 320 4240 348 4250; x_wconf 93' lang='lat'><em>-</em></span> <span class='ocrx_word' id='word_1_420' title='bbox 367 4214 406 4264; x_wconf 90' lang='grc'><strong>44.</strong></span> <span class='ocrx_word' id='word_1_421' title='bbox 424 4213 678 4263; x_wconf 83' lang='lat' dir='ltr'><strong>merceunortoeVS:</strong></span> <span class='ocrx_word' id='word_1_422' title='bbox 696 4214 862 4264; x_wconf 67' lang='lat' dir='ltr'><strong>marmarica</strong></span> <span class='ocrx_word' id='word_1_423' title='bbox 878 4215 906 4264; x_wconf 91' lang='lat'><strong>0.</strong></span> <span class='ocrx_word' id='word_1_424' title='bbox 929 4212 1001 4264; x_wconf 87' lang='lat' dir='ltr'><strong>illam</strong></span> <span class='ocrx_word' id='word_1_425' title='bbox 1018 4216 1175 4280; x_wconf 89' lang='lat' dir='ltr'><strong>scripturam</strong></span> <span class='ocrx_word' id='word_1_426' title='bbox 1193 4229 1246 4266; x_wconf 90' lang='lat' dir='ltr'><strong>noa</strong></span> <span class='ocrx_word' id='word_1_427' title='bbox 1257 4218 1359 4267; x_wconf 87' lang='lat' dir='ltr'><strong>tentum</strong></span> <span class='ocrx_word' id='word_1_428' title='bbox 1371 4215 1448 4266; x_wconf 90' lang='lat' dir='ltr'><strong>codd.</strong></span> <span class='ocrx_word' id='word_1_429' title='bbox 1461 4217 1553 4280; x_wconf 89' lang='lat' dir='ltr'><strong>optimi</strong></span> <span class='ocrx_word' id='word_1_430' title='bbox 1564 4228 1633 4268; x_wconf 88' lang='lat' dir='ltr'><strong>sem-</strong></span> 
     </span>
     <span class='ocr_line' id='line_1_41' title="bbox 317 4286 1629 4353; baseline 0.002 -17"><span class='ocrx_word' id='word_1_431' title='bbox 317 4299 379 4352; x_wconf 89' lang='lat' dir='ltr'><strong>per,</strong></span> <span class='ocrx_word' id='word_1_432' title='bbox 402 4286 547 4338; x_wconf 88' lang='lat' dir='ltr'><strong>sedetiam</strong></span> <span class='ocrx_word' id='word_1_433' title='bbox 566 4287 712 4340; x_wconf 89' lang='lat' dir='ltr'><strong>deteriores</strong></span> <span class='ocrx_word' id='word_1_434' title='bbox 733 4289 889 4353; x_wconf 90' lang='lat' dir='ltr'><strong>plerumque</strong></span> <span class='ocrx_word' id='word_1_435' title='bbox 907 4287 1014 4339; x_wconf 89' lang='lat' dir='ltr'><strong>habent.</strong></span> <span class='ocrx_word' id='word_1_436' title='bbox 1035 4317 1062 4325; x_wconf 91' lang='lat'>—</span> <span class='ocrx_word' id='word_1_437' title='bbox 1085 4291 1125 4340; x_wconf 81' lang='lat' dir='ltr'><strong>li.</strong></span> <span class='ocrx_word' id='word_1_438' title='bbox 1146 4305 1178 4340; x_wconf 90' lang='lat' dir='ltr'><strong>ac</strong></span> <span class='ocrx_word' id='word_1_439' title='bbox 1197 4293 1291 4341; x_wconf 83' lang='lat' dir='ltr'><strong>nomini</strong></span> <span class='ocrx_word' id='word_1_440' title='bbox 1313 4303 1366 4342; x_wconf 88' lang='lat' dir='ltr'><strong>om.</strong></span> <span class='ocrx_word' id='word_1_441' title='bbox 1385 4291 1444 4342; x_wconf 87' lang='lat' dir='ltr'><strong>cod.</strong></span> <span class='ocrx_word' id='word_1_442' title='bbox 1463 4291 1582 4352; x_wconf 86' lang='lat' dir='ltr'><strong>Oehleri;</strong></span> <span class='ocrx_word' id='word_1_443' title='bbox 1604 4301 1629 4340; x_wconf 87' lang='lat' dir='ltr'><strong>v.</strong></span> 
     </span>
     <span class='ocr_line' id='line_1_42' title="bbox 318 4361 1630 4432; baseline 0.003 -20"><span class='ocrx_word' id='word_1_444' title='bbox 318 4373 398 4426; x_wconf 84' lang='lat' dir='ltr'><strong>supra</strong></span> <span class='ocrx_word' id='word_1_445' title='bbox 409 4374 436 4425; x_wconf 89' lang='lat' dir='ltr'><strong>p.</strong></span> <span class='ocrx_word' id='word_1_446' title='bbox 448 4361 504 4413; x_wconf 83' lang='grc'><strong>464.</strong></span> <span class='ocrx_word' id='word_1_447' title='bbox 517 4362 552 4412; x_wconf 91' lang='lat' dir='ltr'><strong>ad</strong></span> <span class='ocrx_word' id='word_1_448' title='bbox 563 4362 586 4426; x_wconf 65' lang='grc' dir='ltr'><strong>ς.</strong></span> <span class='ocrx_word' id='word_1_449' title='bbox 599 4363 638 4413; x_wconf 86' lang='grc'><strong>40.</strong></span> <span class='ocrx_word' id='word_1_450' title='bbox 652 4363 694 4427; x_wconf 74' lang='lat' dir='ltr'><strong>(ad</strong></span> <span class='ocrx_word' id='word_1_451' title='bbox 705 4377 753 4428; x_wconf 89' lang='lat' dir='ltr'><strong>pro</strong></span> <span class='ocrx_word' id='word_1_452' title='bbox 766 4378 797 4415; x_wconf 88' lang='lat' dir='ltr'><strong>ac</strong></span> <span class='ocrx_word' id='word_1_453' title='bbox 805 4365 845 4426; x_wconf 84' lang='lat' dir='ltr'><strong>V.)</strong></span> <span class='ocrx_word' id='word_1_454' title='bbox 856 4393 882 4402; x_wconf 99' lang='lat'>-</span> <span class='ocrx_word' id='word_1_455' title='bbox 896 4365 935 4417; x_wconf 86' lang='grc'><strong>44.</strong></span> <span class='ocrx_word' id='word_1_456' title='bbox 948 4366 1062 4430; x_wconf 75' lang='lat' dir='ltr'><strong>gentius.</strong></span> <span class='ocrx_word' id='word_1_457' title='bbox 1074 4389 1101 4402; x_wconf 90' lang='lat'><strong>-·</strong></span> <span class='ocrx_word' id='word_1_458' title='bbox 1115 4367 1155 4416; x_wconf 81' lang='lat' dir='ltr'><strong>lb.</strong></span> <span class='ocrx_word' id='word_1_459' title='bbox 1169 4379 1208 4417; x_wconf 84' lang='lat' dir='ltr'><strong>eoa</strong></span> <span class='ocrx_word' id='word_1_460' title='bbox 1218 4367 1264 4432; x_wconf 80' lang='lat' dir='ltr'><strong>tta]</strong></span> <span class='ocrx_word' id='word_1_461' title='bbox 1276 4367 1339 4417; x_wconf 86' lang='lat' dir='ltr'><strong>eosic</strong></span> <span class='ocrx_word' id='word_1_462' title='bbox 1347 4367 1410 4417; x_wconf 92' lang='lat' dir='ltr'><strong>V.-</strong></span> <span class='ocrx_word' id='word_1_463' title='bbox 1428 4365 1591 4429; x_wconf 75' lang='lat' dir='ltr'><strong>bracaweque</strong></span> <span class='ocrx_word' id='word_1_464' title='bbox 1600 4367 1630 4415; x_wconf 84' lang='lat' dir='ltr'><strong>S:</strong></span> 
     </span>
    </p>

    <p class='ocr_par' dir='ltr' id='par_1_12' title="bbox 831 4443 846 4480">
     <span class='ocr_line' id='line_1_43' title="bbox 831 4443 846 4480; baseline 0 0"><span class='ocrx_word' id='word_1_465' title='bbox 831 4443 846 4480; x_wconf 90' lang='lat' dir='ltr'><strong>c</strong></span> 
     </span>
    </p>
   </div>
   <div class='ocr_carea' id='block_1_8' title="bbox 314 4492 1630 5082">
    <p class='ocr_par' dir='ltr' id='par_1_13' title="bbox 314 4492 1630 5082">
     <span class='ocr_line' id='line_1_44' title="bbox 317 4492 1630 4562; baseline 0.005 -21"><span class='ocrx_word' id='word_1_466' title='bbox 317 4492 483 4557; x_wconf 67' lang='lat' dir='ltr'><strong>marmorque</strong></span> <span class='ocrx_word' id='word_1_467' title='bbox 492 4494 523 4555; x_wconf 79' lang='lat' dir='ltr'><strong>V,</strong></span> <span class='ocrx_word' id='word_1_468' title='bbox 542 4493 717 4558; x_wconf 69' lang='lat' dir='ltr'><strong>bmcatosque</strong></span> <span class='ocrx_word' id='word_1_469' title='bbox 728 4495 757 4546; x_wconf 95' lang='lat'><strong>0.</strong></span> <span class='ocrx_word' id='word_1_470' title='bbox 768 4522 794 4532; x_wconf 96' lang='lat'>-</span> <span class='ocrx_word' id='word_1_471' title='bbox 807 4498 906 4547; x_wconf 79' lang='lat' dir='ltr'><strong>uersari</strong></span> <span class='ocrx_word' id='word_1_472' title='bbox 916 4497 946 4559; x_wconf 91' lang='lat' dir='ltr'><strong>V,</strong></span> <span class='ocrx_word' id='word_1_473' title='bbox 965 4500 993 4549; x_wconf 91' lang='lat' dir='ltr'><strong>et</strong></span> <span class='ocrx_word' id='word_1_474' title='bbox 1003 4499 1041 4549; x_wconf 89' lang='lat' dir='ltr'><strong>sic</strong></span> <span class='ocrx_word' id='word_1_475' title='bbox 1053 4500 1133 4549; x_wconf 87' lang='lat' dir='ltr'><strong>etiam</strong></span> <span class='ocrx_word' id='word_1_476' title='bbox 1145 4497 1168 4562; x_wconf 67' lang='lat'><strong>5.</strong></span> <span class='ocrx_word' id='word_1_477' title='bbox 1181 4499 1222 4549; x_wconf 78' lang='lat' dir='ltr'><strong>t‘l.</strong></span> <span class='ocrx_word' id='word_1_478' title='bbox 1231 4525 1258 4535; x_wconf 88' lang='lat'>—</span> <span class='ocrx_word' id='word_1_479' title='bbox 1277 4499 1374 4548; x_wconf 71' lang='lat' dir='ltr'><strong>auiam</strong></span> <span class='ocrx_word' id='word_1_480' title='bbox 1383 4499 1444 4549; x_wconf 92' lang='lat' dir='ltr'><strong>V.—</strong></span> <span class='ocrx_word' id='word_1_481' title='bbox 1465 4500 1505 4550; x_wconf 87' lang='grc'><strong>46.</strong></span> <span class='ocrx_word' id='word_1_482' title='bbox 1518 4501 1539 4551; x_wconf 81' lang='lat' dir='ltr'><strong>c</strong></span> <span class='ocrx_word' id='word_1_483' title='bbox 1549 4501 1579 4550; x_wconf 87' lang='lat' dir='ltr'><strong>S:</strong></span> <span class='ocrx_word' id='word_1_484' title='bbox 1596 4495 1630 4547; x_wconf 78' lang='lat' dir='ltr'><strong>etr·</strong></span> 
     </span>
     <span class='ocr_line' id='line_1_45' title="bbox 317 4569 1626 4636; baseline 0.003 -18"><span class='ocrx_word' id='word_1_485' title='bbox 317 4569 348 4620; x_wconf 91' lang='lat' dir='ltr'><strong>V.</strong></span> <span class='ocrx_word' id='word_1_486' title='bbox 363 4595 390 4604; x_wconf 87' lang='lat'><em>-</em></span> <span class='ocrx_word' id='word_1_487' title='bbox 409 4569 498 4632; x_wconf 73' lang='lat' dir='ltr'><strong>adsoeti</strong></span> <span class='ocrx_word' id='word_1_488' title='bbox 513 4569 603 4619; x_wconf 80' lang='lat' dir='ltr'><strong>iniuria</strong></span> <span class='ocrx_word' id='word_1_489' title='bbox 618 4570 649 4619; x_wconf 94' lang='lat' dir='ltr'><strong>V.</strong></span> <span class='ocrx_word' id='word_1_490' title='bbox 669 4597 697 4607; x_wconf 90' lang='lat'>-</span> <span class='ocrx_word' id='word_1_491' title='bbox 717 4571 756 4620; x_wconf 86' lang='grc'><strong>47.</strong></span> <span class='ocrx_word' id='word_1_492' title='bbox 775 4571 794 4620; x_wconf 78' lang='lat' dir='ltr'><strong>c</strong></span> <span class='ocrx_word' id='word_1_493' title='bbox 810 4584 872 4622; x_wconf 90' lang='lat' dir='ltr'><strong>nos:</strong></span> <span class='ocrx_word' id='word_1_494' title='bbox 891 4571 926 4622; x_wconf 86' lang='grc'><strong>444</strong></span> <span class='ocrx_word' id='word_1_495' title='bbox 941 4573 975 4632; x_wconf 90' lang='lat' dir='ltr'><strong>V;</strong></span> <span class='ocrx_word' id='word_1_496' title='bbox 993 4573 1018 4622; x_wconf 82' lang='grc'><strong>44</strong></span> <span class='ocrx_word' id='word_1_497' title='bbox 1038 4574 1092 4624; x_wconf 89' lang='lat' dir='ltr'><strong>SO.</strong></span> <span class='ocrx_word' id='word_1_498' title='bbox 1112 4599 1139 4608; x_wconf 94' lang='lat'>-</span> <span class='ocrx_word' id='word_1_499' title='bbox 1158 4578 1234 4635; x_wconf 76' lang='lat' dir='ltr'><strong>atque</strong></span> <span class='ocrx_word' id='word_1_500' title='bbox 1249 4575 1322 4624; x_wconf 76' lang='lat' dir='ltr'><strong>erecd</strong></span> <span class='ocrx_word' id='word_1_501' title='bbox 1339 4575 1373 4623; x_wconf 90' lang='lat' dir='ltr'><strong>S:</strong></span> <span class='ocrx_word' id='word_1_502' title='bbox 1390 4579 1465 4636; x_wconf 85' lang='lat' dir='ltr'><strong>atque</strong></span> <span class='ocrx_word' id='word_1_503' title='bbox 1480 4575 1541 4626; x_wconf 83' lang='lat' dir='ltr'><strong>recti</strong></span> <span class='ocrx_word' id='word_1_504' title='bbox 1557 4574 1588 4624; x_wconf 92' lang='lat' dir='ltr'><strong>V.</strong></span> <span class='ocrx_word' id='word_1_505' title='bbox 1600 4597 1626 4608; x_wconf 96' lang='lat'>-</span> 
     </span>
     <span class='ocr_line' id='line_1_46' title="bbox 318 4643 1629 4711; baseline 0.003 -17"><span class='ocrx_word' id='word_1_506' title='bbox 318 4645 358 4694; x_wconf 88' lang='grc'><strong>49.</strong></span> <span class='ocrx_word' id='word_1_507' title='bbox 372 4643 518 4706; x_wconf 81' lang='lat' dir='ltr'><strong>aliquotiens</strong></span> <span class='ocrx_word' id='word_1_508' title='bbox 528 4644 550 4692; x_wconf 97' lang='lat' dir='ltr'><strong>V</strong></span> <span class='ocrx_word' id='word_1_509' title='bbox 559 4645 587 4694; x_wconf 92' lang='lat' dir='ltr'><strong>S:</strong></span> <span class='ocrx_word' id='word_1_510' title='bbox 607 4645 737 4706; x_wconf 79' lang='lat' dir='ltr'><strong>aliquoties</strong></span> <span class='ocrx_word' id='word_1_511' title='bbox 747 4646 776 4696; x_wconf 91' lang='lat'><strong>0.</strong></span> <span class='ocrx_word' id='word_1_512' title='bbox 786 4671 811 4685; x_wconf 92' lang='lat'>-</span> <span class='ocrx_word' id='word_1_513' title='bbox 826 4647 867 4697; x_wconf 80' lang='lat'><strong>23.</strong></span> <span class='ocrx_word' id='word_1_514' title='bbox 881 4647 1046 4698; x_wconf 72' lang='lat' dir='ltr'><strong>adubsceutia</strong></span> <span class='ocrx_word' id='word_1_515' title='bbox 1057 4649 1087 4698; x_wconf 89' lang='lat' dir='ltr'><strong>V.</strong></span> <span class='ocrx_word' id='word_1_516' title='bbox 1097 4675 1122 4684; x_wconf 97' lang='lat'><em>-</em></span> <span class='ocrx_word' id='word_1_517' title='bbox 1136 4647 1177 4699; x_wconf 75' lang='grc'><strong>24.</strong></span> <span class='ocrx_word' id='word_1_518' title='bbox 1189 4649 1306 4698; x_wconf 75' lang='lat' dir='ltr'><strong>emutatis</strong></span> <span class='ocrx_word' id='word_1_519' title='bbox 1316 4650 1353 4698; x_wconf 90' lang='lat' dir='ltr'><strong>V:</strong></span> <span class='ocrx_word' id='word_1_520' title='bbox 1370 4651 1514 4700; x_wconf 75' lang='lat' dir='ltr'><strong>coniunctus</strong></span> <span class='ocrx_word' id='word_1_521' title='bbox 1527 4651 1553 4711; x_wconf 90' lang='lat' dir='ltr'><strong>S,</strong></span> <span class='ocrx_word' id='word_1_522' title='bbox 1570 4662 1629 4699; x_wconf 83' lang='lat' dir='ltr'><strong>con-</strong></span> 
     </span>
     <span class='ocr_line' id='line_1_47' title="bbox 314 4717 1629 4787; baseline 0.003 -19"><span class='ocrx_word' id='word_1_523' title='bbox 314 4721 394 4770; x_wconf 83' lang='lat' dir='ltr'><strong>uictus</strong></span> <span class='ocrx_word' id='word_1_524' title='bbox 410 4719 458 4768; x_wconf 85' lang='lat' dir='ltr'><strong>LO</strong></span> <span class='ocrx_word' id='word_1_525' title='bbox 476 4731 537 4769; x_wconf 89' lang='lat' dir='ltr'><strong>cum</strong></span> <span class='ocrx_word' id='word_1_526' title='bbox 554 4717 597 4769; x_wconf 88' lang='lat' dir='ltr'><strong>ed.</strong></span> <span class='ocrx_word' id='word_1_527' title='bbox 615 4719 714 4769; x_wconf 89' lang='lat' dir='ltr'><strong>Veneta</strong></span> <span class='ocrx_word' id='word_1_528' title='bbox 731 4719 815 4785; x_wconf 77' lang='lat' dir='ltr'><strong>elsa,</strong></span> <span class='ocrx_word' id='word_1_529' title='bbox 841 4735 893 4785; x_wconf 92' lang='lat' dir='ltr'><strong>quo</strong></span> <span class='ocrx_word' id='word_1_530' title='bbox 911 4727 1018 4787; x_wconf 88' lang='lat' dir='ltr'><strong>recepto</strong></span> <span class='ocrx_word' id='word_1_531' title='bbox 1035 4724 1197 4775; x_wconf 82' lang='lat' dir='ltr'><strong>Hotomanus</strong></span> <span class='ocrx_word' id='word_1_532' title='bbox 1214 4725 1326 4776; x_wconf 89' lang='lat' dir='ltr'><strong>incisum</strong></span> <span class='ocrx_word' id='word_1_533' title='bbox 1342 4726 1466 4774; x_wconf 79' lang='lat' dir='ltr'><strong>convietus</strong></span> <span class='ocrx_word' id='word_1_534' title='bbox 1480 4739 1505 4775; x_wconf 88' lang='lat' dir='ltr'><strong>o.</strong></span> <span class='ocrx_word' id='word_1_535' title='bbox 1524 4723 1546 4774; x_wconf 88' lang='grc'><strong>4,</strong></span> <span class='ocrx_word' id='word_1_536' title='bbox 1563 4721 1629 4772; x_wconf 82' lang='lat' dir='ltr'><strong>testi·</strong></span> 
     </span>
     <span class='ocr_line' id='line_1_48' title="bbox 315 4793 1626 4862; baseline 0.002 -18"><span class='ocrx_word' id='word_1_537' title='bbox 315 4794 406 4844; x_wconf 75' lang='lat' dir='ltr'><strong>martie</strong></span> <span class='ocrx_word' id='word_1_538' title='bbox 428 4795 488 4858; x_wconf 90' lang='lat' dir='ltr'><strong>post</strong></span> <span class='ocrx_word' id='word_1_539' title='bbox 512 4793 583 4844; x_wconf 82' lang='lat' dir='ltr'><strong>obitis</strong></span> <span class='ocrx_word' id='word_1_540' title='bbox 606 4794 832 4858; x_wconf 86' lang='lat' dir='ltr'><strong>transponendum</strong></span> <span class='ocrx_word' id='word_1_541' title='bbox 854 4799 967 4856; x_wconf 83' lang='lat' dir='ltr'><strong>censuit,</strong></span> <span class='ocrx_word' id='word_1_542' title='bbox 993 4799 1022 4847; x_wconf 92' lang='lat' dir='ltr'><strong>ut</strong></span> <span class='ocrx_word' id='word_1_543' title='bbox 1041 4798 1112 4848; x_wconf 83' lang='lat' dir='ltr'><strong>obitis</strong></span> <span class='ocrx_word' id='word_1_544' title='bbox 1131 4799 1209 4849; x_wconf 90' lang='lat' dir='ltr'><strong>etiam</strong></span> <span class='ocrx_word' id='word_1_545' title='bbox 1232 4798 1267 4848; x_wconf 91' lang='lat' dir='ltr'><strong>ad</strong></span> <span class='ocrx_word' id='word_1_546' title='bbox 1286 4798 1473 4862; x_wconf 77' lang='lat' dir='ltr'><strong>magtstrattbus</strong></span> <span class='ocrx_word' id='word_1_547' title='bbox 1488 4797 1626 4854; x_wconf 87' lang='lat' dir='ltr'><strong>releratur;</strong></span> 
     </span>
     <span class='ocr_line' id='line_1_49' title="bbox 317 4866 1626 4939; baseline 0.002 -20"><span class='ocrx_word' id='word_1_548' title='bbox 317 4868 409 4920; x_wconf 88' lang='lat' dir='ltr'><strong>contra</strong></span> <span class='ocrx_word' id='word_1_549' title='bbox 425 4866 552 4918; x_wconf 81' lang='lat' dir='ltr'><strong>Larnbino</strong></span> <span class='ocrx_word' id='word_1_550' title='bbox 569 4869 630 4933; x_wconf 90' lang='lat' dir='ltr'><strong>post</strong></span> <span class='ocrx_word' id='word_1_551' title='bbox 644 4870 716 4932; x_wconf 76' lang='lat' dir='ltr'><strong>gessit</strong></span> <span class='ocrx_word' id='word_1_552' title='bbox 732 4867 829 4933; x_wconf 90' lang='lat' dir='ltr'><strong>aliquid</strong></span> <span class='ocrx_word' id='word_1_553' title='bbox 846 4871 1022 4932; x_wconf 89' lang='lat' dir='ltr'><strong>intercidisse,</strong></span> <span class='ocrx_word' id='word_1_554' title='bbox 1041 4873 1145 4923; x_wconf 82' lang='lat' dir='ltr'><strong>utmate</strong></span> <span class='ocrx_word' id='word_1_555' title='bbox 1157 4872 1206 4938; x_wconf 86' lang='lat' dir='ltr'><strong>(vel</strong></span> <span class='ocrx_word' id='word_1_556' title='bbox 1219 4875 1330 4936; x_wconf 67' lang='lat' dir='ltr'><strong>purime)</strong></span> <span class='ocrx_word' id='word_1_557' title='bbox 1341 4875 1425 4939; x_wconf 81' lang='lat' dir='ltr'><strong>gestie,</strong></span> <span class='ocrx_word' id='word_1_558' title='bbox 1442 4869 1590 4924; x_wconf 76' lang='lat' dir='ltr'><strong>uidebatur.</strong></span> <span class='ocrx_word' id='word_1_559' title='bbox 1601 4895 1626 4906; x_wconf 91' lang='lat'><em>-</em></span> 
     </span>
     <span class='ocr_line' id='line_1_50' title="bbox 316 4943 1626 5014; baseline 0.005 -22"><span class='ocrx_word' id='word_1_560' title='bbox 316 4943 411 4992; x_wconf 71' lang='lat' dir='ltr'><strong>tacuere</strong></span> <span class='ocrx_word' id='word_1_561' title='bbox 427 4943 570 4995; x_wconf 83' lang='lat' dir='ltr'><strong>Manutius:</strong></span> <span class='ocrx_word' id='word_1_562' title='bbox 591 4944 683 4993; x_wconf 75' lang='grc'><strong>4444444</strong></span> <span class='ocrx_word' id='word_1_563' title='bbox 698 4945 729 5006; x_wconf 84' lang='lat' dir='ltr'><strong>V,</strong></span> <span class='ocrx_word' id='word_1_564' title='bbox 747 4945 829 4995; x_wconf 82' lang='lat' dir='ltr'><strong>tacitis</strong></span> <span class='ocrx_word' id='word_1_565' title='bbox 845 4947 872 4998; x_wconf 88' lang='lat' dir='ltr'><strong>S.</strong></span> <span class='ocrx_word' id='word_1_566' title='bbox 891 4972 919 4983; x_wconf 91' lang='lat'><em>-</em></span> <span class='ocrx_word' id='word_1_567' title='bbox 937 4947 978 4997; x_wconf 74' lang='grc'><strong>47.</strong></span> <span class='ocrx_word' id='word_1_568' title='bbox 995 4953 1169 5009; x_wconf 73' lang='lat' dir='ltr'><strong>praestaretur</strong></span> <span class='ocrx_word' id='word_1_569' title='bbox 1185 4949 1241 5000; x_wconf 88' lang='lat' dir='ltr'><strong>VS.</strong></span> <span class='ocrx_word' id='word_1_570' title='bbox 1261 4975 1287 4984; x_wconf 99' lang='lat'>-</span> <span class='ocrx_word' id='word_1_571' title='bbox 1307 4949 1348 5000; x_wconf 78' lang='grc'><strong>48.</strong></span> <span class='ocrx_word' id='word_1_572' title='bbox 1366 4961 1515 5014; x_wconf 76' lang='lat' dir='ltr'><strong>mcpccpem</strong></span> <span class='ocrx_word' id='word_1_573' title='bbox 1530 4949 1586 4998; x_wconf 88' lang='lat' dir='ltr'><strong>VS.</strong></span> <span class='ocrx_word' id='word_1_574' title='bbox 1601 4967 1626 4983; x_wconf 78' lang='lat'><strong>-</strong></span> 
     </span>
     <span class='ocr_line' id='line_1_51' title="bbox 318 5015 1337 5082; baseline 0.007 -15"><span class='ocrx_word' id='word_1_575' title='bbox 318 5017 430 5082; x_wconf 73' lang='grc'><strong>4444444404</strong></span> <span class='ocrx_word' id='word_1_576' title='bbox 446 5015 477 5067; x_wconf 91' lang='lat' dir='ltr'><strong>V.</strong></span> <span class='ocrx_word' id='word_1_577' title='bbox 496 5043 523 5054; x_wconf 89' lang='lat'>-</span> <span class='ocrx_word' id='word_1_578' title='bbox 543 5017 583 5069; x_wconf 78' lang='lat'><strong>29.</strong></span> <span class='ocrx_word' id='word_1_579' title='bbox 601 5019 786 5082; x_wconf 67' lang='lat' dir='ltr'><strong>competendi</strong></span> <span class='ocrx_word' id='word_1_580' title='bbox 802 5020 833 5070; x_wconf 93' lang='lat' dir='ltr'><strong>V.</strong></span> <span class='ocrx_word' id='word_1_581' title='bbox 854 5047 881 5056; x_wconf 99' lang='lat'>-</span> <span class='ocrx_word' id='word_1_582' title='bbox 899 5020 939 5071; x_wconf 85' lang='grc'><strong>94.</strong></span> <span class='ocrx_word' id='word_1_583' title='bbox 958 5021 1008 5072; x_wconf 85' lang='lat' dir='ltr'><strong>soei</strong></span> <span class='ocrx_word' id='word_1_584' title='bbox 1024 5021 1054 5074; x_wconf 93' lang='lat' dir='ltr'><strong>V.</strong></span> <span class='ocrx_word' id='word_1_585' title='bbox 1075 5048 1102 5059; x_wconf 91' lang='lat'><em>-</em></span> <span class='ocrx_word' id='word_1_586' title='bbox 1121 5021 1162 5074; x_wconf 75' lang='lat'><strong>32.</strong></span> <span class='ocrx_word' id='word_1_587' title='bbox 1180 5023 1199 5072; x_wconf 88' lang='lat' dir='ltr'><strong>ii</strong></span> <span class='ocrx_word' id='word_1_588' title='bbox 1215 5024 1246 5072; x_wconf 88' lang='lat' dir='ltr'><strong>S:</strong></span> <span class='ocrx_word' id='word_1_589' title='bbox 1264 5024 1291 5076; x_wconf 83' lang='lat' dir='ltr'><strong>id</strong></span> <span class='ocrx_word' id='word_1_590' title='bbox 1307 5023 1337 5076; x_wconf 91' lang='lat' dir='ltr'><strong>V.</strong></span> 
     </span>
    </p>
   </div>
   <div class='ocr_carea' id='block_1_9' title="bbox 0 0 1810 5860">
    <p class='ocr_par' dir='ltr' id='par_1_14' title="bbox 0 0 1810 5860">
     <span class='ocr_line' id='line_1_52' title="bbox 0 0 1810 5860; baseline 0 13"><span class='ocrx_word' id='word_1_591' title='bbox 0 0 1810 5860; x_wconf 95' lang='lat' dir='ltr'><strong> </strong></span> 
     </span>
    </p>
   </div>
  </div>
 </body>
</html>
