3684 5862
739 765 948 976 aad·
980 779 1142 930 '‘Vm''

636 1097 678 1162 ll.
700 1093 864 1161 TULLII
887 1095 1145 1161 CICERONIS

294 1313 532 1406 ossnulo
559 1311 691 1404 PRO
721 1310 934 1404 SEXTO
962 1309 1196 1404 Roscio
1223 1309 1516 1406 AMERINO

732 1543 794 1602 so
827 1540 1059 1602 iunioris,

799 1787 1002 1840 sscoosovlr

584 1973 868 2042 GAROLUS
900 1973 1208 2040 ΕΔῙιΜΙῦΒι

794 2224 1000 2238 ψ

657 2431 854 2498 NOTARUM
875 2433 1131 2499 EXPLICATIO.

238 2589 305 2641 i:
321 2590 508 2657 Palimpsestus
525 2590 665 2642 Vaticanus
681 2591 825 2644 Niebobrii.
844 2591 937 2655 (oreti.
951 2606 1001 2656 pro
1016 2594 1052 2646 li.
1065 2593 1166 2644 Fonteio
1181 2596 1226 2642 ele.
1243 2592 1337 2658 popo.
1355 2604 1382 2657 p.
1400 2589 1432 2644 84
1449 2591 1500 2657 sq.)

238 2669 259 2720 G
273 2687 303 2716 =
320 2667 404 2719 codex
414 2665 643 2718 Helmstedtiensie
654 2665 715 2728 304,
733 2682 805 2720 4440
814 2667 1070 2721 wollenbuttelenus
1087 2669 1143 2734 (2⁰5
1155 2667 1269 2732 libert),
1288 2665 1322 2718 eb
1333 2669 1450 2720 4444440
1461 2669 1558 2720 444οι-

317 2756 405 2794 usuro
422 2741 619 2806 diligentissime
637 2740 756 2795 collatus.

236 2819 301 2872 ll=
317 2817 376 2871 cod.
395 2819 560 2871 Monacensis
578 2817 645 2882 (cod.
665 2817 709 2870 let.
729 2818 843 2881 44134),
862 2818 996 2884 qnondam
1008 2817 1214 2884 salisburgensis
1231 2815 1331 2869 eulicus
1348 2831 1375 2870 4.
1388 2815 1443 2880 ab,
1462 2819 1556 2883 purtim

318 2909 333 2946 e
350 2896 451 2946 Cinouo
468 2895 620 2956 Punrenro,
639 2897 735 2960 purtim
752 2909 769 2946 s
785 2896 815 2947 C.
833 2896 932 2947 1144440
949 2893 1073 2958 collatus,
1092 2896 1118 2945 in
1134 2907 1188 2960 quo
1204 2894 1288 2947 oretio
1305 2892 1347 2945 bis
1364 2891 1496 2959 descripte
1513 2907 1558 2945 ex·

317 2972 370 3023 stet
385 2969 428 3021 iol.
448 2967 479 3021 44
495 2981 555 3034 sqq.
574 2971 602 3020 et
618 2969 665 3020 346
682 2982 742 3036 sqq.
777 2969 825 3024 Ubi
847 2971 900 3022 duo
917 2972 1069 3038 epogrepbe
1085 2972 1155 3022 inter
1171 2983 1201 3023 se
1218 2969 1384 3035 discrepent,
1411 2970 1485 3035 prius
1504 2971 1555 3035 144,

317 3045 450 3112 posterius
466 3045 507 3098 444
525 3045 699 3110 significatum
716 3047 767 3097 est.

237 3121 452 3186 Cillis'l'xep
468 3139 496 3167 =
513 3121 619 3174 codices
636 3122 810 3183 oxonienses,
830 3133 862 3172 ex
879 3121 975 3186 quibus
991 3123 1012 3174 14
1028 3124 1055 3174 44
1073 3122 1097 3188 g.
1115 3121 1156 3172 46.
1175 3121 1272 3173 delicit.

237 3197 298 3249 Scb.
315 3215 344 3244 =
360 3196 521 3249 Scboliestee
539 3198 696 3250 Gronovleni
712 3197 847 3250 lemmate.

236 3271 298 3324 Pell.
315 3270 468 3323 :odelini
493 3273 610 3335 Gruteri‚
636 3284 703 3337 quos
725 3274 780 3323 tres
801 3271 917 3336 inspexit
938 3271 970 3332 lv.
993 3283 1056 3322 eum
1076 3268 1110 3321 ed
1134 3283 1158 3321 0.
1176 3268 1236 3334 lsi.
1271 3270 1346 3324 Idem
1366 3275 1507 3340 praetereo
1524 3285 1557 3327 ex

317 3347 425 3400 schedis
441 3347 578 3400 Guilielmii
595 3347 686 3399 codice
703 3349 739 3398 St.
758 3347 824 3398 vict.
844 3346 886 3411 lod
903 3347 1000 3398 eedem
1016 3348 1053 3398 st.
1072 3343 1191 3412 Victoris)
1208 3354 1273 3398 usus
1290 3350 1339 3399 est.

237 3427 311 3476 Perr.
328 3444 357 3472 =
373 3424 481 3476 Perlslni
497 3437 513 3474 e
530 3424 698 3475 Steinmetzio
715 3421 810 3474 colluti.
830 3422 861 3486 (l.
875 3421 899 3473 4.
913 3423 937 3473 7.
950 3423 974 3474 8.
987 3423 1022 3486 9.)

238 3500 311 3550 leno.
328 3515 358 3545 =
373 3499 514 3550 varietates
531 3512 546 3549 e
562 3500 663 3550 Doneto
680 3499 813 3550 leooociio
830 3497 938 3548 editioni
954 3497 1072 3550 Venetae
1089 3509 1113 3549 e.
1127 3497 1200 3550 4540.
1219 3497 1382 3565 adscriptos,
1401 3499 1497 3568 quibus
1509 3504 1557 3554 Ge-

319 3575 438 3626 retooius
454 3586 520 3625 usus
536 3575 585 3626 est.

239 3649 306 3703 (ind.
322 3663 353 3699 ::
368 3647 502 3702 Gudianus
518 3649 570 3712 68..
588 3661 671 3714 quem
686 3648 789 3701 Ernesti
805 3646 933 3700 adhibuit.
967 3648 1020 3700 Sed
1037 3661 1070 3700 ex
1086 3651 1209 3700 sccurete
1226 3647 1362 3702 collatione
1381 3651 1422 3716 45.
1435 3653 1524 3705 4-40.
1540 3667 1556 3705 4

319 3728 489 3778 insonuere
505 3725 573 3776 lecte
588 3723 751 3777 intellectum
768 3727 819 3788 est,
843 3723 963 3775 codicem
984 3723 1090 3776 mendis
1107 3725 1134 3776 st
1149 3723 1394 3791 interpolationibus
1415 3727 1557 3782 4010444444-

317 3815 392 3854 murn
410 3814 483 3865 esse,
501 3815 552 3854 nec
569 3800 678 3866 dignum
694 3801 739 3866 qui
755 3802 825 3852 totus
842 3801 1019 3852 excuterebrr.

236 3889 255 3928 v
270 3893 299 3924 ·.-.
315 3879 358 3930 ed.
376 3878 478 3930 Venels
494 3890 518 3928 e.
537 3875 625 3938 liin,
643 3889 712 3942 quse
728 3877 811 3928 inster
827 3875 925 3928 codicis
943 3877 991 3928 est.

237 3967 297 4006 e:
313 3954 356 4006 ed.
373 3953 534 4006 escensione
551 3966 575 4004 e.
595 3954 668 4004 44444.

237 4043 253 4081 0
267 4046 296 4078 a
312 4030 355 4082 ed.
374 4029 547 4082 Cmtendrinn
563 4042 587 4080 s.
606 4029 678 4080 44448.

236 4108 256 4158 1.
271 4124 301 4152 =
316 4105 486 4158 Lambinisne
502 4119 527 4156 s.
546 4105 619 4156 4466.

236 4181 297 4236 8:
313 4181 405 4234 bemb.
423 4181 601 4246 repetitiones.

236 4259 324 4309 (4444
339 4272 368 4304 =
384 4258 469 4309 Cures
487 4255 621 4307 secundae
638 4256 715 4320 desp.
734 4254 865 4305 derelonii
882 4253 1005 4304 ineditae.

237 4333 257 4382 0
273 4345 302 4378 τ.
318 4331 360 4382 ed.
380 4330 509 4383 Orelllsns
525 4331 606 4396 prior.

238 4409 309 4458 044
325 4419 353 4453 =
369 4406 412 4458 ed.
430 4404 518 4457 Orellii
534 4403 631 4466 altere,
649 4405 735 4456 'l'urioi
752 4403 823 4456 4837.
843 4402 867 4456 4.

238 4481 281 4534 Os.
298 4497 327 4531 ε
343 4481 386 4533 04.
403 4480 635 4545 osenbrueggenn.

301 4559 439 4609 Praetereo
461 4558 488 4608 44
506 4556 547 4621 gs.
566 4557 655 4607 4-444.
673 4557 802 4622 epperstu
818 4567 834 4605 e
850 4553 1046 4618 Legomcrsinlo
1063 4552 1174 4606 collecto
1190 4567 1256 4607 usus
1272 4567 1346 4619 sum,
1372 4557 1418 4623 qui
1434 4559 1469 4611 ed
1485 4559 1555 4611 bono

237 4633 382 4683 orationem
398 4631 526 4684 tredecim
543 4630 649 4684 codices
666 4630 795 4691 excussit,
814 4641 928 4695 quornm
945 4631 1185 4695 praeelectissimus
1201 4630 1344 4682 bliebubrio
1360 4631 1403 4684 ille
1414 4635 1487 4686 visus
1503 4638 1553 4698 est,

236 4719 319 4771 44044
335 4708 544 4770 Lepomersinius
560 4719 674 4758 numero
689 4706 731 4758 46.
750 4706 790 4770 i=
807 4707 866 4758 eod.
884 4705 979 4759 lledic.
996 4705 1063 4759 Plub
1082 4707 1235 4758 fflXVlll.
1254 4721 1281 4758 4.
1299 4708 1351 4772 44.)
1368 4708 1487 4773 signavit.

300 4782 330 4831 14
346 4783 565 4834 commentorium
582 4782 702 4834 criticum
718 4783 773 4832 tote
783 4779 927 4834 lectionum
938 4781 1077 4836 diversitos
1087 4784 1230 4844 exVGll,
1249 4783 1324 4846 seb,
1342 4796 1361 4834 s
1371 4796 1387 4834 e
1399 4797 1427 4845 c,
1445 4783 1553 4846 recepte
1655 4789 1660 4797 '

237 4858 290 4918 est,
308 4853 385 4908 nullis
401 4856 451 4908 nisi
466 4857 623 4912 monstrosis
639 4857 758 4922 mendis,
776 4871 809 4910 ex
826 4857 922 4924 qulbus
938 4857 1001 4910 nibll
1018 4859 1125 4912 omnino
1135 4858 1246 4912 subsidii
1257 4860 1312 4926 peti
1322 4859 1420 4926 possit,
1439 4855 1553 4908 omissis.

794 5141 999 5156 ψ
