3610 5860
311 415 374 484 538
625 425 778 496 outrto
796 427 850 494 ΒΕ
871 427 1037 496 ummo
1061 429 1121 494 CN.
1143 429 1307 501 scaeua

310 587 456 672 ignorant
475 593 624 662 videlicet
642 597 710 672 isti,
732 599 787 682 qui
808 597 848 662 ad
870 619 969 664 uuum
990 597 1160 664 deferenda
1181 601 1286 666 omnia
1307 620 1377 666 esse
1391 619 1456 666 non
1471 602 1677 668 arbitran-

310 689 378 746 tur:
401 689 491 769 quasi
512 710 587 756 raro
603 691 659 754 Cn.
673 692 856 776 Pompeium
878 713 942 758 uon
964 714 1036 757 cum
1058 694 1124 756 suis
1146 694 1326 769 virtutibus,
1348 703 1414 758 tum
1435 699 1533 760 etiam
1554 698 1674 760 alie-

310 778 361 840 nis
383 780 466 844 vitiis
486 803 632 866 maguum
649 805 720 851 esse
733 787 904 852 videamus.
946 784 997 850 68.
1021 787 1126 863 Quare
1148 789 1246 852 nolite
1269 790 1427 864 dubitare,
1450 795 1534 874 quia
1556 793 1667 856 huic

309 873 367 936 uni
393 874 527 942 credatis
550 880 669 954 omnia,
699 881 753 963 qui
774 881 857 944 inter
877 888 925 944 tot
945 901 1045 946 annos
1065 902 1148 945 unus
1170 883 1314 946 inventus
1337 882 1393 956 sit,
1424 904 1520 968 quem
1554 885 1662 948 socii

286 965 343 1032 oin
363 968 458 1032 urbes
479 990 551 1035 suas
573 992 642 1036 cum
666 974 808 1036 exercitu
828 976 953 1038 venisse
974 976 1141 1057 gaudeant.

394 1063 489 1140 Quod
511 1065 538 1128 si
558 1067 793 1130 auctoritatibus
807 1067 888 1130 hanc
903 1088 1045 1143 causam,
1069 1069 1218 1144 Quirites,
1240 1067 1482 1136 confirmandam
1497 1074 1659 1156 putatis,

310 1163 358 1218 est
378 1157 468 1221 vobis
489 1167 598 1222 auctor
611 1163 659 1223 vir
673 1160 829 1224 bellorum
844 1164 983 1226 omnium
999 1164 1269 1247 maximarumque
1285 1183 1389 1228 rerum
1404 1167 1657 1249 peritissimus,

170 1257 190 1355 p
309 1251 343 1312 P.
366 1251 533 1326 Servilius,
556 1255 644 1318 cuius
667 1263 773 1318 tantae
795 1275 845 1320 res
867 1264 973 1338 gestae
996 1264 1079 1322 terra
1096 1257 1240 1339 marique
1255 1261 1457 1335 exstiterunt,
1478 1268 1533 1334 ut,
1560 1281 1655 1324 cum

310 1344 350 1407 de
370 1335 455 1409 bello
478 1347 673 1424 deliberetis,
695 1357 806 1412 auctor
821 1351 909 1412 vebis
925 1352 1049 1432 gravior
1063 1371 1156 1414 nemo
1172 1371 1241 1413 esse
1256 1351 1385 1428 debeat;
1407 1361 1456 1418 est
1471 1353 1503 1416 G.
1521 1353 1653 1426 Curio,

273 1439 440 1506 tosummis
469 1443 580 1505 vestris
608 1442 770 1506 beneficiis
798 1443 1006 1528 maximisque
1034 1445 1129 1508 rebus
1157 1445 1268 1526 gestis,
1297 1467 1419 1536 summo
1446 1446 1582 1529 ingenio
1609 1453 1654 1510 et

193 1529 211 1624 ᾖ
308 1531 478 1614 prudentia
504 1536 682 1619 praeditum
711 1544 759 1600 est
789 1537 843 1600 Cn.
865 1537 1036 1616 Lentulus,
1063 1539 1096 1602 iu
1125 1558 1188 1621 que
1218 1559 1327 1603 omues
1348 1561 1403 1623 pro
1425 1541 1650 1624 amplissimis

308 1627 421 1690 vestris
446 1628 621 1694 honeribus
649 1651 805 1694 summum
827 1631 1009 1706 consilium,
1040 1652 1192 1696 summam
1213 1635 1397 1714 gravitatem
1420 1655 1490 1700 esse
1511 1653 1650 1716 cogno·

309 1721 414 1798 vistis3
447 1730 495 1786 est
517 1723 550 1788 C.
574 1724 717 1800 Cassius,
747 1726 944 1808 integritate,
972 1727 1105 1801 virtute,
1130 1727 1306 1792 constantia
1326 1728 1487 1811 singulari
1522 1727 1647 1804 Quare

309 1814 431 1891 videte,
453 1825 490 1884 ut
502 1817 616 1883 berum
629 1819 866 1883 auctoritatibus
881 1819 1007 1884 illorum
1024 1821 1174 1895 orationi,
1197 1822 1252 1902 qui
1268 1821 1475 1897 dissentiunt,
1497 1841 1645 1904 respun-

272 1911 385 1978 tadere
405 1933 501 1995 posse
521 1912 695 1976 videamur.

392 2005 506 2070 XXIV.
528 2003 578 2068 69.
602 2006 691 2082 Quae
719 2025 791 2070 cum
818 2006 863 2070 ita
890 2006 971 2082 sint,
1003 2007 1037 2071 C.
1059 2008 1184 2083 Manili,
1216 2009 1352 2092 primum
1374 2010 1467 2074 istam
1488 2017 1579 2074 tuam
1605 2017 1642 2074 et

308 2098 410 2181 legem
432 2105 464 2164 et
485 2100 677 2164 voluntatem
701 2107 733 2164 et
754 2103 939 2166 sententiam
961 2100 1057 2164 laudo
1078 2102 1419 2186 vehementissimeque
1440 2105 1637 2188 comprobo;

308 2192 424 2258 deinde
444 2201 475 2258 te
495 2194 622 2269 hortor,
652 2202 688 2258 ut
710 2202 840 2258 auctore
861 2197 980 2280 populo
1003 2196 1143 2258 Romano
1166 2215 1294 2260 maneas
1317 2198 1352 2260 iu
1372 2198 1527 2262 sententia
1550 2219 1640 2262 neve

308 2287 494 2372 cuiusquam
520 2289 584 2352 rim
612 2295 666 2352 aut
692 2289 793 2353 minas
822 2290 1034 2373 pertimescas.
1068 2290 1206 2352 Primum
1235 2291 1268 2354 in
1291 2299 1322 2352 te
1344 2289 1419 2353 satis
1441 2311 1511 2354 esse
1531 2293 1637 2355 ammi

270 2383 625 2467 ”perseverantiaeque
648 2383 797 2459 arbitron
819 2383 934 2448 deinde
956 2405 1028 2446 cum
1054 2390 1172 2446 tanum
1193 2385 1427 2448 multitudinem
1449 2406 1518 2448 cum
1541 2391 1637 2450 tanto

308 2476 412 2540 studio
434 2476 546 2539 adesse
567 2476 747 2551 videamus,
776 2485 925 2559 quantam
957 2479 1071 2540 iterum
1093 2498 1178 2540 nunc
1200 2479 1233 2540 in
1256 2479 1368 2542 eedem
1389 2478 1517 2542 bomine
1538 2499 1637 2560 prae-

307 2565 441 2634 ficiendo
469 2570 629 2644 videmus,
658 2571 735 2654 quid
766 2570 920 2653 estquod
942 2577 997 2632 aut
1022 2570 1061 2633 de
1084 2590 1119 2633 re
1141 2578 1195 2634 aut
1216 2572 1256 2633 de
1276 2572 1460 2654 perficiendi
1480 2571 1635 2636 facultate

308 2663 512 2728 dubitemus?
548 2665 617 2746 Ego
645 2671 768 2739 autem,
800 2663 957 2746 quidquid
986 2671 1034 2726 est
1060 2665 1091 2726 in
1114 2684 1164 2726 me
1186 2665 1300 2740 studii,
1329 2665 1472 2741 consilii,
1501 2665 1633 2740 laboris,

308 2757 443 2839 ingenii,
466 2756 623 2842 quidquid
643 2757 706 2822 boc
726 2755 880 2820 beneficio
901 2757 1012 2842 populi
1027 2759 1159 2820 Romani
1182 2765 1278 2841 atque
1292 2759 1351 2823 bac
1368 2765 1523 2842 potestate
1537 2780 1633 2842 prae-

271 2851 403 2924 utoria,
435 2849 593 2934 quidquid
615 2852 818 2924 auctoritate,
848 2851 928 2926 lide,
951 2852 1125 2916 constantia
1146 2872 1293 2935 pessum,
1315 2853 1347 2916 id
1370 2873 1464 2916 omne
1486 2852 1631 2916 adhaec

309 2963 375 3008 rem
397 2941 622 3008 conficiendam
646 2944 704 3008 tibi
726 2952 758 3008 et
778 2945 896 3028 populo
914 2947 1056 3009 llomano
1077 2945 1232 3028 polliceor
1245 2965 1281 3010 ae
1301 2947 1429 3023 delero;
1450 2944 1502 3010 70.
1516 2955 1630 3012 testor-

309 3057 372 3121 que
393 3057 501 3102 0maes
524 3039 617 3114 deos,
647 3046 680 3104 et
708 3058 762 3102 eos
784 3040 936 3115 maxime,
966 3041 1021 3124 qui
1042 3039 1116 3104 huie
1138 3040 1208 3104 loco
1230 3040 1414 3124 temploque
1436 3041 1626 3125 praesident,

309 3131 365 3215 qui
387 3131 527 3195 omnium
549 3141 669 3198 mentes
692 3152 818 3209 eorum,
841 3133 896 3216 qui
918 3132 959 3197 ad
980 3153 1046 3197 rem
1067 3135 1226 3217 publicam
1242 3135 1377 3209 adeunt,
1399 3137 1536 3199 maxime
1556 3155 1626 3218 por·

309 3225 461 3309 spiciunt,
483 3247 533 3293 me
554 3227 617 3290 hoc
638 3247 742 3311 neque
764 3235 876 3310 rogatu
897 3227 1000 3292 facere
1023 3229 1224 3312 cuiusquam,
1246 3247 1351 3310 neque
1373 3247 1437 3310 quo
1461 3227 1517 3292 Cn.
1537 3229 1625 3290 Pom·

271 3321 372 3407 sepeli
398 3321 530 3403 gratiam
558 3321 634 3386 mibi
664 3342 722 3406 per
748 3321 829 3386 banc
855 3342 981 3386 causam
1003 3323 1165 3387 conciliari
1185 3327 1309 3404 putem,
1337 3340 1442 3404 neque
1465 3340 1529 3406 quo
1550 3323 1624 3385 mibi

309 3415 565 3499 ex·cuiusquam
594 3415 801 3501 amplitudine
823 3423 878 3479 aut
902 3417 1062 3500 praesidia
1083 3415 1233 3498 periculis
1255 3422 1309 3478 aut
1330 3414 1509 3477 adiumenta
1528 3415 1624 3478 hone-

308 3509 395 3575 ribus
424 3529 593 3594 quaeram,
621 3517 787 3594 propterea
816 3509 902 3592 quod
931 3510 1073 3593 pericula
1098 3508 1206 3583 tacite,
1233 3515 1269 3571 ut
1288 3507 1449 3571 hominem
1469 3513 1622 3591 praestare

309 3610 450 3690 oportet,
471 3605 655 3670 innocentia
676 3604 749 3668 tecti
771 3603 978 3687 repellemus,
998 3602 1154 3666 honorem
1175 3609 1280 3667 autem
1299 3621 1408 3686 neque
1427 3601 1466 3664 ab
1488 3620 1551 3664 uno
1570 3619 1622 3664 ne-

374 3867 398 3917 l.
416 3866 501 3916 macte
524 3878 574 3916 ease
595 3864 687 3916 ETV:
714 3877 764 3915 esse
783 3865 867 3914 orente
884 3860 1049 3914 rateto.
1070 3885 1098 3898 —
1126 3863 1151 3914 3.
1172 3861 1300 3923 debitore,
1327 3861 1448 3924 Quirites,
1474 3861 1534 3923 meta
1548 3861 1573 3912 b.
1591 3887 1617 3898 -

310 3938 334 3990 4.
348 3943 383 3989 tot
399 3954 478 3992 eeeoe
488 3941 553 4004 EV,
572 3953 625 4004 mg.
644 3937 678 3993 b:
698 3953 776 3990 aneos
792 3943 827 3988 tot
843 3935 985 3991 alltc.
1007 3938 1093 4001 (aneos
1109 3935 1207 3987 delevit
1223 3935 1303 3988 Andr.
1317 3935 1458 3999 schottus.)
1473 3963 1500 3971 -
1518 3936 1542 3985 7.
1557 3935 1619 3986 nobb

310 4018 385 4064 autor
400 4015 426 4063 F.
448 4041 475 4052 -
493 4016 518 4066 8.
536 4017 671 4066 actiterunt
686 4014 748 4065 Vl.
769 4042 796 4050 -
818 4013 842 4064 9.
860 4027 931 4064 eaeo
947 4027 997 4064 esse
1013 4014 1050 4064 E:
1072 4025 1121 4064 esse
1139 4015 1200 4076 (om.
1215 4011 1294 4074 cerro)
1312 4012 1346 4072 V;
1372 4023 1422 4062 ease
1436 4023 1507 4060 semo
1523 4009 1616 4062 ruat

310 4085 365 4141 bO.
387 4115 414 4125 ·-
433 4089 473 4139 tt.
492 4089 620 4155 beneflciis]
637 4089 758 4154 berreltcr'ts
773 4101 833 4138 uera
848 4089 876 4138 L.
891 4114 918 4124 —
936 4089 1065 4140 mactmus
1079 4087 1151 4138 rebus
1168 4087 1203 4146 C;
1221 4087 1340 4136 macteris
1355 4085 1428 4136 rebar
1444 4086 1472 4136 l..
1485 4110 1513 4121 -
1532 4085 1567 4134 tt.
1578 4086 1616 4151 ert]

309 4167 344 4213 eat
359 4162 425 4212 enim
435 4163 496 4212 B.-
511 4165 557 4216 Ge.
570 4164 634 4213 v.-
653 4163 694 4214 44.
707 4177 805 4214 masma
820 4163 946 4226 praetecta
956 4164 1017 4214 B.·-
1031 4162 1177 4228 coercuistis
1190 4161 1241 4212 EV
1252 4162 1286 4212 0:
1305 4161 1426 4225 comestis
1436 4160 1468 4219 Τ;
1485 4161 1616 4224 commutis

310 4236 423 4290 RALb.
435 4263 464 4275 -
483 4239 523 4290 43.
537 4237 661 4304 stapelen·
677 4237 1120 4300 quereotdeteutWCbhETVB:
1139 4238 1263 4302 daedale·
1277 4242 1306 4287 ot
1322 4236 1425 4301 (mediis
1437 4235 1552 4297 omissis,
1568 4236 1615 4300 qui

310 4311 361 4364 bus
373 4313 498 4376 equidem
510 4313 584 4365 tacite
597 4315 725 4376 carerem)
738 4316 771 4372 F;
788 4314 931 4378 deputari:
949 4326 1027 4376 quere
1036 4314 1123 4374 otdete,
1136 4326 1197 4364 erere
1208 4309 1318 4364 4440.
1337 4311 1362 4362 si
1378 4309 1456 4362 lectio
1468 4312 1615 4376 optimorum

309 4385 438 4438 librorum
449 4388 520 4440 salva
533 4392 581 4452 est,
594 4394 622 4438 ut
631 4389 807 4440 videturesse
820 4389 975 4440 adverbium
987 4391 1003 4439 i.
1018 4403 1042 4440 e.
1056 4388 1242 4452 «quambene,
1256 4381 1337 4452 quem
1347 4389 1435 4452 apte.»
1452 4387 1491 4438 cl.
1504 4387 1528 4451 ἕ.
1539 4387 1574 4440 48.
1584 4387 1613 4438 de

310 4462 368 4527 lege
380 4477 435 4528 agr.
446 4465 464 4514 l.
479 4464 503 4529 ἓ.
513 4465 537 4514 4.
548 4492 574 4500 -
594 4465 634 4515 tc.
647 4465 726 4516 munti
742 4466 776 4526 E;
794 4465 880 4526 meatu
892 4465 922 4514 V.
933 4487 959 4500 -
979 4463 1020 4515 t9.
1033 4464 1113 4513 uetmt
1129 4476 1178 4513 esse
1188 4463 1219 4512 V.
1229 4487 1256 4498 -
1276 4462 1316 4513 40.
1331 4463 1572 4525 perseverantiores
1584 4464 1614 4514 lll

311 4539 480 4590 ChETVO:
497 4541 698 4602 constantiaeque
714 4537 858 4592 Rabb-
876 4552 934 4590 aaa
949 4541 1010 4590 ante
1027 4551 1053 4588 v.
1066 4541 1135 4588 tento
1146 4549 1199 4587 om.
1214 4538 1233 4588 C
1251 4539 1318 4588 teste
1330 4535 1457 4588 Medio·
1474 4551 1531 4588 cum
1542 4538 1613 4587 --ei·

311 4614 419 4679 mmor]
436 4627 540 4666 cumn
551 4615 759 4667 aidemanTV.
780 4619 833 4667 «An
850 4614 898 4668 luit
913 4611 1234 4678 quoniam--vtdemmtn
1253 4611 1334 4662 Hace.
1357 4609 1410 4660 Sed
1426 4611 1508 4663 habet
1523 4626 1613 4664 erem·-

310 4690 437 4742 otdeomrr
453 4691 472 4742 C
491 4691 558 4742 testo
575 4690 671 4742 Medio.
691 4717 718 4728 ·-
737 4693 778 4742 44.
797 4692 1086 4754 queatem--er'demaa
1101 4701 1154 4739 om.
1173 4689 1201 4740 T.
1222 4713 1249 4724 ·-
1268 4689 1358 4739 tamem
1373 4699 1439 4738 emec
1455 4687 1559 4750 ElFr.):
1574 4687 1613 4736 ttr-

310 4779 368 4815 ram
383 4765 450 4816 teme
465 4764 500 4823 Ἲς
518 4779 584 4816 nanc
599 4766 690 4818 danao
707 4766 788 4827 cn0;
806 4781 857 4816 eon
872 4767 962 4818 baum
978 4761 1092 4818 aaut.
1104 4762 1150 4814 'Ct
1170 4764 1224 4814 Cic.
1243 4762 1277 4813 ad
1294 4765 1346 4814 att.
1358 4763 1401 4814 lV.
1414 4763 1439 4825 4,
1452 4764 1476 4813 t.
1491 4787 1518 4798 -
1536 4762 1569 4812 44.
1582 4761 1612 4812 or'·

311 4842 396 4892 domare
413 4838 580 4892 ChEVBO:
598 4841 704 4892 uidimus
720 4838 830 4894 aaut.
845 4867 872 4876 -
891 4841 1016 4907 reficiendi
1032 4841 1089 4900 Ch;
1103 4838 1265 4904 praeficiendi
1276 4839 1302 4890 F.
1317 4864 1344 4874 -
1363 4837 1404 4890 43.
1417 4843 1452 4889 ert
1466 4838 1494 4888 la
1508 4835 1608 4888 mear:

311 4917 339 4966 ie
353 4929 393 4966 me
408 4921 443 4967 ec
459 4913 598 4970 444440.
618 4944 645 4956 -
672 4918 714 4968 tt.
732 4918 871 4968 constantie
884 4919 933 4984 fide
950 4918 976 4969 F.
997 4943 1024 4953 —
1046 4917 1087 4968 46.
1106 4915 1145 4980 oc]
1168 4921 1191 4966 et
1213 4911 1293 4968 ΝΛΞ.
1319 4941 1345 4951 -
1373 4914 1414 4964 47.
1434 4926 1475 4968 ιν.
1493 4924 1516 4962 c.
1535 4912 1609 4962 enea·

312 5005 366 5056 mg.
385 4989 410 5043 t.
430 5019 457 5028 —
476 4993 517 5043 49.
538 4990 586 5043 «al.
603 5005 683 5055 oeque
699 4994 778 5056 quode
797 5005 850 5057 mg.
869 4989 895 5045 b.
915 5018 942 5028 -
962 4993 1062 5055 peorpet
1079 4992 1109 5041 V.
1128 5015 1155 5026 -
1175 4989 1215 5042 33.
1233 4989 1376 5054 repellanda
1392 4986 1512 5038 ETVO:
1529 4985 1610 5048 repetit·

312 5081 367 5118 mos
376 5068 411 5117 W
420 5067 459 5118 Ch
476 5067 533 5130 (nisi
551 5067 593 5118 cst
608 5066 735 5118 mendum
747 5069 850 5132 typogr.
863 5079 905 5131 ap.
919 5068 1060 5116 Gruterum
1071 5077 1119 5130 pro
1130 5065 1286 5128 repellerem
1304 5077 1365 5115 nem
1376 5062 1410 5114 ad
1422 5072 1547 5126 praesens
1556 5061 1610 5110 am-

311 5156 362 5210 pus
374 5143 418 5194 vix
429 5144 581 5213 «γνησίως»
594 5141 740 5194 addidisset
751 5140 925 5207 Gulielmius);
940 5141 1058 5206 petamus
1070 5138 1180 5195 [labb.
1192 5167 1219 5178 -
1232 5141 1348 5193 moran
1360 5139 1394 5192 W
1402 5137 1441 5189 Ch
1449 5136 1469 5188 E
1478 5135 1606 5186 tvlal:
