3638 5868
545 423 614 490 cn.
635 423 688 489 rs.
718 421 791 491 on.
813 424 950 490 rv-v.
978 421 1035 508 aa
1057 419 1189 490 o-to.
1262 381 1265 394 ’
1469 420 1533 492 arr

205 590 288 661 nibil
306 589 425 660 bebere
446 593 596 678 cuiqnam
617 599 780 678 praeterea
793 589 927 657 licebitl
949 597 997 658 tot
1011 591 1125 658 domus
1138 592 1404 678 locupletissimas
1416 592 1533 664 domm

206 688 298 754 iatius
318 707 383 752 uns
404 687 526 772 capiet?
549 687 672 752 Idcirco
694 706 788 751 nemo
809 686 1008 770 superiorum
1028 687 1147 772 attigit,
1168 695 1205 752 ut
1217 687 1271 752 bic
1289 688 1437 758 tollerett
1459 687 1533 756 ideo

207 780 241 846 G.
265 780 417 846 Claudius
439 781 575 847 Pulcher
600 782 738 856 rettulit,
767 787 805 843 ut
833 779 867 844 C.
889 781 1005 845 Verres
1025 788 1136 866 posset
1156 781 1302 848 auferret
1334 783 1377 848 bt
1397 802 1463 850 oon
1483 803 1534 849 re·

207 875 354 962 quirebat
380 875 436 940 ille
459 875 581 959 Cupido
609 875 735 938 lenonis
756 873 886 938 domum
908 893 945 938 ac
966 875 1175 956 meretriciam
1196 875 1412 959 disciplinans
1438 875 1534 946 facile

205 969 263 1034 illo
285 969 423 1034 sacrario
445 970 548 1053 patrio
571 969 809 1034 continebatur:
830 967 912 1032 lleio
935 987 971 1032 se
988 968 1195 1034 amaioribus
1209 968 1355 1037 relictum
1368 990 1440 1037 esse
1453 969 1558 1040 soie-t

205 1063 261 1128 bat
281 1063 315 1126 in
336 1062 512 1130 hereditate
535 1083 713 1138 sacrorum
735 1081 801 1126 non
823 1062 998 1146 quaerebat
1017 1062 1193 1128 meretricis
1214 1062 1373 1129 heredem.
1417 1061 1448 1128 8.
1471 1064 1535 1134 Sed

207 1157 284 1242 quid
308 1177 367 1241 ego
389 1165 454 1224 44444
475 1157 680 1224 vehementer
700 1156 858 1222 invehor?
889 1156 993 1220 Verbo
1014 1177 1079 1222 uno
1101 1156 1246 1241 repellar.
1260 1184 1303 1204 -··
1316 1157 1401 1232 Emi,
1421 1156 1535 1242 inquit.

206 1283 248 1300 -
268 1251 308 1316 bi
337 1251 547 1328 immortales,
575 1250 771 1336 praeclaram
794 1247 1029 1316 defensionem!
1056 1259 1263 1316 mercatorem
1284 1250 1319 1314 in
1339 1249 1536 1334 provinciam

207 1364 279 1410 cum
312 1344 447 1428 imperio
476 1365 513 1410 ac
540 1345 704 1410 securibus
731 1343 892 1420 misimus,
925 1346 1032 1410 omnia
1053 1345 1109 1430 qui
1139 1344 1246 1429 signa,
1278 1344 1402 1414 tabulm
1422 1344 1535 1430 naua,
1642 1319 1725 1426 ,27ae

207 1459 301 1532 omne
322 1447 504 1523 argentum,
535 1459 663 1516 aurum,
690 1440 785 1514 ebur,
805 1457 946 1520 gemmas
968 1444 1144 1514 coemeret,
1164 1438 1246 1504 nibil
1268 1440 1419 1523 cuiquam
1438 1371 1610 1515 relic-soi

207 1539 329 1619 queret
372 1533 460 1598 Haec
487 1535 572 1600 enim
599 1533 677 1600 mibi
706 1531 747 1598 ad
775 1531 881 1598 omnia
902 1531 1045 1596 defensio
1067 1532 1211 1616 patefieri
1231 1533 1376 1602 videtur:
1410 1531 1536 1599 emicas.

205 1627 362 1702 Primum,
391 1629 418 1690 si
445 1626 496 1704 id,
528 1627 702 1712 quodvis,
731 1627 789 1690 tibi
811 1645 870 1710 eqo
893 1625 1083 1702 concedam,
1112 1633 1148 1690 ut
1168 1625 1299 1702 emeris,
1327 1624 1480 1710 quoniam
1500 1624 1536 1698 io

206 1727 274 1786 toto
306 1721 369 1786 boc
390 1741 507 1804 genere
534 1721 594 1786 bac
614 1741 679 1786 una
701 1720 887 1784 defensione
908 1739 1026 1787 usurus
1048 1740 1099 1786 es:
1121 1727 1257 1806 quaero,
1279 1720 1371 1791 cuius
1392 1717 1478 1786 modi
1499 1727 1535 1789 tu

206 1817 326 1882 iudicia
345 1817 466 1880 Romae
486 1815 607 1900 putaris
630 1834 717 1890 ease,
739 1813 767 1878 si
789 1813 847 1878 tibi
868 1813 930 1878 boc
953 1832 1145 1898 quemquam
1166 1833 1395 1882 concessurum
1407 1811 1537 1899 44404443.

206 1920 239 1976 te
260 1911 294 1978 in
315 1917 464 1995 praetura
485 1917 583 1996 atque
603 1910 737 1994 imperio
760 1915 808 1974 tot
828 1928 880 1973 res
902 1915 966 1973 tam
988 1907 1161 1992 pretiosas,
1184 1928 1294 1979 omnen
1313 1909 1453 1992 denique
1473 1926 1575 1982 reeca

207 2024 291 2090 quae
319 2003 453 2070 alicuius
478 2003 573 2090 pretii
601 2003 733 2078 fuerint,
761 2009 829 2068 tota
856 2022 897 2068 ex
917 2001 1083 2086 provincia
1102 2003 1267 2070 coemisse
1310 2005 1347 2070 v.
1368 1999 1399 2070 9.
1421 2000 1536 2077 Videte

206 2099 364 2167 maiorum
384 2097 594 2180 diligentiam,
617 2096 673 2181 qui
693 2096 853 2162 nihildum
868 2096 964 2163 etiam
985 2095 1077 2165 istius
1098 2097 1185 2162 modi
1200 2097 1458 2181 suspioebaotur,
1480 2117 1534 2162 ve·

205 2213 277 2256 rum
306 2199 412 2259 tamen
441 2211 494 2270 ea,
528 2212 610 2275 quae
638 2192 745 2276 parvis
773 2191 807 2254 in
835 2191 931 2256 rebus
957 2190 1103 2256 accidere
1123 2198 1288 2274 poterant,
1316 2190 1535 2275 providebant

206 2286 392 2362 Neminem,
415 2285 470 2370 qui
494 2304 565 2350 cum
586 2289 744 2370 potestate
762 2291 818 2348 aut
831 2283 990 2368 legatione
1005 2283 1039 2348 in
1053 2284 1248 2369 provinciam
1263 2295 1349 2352 esset
1360 2286 1535 2371 proiectus,

206 2385 271 2450 tam
300 2387 458 2448 amenum
485 2378 555 2443 fore
582 2384 791 2462 putaverunt,
821 2385 858 2442 ut
883 2385 1002 2445 emeret
1021 2386 1205 2462 argentum
1233 2378 1366 2452 dabatur
1387 2380 1473 2447 enim
1494 2379 1572 2451 dett

206 2473 353 2558 publico:
375 2479 412 2539 ut
433 2478 570 2548 vestem
590 2471 801 2555 praebebatur
816 2472 901 2538 enim
914 2472 1056 2557 legibus:
1077 2473 1269 2558 mancipium
1282 2482 1447 2558 putarunt,
1469 2493 1534 2560 quc

207 2574 238 2636 et
260 2585 371 2634 omnes
392 2567 514 2632 utimur
536 2571 653 2632 elnon
674 2567 844 2650 praebetur
865 2587 884 2630 a
904 2567 1035 2652 populo.
1079 2569 1276 2646 sanxerunt,
1297 2589 1339 2638 4444
1361 2587 1433 2644 urar
1452 2586 1535 2635 arra·

205 2681 267 2730 aer
296 2677 360 2729 srsr
387 2680 421 2726 444
447 2678 611 2726 onuoarvr
639 2679 756 2725 nocvu.
800 2661 835 2726 Si
863 2661 919 2746 qui
946 2663 1066 2728 Romae
1087 2671 1173 2729 esset
1192 2661 1399 2738 demortuus?
1426 2661 1537 2738 14444444.

205 2758 232 2824 si
254 2756 327 2842 quis
350 2753 481 2820 ibidem.
523 2757 596 2818 Non
618 2755 703 2820 enim
724 2763 756 2820 te
780 2757 936 2820 instruere
958 2757 1089 2826 domum
1109 2764 1196 2825 44444444
1217 2758 1387 2831 volucrunt
1405 2756 1441 2826 ia
1461 2775 1536 2843 44401

1599 2853 1605 2869 l

204 2851 328 2925 vincia,
355 2848 412 2914 sed
440 2847 533 2915 illum
553 2868 647 2912 neum
668 2849 851 2934 provinciae
872 2851 1031 2937 supplere·
1074 2833 1238 2946 404(οΨ
1256 2851 1319 2922 tut
1340 2871 1451 2934 4444444
1478 2829 1574 2944 cur}
1598 2878 1609 2997 p
1637 2899 1705 3004 Π

1639 3010 1691 3022 ....
1706 2966 1739 3026 ti

204 2953 270 3010 tam
291 2942 462 3026 diligenter
482 2962 542 3007 nos
563 2943 598 3008 in
618 2944 794 3026 provinciis
816 2945 856 3010 ab
878 2945 1091 3030 emptionibus
1111 2948 1449 3030 removerentiillaec
1484 2947 1535 3017 iu-
1592 2960 1632 3028 ,¹

205 3037 314 3114 dices,
340 3036 427 3122 quod
450 3035 606 3122 putabant
625 3039 822 3122 ereptionem
843 3058 930 3116 esse,
958 3060 1023 3106 non
1045 3042 1255 3126 emptionem,
1284 3062 1357 3118 catus
1376 3025 1452 3112 deff
1463 3042 1471 3058 '
1525 3041 1532 3058 '
1638 3065 1668 3178 q

205 3155 263 3199 suo
285 3134 439 3197 arbitratu
460 3131 598 3196 vendere
621 3150 686 3196 non
706 3131 827 3197 liceret
865 3134 902 3196 ln
922 3135 1096 3218 provinciis
1117 3135 1348 3221 intelligebant,
1369 3137 1396 3201 si
1416 3133 1455 3214 is,
1477 3135 1533 3221 qui

205 3236 291 3294 esset
311 3249 383 3292 eum
405 3227 539 3310 4444444440
561 3245 597 3290 ac
617 3233 790 3311 potestate,
813 3227 900 3312 quod
922 3227 1007 3311 apud
1023 3247 1183 3314 quemque
1199 3235 1297 3304 esset,
1319 3248 1424 3294 emere
1437 3229 1536 3294 vellet

205 3323 304 3407 idque
326 3321 357 3386 ei
385 3321 511 3396 liceret,
537 3318 606 3384 fore
634 3320 699 3396 nti,
732 3322 819 3405 quod
842 3322 980 3406 quiaque
1002 3322 1112 3397 vellet,
1139 3324 1206 3388 sive
1227 3329 1313 3390 emet
1331 3323 1444 3388 venale
1466 3324 1571 3392 riveto

206 3435 272 3481 non
294 3419 393 3489 esset,
415 3414 527 3499 quanti
547 3415 645 3479 vellet
665 3413 814 3479 auferret.
849 3415 941 3480 Dicet
962 3415 1096 3500 aliquis:
1127 3418 1218 3480 «Noli
1238 3417 1301 3480 isto
1324 3417 1420 3483 modo
1440 3433 1535 3503 egere

207 3531 280 3576 cum
301 3509 416 3572 Verre:
445 3508 513 3572 noli
542 3508 611 3572 eius
638 3508 722 3572 iacta
749 3510 789 3573 ed
811 3509 960 3594 antiquae
982 3509 1148 3596 religionis
1169 3511 1327 3583 rationem
1349 3509 1533 3595 exquirere:

207 3603 369 3678 concede,
395 3608 432 3668 ut
460 3603 592 3687 impune
620 3603 749 3679 emerit,
782 3605 877 3668 modo
905 3611 942 3668 ut
964 3603 1050 3669 bona
1071 3604 1193 3670 ratione
1215 3602 1345 3681 emerit,
1373 3603 1455 3672 nibil
1475 3623 1533 3692 pro

207 3703 381 3788 potestate,
403 3696 486 3761 nibil
507 3697 547 3762 ab
568 3697 688 3774 inrito,
709 3697 791 3762 nibil
812 3717 870 3782 per
892 3699 1070 3764 iniuriam.»
1110 3697 1163 3764 Sic
1184 3719 1286 3784 agam.
1322 3698 1358 3764 si
1380 3695 1459 3782 quid
1479 3717 1535 3763 ae·

272 3943 297 3993 4.
314 3938 749 4004 αὐφιαηρναοωσαίὶν,4.ς49;
765 3941 939 4004 pr.erriqacrrr
955 3939 1012 3993 rell.
1025 3941 1055 3992 0.
1069 3967 1097 3982 ·-
1115 3946 1152 3992 tot
1166 3939 1310 3994 domu.
1324 3963 1352 3984 ⁴·-
1369 3939 1538 3995 itlisudcm

207 4018 238 4069 V.
253 4043 280 4054 -
298 4019 323 4070 4.
341 4017 382 4068 lttc
397 4017 448 4078 443,
461 4015 487 4078 λ,
500 4016 586 4080 baill:
604 4015 649 4066 tata
660 4015 724 4067 dett.
735 4017 764 4066 0.
784 4015 860 4080 [ltem
876 4018 969 4079 llalns,
987 4020 1015 4068 et
1030 4017 1070 4070 sie
1086 4017 1202 4070 Brunntc
1219 4029 1327 4082 quoque
1338 4015 1537 4070 oodrrmbers

205 4092 320 4155 ridetur,
333 4103 499 4157 quamquam
509 4092 641 4156 scriptura
652 4092 680 4142 in
690 4090 749 4143 loeo
761 4090 816 4142 lere
829 4093 956 4143 exstincta
970 4093 1030 4155 cst]
1040 4119 1067 4131 ·-
1080 4092 1105 4144 ³.
1116 4092 1143 4144 0.
1153 4095 1215 4144 ente
1226 4093 1315 4145 0444444.
1325 4090 1409 4144 babet
1418 4092 1450 4153 V,
1463 4091 1536 4156 quud

207 4180 299 4219 errore
315 4167 399 4220 44444444
415 4177 470 4218 cm.
490 4193 518 4204 -
536 4167 633 4218 44444440
648 4167 683 4217 vr
706 4167 791 4216 retulit
806 4167 839 4228 lt,
858 4165 913 4229 44444,
932 4169 961 4217 0.
982 4193 1010 4209 -ν
1033 4165 1058 4219 4.
1081 4167 1177 4230 ceptro
1198 4168 1226 4219 44
1241 4167 1264 4218 v
1280 4179 1362 4220 menn
1377 4167 1538 4225 scholiastae

208 4244 242 4308 (44.
254 4241 345 4294 ednot.
358 4243 383 4293 4.
397 4241 457 4294 llaii
473 4251 533 4306 pag.
547 4240 615 4298 4408.)
631 4241 842 4306 superscriptum
854 4243 903 4292 eat.
917 4240 978 4304 (llr.)
991 4267 1020 4284 -ψ
1038 4241 1065 4292 6.
1076 4243 1112 4292 od
1125 4243 1286 4297 4444444044
1297 4242 1363 4296 dett.
1382 4241 1439 4308 [red
1451 4241 1538 4300 44044444

207 4319 298 4382 begs„
316 4330 350 4368 ex
366 4316 465 4382 quibus
481 4315 547 4367 dett.
566 4329 603 4367 co
617 4316 778 4368 hereditatem
794 4315 913 4380 babent]
933 4341 960 4355 -·
979 4316 1004 4367 ’4.
1022 4329 1074 4368 arro
1089 4317 1144 4368 4434
1161 4318 1274 4368 masto
1285 4318 1350 4371 dett.
1363 4318 1394 4369 0.
1414 4315 1452 4382 [ln
1464 4318 1485 4370 V
1497 4319 1540 4372 444

207 4392 303 4446 vocula
314 4395 376 4444 ente
392 4405 459 4453 44444,
477 4390 526 4444 sed
539 4404 604 4442 num
614 4393 649 4443 alt
663 4393 726 4453 444444,
744 4391 860 4443 bruculo
877 4392 1009 4443 incertum
1020 4391 1145 4458 ridetur]
1161 4417 1191 4430 -
1207 4392 1232 4444 0.
1245 4393 1271 4443 dt
1281 4393 1337 4444 4444
1354 4390 1417 4448 cdli
1427 4394 1493 4446 dett
1506 4393 1536 4446 0.

207 4468 239 4534 [V
254 4467 339 4520 babet
354 4469 392 4528 di;
418 4481 484 4520 num
501 4469 583 4520 etiem
600 4483 630 4530 o,
657 4481 719 4522 cnm
742 4467 845 4520 litterae
862 4469 924 4520 ante
940 4469 967 4518 ds·
984 4467 1152 4528 cernimini,
1179 4467 1294 4521 discerni
1311 4479 1365 4521 non
1380 4470 1488 4535 potem]
1507 4493 1536 4515 a·

206 4545 232 4596 4.
250 4544 428 4607 comtoprro
445 4544 852 4608 commemoretur
869 4543 949 4596 codd.
969 4567 998 4582 -
1021 4542 1065 4606 qui
1087 4541 1255 4594 4444440444.
1272 4543 1303 4594 0.
1323 4567 1352 4588 -v
1376 4545 1418 4598 40.
1435 4544 1536 4596 sibilo.

205 4619 253 4672 rel.
269 4620 331 4670 lace
347 4631 402 4670 osu.
421 4618 542 4682 44444-
562 4619 602 4669 44.
620 4631 666 4684 spo
682 4617 819 4682 ubiubi.
840 4645 869 4658 -
888 4619 928 4670 43.
944 4618 1001 4682 boc]
1019 4631 1050 4668 ac
1067 4619 1145 4670 4404.
1165 4643 1192 4662 -
1211 4620 1253 4671 444.
1269 4619 1488 4682 meumst.
1508 4642 1537 4665 ..-

207 4694 248 4746 44.
265 4695 370 4758 tium
379 4696 409 4746 44.
428 4692 588 4758 [terminum
605 4695 666 4746 inv
682 4705 736 4746 noa
753 4696 842 4759 potest
857 4693 1002 4758 distingui]
1014 4719 1043 4732 -
1062 4694 1104 4744 40.
1118 4695 1278 4757 musali.
1296 4696 1324 4745 et
1339 4696 1419 4760 bagg.
1431 4697 1539 4760 praeter

207 4769 249 4821 40.
261 4768 303 4822 44.
318 4794 346 4807 ·-
364 4769 406 4820 44.
422 4773 547 4832 pocomi
562 4769 597 4830 a,
616 4767 632 4819 λ
648 4767 735 4834 lali:
749 4774 904 4832 parvm
919 4769 966 4830 04,
984 4765 1041 4820 rell.
1060 4769 1151 4834 legg„
1169 4769 1199 4820 0.
1219 4795 1247 4811 ι·-
1265 4769 1307 4820 44.
1324 4775 1432 4820 srtrrrrtrrr
1447 4769 1493 4820 dd.
1507 4793 1535 4813 μ

207 4848 298 4896 meret
313 4843 363 4904 lid,
380 4841 398 4894 λ
416 4842 501 4908 (prob.
520 4843 606 4895 blada.
625 4844 703 4909 epist
720 4856 747 4910 p.
765 4845 831 4910 ²⁶·i2
850 4850 940 4896 44444444
954 4844 1109 4907 wiciaco
1125 4844 1190 4896 dell.
1203 4845 1233 4896 0.
1247 4872 1276 4883 -
1293 4845 1335 4898 40
1352 4846 1375 4896 ὁ
1390 4846 1446 4908 caris
1458 4845 1535 4910 baa.

211 4947 239 4960 -
257 4918 299 4974 44.
318 4919 454 4972 ermom
473 4919 510 4972 04
527 4919 574 4972 bd.
595 4941 622 4962 ι-
649 4918 690 4972 44.
715 4919 849 4984 4444440,
873 4920 924 4974 sed
943 4931 1038 4975 rasura
1057 4919 1156 4972 tectum
1180 4920 1268 4982 444444,
1294 4919 1488 4975 atratinus.
1507 4940 1537 4964 «-

208 4994 642 5060 recommemorata.
668 5019 695 5037 ·-
720 4996 776 5058 fors
790 5002 819 5046 ot
833 4995 912 5061 4449.
933 5019 962 5038 ·-
985 4995 1027 5050 44.
1045 4995 1087 5061 ad]
1113 5001 1140 5052 st
1156 4997 1177 5052 lt
1192 5008 1234 5062 pr.
1252 5009 1306 5057 mr
1331 5000 1360 5050 444
1376 5008 1431 5047 sce.
1451 5007 1489 5050 m·
1509 5021 1537 5034 -·

209 5069 562 5125 declinandam·-
579 5070 906 5137 caementariorum.
924 5072 1004 5138 uss.
1021 5071 1188 5137 44440444.
1208 5097 1236 5112 -·
1254 5070 1296 5126 04.
1313 5067 1539 5135 canedulo

209 5144 449 5212 4444444444.
469 5144 624 5217 reuma.
