3684 5862
615 457 687 524 cn.
708 455 903 524 vir-vn.
928 451 985 539 44.
1007 449 1151 520 44-44.
1284 431 1288 450 “
1499 453 1573 520 es,

225 631 406 706 libertinus,
429 627 528 694 cliens
550 627 767 693 etfamiliaris
788 628 881 692 istius
903 626 965 690 Titi
987 625 1110 701 Roscii;
1134 631 1166 688 et
1186 624 1313 689 nuntiat
1331 625 1461 690 domum
1475 646 1542 690 non

223 724 299 802 lilii,
327 724 384 790 sed
411 723 474 786 Titi
497 723 675 807 Capitonis,
705 723 843 786 inimici:
876 729 924 796 et,
958 741 1029 783 cum
1056 727 1130 804 post
1150 718 1261 783 lroram
1282 721 1416 804 primam
1438 723 1542 785 noctis

225 821 351 884 occisus
371 824 471 891 esset,
492 817 596 901 primo
618 808 775 880 diluculo*
780 817 911 880 nuntius
932 816 986 878 hic
1004 816 1161 878 Ameriam
1183 815 1279 879 venit.
1315 817 1433 880 Decem
1453 815 1542 878 horis

224 912 388 980 nocturnis
410 931 467 976 sex
489 919 521 975 et
540 910 772 995 quinquaginta
785 911 872 975 milia
887 930 1039 996 passuum
1054 911 1139 974 cisiis
1154 910 1344 994 pervolavit,
1366 930 1432 973 non
1446 912 1542 974 modo

223 1018 260 1073 ut
281 1011 465 1091 exoptatum
486 1006 618 1069 inimico
639 1004 786 1068 nuntium
806 1005 928 1088 primus
950 1004 1092 1077 afferret,
1121 1004 1177 1067 sed
1199 1003 1294 1067 etiam
1316 1025 1461 1069 cruorem
1482 1007 1544 1069 ini·
1566 1018 1581 1065 e

224 1103 299 1166 mici
331 1121 426 1186 quam
456 1099 709 1164 recentissimum
736 1099 899 1183 telumque
933 1099 1031 1182 paulo
1058 1105 1130 1161 ante
1160 1117 1177 1160 e
1206 1118 1338 1181 corpore
1367 1107 1543 1164 extractum

225 1198 415 1262 ostenderet
458 1192 510 1258 20.
533 1195 736 1271 Quadriduo,
759 1213 823 1277 quo
845 1193 925 1256 haec
947 1198 1035 1276 gesta
1056 1198 1146 1265 sunt,
1168 1211 1219 1256 res
1241 1193 1281 1255 ad
1304 1191 1545 1277 Chrysogonum

224 1294 259 1357 in
281 1299 383 1356 eastra
404 1292 439 1353 L.
456 1289 564 1354 Sullae
585 1287 765 1352 Volaterras
788 1285 943 1362 delertur3
965 1286 1150 1368 magnitudo
1171 1287 1326 1370 pecuniae
1348 1288 1545 1352 demonstra-

224 1371 439 1464 tur;(bonitas
460 1381 664 1468 praediorum
680 1381 726 1448 i·-
745 1399 819 1442 nam
832 1379 948 1443 dandos
965 1379 1075 1443 decem
1090 1386 1122 1443 44
1137 1385 1200 1442 tres
1214 1379 1357 1465 reliquit,
1380 1383 1436 1467 qui
1452 1383 1547 1445 Tibe-

223 1483 284 1545 rim
310 1481 377 1546 lere
403 1499 513 1543 omnes
540 1478 677 1559 tangunt
697 1459 776 1552 -,(
780 1473 876 1536 huius
905 1473 1016 1557 inopia
1044 1481 1076 1536 et
1104 1472 1243 1536 solitudo
1266 1469 1584 1634 commemoraturpo
1627 1455 1697 1532 J*

225 1577 459 1648 demonstrant,
482 1592 555 1636 cum
575 1577 665 1654 pater
685 1569 819 1632 huiusce
842 1567 915 1630 Sex.
930 1568 1080 1642 Roscius,
1101 1567 1198 1660 homo
1221 1575 1286 1631 tam
1306 1569 1492 1653 splendidus
1515 1591 1532 1634 e

225 1670 399 1752 gratiosus,
427 1667 517 1730 nullo
539 1664 668 1747 negotio
690 1663 733 1726 sit
754 1663 894 1736 occisus,
922 1660 1072 1744 perfacile
1093 1661 1180 1724 hunc
1201 1659 1363 1726 hominem
1384 1664 1546 1728 incautum

226 1771 258 1828 et
278 1763 433 1827 rusticum
455 1767 488 1823 et
508 1761 626 1822 Romae
648 1757 792 1839 ignotum
814 1757 853 1818 de
875 1756 981 1819 medio
1002 1754 1072 1817 tolli
1093 1774 1199 1838 posse.
1227 1757 1277 1819 Ad
1300 1776 1369 1820 eam
1390 1777 1457 1821 rem
1472 1779 1548 1842 ope·

225 1877 293 1920 ram
314 1874 405 1918 suam
425 1853 626 1937 pollicentur.
670 1854 715 1914 Ne
737 1850 856 1914 diutius
878 1858 1021 1923 teneam,
1043 1849 1181 1924 iudices,
1203 1849 1340 1914 societas
1363 1853 1475 1916 coitur.

310 1949 394 2014 vlit.
415 1934 467 2012 24.
498 1947 576 2011 (lum
602 1945 691 2008 nulla
719 1945 783 2008 iam
804 1943 1049 2027 proscriptionis
1071 1943 1191 2007 mentio
1213 1939 1318 2020 lieret,
1349 1967 1421 2010 cum
1443 1948 1586 2022 etiam,to

228 2046 285 2130 qui
311 2051 406 2107 antea
433 2048 625 2116 metuerant,
653 2040 793 2103 redirent
819 2057 857 2101 ac
878 2039 941 2101 iam
963 2037 1130 2101 defunctos
1152 2058 1222 2102 sese
1243 2040 1397 2123 periculis
1419 2041 1550 2106 arbitra·

227 2145 353 2212 rentur,
381 2155 498 2199 nomen
523 2134 659 2198 refertur
682 2134 716 2196 in
745 2133 868 2197 tabulas
898 2132 987 2196 Sexti
1008 2132 1133 2206 Roscii,
1161 2132 1301 2229 hominis
1323 2135 1549 2200 studiosissimi

226 2230 418 2306 nobilitatis3
439 2247 588 2310 manceps
610 2225 645 2290 lit
668 2225 908 2311 Chrysogonum
931 2227 990 2290 tria
1012 2226 1142 2309 praedia
1163 2227 1214 2290 vel
1235 2228 1436 2294 nobilissima
1458 2230 1551 2315 Capi·

226 2327 294 2390 toni
315 2323 445 2408 propria
466 2323 650 2395 traduntur,
672 2341 756 2405 quae
777 2321 874 2384 hodie
895 2321 1055 2405 possidet;
1077 2321 1111 2383 in
1124 2321 1266 2406 reliquas
1282 2343 1393 2389 omnes
1406 2325 1551 2390 senonas

224 2419 286 2484 iste
308 2419 397 2482 'litus
419 2416 553 2482 Roscius
574 2415 703 2480 nomine
726 2415 939 2500 Chrysogoni,
962 2415 1231 2499 quemadmodum
1251 2418 1320 2500 ipse
1336 2419 1428 2496 dicit,
1450 2420 1588 2504 impe-ro

224 2521 293 2578 tum
318 2513 404 2576 iacit
441 2513 529 2575 Haec
555 2511 641 2575 bona
662 2517 810 2574 emuntur
830 2511 955 2575 duobus
978 2509 1106 2574 milibus
1127 2531 1301 2576 nummum.
1332 2513 1419 2577 llaec
1433 2517 1551 2591 omnia,

224 2607 367 2682 iudices,
389 2606 591 2689 imprudente
613 2605 648 2666 L.
664 2604 753 2668 Sulla
773 2603 857 2668 iacta
879 2624 948 2668 esse
971 2612 1058 2669 certo
1080 2606 1158 2669 scio.
1194 2603 1246 2670 ti.
1267 2609 1378 2692 Neque
1393 2609 1479 2672 enim
1493 2609 1552 2672 mi·

225 2720 313 2776 rum,
337 2720 409 2764 cum
432 2700 545 2764 eodem
567 2707 709 2783 tempore
732 2706 763 2762 et
784 2719 835 2774 ea,
864 2719 946 2783 quae
968 2700 1139 2782 praeterita
1161 2709 1249 2776 sunt,
1272 2710 1304 2766 et
1326 2722 1378 2778 ea,
1401 2723 1483 2788 quae
1505 2703 1552 2766 vi·

227 2796 341 2860 dentur
362 2795 498 2869 instare,
521 2801 703 2878 praeparet,
726 2813 798 2856 cum
820 2801 853 2856 44
872 2793 961 2876 pacis
983 2794 1223 2859 constituendae
1245 2796 1402 2861 rationem
1424 2804 1456 2861 et
1473 2797 1552 2860 belli

291 2992 316 3044 4.
339 2989 462 3054 4444444444
480 2990 532 3042 444.
552 3013 580 3026 -
605 2993 628 3040 et
648 3002 746 3040 cmv.
767 3015 795 3024 —
821 2987 844 3040 3.
864 2988 1013 3048 escuem
1038 2989 1137 3041 ascuto
1153 2990 1204 3042 444.
1225 3013 1253 3028 -
1272 2989 1297 3042 4.
1316 2992 1383 3044 cisiis
1398 2993 1471 3055 sote,
1490 3006 1550 3045 ac:

226 3067 295 3118 cieris
310 3066 401 3127 Gllv,
420 3065 436 3114 6
453 3065 517 3116 Oxi.
535 3068 563 3116 et
579 3065 656 3129 legg.
672 3069 780 3130 praeter
790 3065 843 3126 46,,
862 3065 908 3130 qui
924 3065 991 3116 circii
1007 3063 1097 3116 hehet.
1118 3093 1146 3103 -
1163 3066 1258 3118 ooierrit
1267 3081 1293 3118 v.
1308 3092 1336 3106 -
1356 3069 1381 3119 4.
1399 3069 1510 3134 adferret
1521 3071 1551 3122 G.

230 3169 257 3178 -
276 3142 300 3193 6.
318 3145 453 3192 soracten
468 3141 518 3192 444.
539 3167 567 3177 -
590 3141 614 3190 7.
634 3141 775 3202 quadriduo
792 3141 828 3190 G:
855 3140 989 3202 quatriduo
1004 3137 1092 3204 vulgo.
1114 3167 1141 3176 -
1159 3141 1184 3192 8.
1205 3141 1349 3195 Volaterrae
1364 3142 1460 3194 codd:
1482 3145 1554 3196 Volo-

148 3237 153 3244 ·
227 3219 332 3268 terrooo
347 3215 519 3266 Buechnerus
537 3227 569 3266 ex
586 3213 690 3274 Schol.;
709 3219 813 3267 etcum
831 3213 952 3265 Scholion
969 3215 1008 3266 sic
1025 3215 1148 3280 incipiet:
1168 3215 1364 3283 dolocenum]
1381 3217 1552 3272 Volaterrana

229 3293 320 3344 civites
336 3293 415 3353 cet»,
433 3290 531 3341 erroris
549 3290 621 3354 origo
638 3291 778 3341 manifeste
790 3291 839 3341 est.
855 3315 882 3326 -
902 3287 942 3339 43.
955 3293 978 3340 et
987 3290 1110 3340 4444444444
1121 3303 1136 3340 4
1148 3291 1175 3341 44
1185 3289 1286 3355 aliquot
1296 3289 1372 3355 Pell,
1385 3295 1415 3344 ut
1426 3295 1553 3347 Gruterus

228 3366 359 3418 affirmat:
386 3371 408 3416 et
424 3365 545 3416 4444444444
562 3369 585 3415 et
600 3377 661 3415 4444
676 3378 708 3423 v;
736 3370 760 3415 et
775 3377 837 3415 44444
853 3376 911 3423 am
938 3367 962 3413 et
979 3377 1024 3413 rur
1041 3363 1118 3415 codd.
1138 3365 1192 3415 mei
1209 3367 1237 3416 et
1253 3367 1331 3430 Lagg.
1352 3395 1380 3404 -
1399 3367 1439 3420 li.
1458 3375 1554 3422 uncum

228 3441 307 3494 codd.
332 3441 386 3492 noti
409 3453 520 3492 omnes:
545 3453 589 3490 voc
605 3444 702 3492 teneam
718 3442 791 3492 444
802 3441 837 3500 0;
860 3439 893 3490 cl.
912 3438 999 3491 lladv.
1019 3441 1115 3505 Opusc.
1134 3441 1154 3491 l.
1180 3454 1206 3505 p.
1227 3441 1284 3492 449.
1309 3468 1336 3478 -
1364 3444 1462 3508 condor
1477 3459 1502 3497 v.
1524 3474 1551 3485 -

228 3518 270 3568 46.
288 3529 346 3567 uere
360 3515 432 3566 nolio
447 3516 501 3566 iem
515 3542 530 3553 ·
546 3541 562 3552 -
575 3515 653 3580 44444]
671 3516 710 3568 444
726 3515 820 3580 scripsi
837 3527 869 3565 ex
887 3515 1006 3568 charisio
1022 3529 1049 3580 p.
1068 3518 1125 3568 446.
1143 3515 1230 3580 lind,
1248 3517 1275 3568 iu
1293 3529 1347 3582 quo
1364 3521 1406 3570 est
1416 3533 1474 3570 4444
1483 3521 1555 3571 nulio

228 3592 305 3646 444444
317 3603 416 3655 mora.
434 3591 581 3642 meseratio
595 3593 678 3655 44444,
698 3594 725 3642 44
741 3604 774 3642 er
791 3589 919 3642 Diomede
936 3603 963 3654 p.
982 3590 1031 3644 684
1047 3593 1087 3653 4.,
1105 3593 1132 3644 in
1149 3605 1202 3656 quo
1220 3594 1280 3644 est:
1298 3605 1356 3644 4444
1370 3595 1442 3645 mdia
1454 3609 1552 3660 proten

228 3667 320 3722 4444444
336 3666 372 3730 (.;
390 3678 447 3717 4444
462 3667 516 3716 iem
529 3679 626 3729 procer
644 3667 735 3717 4444444
751 3666 823 3716 eollo
838 3666 857 3730 4.
877 3665 956 3718 codd.
976 3667 1101 3719 orationis
1119 3670 1146 3718 44
1163 3668 1192 3718 0.
1213 3694 1241 3704 -
1260 3680 1317 3718 com
1334 3669 1411 3720 444444
1428 3671 1485 3724 Gli
1496 3687 1515 3733 χ
1526 3685 1553 3736 v,

228 3743 289 3795 Par.
307 3743 343 3805 4.,
361 3741 423 3806 Lag.
441 3741 482 3794 46.
502 3744 529 3792 44
545 3753 592 3792 sex
610 3739 664 3804 alii,
683 3741 832 3792 Charisius:
850 3753 907 3792 4444
923 3743 999 3793 etiem
1010 3755 1092 3793 omnes
1102 3741 1260 3802 Diomedem
1279 3747 1302 3793 et
1317 3756 1375 3794 com
1388 3747 1464 3796 etiem
1474 3748 1495 3797 0
1505 3761 1520 3797 e
1529 3760 1555 3811 c,

229 3815 308 3870 codd.
326 3813 378 3868 elii.
399 3843 427 3854 -
445 3815 486 3867 46.
504 3819 656 3878 4444444444,
674 3817 785 3866 redirent
800 3816 878 3868 codd.
893 3820 920 3868 et
930 3817 1091 3870 Diomedes:
1107 3819 1244 3882 prmeripti
1261 3823 1346 3882 44444,
1364 3821 1557 3872 4444444644-

229 3893 317 3944 nisius.
337 3917 365 3932 -
391 3891 517 3956 (4444444444
536 3905 562 3944 se
578 3890 637 3942 cod.
655 3892 726 3944 lion.
745 3891 880 3944 Diomedis
897 3905 968 3944 saec.
987 3893 1046 3953 nis
1068 3906 1118 3944 ecre
1134 3894 1260 3958 4444444444
1277 3894 1363 3945 Diom.
1381 3895 1505 3946 Putsclrii.
1527 3923 1554 3934 -

230 3967 271 4018 44.
288 3979 378 4018 444444
391 3967 501 4032 retortu
516 3966 544 4016 44
559 3965 658 4016 tutulos
673 3967 745 4017 Secti
760 3966 850 4029 Roscii]
868 3967 952 4028 Haec,
972 3981 1041 4032 quae
1058 3966 1156 4020 desunt
1172 3971 1198 4019 in
1215 3967 1293 4020 codd.
1306 3969 1430 4022 omnibus
1446 3983 1478 4022 ex
1490 3971 1559 4022 che·

229 4042 292 4094 risio
309 4043 337 4094 et
352 4041 482 4095 Diomede
508 4041 542 4105 (in
564 4042 640 4093 cuius
657 4041 717 4093 cod.
735 4043 805 4094 lion.
824 4045 852 4092 et
867 4042 926 4092 Par.
945 4041 1018 4094 4494.
1036 4043 1127 4094 tabulis
1143 4044 1271 4108 scriptum
1289 4044 1338 4108 est)
1359 4045 1501 4108 Graevius,
1528 4050 1558 4098 ut

230 4117 284 4169 lem
299 4117 464 4171 Hotomanus
481 4118 508 4169 in
524 4117 673 4170 Observett.
691 4118 739 4179 tx,
757 4131 781 4168 c.
801 4119 841 4170 44.
861 4120 888 4168 44
904 4117 1007 4182 Lipsius
1023 4119 1050 4170 in
1070 4119 1168 4170 Verior.
1187 4119 1234 4180 ill,
1253 4132 1277 4169 o.
1290 4119 1314 4169 6.
1333 4117 1483 4182 voluerant,
1501 4123 1559 4186 pri-

230 4203 292 4245 mus
307 4194 425 4246 inseruit.
454 4194 489 4246 «E
506 4193 585 4245 codd.
605 4193 729 4246 omnibus
747 4206 779 4244 ea
796 4191 926 4244 excidisse
944 4194 1041 4245 mirum
1058 4207 1112 4246 non
1129 4197 1184 4257 est,
1203 4206 1265 4244 cum
1282 4206 1376 4256 omnes
1392 4207 1447 4246 uno
1463 4209 1496 4246 ex
1513 4209 1559 4247 er-

232 4269 347 4336 chetvpo
364 4270 474 4324 deducti
490 4272 555 4324 sint:
573 4284 668 4324 verum
686 4284 748 4324 oum
765 4271 815 4335 ipsi
832 4268 951 4322 latinitati
967 4273 1099 4335 repugnet
1115 4268 1229 4322 formula
1239 4271 1560 4338 444444444444444444·

230 4355 279 4409 pro
292 4347 458 4410 4444644444
474 4347 540 4410 dor,
559 4360 591 4398 ea
608 4359 718 4412 prorsus
735 4345 887 4397 necessaris
904 4357 965 4398 esse
984 4348 1122 4410 apparet.»
1140 4343 1287 4408 Gaetuli).
1309 4345 1457 4398 Rotomano
1468 4350 1559 4399 444444

232 4417 304 4472 aliud
319 4423 460 4486 praeterea
477 4421 574 4474 deesse
591 4423 679 4474 visum
696 4423 738 4474 est
753 4423 779 4472 iu
796 4420 866 4472 hanc
883 4421 939 4472 lere
950 4421 1127 4472 senteutiam:
1145 4421 1210 4472 4444
1226 4422 1279 4472 4444
1291 4422 1496 4487 promantur,
1514 4425 1561 4476 iio-

231 4495 306 4546 444444
322 4499 374 4548 444.
395 4523 423 4534 -
443 4497 483 4549 49.
499 4497 615 4562 proprio]
638 4497 755 4561 proemia
771 4495 830 4548 cod.
849 4497 921 4548 laun.
943 4523 970 4532 —
989 4499 1069 4548 444444
1084 4498 1145 4549 liv.
1168 4523 1192 4535 —
1213 4497 1255 4547 so.
1272 4509 1339 4548 4444,
1357 4497 1442 4560 Cissis.
1462 4500 1561 4550 «Latini

233 4571 365 4622 sermonis
386 4585 451 4623 usus
469 4571 602 4637 postulat:
625 4573 778 4638 0444444444
799 4573 924 4623 4444444.»
948 4573 1041 4622 Gerar.
1052 4572 1078 4622 4.
1098 4597 1126 4606 -
1145 4571 1211 4622 dicit
1226 4571 1255 4621 G.
1277 4598 1304 4609 —
1322 4571 1363 4623 44.
1382 4571 1448 4622 loeo
1464 4572 1559 4624 codd:

233 4643 300 4696 4444
315 4647 430 4710 moetos
445 4647 487 4698 Hs
502 4647 564 4700 edd.
583 4646 654 4713 vulg.
673 4651 701 4699 et
717 4649 751 4709 0;
770 4648 835 4700 4444
850 4649 895 4700 LX
906 4649 949 4700 iis
964 4661 988 4700 c.
1015 4648 1098 4699 Deest
1111 4648 1227 4712 emptos
1236 4647 1279 4698 lis
1294 4649 1375 4699 etiem
1392 4649 1419 4698 in
1436 4647 1561 4698 omnihus

233 4720 312 4784 Lege.
334 4742 362 4756 -
381 4719 476 4772 4444444
491 4723 594 4789 iladvig
612 4725 716 4789 (Opusc.
732 4725 753 4775 1.
771 4737 798 4790 p.
813 4725 894 4788 toea:
913 4723 1081 4775 sertatim
1097 4722 1191 4774 duodus
1202 4721 1281 4774 codd.
1300 4723 1363 4788 (om.
1377 4723 1459 4774 Oxou.
1472 4722 1562 4772 'liceo

234 4795 301 4848 4444
315 4822 331 4835 -
346 4821 363 4835 -
377 4808 520 4860 muer,
545 4797 618 4862 quod
639 4799 683 4850 Gr.
702 4799 727 4850 4.
749 4798 855 4850 videtur
875 4798 1002 4864 probari.)
1030 4823 1057 4833 -
1081 4798 1123 4849 44.
1147 4803 1214 4849 certe
1236 4798 1263 4850 44
1283 4799 1311 4848 44
1327 4799 1389 4862 Lag.
1407 4797 1431 4847 3.
1452 4792 1511 4861 (soli
1529 4809 1562 4846 ex

234 4871 328 4936 44444),
347 4884 389 4923 44
404 4872 441 4923 L:
459 4876 525 4924 eerie
540 4870 618 4924 codd.
636 4872 781 4938 reliqui·
800 4873 842 4926 43.
861 4879 884 4925 et
899 4874 960 4925 ente
977 4885 1009 4924 ee
1025 4885 1078 4924 om.
1097 4873 1158 4937 Lag.
1171 4873 1213 4926 46.
1234 4899 1262 4908 -
1276 4873 1419 4937 praem
1433 4869 1499 4934 4444]
1516 4868 1564 4920 ad-

236 4945 310 5001 ditl.
330 4951 445 5012 reperet,
470 4947 542 5011 quod
561 4961 591 5000 se
612 4961 645 5000 ex
666 4962 720 5002 uno
743 4947 812 5002 libro
829 4947 1400 5013 ms.10ngeopumoresotuissetesutur;
1426 4944 1562 4996 Ernestius

237 5023 329 5074 autem
344 5026 415 5074 44444
431 5019 532 5074 addere
548 5021 651 5087 meluit,
674 5026 793 5090 itemque
814 5025 910 5077 Gavius
926 5025 989 5076 Ver.
1008 5024 1090 5074 Lecti.
1108 5023 1140 5075 ll.
1157 5037 1185 5090 p.
1204 5024 1248 5086 46,
1273 5025 1319 5088 qul
1334 5025 1403 5074 44444
1425 5022 1487 5085 post
1503 5025 1565 5071 4444-

234 5108 297 5159 4444
311 5097 432 5150 inserui.
447 5123 475 5134 -
493 5095 535 5150 44.
552 5097 648 5150 eutero
664 5111 717 5151 om.
730 5099 792 5164 Lag.
805 5100 846 5152 46.
862 5125 890 5137 -
903 5103 1075 5164 memoraret
1084 5099 1135 5164 lii,
1153 5113 1179 5152 v.
1192 5097 1354 5165 (4444444444
1365 5095 1434 5150 conl.
1445 5095 1563 5162 Devius.)

237 5173 861 5242 ·D⁶⁶l⁸ordoditadtG·-ldltarroodttit.

1688 2148 1708 2206 io
