<?xml version="1.0" encoding="UTF-8"?>
<!DOCTYPE html PUBLIC "-//W3C//DTD XHTML 1.0 Transitional//EN"
    "http://www.w3.org/TR/xhtml1/DTD/xhtml1-transitional.dtd">
<html xmlns="http://www.w3.org/1999/xhtml" xml:lang="en" lang="en">
 <head>
  <title>
</title>
<meta http-equiv="Content-Type" content="text/html;charset=utf-8" />
  <meta name='ocr-system' content='tesseract 3.04.00' />
  <meta name='ocr-capabilities' content='ocr_page ocr_carea ocr_par ocr_line ocrx_word'/>
</head>
<body>
  <div class='ocr_page' id='page_1' title='image "./mtulliiciceroni00baitgoog_0237.png"; bbox 0 0 3642 5868; ppageno 0'>
   <div class='ocr_carea' id='block_1_1' title="bbox 453 411 1513 518">
    <p class='ocr_par' dir='ltr' id='par_1_1' title="bbox 453 411 1513 518">
     <span class='ocr_line' id='line_1_1' title="bbox 453 411 1513 518; baseline -0.008 -28"><span class='ocrx_word' id='word_1_1' title='bbox 453 427 520 492; x_wconf 76' lang='lat' dir='ltr'><strong>aa.</strong></span> <span class='ocrx_word' id='word_1_2' title='bbox 542 425 582 490; x_wconf 91' lang='lat'><strong>11.</strong></span> <span class='ocrx_word' id='word_1_3' title='bbox 612 423 688 489; x_wconf 66' lang='lat' dir='ltr'><strong>css.</strong></span> <span class='ocrx_word' id='word_1_4' title='bbox 708 421 974 490; x_wconf 81' lang='lat' dir='ltr'><strong>xcv-xnvn.</strong></span> <span class='ocrx_word' id='word_1_5' title='bbox 1001 419 1057 507; x_wconf 72' lang='lat' dir='ltr'><strong>ss.</strong></span> <span class='ocrx_word' id='word_1_6' title='bbox 1079 415 1266 486; x_wconf 79' lang='lat' dir='ltr'><strong>loe-ue.</strong></span> <span class='ocrx_word' id='word_1_7' title='bbox 1324 508 1328 518; x_wconf 25' lang='grc' dir='ltr'>Ι</span> <span class='ocrx_word' id='word_1_8' title='bbox 1456 411 1513 484; x_wconf 81' lang='lat' dir='ltr'><strong>eu</strong></span> 
     </span>
    </p>
   </div>
   <div class='ocr_carea' id='block_1_2' title="bbox 204 589 1684 4355">
    <p class='ocr_par' dir='ltr' id='par_1_2' title="bbox 204 589 1659 1810">
     <span class='ocr_line' id='line_1_2' title="bbox 207 589 1520 680; baseline -0.006 -20"><span class='ocrx_word' id='word_1_9' title='bbox 207 603 270 660; x_wconf 90' lang='lat' dir='ltr'><strong>tem</strong></span> <span class='ocrx_word' id='word_1_10' title='bbox 291 595 356 672; x_wconf 90' lang='lat' dir='ltr'><strong>rei,</strong></span> <span class='ocrx_word' id='word_1_11' title='bbox 378 601 446 659; x_wconf 92' lang='lat' dir='ltr'><strong>tnm</strong></span> <span class='ocrx_word' id='word_1_12' title='bbox 466 595 562 659; x_wconf 88' lang='lat' dir='ltr'><strong>etiam</strong></span> <span class='ocrx_word' id='word_1_13' title='bbox 583 601 713 680; x_wconf 90' lang='lat' dir='ltr'><strong>propter</strong></span> <span class='ocrx_word' id='word_1_14' title='bbox 730 591 871 659; x_wconf 89' lang='lat' dir='ltr'><strong>hominis</strong></span> <span class='ocrx_word' id='word_1_15' title='bbox 893 593 1077 677; x_wconf 76' lang='lat' dir='ltr'><strong>dignitatem</strong></span> <span class='ocrx_word' id='word_1_16' title='bbox 1098 593 1245 658; x_wconf 88' lang='lat' dir='ltr'><strong>acerbum</strong></span> <span class='ocrx_word' id='word_1_17' title='bbox 1264 589 1409 655; x_wconf 90' lang='lat' dir='ltr'><strong>omnihus</strong></span> <span class='ocrx_word' id='word_1_18' title='bbox 1424 595 1520 673; x_wconf 87' lang='lat' dir='ltr'><strong>atque</strong></span> 
     </span>
     <span class='ocr_line' id='line_1_3' title="bbox 205 680 1558 771; baseline -0.005 -19"><span class='ocrx_word' id='word_1_19' title='bbox 205 687 441 754; x_wconf 88' lang='lat' dir='ltr'><strong>intolerandum</strong></span> <span class='ocrx_word' id='word_1_20' title='bbox 460 689 630 753; x_wconf 77' lang='lat' dir='ltr'><strong>uideretur.</strong></span> <span class='ocrx_word' id='word_1_21' title='bbox 672 689 782 754; x_wconf 81' lang='lat' dir='ltr'><strong>XLVI.</strong></span> <span class='ocrx_word' id='word_1_22' title='bbox 804 683 876 751; x_wconf 71' lang='lat' dir='ltr'><strong>lla.</strong></span> <span class='ocrx_word' id='word_1_23' title='bbox 898 689 994 752; x_wconf 88' lang='lat' dir='ltr'><strong>Estne</strong></span> <span class='ocrx_word' id='word_1_24' title='bbox 1016 687 1166 752; x_wconf 80' lang='lat' dir='ltr'>Sthenius</span> <span class='ocrx_word' id='word_1_25' title='bbox 1187 689 1232 763; x_wconf 94' lang='lat' dir='ltr'><strong>is,</strong></span> <span class='ocrx_word' id='word_1_26' title='bbox 1255 687 1310 771; x_wconf 84' lang='lat' dir='ltr'><strong>qui</strong></span> <span class='ocrx_word' id='word_1_27' title='bbox 1333 704 1442 749; x_wconf 91' lang='lat' dir='ltr'><strong>omnes</strong></span> <span class='ocrx_word' id='word_1_28' title='bbox 1463 683 1521 746; x_wconf 89' lang='lat' dir='ltr'><strong>ho-</strong></span> <span class='ocrx_word' id='word_1_29' title='bbox 1551 680 1558 700; x_wconf 89' lang='lat'>&#39;</span> 
     </span>
     <span class='ocr_line' id='line_1_4' title="bbox 205 774 1523 866; baseline -0.006 -18"><span class='ocrx_word' id='word_1_30' title='bbox 205 803 299 848; x_wconf 89' lang='lat' dir='ltr'><strong>nores</strong></span> <span class='ocrx_word' id='word_1_31' title='bbox 321 784 406 847; x_wconf 93' lang='lat' dir='ltr'><strong>domi</strong></span> <span class='ocrx_word' id='word_1_32' title='bbox 428 803 506 847; x_wconf 90' lang='lat' dir='ltr'><strong>suae</strong></span> <span class='ocrx_word' id='word_1_33' title='bbox 526 782 676 846; x_wconf 82' lang='lat' dir='ltr'><strong>facillime</strong></span> <span class='ocrx_word' id='word_1_34' title='bbox 697 802 770 847; x_wconf 93' lang='lat' dir='ltr'><strong>cum</strong></span> <span class='ocrx_word' id='word_1_35' title='bbox 791 781 926 866; x_wconf 89' lang='lat' dir='ltr'><strong>adeptus</strong></span> <span class='ocrx_word' id='word_1_36' title='bbox 941 789 1041 858; x_wconf 89' lang='lat' dir='ltr'><strong>esset,</strong></span> <span class='ocrx_word' id='word_1_37' title='bbox 1062 783 1254 866; x_wconf 79' lang='lat' dir='ltr'><strong>amplissime</strong></span> <span class='ocrx_word' id='word_1_38' title='bbox 1269 801 1307 845; x_wconf 91' lang='lat' dir='ltr'><strong>ac</strong></span> <span class='ocrx_word' id='word_1_39' title='bbox 1320 774 1523 863; x_wconf 74' lang='lat' dir='ltr'><strong>magnificen-</strong></span> 
     </span>
     <span class='ocr_line' id='line_1_5' title="bbox 204 865 1580 961; baseline -0.006 -19"><span class='ocrx_word' id='word_1_40' title='bbox 204 878 325 942; x_wconf 90' lang='lat' dir='ltr'><strong>tissime</strong></span> <span class='ocrx_word' id='word_1_41' title='bbox 347 878 467 960; x_wconf 76' lang='lat' dir='ltr'><strong>gessit?</strong></span> <span class='ocrx_word' id='word_1_42' title='bbox 496 877 552 961; x_wconf 88' lang='lat' dir='ltr'><strong>qui</strong></span> <span class='ocrx_word' id='word_1_43' title='bbox 581 877 736 961; x_wconf 92' lang='lat' dir='ltr'><strong>oppidum</strong></span> <span class='ocrx_word' id='word_1_44' title='bbox 763 897 828 940; x_wconf 92' lang='lat' dir='ltr'><strong>non</strong></span> <span class='ocrx_word' id='word_1_45' title='bbox 858 877 1030 940; x_wconf 81' lang='lat' dir='ltr'><strong>maximum</strong></span> <span class='ocrx_word' id='word_1_46' title='bbox 1058 877 1203 940; x_wconf 87' lang='lat' dir='ltr'><strong>maximis</strong></span> <span class='ocrx_word' id='word_1_47' title='bbox 1231 896 1273 940; x_wconf 87' lang='lat' dir='ltr'><strong>ex</strong></span> <span class='ocrx_word' id='word_1_48' title='bbox 1301 874 1438 960; x_wconf 89' lang='lat' dir='ltr'><strong>pecunia</strong></span> <span class='ocrx_word' id='word_1_49' title='bbox 1465 889 1524 934; x_wconf 85' lang='lat' dir='ltr'><strong>sua</strong></span> <span class='ocrx_word' id='word_1_50' title='bbox 1570 865 1580 892; x_wconf 81' lang='lat'><strong><em>‘</em></strong></span> 
     </span>
     <span class='ocr_line' id='line_1_6' title="bbox 204 967 1547 1055; baseline -0.005 -21"><span class='ocrx_word' id='word_1_51' title='bbox 204 971 283 1036; x_wconf 90' lang='lat' dir='ltr'><strong>locis</strong></span> <span class='ocrx_word' id='word_1_52' title='bbox 311 971 530 1036; x_wconf 81' lang='lat' dir='ltr'><strong>communibus</strong></span> <span class='ocrx_word' id='word_1_53' title='bbox 558 972 837 1055; x_wconf 78' lang='lat' dir='ltr'><strong>monumentisque</strong></span> <span class='ocrx_word' id='word_1_54' title='bbox 864 971 1047 1034; x_wconf 73' lang='lat' dir='ltr'><strong>decoravit?</strong></span> <span class='ocrx_word' id='word_1_55' title='bbox 1074 973 1164 1036; x_wconf 87' lang='lat' dir='ltr'><strong>cuius</strong></span> <span class='ocrx_word' id='word_1_56' title='bbox 1192 971 1231 1036; x_wconf 92' lang='lat' dir='ltr'><strong>de</strong></span> <span class='ocrx_word' id='word_1_57' title='bbox 1259 968 1379 1034; x_wconf 88' lang='lat' dir='ltr'><strong>meritis</strong></span> <span class='ocrx_word' id='word_1_58' title='bbox 1400 967 1435 1030; x_wconf 93' lang='lat' dir='ltr'><strong>in</strong></span> <span class='ocrx_word' id='word_1_59' title='bbox 1456 981 1547 1028; x_wconf 86' lang='lat' dir='ltr'><strong>rems</strong></span> 
     </span>
     <span class='ocr_line' id='line_1_7' title="bbox 205 1055 1525 1150; baseline -0.005 -23"><span class='ocrx_word' id='word_1_60' title='bbox 205 1065 362 1148; x_wconf 81' lang='lat' dir='ltr'><strong>publicam</strong></span> <span class='ocrx_word' id='word_1_61' title='bbox 395 1066 669 1130; x_wconf 71' lang='lat' dir='ltr'><strong>Thermitanorum</strong></span> <span class='ocrx_word' id='word_1_62' title='bbox 703 1065 892 1150; x_wconf 88' lang='lat' dir='ltr'><strong>Siculosque</strong></span> <span class='ocrx_word' id='word_1_63' title='bbox 922 1065 1088 1130; x_wconf 80' lang='lat' dir='ltr'><strong>universos</strong></span> <span class='ocrx_word' id='word_1_64' title='bbox 1117 1065 1178 1130; x_wconf 85' lang='lat' dir='ltr'><strong>fuit</strong></span> <span class='ocrx_word' id='word_1_65' title='bbox 1205 1085 1303 1130; x_wconf 89' lang='lat' dir='ltr'><strong>aenea</strong></span> <span class='ocrx_word' id='word_1_66' title='bbox 1332 1062 1439 1126; x_wconf 83' lang='lat' dir='ltr'><strong>tabula</strong></span> <span class='ocrx_word' id='word_1_67' title='bbox 1460 1055 1525 1122; x_wconf 84' lang='lat' dir='ltr'><strong>lixa</strong></span> 
     </span>
     <span class='ocr_line' id='line_1_8' title="bbox 205 1157 1526 1245; baseline -0.005 -23"><span class='ocrx_word' id='word_1_68' title='bbox 205 1159 349 1224; x_wconf 87' lang='lat' dir='ltr'><strong>Thermis</strong></span> <span class='ocrx_word' id='word_1_69' title='bbox 378 1161 412 1225; x_wconf 91' lang='lat' dir='ltr'><strong>in</strong></span> <span class='ocrx_word' id='word_1_70' title='bbox 438 1161 539 1234; x_wconf 77' lang='lat' dir='ltr'><strong>cuma,</strong></span> <span class='ocrx_word' id='word_1_71' title='bbox 569 1159 604 1222; x_wconf 91' lang='lat' dir='ltr'><strong>in</strong></span> <span class='ocrx_word' id='word_1_72' title='bbox 626 1181 689 1245; x_wconf 88' lang='lat' dir='ltr'><strong>qua</strong></span> <span class='ocrx_word' id='word_1_73' title='bbox 717 1159 845 1243; x_wconf 91' lang='lat' dir='ltr'><strong>publice</strong></span> <span class='ocrx_word' id='word_1_74' title='bbox 867 1167 934 1223; x_wconf 91' lang='lat' dir='ltr'><strong>erat</strong></span> <span class='ocrx_word' id='word_1_75' title='bbox 956 1160 995 1223; x_wconf 93' lang='lat' dir='ltr'><strong>de</strong></span> <span class='ocrx_word' id='word_1_76' title='bbox 1016 1160 1112 1224; x_wconf 90' lang='lat' dir='ltr'><strong>huius</strong></span> <span class='ocrx_word' id='word_1_77' title='bbox 1133 1160 1296 1225; x_wconf 86' lang='lat' dir='ltr'><strong>beneficiis</strong></span> <span class='ocrx_word' id='word_1_78' title='bbox 1318 1157 1470 1240; x_wconf 88' lang='lat' dir='ltr'><strong>seriptum</strong></span> <span class='ocrx_word' id='word_1_79' title='bbox 1493 1159 1526 1216; x_wconf 91' lang='lat' dir='ltr'><strong>et</strong></span> 
     </span>
     <span class='ocr_line' id='line_1_9' title="bbox 205 1251 1525 1340; baseline -0.004 -23"><span class='ocrx_word' id='word_1_80' title='bbox 205 1253 365 1319; x_wconf 83' lang='lat' dir='ltr'><strong>incisuml</strong></span> <span class='ocrx_word' id='word_1_81' title='bbox 397 1274 481 1340; x_wconf 84' lang='lat' dir='ltr'><strong>quae</strong></span> <span class='ocrx_word' id='word_1_82' title='bbox 503 1255 609 1318; x_wconf 89' lang='lat' dir='ltr'><strong>tahnla</strong></span> <span class='ocrx_word' id='word_1_83' title='bbox 630 1261 698 1317; x_wconf 90' lang='lat' dir='ltr'><strong>tum</strong></span> <span class='ocrx_word' id='word_1_84' title='bbox 719 1253 854 1337; x_wconf 89' lang='lat' dir='ltr'><strong>imperio</strong></span> <span class='ocrx_word' id='word_1_85' title='bbox 880 1262 935 1317; x_wconf 89' lang='lat' dir='ltr'><strong>tuo</strong></span> <span class='ocrx_word' id='word_1_86' title='bbox 956 1253 1098 1330; x_wconf 84' lang='lat' dir='ltr'><strong>revulsa,</strong></span> <span class='ocrx_word' id='word_1_87' title='bbox 1125 1275 1210 1318; x_wconf 91' lang='lat' dir='ltr'><strong>nune</strong></span> <span class='ocrx_word' id='word_1_88' title='bbox 1232 1273 1250 1318; x_wconf 97' lang='lat' dir='ltr'><strong>a</strong></span> <span class='ocrx_word' id='word_1_89' title='bbox 1271 1273 1322 1317; x_wconf 92' lang='lat' dir='ltr'><strong>me</strong></span> <span class='ocrx_word' id='word_1_90' title='bbox 1343 1259 1449 1316; x_wconf 87' lang='lat' dir='ltr'><strong>tamen</strong></span> <span class='ocrx_word' id='word_1_91' title='bbox 1470 1251 1525 1313; x_wconf 88' lang='lat' dir='ltr'><strong>de-</strong></span> 
     </span>
     <span class='ocr_line' id='line_1_10' title="bbox 205 1346 1527 1434; baseline -0.005 -22"><span class='ocrx_word' id='word_1_92' title='bbox 205 1356 330 1434; x_wconf 88' lang='lat' dir='ltr'><strong>portata</strong></span> <span class='ocrx_word' id='word_1_93' title='bbox 352 1356 417 1424; x_wconf 91' lang='lat' dir='ltr'><strong>est,</strong></span> <span class='ocrx_word' id='word_1_94' title='bbox 437 1358 475 1414; x_wconf 91' lang='lat' dir='ltr'><strong>ut</strong></span> <span class='ocrx_word' id='word_1_95' title='bbox 496 1367 614 1412; x_wconf 87' lang='lat' dir='ltr'><strong>omnes</strong></span> <span class='ocrx_word' id='word_1_96' title='bbox 626 1346 723 1411; x_wconf 91' lang='lat' dir='ltr'><strong>huius</strong></span> <span class='ocrx_word' id='word_1_97' title='bbox 744 1348 882 1412; x_wconf 89' lang='lat' dir='ltr'><strong>honores</strong></span> <span class='ocrx_word' id='word_1_98' title='bbox 902 1349 985 1412; x_wconf 89' lang='lat' dir='ltr'><strong>inter</strong></span> <span class='ocrx_word' id='word_1_99' title='bbox 1005 1368 1080 1412; x_wconf 91' lang='lat' dir='ltr'><strong>suos</strong></span> <span class='ocrx_word' id='word_1_100' title='bbox 1096 1355 1127 1412; x_wconf 90' lang='lat' dir='ltr'><strong>et</strong></span> <span class='ocrx_word' id='word_1_101' title='bbox 1141 1347 1381 1433; x_wconf 90' lang='lat' dir='ltr'><strong>amplitudinem</strong></span> <span class='ocrx_word' id='word_1_102' title='bbox 1395 1349 1527 1430; x_wconf 88' lang='lat' dir='ltr'><strong>possent</strong></span> 
     </span>
     <span class='ocr_line' id='line_1_11' title="bbox 206 1429 1659 1528; baseline -0.007 -20"><span class='ocrx_word' id='word_1_103' title='bbox 206 1463 407 1528; x_wconf 70' lang='lat' dir='ltr'><strong>cognoscere.</strong></span> <span class='ocrx_word' id='word_1_104' title='bbox 451 1437 522 1505; x_wconf 79' lang='lat' dir='ltr'><strong>lid.</strong></span> <span class='ocrx_word' id='word_1_105' title='bbox 543 1443 642 1506; x_wconf 87' lang='lat' dir='ltr'><strong>Estne</strong></span> <span class='ocrx_word' id='word_1_106' title='bbox 661 1441 731 1516; x_wconf 88' lang='lat' dir='ltr'><strong>hic,</strong></span> <span class='ocrx_word' id='word_1_107' title='bbox 754 1441 826 1525; x_wconf 91' lang='lat' dir='ltr'><strong>qui,</strong></span> <span class='ocrx_word' id='word_1_108' title='bbox 848 1443 932 1525; x_wconf 92' lang='lat' dir='ltr'><strong>apud</strong></span> <span class='ocrx_word' id='word_1_109' title='bbox 956 1442 1011 1506; x_wconf 86' lang='lat' dir='ltr'><strong>Gn.</strong></span> <span class='ocrx_word' id='word_1_110' title='bbox 1033 1444 1235 1527; x_wconf 87' lang='lat' dir='ltr'><strong>Pompeium,</strong></span> <span class='ocrx_word' id='word_1_111' title='bbox 1257 1440 1466 1516; x_wconf 88' lang='lat' dir='ltr'><strong>clarissimum</strong></span> <span class='ocrx_word' id='word_1_112' title='bbox 1479 1439 1564 1502; x_wconf 82' lang='lat' dir='ltr'><strong>ri-lo</strong></span> <span class='ocrx_word' id='word_1_113' title='bbox 1637 1429 1659 1498; x_wconf 78' lang='grc' dir='ltr'><em>ὀ</em></span> 
     </span>
     <span class='ocr_line' id='line_1_12' title="bbox 205 1534 1527 1620; baseline -0.003 -18"><span class='ocrx_word' id='word_1_114' title='bbox 205 1559 292 1614; x_wconf 89' lang='lat' dir='ltr'><strong>rum,</strong></span> <span class='ocrx_word' id='word_1_115' title='bbox 314 1539 386 1602; x_wconf 86' lang='lat' dir='ltr'><strong>cum</strong></span> <span class='ocrx_word' id='word_1_116' title='bbox 408 1544 574 1602; x_wconf 88' lang='lat' dir='ltr'><strong>accusatus</strong></span> <span class='ocrx_word' id='word_1_117' title='bbox 596 1543 695 1611; x_wconf 90' lang='lat' dir='ltr'><strong>esset,</strong></span> <span class='ocrx_word' id='word_1_118' title='bbox 721 1537 808 1619; x_wconf 87' lang='lat' dir='ltr'><strong>quod</strong></span> <span class='ocrx_word' id='word_1_119' title='bbox 829 1543 961 1620; x_wconf 91' lang='lat' dir='ltr'><strong>propter</strong></span> <span class='ocrx_word' id='word_1_120' title='bbox 982 1535 1015 1600; x_wconf 88' lang='lat' dir='ltr'><strong>C.</strong></span> <span class='ocrx_word' id='word_1_121' title='bbox 1038 1538 1129 1602; x_wconf 82' lang='lat' dir='ltr'><strong>Marii</strong></span> <span class='ocrx_word' id='word_1_122' title='bbox 1150 1537 1395 1602; x_wconf 82' lang='lat' dir='ltr'><strong>familiaritatem</strong></span> <span class='ocrx_word' id='word_1_123' title='bbox 1417 1543 1449 1599; x_wconf 90' lang='lat' dir='ltr'><strong>et</strong></span> <span class='ocrx_word' id='word_1_124' title='bbox 1468 1534 1527 1599; x_wconf 89' lang='lat' dir='ltr'><strong>ho-</strong></span> 
     </span>
     <span class='ocr_line' id='line_1_13' title="bbox 205 1629 1527 1716; baseline -0.002 -20"><span class='ocrx_word' id='word_1_125' title='bbox 205 1633 336 1716; x_wconf 88' lang='lat' dir='ltr'><strong>spitium</strong></span> <span class='ocrx_word' id='word_1_126' title='bbox 363 1640 474 1696; x_wconf 86' lang='lat' dir='ltr'><strong>eontra</strong></span> <span class='ocrx_word' id='word_1_127' title='bbox 500 1650 567 1695; x_wconf 90' lang='lat' dir='ltr'><strong>rem</strong></span> <span class='ocrx_word' id='word_1_128' title='bbox 596 1629 755 1714; x_wconf 87' lang='lat' dir='ltr'><strong>puhlicem</strong></span> <span class='ocrx_word' id='word_1_129' title='bbox 783 1629 921 1694; x_wconf 81' lang='lat' dir='ltr'><strong>sensisse</strong></span> <span class='ocrx_word' id='word_1_130' title='bbox 944 1649 1017 1694; x_wconf 92' lang='lat' dir='ltr'><strong>eum</strong></span> <span class='ocrx_word' id='word_1_131' title='bbox 1038 1631 1159 1694; x_wconf 90' lang='lat' dir='ltr'><strong>inimici</strong></span> <span class='ocrx_word' id='word_1_132' title='bbox 1182 1638 1214 1695; x_wconf 91' lang='lat' dir='ltr'><strong>et</strong></span> <span class='ocrx_word' id='word_1_133' title='bbox 1235 1637 1435 1694; x_wconf 80' lang='lat' dir='ltr'><strong>accusatores</strong></span> <span class='ocrx_word' id='word_1_134' title='bbox 1458 1630 1527 1693; x_wconf 91' lang='lat' dir='ltr'><strong>eius</strong></span> 
     </span>
     <span class='ocr_line' id='line_1_14' title="bbox 206 1724 1529 1810; baseline -0.002 -22"><span class='ocrx_word' id='word_1_135' title='bbox 206 1725 361 1802; x_wconf 87' lang='lat' dir='ltr'><strong>dicerent,</strong></span> <span class='ocrx_word' id='word_1_136' title='bbox 391 1745 527 1810; x_wconf 88' lang='lat' dir='ltr'><strong>cumque</strong></span> <span class='ocrx_word' id='word_1_137' title='bbox 555 1725 655 1808; x_wconf 85' lang='lat' dir='ltr'><strong>magis</strong></span> <span class='ocrx_word' id='word_1_138' title='bbox 676 1724 836 1788; x_wconf 85' lang='lat' dir='ltr'><strong>invidioso</strong></span> <span class='ocrx_word' id='word_1_139' title='bbox 860 1724 991 1788; x_wconf 91' lang='lat' dir='ltr'><strong>crimine</strong></span> <span class='ocrx_word' id='word_1_140' title='bbox 1013 1745 1108 1808; x_wconf 87' lang='lat' dir='ltr'><strong>quam</strong></span> <span class='ocrx_word' id='word_1_141' title='bbox 1129 1744 1205 1789; x_wconf 79' lang='lat' dir='ltr'><strong>uero</strong></span> <span class='ocrx_word' id='word_1_142' title='bbox 1228 1732 1456 1802; x_wconf 89' lang='lat' dir='ltr'><strong>arcesseretur,</strong></span> <span class='ocrx_word' id='word_1_143' title='bbox 1484 1725 1529 1787; x_wconf 89' lang='lat' dir='ltr'><strong>ita</strong></span> 
     </span>
    </p>

    <p class='ocr_par' dir='ltr' id='par_1_3' title="bbox 204 1817 1684 3038">
     <span class='ocr_line' id='line_1_15' title="bbox 205 1817 1529 1904; baseline -0.002 -21"><span class='ocrx_word' id='word_1_144' title='bbox 205 1839 226 1883; x_wconf 88' lang='lat' dir='ltr'><strong>a</strong></span> <span class='ocrx_word' id='word_1_145' title='bbox 248 1819 304 1883; x_wconf 91' lang='lat' dir='ltr'><strong>Cn.</strong></span> <span class='ocrx_word' id='word_1_146' title='bbox 326 1819 478 1902; x_wconf 86' lang='lat' dir='ltr'><strong>Pompeio</strong></span> <span class='ocrx_word' id='word_1_147' title='bbox 499 1818 664 1882; x_wconf 81' lang='lat' dir='ltr'><strong>absolutus</strong></span> <span class='ocrx_word' id='word_1_148' title='bbox 686 1825 750 1892; x_wconf 89' lang='lat' dir='ltr'><strong>est,</strong></span> <span class='ocrx_word' id='word_1_149' title='bbox 772 1818 862 1880; x_wconf 89' lang='lat' dir='ltr'><strong>utin</strong></span> <span class='ocrx_word' id='word_1_150' title='bbox 884 1837 923 1880; x_wconf 93' lang='lat' dir='ltr'><strong>eo</strong></span> <span class='ocrx_word' id='word_1_151' title='bbox 944 1819 1015 1904; x_wconf 92' lang='lat' dir='ltr'><strong>ipso</strong></span> <span class='ocrx_word' id='word_1_152' title='bbox 1037 1818 1157 1882; x_wconf 91' lang='lat' dir='ltr'><strong>iudicio</strong></span> <span class='ocrx_word' id='word_1_153' title='bbox 1172 1820 1344 1904; x_wconf 88' lang='lat' dir='ltr'><strong>Pompeius</strong></span> <span class='ocrx_word' id='word_1_154' title='bbox 1364 1820 1450 1884; x_wconf 90' lang='lat' dir='ltr'><strong>hunc</strong></span> <span class='ocrx_word' id='word_1_155' title='bbox 1470 1817 1529 1881; x_wconf 95' lang='lat' dir='ltr'><strong>ho-</strong></span> 
     </span>
     <span class='ocr_line' id='line_1_16' title="bbox 206 1912 1566 1998; baseline -0.004 -20"><span class='ocrx_word' id='word_1_156' title='bbox 206 1916 302 1998; x_wconf 88' lang='lat' dir='ltr'><strong>spitio</strong></span> <span class='ocrx_word' id='word_1_157' title='bbox 333 1934 392 1978; x_wconf 93' lang='lat' dir='ltr'><strong>suo</strong></span> <span class='ocrx_word' id='word_1_158' title='bbox 425 1913 645 1996; x_wconf 76' lang='lat' dir='ltr'><strong>dignissimum</strong></span> <span class='ocrx_word' id='word_1_159' title='bbox 672 1915 850 1975; x_wconf 72' lang='lat' dir='ltr'><strong>statueret?</strong></span> <span class='ocrx_word' id='word_1_160' title='bbox 881 1912 926 1975; x_wconf 89' lang='lat' dir='ltr'><strong>ita</strong></span> <span class='ocrx_word' id='word_1_161' title='bbox 953 1932 1050 1995; x_wconf 90' lang='lat' dir='ltr'><strong>porro</strong></span> <span class='ocrx_word' id='word_1_162' title='bbox 1077 1913 1224 1976; x_wconf 90' lang='lat' dir='ltr'><strong>laudatus</strong></span> <span class='ocrx_word' id='word_1_163' title='bbox 1254 1914 1467 1998; x_wconf 85' lang='lat' dir='ltr'><strong>defensusque</strong></span> <span class='ocrx_word' id='word_1_164' title='bbox 1489 1913 1566 1978; x_wconf 81' lang='lat' dir='ltr'><strong>ahto</strong></span> 
     </span>
     <span class='ocr_line' id='line_1_17' title="bbox 207 2005 1529 2088; baseline -0.002 -14"><span class='ocrx_word' id='word_1_165' title='bbox 207 2011 354 2074; x_wconf 89' lang='lat' dir='ltr'><strong>omnihus</strong></span> <span class='ocrx_word' id='word_1_166' title='bbox 383 2007 513 2082; x_wconf 87' lang='lat' dir='ltr'><strong>Siculis,</strong></span> <span class='ocrx_word' id='word_1_167' title='bbox 539 2013 576 2069; x_wconf 92' lang='lat' dir='ltr'><strong>ut</strong></span> <span class='ocrx_word' id='word_1_168' title='bbox 601 2005 684 2068; x_wconf 89' lang='lat' dir='ltr'><strong>idam</strong></span> <span class='ocrx_word' id='word_1_169' title='bbox 714 2006 884 2088; x_wconf 86' lang='lat' dir='ltr'><strong>Pompeius</strong></span> <span class='ocrx_word' id='word_1_170' title='bbox 905 2024 971 2069; x_wconf 92' lang='lat' dir='ltr'><strong>non</strong></span> <span class='ocrx_word' id='word_1_171' title='bbox 993 2006 1033 2070; x_wconf 89' lang='lat' dir='ltr'><strong>ah</strong></span> <span class='ocrx_word' id='word_1_172' title='bbox 1053 2006 1184 2071; x_wconf 90' lang='lat' dir='ltr'><strong>homine</strong></span> <span class='ocrx_word' id='word_1_173' title='bbox 1206 2008 1327 2084; x_wconf 89' lang='lat' dir='ltr'><strong>solum,</strong></span> <span class='ocrx_word' id='word_1_174' title='bbox 1354 2007 1529 2072; x_wconf 85' lang='lat' dir='ltr'><strong>sedetiam</strong></span> 
     </span>
     <span class='ocr_line' id='line_1_18' title="bbox 206 2099 1530 2188; baseline -0.001 -20"><span class='ocrx_word' id='word_1_175' title='bbox 206 2103 403 2188; x_wconf 82' lang='lat' dir='ltr'><strong>aprorincia</strong></span> <span class='ocrx_word' id='word_1_176' title='bbox 416 2109 483 2165; x_wconf 92' lang='lat' dir='ltr'><strong>tota</strong></span> <span class='ocrx_word' id='word_1_177' title='bbox 497 2121 531 2164; x_wconf 90' lang='lat' dir='ltr'><strong>se</strong></span> <span class='ocrx_word' id='word_1_178' title='bbox 546 2100 644 2164; x_wconf 90' lang='lat' dir='ltr'><strong>huius</strong></span> <span class='ocrx_word' id='word_1_179' title='bbox 658 2099 860 2164; x_wconf 86' lang='lat' dir='ltr'><strong>absolutione</strong></span> <span class='ocrx_word' id='word_1_180' title='bbox 875 2101 956 2164; x_wconf 89' lang='lat' dir='ltr'><strong>inire</strong></span> <span class='ocrx_word' id='word_1_181' title='bbox 971 2102 1102 2184; x_wconf 73' lang='lat' dir='ltr'><strong>gratiam</strong></span> <span class='ocrx_word' id='word_1_182' title='bbox 1114 2101 1339 2167; x_wconf 72' lang='lat' dir='ltr'><strong>mbinmturr</strong></span> <span class='ocrx_word' id='word_1_183' title='bbox 1354 2105 1530 2178; x_wconf 90' lang='lat' dir='ltr'><strong>Postremo,</strong></span> 
     </span>
     <span class='ocr_line' id='line_1_19' title="bbox 206 2194 1530 2280; baseline -0.001 -18"><span class='ocrx_word' id='word_1_184' title='bbox 206 2207 296 2263; x_wconf 90' lang='lat' dir='ltr'><strong>estne</strong></span> <span class='ocrx_word' id='word_1_185' title='bbox 316 2198 386 2273; x_wconf 91' lang='lat' dir='ltr'><strong>hic,</strong></span> <span class='ocrx_word' id='word_1_186' title='bbox 409 2195 464 2280; x_wconf 85' lang='lat' dir='ltr'><strong>qui</strong></span> <span class='ocrx_word' id='word_1_187' title='bbox 486 2202 518 2258; x_wconf 90' lang='lat' dir='ltr'><strong>et</strong></span> <span class='ocrx_word' id='word_1_188' title='bbox 538 2195 677 2258; x_wconf 90' lang='lat' dir='ltr'><strong>animum</strong></span> <span class='ocrx_word' id='word_1_189' title='bbox 699 2194 734 2256; x_wconf 92' lang='lat' dir='ltr'><strong>in</strong></span> <span class='ocrx_word' id='word_1_190' title='bbox 753 2213 820 2257; x_wconf 92' lang='lat' dir='ltr'><strong>rem</strong></span> <span class='ocrx_word' id='word_1_191' title='bbox 841 2195 1002 2277; x_wconf 81' lang='lat' dir='ltr'><strong>publicam</strong></span> <span class='ocrx_word' id='word_1_192' title='bbox 1022 2194 1135 2259; x_wconf 87' lang='lat' dir='ltr'><strong>hahuit</strong></span> <span class='ocrx_word' id='word_1_193' title='bbox 1156 2195 1331 2260; x_wconf 90' lang='lat' dir='ltr'><strong>eiusmodi</strong></span> <span class='ocrx_word' id='word_1_194' title='bbox 1353 2204 1386 2261; x_wconf 91' lang='lat' dir='ltr'><strong>et</strong></span> <span class='ocrx_word' id='word_1_195' title='bbox 1406 2205 1530 2261; x_wconf 84' lang='lat' dir='ltr'><strong>tantum</strong></span> 
     </span>
     <span class='ocr_line' id='line_1_20' title="bbox 207 2286 1532 2375; baseline -0.001 -18"><span class='ocrx_word' id='word_1_196' title='bbox 207 2294 394 2358; x_wconf 86' lang='lat' dir='ltr'><strong>auctoritate</strong></span> <span class='ocrx_word' id='word_1_197' title='bbox 416 2289 500 2374; x_wconf 89' lang='lat' dir='ltr'><strong>apud</strong></span> <span class='ocrx_word' id='word_1_198' title='bbox 523 2308 598 2354; x_wconf 89' lang='lat' dir='ltr'><strong>suos</strong></span> <span class='ocrx_word' id='word_1_199' title='bbox 620 2289 704 2354; x_wconf 83' lang='lat' dir='ltr'><strong>cives</strong></span> <span class='ocrx_word' id='word_1_200' title='bbox 726 2289 847 2371; x_wconf 91' lang='lat' dir='ltr'><strong>potuit,</strong></span> <span class='ocrx_word' id='word_1_201' title='bbox 869 2297 906 2352; x_wconf 88' lang='lat' dir='ltr'><strong>ut</strong></span> <span class='ocrx_word' id='word_1_202' title='bbox 925 2286 1090 2372; x_wconf 88' lang='lat' dir='ltr'><strong>perficeret</strong></span> <span class='ocrx_word' id='word_1_203' title='bbox 1110 2291 1143 2352; x_wconf 92' lang='lat' dir='ltr'><strong>in</strong></span> <span class='ocrx_word' id='word_1_204' title='bbox 1159 2290 1268 2355; x_wconf 89' lang='lat' dir='ltr'><strong>Sicilia</strong></span> <span class='ocrx_word' id='word_1_205' title='bbox 1290 2291 1378 2355; x_wconf 90' lang='lat' dir='ltr'><strong>solus</strong></span> <span class='ocrx_word' id='word_1_206' title='bbox 1392 2297 1425 2356; x_wconf 93' lang='lat' dir='ltr'><strong>te</strong></span> <span class='ocrx_word' id='word_1_207' title='bbox 1439 2309 1532 2375; x_wconf 86' lang='lat' dir='ltr'><strong>prae·</strong></span> 
     </span>
     <span class='ocr_line' id='line_1_21' title="bbox 206 2375 1684 2496; baseline -0.003 -44"><span class='ocrx_word' id='word_1_208' title='bbox 206 2375 400 2493; x_wconf 79' lang='lat' dir='ltr'><strong>tore,(quod</strong></span> <span class='ocrx_word' id='word_1_209' title='bbox 422 2403 487 2448; x_wconf 91' lang='lat' dir='ltr'><strong>non</strong></span> <span class='ocrx_word' id='word_1_210' title='bbox 507 2384 603 2446; x_wconf 90' lang='lat' dir='ltr'><strong>modo</strong></span> <span class='ocrx_word' id='word_1_211' title='bbox 626 2383 752 2463; x_wconf 78' lang='lat' dir='ltr'><strong>Siculus</strong></span> <span class='ocrx_word' id='word_1_212' title='bbox 773 2402 886 2459; x_wconf 85' lang='lat' dir='ltr'><strong>nemo,</strong></span> <span class='ocrx_word' id='word_1_213' title='bbox 909 2385 965 2448; x_wconf 90' lang='lat' dir='ltr'><strong>sed</strong></span> <span class='ocrx_word' id='word_1_214' title='bbox 984 2404 1025 2448; x_wconf 91' lang='lat' dir='ltr'><strong>ne</strong></span> <span class='ocrx_word' id='word_1_215' title='bbox 1040 2384 1150 2448; x_wconf 90' lang='lat' dir='ltr'><strong>Sicilia</strong></span> <span class='ocrx_word' id='word_1_216' title='bbox 1167 2384 1297 2470; x_wconf 75' lang='lat' dir='ltr'><strong>quidem</strong></span> <span class='ocrx_word' id='word_1_217' title='bbox 1318 2392 1386 2450; x_wconf 92' lang='lat' dir='ltr'><strong>tota</strong></span> <span class='ocrx_word' id='word_1_218' title='bbox 1406 2386 1567 2471; x_wconf 82' lang='lat' dir='ltr'><strong>potuis-so</strong></span> <span class='ocrx_word' id='word_1_219' title='bbox 1613 2401 1684 2496; x_wconf 47' lang='grc' dir='ltr'><strong>ηρ.</strong></span> 
     </span>
     <span class='ocr_line' id='line_1_22' title="bbox 206 2477 1655 2567; baseline -0.003 -21"><span class='ocrx_word' id='word_1_220' title='bbox 206 2489 270 2557; x_wconf 91' lang='lat' dir='ltr'><strong>set,</strong></span> <span class='ocrx_word' id='word_1_221' title='bbox 290 2489 327 2546; x_wconf 94' lang='lat' dir='ltr'><strong>ut</strong></span> <span class='ocrx_word' id='word_1_222' title='bbox 348 2501 388 2545; x_wconf 83' lang='lat' dir='ltr'><strong>ex</strong></span> <span class='ocrx_word' id='word_1_223' title='bbox 410 2478 528 2563; x_wconf 93' lang='lat' dir='ltr'><strong>oppido</strong></span> <span class='ocrx_word' id='word_1_224' title='bbox 551 2477 694 2541; x_wconf 88' lang='lat' dir='ltr'><strong>Thermis</strong></span> <span class='ocrx_word' id='word_1_225' title='bbox 716 2477 839 2561; x_wconf 90' lang='lat' dir='ltr'><strong>nullum</strong></span> <span class='ocrx_word' id='word_1_226' title='bbox 861 2478 1003 2562; x_wconf 75' lang='lat' dir='ltr'><strong>signum,</strong></span> <span class='ocrx_word' id='word_1_227' title='bbox 1031 2477 1155 2565; x_wconf 78' lang='lat' dir='ltr'><strong>nullum</strong></span> <span class='ocrx_word' id='word_1_228' title='bbox 1184 2489 1422 2558; x_wconf 84' lang='lat' dir='ltr'><strong>ornamentum,</strong></span> <span class='ocrx_word' id='word_1_229' title='bbox 1450 2478 1530 2544; x_wconf 91' lang='lat' dir='ltr'><strong>nihil</strong></span> <span class='ocrx_word' id='word_1_230' title='bbox 1637 2502 1655 2567; x_wconf 65' lang='lat'><strong>3</strong></span> 
     </span>
     <span class='ocr_line' id='line_1_23' title="bbox 207 2571 1590 2655; baseline -0.004 -15"><span class='ocrx_word' id='word_1_231' title='bbox 207 2595 248 2640; x_wconf 83' lang='lat' dir='ltr'><strong>ex</strong></span> <span class='ocrx_word' id='word_1_232' title='bbox 269 2595 375 2651; x_wconf 87' lang='lat' dir='ltr'><strong>sacro,</strong></span> <span class='ocrx_word' id='word_1_233' title='bbox 402 2572 482 2637; x_wconf 89' lang='lat' dir='ltr'><strong>nihil</strong></span> <span class='ocrx_word' id='word_1_234' title='bbox 508 2573 549 2636; x_wconf 92' lang='lat' dir='ltr'><strong>de</strong></span> <span class='ocrx_word' id='word_1_235' title='bbox 578 2572 708 2655; x_wconf 84' lang='lat' dir='ltr'><strong>publico</strong></span> <span class='ocrx_word' id='word_1_236' title='bbox 731 2572 920 2655; x_wconf 81' lang='lat' dir='ltr'><strong>attingeres,</strong></span> <span class='ocrx_word' id='word_1_237' title='bbox 949 2593 1021 2636; x_wconf 91' lang='lat' dir='ltr'><strong>eum</strong></span> <span class='ocrx_word' id='word_1_238' title='bbox 1042 2573 1228 2655; x_wconf 90' lang='lat' dir='ltr'><strong>praesertim</strong></span> <span class='ocrx_word' id='word_1_239' title='bbox 1249 2579 1284 2638; x_wconf 92' lang='lat' dir='ltr'><strong>et</strong></span> <span class='ocrx_word' id='word_1_240' title='bbox 1304 2580 1410 2640; x_wconf 87' lang='lat' dir='ltr'><strong>esseut</strong></span> <span class='ocrx_word' id='word_1_241' title='bbox 1432 2571 1531 2637; x_wconf 89' lang='lat' dir='ltr'><strong>multa</strong></span> <span class='ocrx_word' id='word_1_242' title='bbox 1588 2577 1590 2581; x_wconf 71' lang='lat'>‘</span> 
     </span>
     <span class='ocr_line' id='line_1_24' title="bbox 205 2661 1531 2755; baseline -0.005 -21"><span class='ocrx_word' id='word_1_243' title='bbox 205 2670 367 2752; x_wconf 89' lang='lat' dir='ltr'><strong>praeclara</strong></span> <span class='ocrx_word' id='word_1_244' title='bbox 389 2676 421 2732; x_wconf 91' lang='lat' dir='ltr'><strong>et</strong></span> <span class='ocrx_word' id='word_1_245' title='bbox 442 2673 477 2730; x_wconf 86' lang='lat' dir='ltr'><strong>tu</strong></span> <span class='ocrx_word' id='word_1_246' title='bbox 499 2667 606 2730; x_wconf 92' lang='lat' dir='ltr'><strong>omnia</strong></span> <span class='ocrx_word' id='word_1_247' title='bbox 628 2666 855 2749; x_wconf 82' lang='lat' dir='ltr'><strong>concupissesl</strong></span> <span class='ocrx_word' id='word_1_248' title='bbox 888 2661 959 2729; x_wconf 79' lang='lat' dir='ltr'><strong>tlt.</strong></span> <span class='ocrx_word' id='word_1_249' title='bbox 981 2668 1129 2752; x_wconf 84' lang='lat' dir='ltr'><strong>Denique</strong></span> <span class='ocrx_word' id='word_1_250' title='bbox 1144 2687 1228 2731; x_wconf 91' lang='lat' dir='ltr'><strong>nune</strong></span> <span class='ocrx_word' id='word_1_251' title='bbox 1241 2669 1332 2744; x_wconf 83' lang='lat' dir='ltr'><strong>ride,</strong></span> <span class='ocrx_word' id='word_1_252' title='bbox 1355 2668 1433 2755; x_wconf 85' lang='lat' dir='ltr'><strong>quid</strong></span> <span class='ocrx_word' id='word_1_253' title='bbox 1448 2668 1531 2730; x_wconf 89' lang='lat' dir='ltr'><strong>inter</strong></span> 
     </span>
     <span class='ocr_line' id='line_1_25' title="bbox 205 2760 1531 2845; baseline -0.002 -17"><span class='ocrx_word' id='word_1_254' title='bbox 205 2771 253 2839; x_wconf 90' lang='lat' dir='ltr'><strong>te,</strong></span> <span class='ocrx_word' id='word_1_255' title='bbox 276 2765 367 2828; x_wconf 92' lang='lat' dir='ltr'><strong>cuius</strong></span> <span class='ocrx_word' id='word_1_256' title='bbox 387 2763 518 2828; x_wconf 89' lang='lat' dir='ltr'><strong>nomine</strong></span> <span class='ocrx_word' id='word_1_257' title='bbox 539 2760 625 2844; x_wconf 92' lang='lat' dir='ltr'><strong>apud</strong></span> <span class='ocrx_word' id='word_1_258' title='bbox 641 2761 765 2825; x_wconf 85' lang='lat' dir='ltr'><strong>Siculos</strong></span> <span class='ocrx_word' id='word_1_259' title='bbox 784 2760 852 2824; x_wconf 88' lang='lat' dir='ltr'><strong>dies</strong></span> <span class='ocrx_word' id='word_1_260' title='bbox 867 2761 940 2824; x_wconf 86' lang='lat' dir='ltr'><strong>lesti</strong></span> <span class='ocrx_word' id='word_1_261' title='bbox 955 2761 1115 2845; x_wconf 73' lang='lat' dir='ltr'><strong>agitamur</strong></span> <span class='ocrx_word' id='word_1_262' title='bbox 1129 2769 1161 2825; x_wconf 89' lang='lat' dir='ltr'><strong>et</strong></span> <span class='ocrx_word' id='word_1_263' title='bbox 1174 2763 1337 2845; x_wconf 83' lang='lat' dir='ltr'><strong>praeclara</strong></span> <span class='ocrx_word' id='word_1_264' title='bbox 1351 2764 1407 2828; x_wconf 89' lang='lat' dir='ltr'><strong>illa</strong></span> <span class='ocrx_word' id='word_1_265' title='bbox 1419 2761 1531 2827; x_wconf 83' lang='lat' dir='ltr'><strong>Venia</strong></span> 
     </span>
     <span class='ocr_line' id='line_1_26' title="bbox 205 2855 1568 2934; baseline -0.004 -11"><span class='ocrx_word' id='word_1_266' title='bbox 205 2858 419 2933; x_wconf 82' lang='lat' dir='ltr'><strong>celebrantur,</strong></span> <span class='ocrx_word' id='word_1_267' title='bbox 448 2857 540 2921; x_wconf 90' lang='lat' dir='ltr'><strong>cuius</strong></span> <span class='ocrx_word' id='word_1_268' title='bbox 562 2862 685 2918; x_wconf 77' lang='lat' dir='ltr'><strong>statuam</strong></span> <span class='ocrx_word' id='word_1_269' title='bbox 706 2856 825 2918; x_wconf 85' lang='lat' dir='ltr'><strong>Romae</strong></span> <span class='ocrx_word' id='word_1_270' title='bbox 847 2861 931 2918; x_wconf 89' lang='lat' dir='ltr'><strong>stant</strong></span> <span class='ocrx_word' id='word_1_271' title='bbox 952 2856 1133 2930; x_wconf 86' lang='lat' dir='ltr'><strong>inauratae,</strong></span> <span class='ocrx_word' id='word_1_272' title='bbox 1165 2876 1185 2920; x_wconf 87' lang='lat' dir='ltr'><strong>a</strong></span> <span class='ocrx_word' id='word_1_273' title='bbox 1207 2858 1368 2920; x_wconf 85' lang='lat' dir='ltr'><strong>communi</strong></span> <span class='ocrx_word' id='word_1_274' title='bbox 1392 2855 1568 2934; x_wconf 69' lang='lat' dir='ltr'><strong>seilisas</strong></span> 
     </span>
     <span class='ocr_line' id='line_1_27' title="bbox 204 2948 1530 3038; baseline 0 -22"><span class='ocrx_word' id='word_1_275' title='bbox 204 2973 300 3038; x_wconf 82' lang='lat' dir='ltr'><strong>quem</strong></span> <span class='ocrx_word' id='word_1_276' title='bbox 314 2951 496 3016; x_wconf 86' lang='lat' dir='ltr'><strong>admodum</strong></span> <span class='ocrx_word' id='word_1_277' title='bbox 517 2949 703 3033; x_wconf 88' lang='lat' dir='ltr'><strong>inscriptum</strong></span> <span class='ocrx_word' id='word_1_278' title='bbox 724 2948 879 3025; x_wconf 84' lang='lat' dir='ltr'><strong>uidemus,</strong></span> <span class='ocrx_word' id='word_1_279' title='bbox 901 2949 1003 3025; x_wconf 87' lang='lat' dir='ltr'><strong>datae,</strong></span> <span class='ocrx_word' id='word_1_280' title='bbox 1025 2949 1109 3025; x_wconf 83' lang='lat' dir='ltr'><strong>vide,</strong></span> <span class='ocrx_word' id='word_1_281' title='bbox 1129 2949 1271 3034; x_wconf 85' lang='lat' dir='ltr'><strong>inquam,</strong></span> <span class='ocrx_word' id='word_1_282' title='bbox 1294 2949 1373 3036; x_wconf 89' lang='lat' dir='ltr'><strong>quid</strong></span> <span class='ocrx_word' id='word_1_283' title='bbox 1394 2952 1478 3015; x_wconf 87' lang='lat' dir='ltr'><strong>inter</strong></span> <span class='ocrx_word' id='word_1_284' title='bbox 1497 2959 1530 3016; x_wconf 87' lang='lat' dir='ltr'><strong>te</strong></span> 
     </span>
    </p>

    <p class='ocr_par' dir='ltr' id='par_1_4' title="bbox 204 3044 1567 4355">
     <span class='ocr_line' id='line_1_28' title="bbox 205 3044 1531 3130; baseline -0.002 -18"><span class='ocrx_word' id='word_1_285' title='bbox 205 3055 237 3112; x_wconf 92' lang='lat' dir='ltr'><strong>et</strong></span> <span class='ocrx_word' id='word_1_286' title='bbox 256 3048 344 3112; x_wconf 93' lang='lat' dir='ltr'><strong>hunc</strong></span> <span class='ocrx_word' id='word_1_287' title='bbox 366 3045 528 3121; x_wconf 85' lang='lat' dir='ltr'><strong>Siculum,</strong></span> <span class='ocrx_word' id='word_1_288' title='bbox 551 3044 608 3130; x_wconf 89' lang='lat' dir='ltr'><strong>qui</strong></span> <span class='ocrx_word' id='word_1_289' title='bbox 629 3045 685 3107; x_wconf 87' lang='lat' dir='ltr'><strong>abs</strong></span> <span class='ocrx_word' id='word_1_290' title='bbox 706 3050 738 3106; x_wconf 88' lang='lat' dir='ltr'><strong>te</strong></span> <span class='ocrx_word' id='word_1_291' title='bbox 760 3051 823 3118; x_wconf 89' lang='lat' dir='ltr'><strong>est,</strong></span> <span class='ocrx_word' id='word_1_292' title='bbox 845 3050 980 3128; x_wconf 76' lang='lat' dir='ltr'><strong>patrono</strong></span> <span class='ocrx_word' id='word_1_293' title='bbox 996 3044 1142 3119; x_wconf 86' lang='lat' dir='ltr'><strong>Siciliae,</strong></span> <span class='ocrx_word' id='word_1_294' title='bbox 1165 3044 1410 3122; x_wconf 88' lang='lat' dir='ltr'><strong>condemnatus,</strong></span> <span class='ocrx_word' id='word_1_295' title='bbox 1432 3046 1531 3110; x_wconf 86' lang='lat' dir='ltr'><strong>inter·</strong></span> 
     </span>
     <span class='ocr_line' id='line_1_29' title="bbox 204 3137 1531 3225; baseline -0.001 -20"><span class='ocrx_word' id='word_1_296' title='bbox 204 3145 256 3206; x_wconf 86' lang='lat' dir='ltr'><strong>sit.</strong></span> <span class='ocrx_word' id='word_1_297' title='bbox 287 3142 381 3208; x_wconf 84' lang='lat' dir='ltr'><strong>Hune</strong></span> <span class='ocrx_word' id='word_1_298' title='bbox 403 3140 547 3204; x_wconf 80' lang='lat' dir='ltr'><strong>civitates</strong></span> <span class='ocrx_word' id='word_1_299' title='bbox 569 3158 609 3202; x_wconf 82' lang='lat' dir='ltr'><strong>ex</strong></span> <span class='ocrx_word' id='word_1_300' title='bbox 632 3137 739 3202; x_wconf 89' lang='lat' dir='ltr'><strong>Sicilia</strong></span> <span class='ocrx_word' id='word_1_301' title='bbox 770 3138 946 3222; x_wconf 81' lang='lat' dir='ltr'><strong>permultae</strong></span> <span class='ocrx_word' id='word_1_302' title='bbox 966 3138 1148 3202; x_wconf 88' lang='lat' dir='ltr'><strong>testimonio</strong></span> <span class='ocrx_word' id='word_1_303' title='bbox 1171 3159 1230 3203; x_wconf 88' lang='lat' dir='ltr'><strong>suo</strong></span> <span class='ocrx_word' id='word_1_304' title='bbox 1251 3139 1531 3225; x_wconf 77' lang='lat' dir='ltr'><strong>legationibusque</strong></span> 
     </span>
     <span class='ocr_line' id='line_1_30' title="bbox 204 3221 1530 3319; baseline -0.001 -20"><span class='ocrx_word' id='word_1_305' title='bbox 204 3236 245 3300; x_wconf 92' lang='lat' dir='ltr'><strong>ad</strong></span> <span class='ocrx_word' id='word_1_306' title='bbox 267 3254 338 3299; x_wconf 87' lang='lat' dir='ltr'><strong>eam</strong></span> <span class='ocrx_word' id='word_1_307' title='bbox 358 3253 426 3297; x_wconf 91' lang='lat' dir='ltr'><strong>rem</strong></span> <span class='ocrx_word' id='word_1_308' title='bbox 447 3232 553 3308; x_wconf 82' lang='lat' dir='ltr'><strong>missis</strong></span> <span class='ocrx_word' id='word_1_309' title='bbox 574 3232 702 3315; x_wconf 90' lang='lat' dir='ltr'><strong>puhlice</strong></span> <span class='ocrx_word' id='word_1_310' title='bbox 723 3229 875 3293; x_wconf 83' lang='lat' dir='ltr'><strong>laudant:</strong></span> <span class='ocrx_word' id='word_1_311' title='bbox 904 3239 952 3308; x_wconf 89' lang='lat' dir='ltr'><strong>ts,</strong></span> <span class='ocrx_word' id='word_1_312' title='bbox 986 3233 1127 3295; x_wconf 91' lang='lat' dir='ltr'><strong>omnium</strong></span> <span class='ocrx_word' id='word_1_313' title='bbox 1149 3221 1329 3297; x_wconf 66' lang='lat' dir='ltr'><strong>Sidulorum</strong></span> <span class='ocrx_word' id='word_1_314' title='bbox 1349 3242 1530 3319; x_wconf 87' lang='lat' dir='ltr'><strong>patronum,</strong></span> 
     </span>
     <span class='ocr_line' id='line_1_31' title="bbox 204 3324 1567 3411; baseline -0.004 -17"><span class='ocrx_word' id='word_1_315' title='bbox 204 3350 270 3394; x_wconf 89' lang='lat' dir='ltr'><strong>una</strong></span> <span class='ocrx_word' id='word_1_316' title='bbox 291 3329 480 3394; x_wconf 88' lang='lat' dir='ltr'><strong>llamertina</strong></span> <span class='ocrx_word' id='word_1_317' title='bbox 506 3327 635 3402; x_wconf 86' lang='lat' dir='ltr'><strong>civitas,</strong></span> <span class='ocrx_word' id='word_1_318' title='bbox 665 3325 752 3390; x_wconf 87' lang='lat' dir='ltr'><strong>socia</strong></span> <span class='ocrx_word' id='word_1_319' title='bbox 780 3324 936 3388; x_wconf 83' lang='lat' dir='ltr'><strong>furtorum</strong></span> <span class='ocrx_word' id='word_1_320' title='bbox 960 3345 997 3389; x_wconf 91' lang='lat' dir='ltr'><strong>ae</strong></span> <span class='ocrx_word' id='word_1_321' title='bbox 1020 3326 1210 3410; x_wconf 72' lang='lat' dir='ltr'><strong>flagitiorum</strong></span> <span class='ocrx_word' id='word_1_322' title='bbox 1232 3333 1374 3403; x_wconf 85' lang='lat' dir='ltr'><strong>tuorum,</strong></span> <span class='ocrx_word' id='word_1_323' title='bbox 1403 3327 1567 3411; x_wconf 81' lang='lat' dir='ltr'><strong>puhlioeso</strong></span> 
     </span>
     <span class='ocr_line' id='line_1_32' title="bbox 204 3419 1530 3504; baseline -0.001 -16"><span class='ocrx_word' id='word_1_324' title='bbox 204 3424 333 3500; x_wconf 90' lang='lat' dir='ltr'><strong>laudat,</strong></span> <span class='ocrx_word' id='word_1_325' title='bbox 353 3423 399 3487; x_wconf 87' lang='lat' dir='ltr'><strong>ita</strong></span> <span class='ocrx_word' id='word_1_326' title='bbox 420 3429 526 3485; x_wconf 89' lang='lat' dir='ltr'><strong>tamen</strong></span> <span class='ocrx_word' id='word_1_327' title='bbox 547 3440 630 3484; x_wconf 85' lang='lat' dir='ltr'><strong>noro</strong></span> <span class='ocrx_word' id='word_1_328' title='bbox 652 3439 758 3495; x_wconf 91' lang='lat' dir='ltr'><strong>more,</strong></span> <span class='ocrx_word' id='word_1_329' title='bbox 780 3423 816 3484; x_wconf 91' lang='lat' dir='ltr'><strong>ut</strong></span> <span class='ocrx_word' id='word_1_330' title='bbox 836 3419 932 3503; x_wconf 75' lang='lat' dir='ltr'><strong>legati</strong></span> <span class='ocrx_word' id='word_1_331' title='bbox 959 3420 1101 3498; x_wconf 85' lang='lat' dir='ltr'><strong>laedant,</strong></span> <span class='ocrx_word' id='word_1_332' title='bbox 1123 3421 1239 3504; x_wconf 77' lang='lat' dir='ltr'><strong>legatio</strong></span> <span class='ocrx_word' id='word_1_333' title='bbox 1260 3421 1385 3486; x_wconf 88' lang='lat' dir='ltr'><strong>laudet:</strong></span> <span class='ocrx_word' id='word_1_334' title='bbox 1407 3430 1530 3487; x_wconf 76' lang='lat' dir='ltr'><strong>setene</strong></span> 
     </span>
     <span class='ocr_line' id='line_1_33' title="bbox 206 3514 1531 3605; baseline 0.001 -24"><span class='ocrx_word' id='word_1_335' title='bbox 206 3519 336 3605; x_wconf 88' lang='lat' dir='ltr'><strong>quidem</strong></span> <span class='ocrx_word' id='word_1_336' title='bbox 358 3517 501 3582; x_wconf 82' lang='lat' dir='ltr'><strong>civitates</strong></span> <span class='ocrx_word' id='word_1_337' title='bbox 515 3515 642 3600; x_wconf 86' lang='lat' dir='ltr'><strong>publice</strong></span> <span class='ocrx_word' id='word_1_338' title='bbox 658 3515 787 3590; x_wconf 89' lang='lat' dir='ltr'><strong>litteris,</strong></span> <span class='ocrx_word' id='word_1_339' title='bbox 810 3514 1037 3596; x_wconf 83' lang='lat' dir='ltr'><strong>legationibus,</strong></span> <span class='ocrx_word' id='word_1_340' title='bbox 1059 3515 1250 3580; x_wconf 88' lang='lat' dir='ltr'><strong>testimoniis</strong></span> <span class='ocrx_word' id='word_1_341' title='bbox 1264 3523 1431 3592; x_wconf 84' lang='lat' dir='ltr'><strong>accusant,</strong></span> <span class='ocrx_word' id='word_1_342' title='bbox 1453 3537 1531 3602; x_wconf 88' lang='lat' dir='ltr'><strong>que-</strong></span> 
     </span>
     <span class='ocr_line' id='line_1_34' title="bbox 205 3609 1531 3694; baseline 0.002 -18"><span class='ocrx_word' id='word_1_343' title='bbox 205 3619 337 3688; x_wconf 92' lang='lat' dir='ltr'><strong>runtur,</strong></span> <span class='ocrx_word' id='word_1_344' title='bbox 358 3618 514 3694; x_wconf 72' lang='lat' dir='ltr'><strong>arguunt:</strong></span> <span class='ocrx_word' id='word_1_345' title='bbox 543 3610 570 3674; x_wconf 88' lang='lat' dir='ltr'><strong>si</strong></span> <span class='ocrx_word' id='word_1_346' title='bbox 592 3617 628 3674; x_wconf 90' lang='lat' dir='ltr'><strong>tu</strong></span> <span class='ocrx_word' id='word_1_347' title='bbox 649 3609 812 3674; x_wconf 87' lang='lat' dir='ltr'><strong>absolutus</strong></span> <span class='ocrx_word' id='word_1_348' title='bbox 835 3609 895 3685; x_wconf 90' lang='lat' dir='ltr'><strong>sis,</strong></span> <span class='ocrx_word' id='word_1_349' title='bbox 916 3609 1061 3674; x_wconf 86' lang='lat' dir='ltr'><strong>funditus</strong></span> <span class='ocrx_word' id='word_1_350' title='bbox 1083 3629 1208 3674; x_wconf 85' lang='lat' dir='ltr'><strong>eversas</strong></span> <span class='ocrx_word' id='word_1_351' title='bbox 1230 3629 1265 3674; x_wconf 88' lang='lat' dir='ltr'><strong>se</strong></span> <span class='ocrx_word' id='word_1_352' title='bbox 1282 3629 1356 3694; x_wconf 75' lang='lat' dir='ltr'><strong>esse</strong></span> <span class='ocrx_word' id='word_1_353' title='bbox 1377 3612 1531 3678; x_wconf 85' lang='lat' dir='ltr'><strong>arbitran-</strong></span> 
     </span>
     <span class='ocr_line' id='line_1_35' title="bbox 206 3700 1530 3795; baseline 0.002 -23"><span class='ocrx_word' id='word_1_354' title='bbox 206 3715 267 3775; x_wconf 87' lang='lat' dir='ltr'><strong>tur.</strong></span> <span class='ocrx_word' id='word_1_355' title='bbox 309 3707 435 3772; x_wconf 85' lang='lat' dir='ltr'><strong>XLVII.</strong></span> <span class='ocrx_word' id='word_1_356' title='bbox 459 3700 529 3768; x_wconf 80' lang='lat' dir='ltr'><strong>llo.</strong></span> <span class='ocrx_word' id='word_1_357' title='bbox 562 3705 630 3769; x_wconf 84' lang='lat' dir='ltr'><strong>Hoc</strong></span> <span class='ocrx_word' id='word_1_358' title='bbox 662 3706 701 3767; x_wconf 92' lang='lat' dir='ltr'><strong>de</strong></span> <span class='ocrx_word' id='word_1_359' title='bbox 732 3703 860 3768; x_wconf 91' lang='lat' dir='ltr'><strong>homine</strong></span> <span class='ocrx_word' id='word_1_360' title='bbox 889 3724 927 3768; x_wconf 91' lang='lat' dir='ltr'><strong>ac</strong></span> <span class='ocrx_word' id='word_1_361' title='bbox 956 3703 996 3768; x_wconf 90' lang='lat' dir='ltr'><strong>de</strong></span> <span class='ocrx_word' id='word_1_362' title='bbox 1025 3705 1120 3768; x_wconf 90' lang='lat' dir='ltr'><strong>huius</strong></span> <span class='ocrx_word' id='word_1_363' title='bbox 1140 3705 1234 3768; x_wconf 91' lang='lat' dir='ltr'><strong>honis</strong></span> <span class='ocrx_word' id='word_1_364' title='bbox 1257 3704 1352 3768; x_wconf 89' lang='lat' dir='ltr'><strong>etiam</strong></span> <span class='ocrx_word' id='word_1_365' title='bbox 1373 3707 1406 3770; x_wconf 91' lang='lat' dir='ltr'><strong>in</strong></span> <span class='ocrx_word' id='word_1_366' title='bbox 1428 3709 1530 3795; x_wconf 76' lang='lat' dir='ltr'><strong>Eryco</strong></span> 
     </span>
     <span class='ocr_line' id='line_1_36' title="bbox 206 3798 1567 3888; baseline -0.006 -18"><span class='ocrx_word' id='word_1_367' title='bbox 206 3808 313 3870; x_wconf 88' lang='lat' dir='ltr'><strong>moute</strong></span> <span class='ocrx_word' id='word_1_368' title='bbox 335 3808 575 3866; x_wconf 89' lang='lat' dir='ltr'><strong>monumentum</strong></span> <span class='ocrx_word' id='word_1_369' title='bbox 596 3807 722 3864; x_wconf 88' lang='lat' dir='ltr'><strong>tuorum</strong></span> <span class='ocrx_word' id='word_1_370' title='bbox 744 3800 936 3884; x_wconf 73' lang='lat' dir='ltr'><strong>flagitiorum</strong></span> <span class='ocrx_word' id='word_1_371' title='bbox 959 3799 1220 3883; x_wconf 82' lang='lat' dir='ltr'><strong>crudelitatisque</strong></span> <span class='ocrx_word' id='word_1_372' title='bbox 1241 3798 1393 3882; x_wconf 89' lang='lat' dir='ltr'><strong>posuisti,</strong></span> <span class='ocrx_word' id='word_1_373' title='bbox 1415 3802 1450 3866; x_wconf 93' lang='lat' dir='ltr'><strong>in</strong></span> <span class='ocrx_word' id='word_1_374' title='bbox 1465 3811 1567 3888; x_wconf 81' lang='lat' dir='ltr'><strong>quote</strong></span> 
     </span>
     <span class='ocr_line' id='line_1_37' title="bbox 206 3893 1530 3981; baseline -0.002 -16"><span class='ocrx_word' id='word_1_375' title='bbox 206 3899 330 3965; x_wconf 89' lang='lat' dir='ltr'><strong>Sthenii</strong></span> <span class='ocrx_word' id='word_1_376' title='bbox 359 3895 554 3961; x_wconf 86' lang='lat' dir='ltr'><strong>Thermitani</strong></span> <span class='ocrx_word' id='word_1_377' title='bbox 584 3915 699 3960; x_wconf 89' lang='lat' dir='ltr'><strong>nomen</strong></span> <span class='ocrx_word' id='word_1_378' title='bbox 722 3895 915 3977; x_wconf 84' lang='lat' dir='ltr'><strong>adscriptum</strong></span> <span class='ocrx_word' id='word_1_379' title='bbox 939 3901 995 3956; x_wconf 87' lang='lat' dir='ltr'><strong>est.</strong></span> <span class='ocrx_word' id='word_1_380' title='bbox 1039 3893 1114 3960; x_wconf 86' lang='lat' dir='ltr'><strong>Vidi</strong></span> <span class='ocrx_word' id='word_1_381' title='bbox 1135 3901 1320 3977; x_wconf 83' lang='lat' dir='ltr'><strong>argenteum</strong></span> <span class='ocrx_word' id='word_1_382' title='bbox 1343 3896 1530 3981; x_wconf 86' lang='lat' dir='ltr'><strong>Cupidinem</strong></span> 
     </span>
     <span class='ocr_line' id='line_1_38' title="bbox 206 3987 1530 4076; baseline -0.002 -17"><span class='ocrx_word' id='word_1_383' title='bbox 206 4015 278 4060; x_wconf 89' lang='lat' dir='ltr'><strong>cum</strong></span> <span class='ocrx_word' id='word_1_384' title='bbox 306 3992 463 4076; x_wconf 87' lang='lat' dir='ltr'><strong>lampade.</strong></span> <span class='ocrx_word' id='word_1_385' title='bbox 499 3989 585 4066; x_wconf 88' lang='lat' dir='ltr'><strong>Quid</strong></span> <span class='ocrx_word' id='word_1_386' title='bbox 614 3990 744 4053; x_wconf 89' lang='lat' dir='ltr'><strong>tandem</strong></span> <span class='ocrx_word' id='word_1_387' title='bbox 772 3988 883 4052; x_wconf 86' lang='lat' dir='ltr'><strong>hahuit</strong></span> <span class='ocrx_word' id='word_1_388' title='bbox 909 3988 1088 4071; x_wconf 75' lang='lat' dir='ltr'><strong>argumenti</strong></span> <span class='ocrx_word' id='word_1_389' title='bbox 1116 3995 1171 4051; x_wconf 89' lang='lat' dir='ltr'><strong>aut</strong></span> <span class='ocrx_word' id='word_1_390' title='bbox 1191 3987 1322 4051; x_wconf 79' lang='lat' dir='ltr'><strong>rationis</strong></span> <span class='ocrx_word' id='word_1_391' title='bbox 1344 4009 1412 4066; x_wconf 88' lang='lat' dir='ltr'><strong>res,</strong></span> <span class='ocrx_word' id='word_1_392' title='bbox 1434 4009 1530 4075; x_wconf 61' lang='lat' dir='ltr'><strong>wem</strong></span> 
     </span>
     <span class='ocr_line' id='line_1_39' title="bbox 206 4081 1531 4168; baseline -0.006 -13"><span class='ocrx_word' id='word_1_393' title='bbox 206 4091 331 4156; x_wconf 86' lang='lat' dir='ltr'><strong>obrem</strong></span> <span class='ocrx_word' id='word_1_394' title='bbox 350 4087 385 4150; x_wconf 91' lang='lat' dir='ltr'><strong>in</strong></span> <span class='ocrx_word' id='word_1_395' title='bbox 407 4105 446 4150; x_wconf 92' lang='lat' dir='ltr'><strong>eo</strong></span> <span class='ocrx_word' id='word_1_396' title='bbox 467 4083 668 4168; x_wconf 87' lang='lat' dir='ltr'><strong>potissimum</strong></span> <span class='ocrx_word' id='word_1_397' title='bbox 691 4082 900 4166; x_wconf 81' lang='lat' dir='ltr'><strong>Sthenianum</strong></span> <span class='ocrx_word' id='word_1_398' title='bbox 920 4081 1095 4165; x_wconf 89' lang='lat' dir='ltr'><strong>praemium</strong></span> <span class='ocrx_word' id='word_1_399' title='bbox 1117 4085 1311 4165; x_wconf 69' lang='lat' dir='ltr'><strong>poneretur?</strong></span> <span class='ocrx_word' id='word_1_400' title='bbox 1342 4089 1449 4147; x_wconf 92' lang='lat' dir='ltr'><strong>utrum</strong></span> <span class='ocrx_word' id='word_1_401' title='bbox 1470 4084 1531 4148; x_wconf 89' lang='lat' dir='ltr'><strong>hoe</strong></span> 
     </span>
     <span class='ocr_line' id='line_1_40' title="bbox 206 4176 1531 4270; baseline -0.007 -19"><span class='ocrx_word' id='word_1_402' title='bbox 206 4187 332 4270; x_wconf 74' lang='lat' dir='ltr'><strong>signum</strong></span> <span class='ocrx_word' id='word_1_403' title='bbox 363 4179 546 4266; x_wconf 85' lang='lat' dir='ltr'><strong>cupiditatis</strong></span> <span class='ocrx_word' id='word_1_404' title='bbox 577 4185 651 4244; x_wconf 90' lang='lat' dir='ltr'><strong>tuae</strong></span> <span class='ocrx_word' id='word_1_405' title='bbox 683 4197 724 4242; x_wconf 89' lang='lat' dir='ltr'><strong>an</strong></span> <span class='ocrx_word' id='word_1_406' title='bbox 757 4182 920 4262; x_wconf 88' lang='lat' dir='ltr'><strong>tropaeum</strong></span> <span class='ocrx_word' id='word_1_407' title='bbox 949 4176 1193 4240; x_wconf 89' lang='lat' dir='ltr'><strong>necessitudinis</strong></span> <span class='ocrx_word' id='word_1_408' title='bbox 1220 4182 1317 4261; x_wconf 78' lang='lat' dir='ltr'><strong>atque</strong></span> <span class='ocrx_word' id='word_1_409' title='bbox 1337 4177 1467 4262; x_wconf 88' lang='lat' dir='ltr'><strong>hospitii</strong></span> <span class='ocrx_word' id='word_1_410' title='bbox 1489 4199 1531 4244; x_wconf 92' lang='lat' dir='ltr'><strong>an</strong></span> 
     </span>
     <span class='ocr_line' id='line_1_41' title="bbox 205 4269 1567 4355; baseline -0.01 -7"><span class='ocrx_word' id='word_1_411' title='bbox 205 4277 322 4348; x_wconf 86' lang='lat' dir='ltr'><strong>amoris</strong></span> <span class='ocrx_word' id='word_1_412' title='bbox 349 4275 503 4342; x_wconf 89' lang='lat' dir='ltr'><strong>indicium</strong></span> <span class='ocrx_word' id='word_1_413' title='bbox 532 4292 602 4338; x_wconf 88' lang='lat' dir='ltr'><strong>esse</strong></span> <span class='ocrx_word' id='word_1_414' title='bbox 629 4272 784 4340; x_wconf 77' lang='lat' dir='ltr'><strong>uoluisti?</strong></span> <span class='ocrx_word' id='word_1_415' title='bbox 826 4270 961 4336; x_wconf 89' lang='lat' dir='ltr'><strong>Faciunt</strong></span> <span class='ocrx_word' id='word_1_416' title='bbox 980 4270 1041 4334; x_wconf 90' lang='lat' dir='ltr'><strong>hoc</strong></span> <span class='ocrx_word' id='word_1_417' title='bbox 1061 4269 1222 4346; x_wconf 90' lang='lat' dir='ltr'><strong>hemines,</strong></span> <span class='ocrx_word' id='word_1_418' title='bbox 1252 4289 1332 4355; x_wconf 88' lang='lat' dir='ltr'><strong>quos</strong></span> <span class='ocrx_word' id='word_1_419' title='bbox 1352 4269 1387 4334; x_wconf 90' lang='lat' dir='ltr'><strong>in</strong></span> <span class='ocrx_word' id='word_1_420' title='bbox 1408 4283 1567 4340; x_wconf 76' lang='lat' dir='ltr'><strong>summale</strong></span> 
     </span>
    </p>
   </div>
   <div class='ocr_carea' id='block_1_3' title="bbox 205 4453 1529 4679">
    <p class='ocr_par' dir='ltr' id='par_1_5' title="bbox 205 4453 1529 4679">
     <span class='ocr_line' id='line_1_42' title="bbox 270 4453 1528 4528; baseline -0.015 -13"><span class='ocrx_word' id='word_1_421' title='bbox 270 4460 508 4528; x_wconf 65' lang='lat' dir='ltr'><strong>hmilodsll.</strong></span> <span class='ocrx_word' id='word_1_422' title='bbox 528 4462 728 4509; x_wconf 77' lang='lat' dir='ltr'><strong>-tamssom</strong></span> <span class='ocrx_word' id='word_1_423' title='bbox 746 4457 777 4507; x_wconf 83' lang='lat' dir='ltr'><strong>N.</strong></span> <span class='ocrx_word' id='word_1_424' title='bbox 798 4453 1104 4520; x_wconf 60' lang='lat' dir='ltr'><strong>-espsrucalssep</strong></span> <span class='ocrx_word' id='word_1_425' title='bbox 1122 4454 1218 4505; x_wconf 74' lang='lat' dir='ltr'><strong>mil:</strong></span> <span class='ocrx_word' id='word_1_426' title='bbox 1240 4457 1431 4517; x_wconf 65' lang='lat' dir='ltr'><strong>mmcd.</strong></span> <span class='ocrx_word' id='word_1_427' title='bbox 1450 4457 1528 4508; x_wconf 75' lang='lat'><strong>0,-</strong></span> 
     </span>
     <span class='ocr_line' id='line_1_43' title="bbox 205 4529 1529 4601; baseline -0.008 -8"><span class='ocrx_word' id='word_1_428' title='bbox 205 4542 231 4592; x_wconf 77' lang='grc'><strong>9.</strong></span> <span class='ocrx_word' id='word_1_429' title='bbox 250 4539 374 4592; x_wconf 65' lang='lat' dir='ltr'><strong>maon.</strong></span> <span class='ocrx_word' id='word_1_430' title='bbox 392 4534 471 4601; x_wconf 74' lang='lat' dir='ltr'><strong>agla.</strong></span> <span class='ocrx_word' id='word_1_431' title='bbox 492 4563 519 4573; x_wconf 92' lang='lat'>-</span> <span class='ocrx_word' id='word_1_432' title='bbox 538 4535 578 4586; x_wconf 75' lang='grc'><strong>43.</strong></span> <span class='ocrx_word' id='word_1_433' title='bbox 596 4546 701 4596; x_wconf 70' lang='grc' dir='ltr'>ωηᾳιω</span> <span class='ocrx_word' id='word_1_434' title='bbox 717 4531 833 4596; x_wconf 64' lang='lat' dir='ltr'><strong>amas:</strong></span> <span class='ocrx_word' id='word_1_435' title='bbox 851 4545 908 4582; x_wconf 70' lang='lat' dir='ltr'><strong>cun</strong></span> <span class='ocrx_word' id='word_1_436' title='bbox 925 4545 973 4595; x_wconf 74' lang='lat' dir='ltr'><strong>pue</strong></span> <span class='ocrx_word' id='word_1_437' title='bbox 989 4529 1059 4594; x_wconf 76' lang='lat' dir='ltr'><strong>agla</strong></span> <span class='ocrx_word' id='word_1_438' title='bbox 1075 4541 1104 4594; x_wconf 91' lang='lat' dir='ltr'><strong>p.</strong></span> <span class='ocrx_word' id='word_1_439' title='bbox 1121 4540 1158 4580; x_wconf 90' lang='lat' dir='ltr'><strong>m.</strong></span> <span class='ocrx_word' id='word_1_440' title='bbox 1176 4530 1214 4590; x_wconf 87' lang='lat' dir='ltr'><strong>ll;</strong></span> <span class='ocrx_word' id='word_1_441' title='bbox 1232 4529 1402 4581; x_wconf 76' lang='lat' dir='ltr'><strong>achod.</strong></span> <span class='ocrx_word' id='word_1_442' title='bbox 1421 4531 1529 4594; x_wconf 82' lang='lat' dir='ltr'><strong>llot0;</strong></span> 
     </span>
     <span class='ocr_line' id='line_1_44' title="bbox 206 4603 1528 4679; baseline -0.012 -12"><span class='ocrx_word' id='word_1_443' title='bbox 206 4615 273 4679; x_wconf 68' lang='lat' dir='ltr'><strong>prod</strong></span> <span class='ocrx_word' id='word_1_444' title='bbox 287 4627 345 4666; x_wconf 74' lang='lat' dir='ltr'><strong>m</strong></span> <span class='ocrx_word' id='word_1_445' title='bbox 360 4609 403 4664; x_wconf 86' lang='lat' dir='ltr'><strong>vel</strong></span> <span class='ocrx_word' id='word_1_446' title='bbox 419 4616 473 4662; x_wconf 79' lang='lat' dir='ltr'><strong>tran</strong></span> <span class='ocrx_word' id='word_1_447' title='bbox 489 4609 537 4662; x_wconf 88' lang='lat' dir='ltr'><strong>dtt.</strong></span> <span class='ocrx_word' id='word_1_448' title='bbox 558 4635 586 4646; x_wconf 89' lang='lat'>-</span> <span class='ocrx_word' id='word_1_449' title='bbox 603 4610 647 4660; x_wconf 76' lang='lat' dir='ltr'><strong>tt.</strong></span> <span class='ocrx_word' id='word_1_450' title='bbox 663 4612 783 4659; x_wconf 68' lang='lat' dir='ltr'><strong>datumst</strong></span> <span class='ocrx_word' id='word_1_451' title='bbox 799 4607 869 4658; x_wconf 89' lang='lat' dir='ltr'><strong>conl.</strong></span> <span class='ocrx_word' id='word_1_452' title='bbox 887 4607 965 4658; x_wconf 84' lang='lat' dir='ltr'><strong>Em.:</strong></span> <span class='ocrx_word' id='word_1_453' title='bbox 983 4606 1099 4657; x_wconf 66' lang='lat' dir='ltr'><strong>datm</strong></span> <span class='ocrx_word' id='word_1_454' title='bbox 1115 4603 1194 4656; x_wconf 86' lang='lat' dir='ltr'><strong>codd.</strong></span> <span class='ocrx_word' id='word_1_455' title='bbox 1212 4604 1242 4655; x_wconf 91' lang='grc'><strong>0.</strong></span> <span class='ocrx_word' id='word_1_456' title='bbox 1256 4629 1285 4644; x_wconf 89' lang='grc'>-</span> <span class='ocrx_word' id='word_1_457' title='bbox 1303 4605 1344 4656; x_wconf 71' lang='lat' dir='ltr'><strong>ti.</strong></span> <span class='ocrx_word' id='word_1_458' title='bbox 1363 4611 1386 4656; x_wconf 81' lang='lat' dir='ltr'><strong>et</strong></span> <span class='ocrx_word' id='word_1_459' title='bbox 1401 4611 1480 4657; x_wconf 68' lang='lat' dir='ltr'><strong>m</strong></span> <span class='ocrx_word' id='word_1_460' title='bbox 1494 4606 1528 4658; x_wconf 66' lang='grc' dir='ltr'><strong>ις</strong></span> 
     </span>
    </p>
   </div>
   <div class='ocr_carea' id='block_1_4' title="bbox 118 4677 1532 4748">
    <p class='ocr_par' dir='ltr' id='par_1_6' title="bbox 118 4677 1532 4748">
     <span class='ocr_line' id='line_1_45' title="bbox 118 4677 1532 4748; baseline 0.003 -20"><span class='ocrx_word' id='word_1_461' title='bbox 118 4719 122 4728; x_wconf 95' lang='grc'><strong>.</strong></span> <span class='ocrx_word' id='word_1_462' title='bbox 206 4693 284 4742; x_wconf 62' lang='lat' dir='ltr'><strong>m</strong></span> <span class='ocrx_word' id='word_1_463' title='bbox 303 4689 349 4741; x_wconf 71' lang='lat' dir='ltr'><strong>ou.</strong></span> <span class='ocrx_word' id='word_1_464' title='bbox 367 4687 398 4738; x_wconf 88' lang='lat' dir='ltr'><strong>o.</strong></span> <span class='ocrx_word' id='word_1_465' title='bbox 417 4713 445 4723; x_wconf 96' lang='lat'>-</span> <span class='ocrx_word' id='word_1_466' title='bbox 470 4683 511 4736; x_wconf 82' lang='lat' dir='ltr'><strong>as.</strong></span> <span class='ocrx_word' id='word_1_467' title='bbox 532 4683 588 4748; x_wconf 68' lang='lat' dir='ltr'><strong>fuss</strong></span> <span class='ocrx_word' id='word_1_468' title='bbox 607 4683 658 4733; x_wconf 72' lang='lat' dir='ltr'><strong>sss</strong></span> <span class='ocrx_word' id='word_1_469' title='bbox 678 4679 874 4748; x_wconf 60' lang='lat' dir='ltr'><strong>ammessia</strong></span> <span class='ocrx_word' id='word_1_470' title='bbox 890 4693 918 4746; x_wconf 85' lang='lat' dir='ltr'><strong>p.</strong></span> <span class='ocrx_word' id='word_1_471' title='bbox 936 4695 973 4734; x_wconf 85' lang='lat' dir='ltr'><strong>m.</strong></span> <span class='ocrx_word' id='word_1_472' title='bbox 999 4681 1033 4732; x_wconf 78' lang='lat' dir='ltr'><strong>st</strong></span> <span class='ocrx_word' id='word_1_473' title='bbox 1049 4679 1082 4731; x_wconf 80' lang='lat' dir='ltr'><strong>u.</strong></span> <span class='ocrx_word' id='word_1_474' title='bbox 1100 4679 1124 4744; x_wconf 72' lang='lat' dir='ltr'><strong>s.</strong></span> <span class='ocrx_word' id='word_1_475' title='bbox 1142 4677 1200 4730; x_wconf 80' lang='lat' dir='ltr'><strong>ses.</strong></span> <span class='ocrx_word' id='word_1_476' title='bbox 1220 4703 1249 4716; x_wconf 84' lang='lat'><em>-</em></span> <span class='ocrx_word' id='word_1_477' title='bbox 1277 4679 1419 4731; x_wconf 69' lang='lat' dir='ltr'><strong>vesun:</strong></span> <span class='ocrx_word' id='word_1_478' title='bbox 1439 4679 1532 4732; x_wconf 76' lang='lat' dir='ltr'><strong>nessa</strong></span> 
     </span>
    </p>
   </div>
   <div class='ocr_carea' id='block_1_5' title="bbox 205 4753 1532 5127">
    <p class='ocr_par' dir='ltr' id='par_1_7' title="bbox 205 4753 1532 5127">
     <span class='ocr_line' id='line_1_46' title="bbox 205 4753 1532 4828; baseline -0.007 -12"><span class='ocrx_word' id='word_1_479' title='bbox 205 4761 328 4828; x_wconf 67' lang='lat' dir='ltr'><strong>mets,</strong></span> <span class='ocrx_word' id='word_1_480' title='bbox 347 4763 382 4823; x_wconf 75' lang='lat'><strong>03</strong></span> <span class='ocrx_word' id='word_1_481' title='bbox 400 4773 454 4812; x_wconf 88' lang='lat' dir='ltr'><strong>om.</strong></span> <span class='ocrx_word' id='word_1_482' title='bbox 473 4759 521 4812; x_wconf 89' lang='lat' dir='ltr'><strong>dtt.</strong></span> <span class='ocrx_word' id='word_1_483' title='bbox 540 4757 579 4809; x_wconf 86' lang='lat' dir='ltr'><strong>Ci.</strong></span> <span class='ocrx_word' id='word_1_484' title='bbox 592 4757 616 4822; x_wconf 71' lang='lat'><strong>5.</strong></span> <span class='ocrx_word' id='word_1_485' title='bbox 630 4757 670 4810; x_wconf 73' lang='lat' dir='ltr'><strong>tt.</strong></span> <span class='ocrx_word' id='word_1_486' title='bbox 686 4783 713 4794; x_wconf 87' lang='lat'><em>-</em></span> <span class='ocrx_word' id='word_1_487' title='bbox 731 4757 772 4808; x_wconf 71' lang='lat'><strong>25.</strong></span> <span class='ocrx_word' id='word_1_488' title='bbox 791 4757 862 4807; x_wconf 73' lang='lat' dir='ltr'><strong>edm</strong></span> <span class='ocrx_word' id='word_1_489' title='bbox 876 4755 1023 4808; x_wconf 72' lang='lat' dir='ltr'><strong>amenesii:</strong></span> <span class='ocrx_word' id='word_1_490' title='bbox 1041 4755 1083 4806; x_wconf 74' lang='lat' dir='ltr'><strong>crat</strong></span> <span class='ocrx_word' id='word_1_491' title='bbox 1097 4759 1195 4806; x_wconf 70' lang='lat' dir='ltr'><strong>usum</strong></span> <span class='ocrx_word' id='word_1_492' title='bbox 1211 4755 1256 4806; x_wconf 85' lang='lat' dir='ltr'><strong>ctt.</strong></span> <span class='ocrx_word' id='word_1_493' title='bbox 1270 4755 1299 4806; x_wconf 92' lang='lat'><strong>0.</strong></span> <span class='ocrx_word' id='word_1_494' title='bbox 1313 4779 1342 4794; x_wconf 91' lang='lat'><strong>-·</strong></span> <span class='ocrx_word' id='word_1_495' title='bbox 1361 4753 1484 4817; x_wconf 70' lang='lat' dir='ltr'><strong>musti,</strong></span> <span class='ocrx_word' id='word_1_496' title='bbox 1503 4768 1532 4807; x_wconf 80' lang='lat' dir='ltr'><strong>«a</strong></span> 
     </span>
     <span class='ocr_line' id='line_1_47' title="bbox 206 4829 1532 4902; baseline -0.009 -11"><span class='ocrx_word' id='word_1_497' title='bbox 206 4839 318 4892; x_wconf 72' lang='lat' dir='ltr'><strong>lonmse</strong></span> <span class='ocrx_word' id='word_1_498' title='bbox 335 4836 468 4902; x_wconf 78' lang='lat' dir='ltr'><strong>geminata</strong></span> <span class='ocrx_word' id='word_1_499' title='bbox 483 4834 545 4900; x_wconf 84' lang='lat' dir='ltr'><strong>post</strong></span> <span class='ocrx_word' id='word_1_500' title='bbox 559 4834 666 4883; x_wconf 73' lang='lat' dir='ltr'><strong>lienus·</strong></span> <span class='ocrx_word' id='word_1_501' title='bbox 683 4835 778 4896; x_wconf 74' lang='lat' dir='ltr'><strong>liuns,</strong></span> <span class='ocrx_word' id='word_1_502' title='bbox 801 4829 847 4895; x_wconf 84' lang='lat' dir='ltr'><strong>qul</strong></span> <span class='ocrx_word' id='word_1_503' title='bbox 863 4835 951 4882; x_wconf 74' lang='lat' dir='ltr'><strong>extent</strong></span> <span class='ocrx_word' id='word_1_504' title='bbox 967 4829 1057 4882; x_wconf 82' lang='lat' dir='ltr'><strong>edidit.</strong></span> <span class='ocrx_word' id='word_1_505' title='bbox 1077 4853 1106 4868; x_wconf 93' lang='lat'>—</span> <span class='ocrx_word' id='word_1_506' title='bbox 1123 4829 1225 4881; x_wconf 60' lang='lat' dir='ltr'><strong>&amp;ediec</strong></span> <span class='ocrx_word' id='word_1_507' title='bbox 1240 4830 1344 4882; x_wconf 88' lang='lat' dir='ltr'><strong>llotem.</strong></span> <span class='ocrx_word' id='word_1_508' title='bbox 1364 4832 1392 4880; x_wconf 88' lang='lat' dir='ltr'><strong>et</strong></span> <span class='ocrx_word' id='word_1_509' title='bbox 1407 4829 1462 4880; x_wconf 79' lang='lat' dir='ltr'><strong>ev:</strong></span> <span class='ocrx_word' id='word_1_510' title='bbox 1488 4830 1532 4880; x_wconf 81' lang='lat' dir='ltr'><strong>st-</strong></span> 
     </span>
     <span class='ocr_line' id='line_1_48' title="bbox 206 4903 1529 4973; baseline -0.008 -7"><span class='ocrx_word' id='word_1_511' title='bbox 206 4913 267 4965; x_wconf 84' lang='lat' dir='ltr'><strong>ellts</strong></span> <span class='ocrx_word' id='word_1_512' title='bbox 283 4913 329 4965; x_wconf 86' lang='lat' dir='ltr'><strong>ott.</strong></span> <span class='ocrx_word' id='word_1_513' title='bbox 349 4937 377 4950; x_wconf 86' lang='lat'><strong>·-</strong></span> <span class='ocrx_word' id='word_1_514' title='bbox 403 4910 446 4962; x_wconf 72' lang='lat'><strong>26.</strong></span> <span class='ocrx_word' id='word_1_515' title='bbox 462 4909 583 4973; x_wconf 67' lang='lat' dir='ltr'><strong>satem</strong></span> <span class='ocrx_word' id='word_1_516' title='bbox 599 4905 667 4970; x_wconf 75' lang='lat' dir='ltr'><strong>agla</strong></span> <span class='ocrx_word' id='word_1_517' title='bbox 683 4920 710 4973; x_wconf 89' lang='lat' dir='ltr'><strong>p.</strong></span> <span class='ocrx_word' id='word_1_518' title='bbox 723 4920 759 4960; x_wconf 92' lang='lat' dir='ltr'><strong>m.</strong></span> <span class='ocrx_word' id='word_1_519' title='bbox 779 4904 932 4971; x_wconf 59' lang='lat' dir='ltr'><strong>(mm</strong></span> <span class='ocrx_word' id='word_1_520' title='bbox 947 4906 989 4970; x_wconf 87' lang='lat' dir='ltr'><strong>V.)</strong></span> <span class='ocrx_word' id='word_1_521' title='bbox 1003 4931 1030 4942; x_wconf 90' lang='lat'>-</span> <span class='ocrx_word' id='word_1_522' title='bbox 1048 4906 1104 4957; x_wconf 83' lang='lat' dir='ltr'><strong>etde</strong></span> <span class='ocrx_word' id='word_1_523' title='bbox 1120 4917 1174 4957; x_wconf 91' lang='lat' dir='ltr'><strong>om.</strong></span> <span class='ocrx_word' id='word_1_524' title='bbox 1187 4905 1218 4956; x_wconf 82' lang='lat' dir='ltr'><strong>V.</strong></span> <span class='ocrx_word' id='word_1_525' title='bbox 1232 4929 1261 4944; x_wconf 88' lang='lat'><strong>··</strong></span> <span class='ocrx_word' id='word_1_526' title='bbox 1280 4905 1321 4958; x_wconf 82' lang='lat'><strong>28.</strong></span> <span class='ocrx_word' id='word_1_527' title='bbox 1339 4918 1373 4957; x_wconf 76' lang='lat' dir='ltr'><strong>eor</strong></span> <span class='ocrx_word' id='word_1_528' title='bbox 1386 4904 1487 4956; x_wconf 68' lang='lat' dir='ltr'><strong>sedda</strong></span> <span class='ocrx_word' id='word_1_529' title='bbox 1499 4903 1529 4956; x_wconf 79' lang='lat' dir='ltr'><strong>V.</strong></span> 
     </span>
     <span class='ocr_line' id='line_1_49' title="bbox 210 4981 1529 5047; baseline -0.008 -5"><span class='ocrx_word' id='word_1_530' title='bbox 210 4989 298 5042; x_wconf 78' lang='lat' dir='ltr'><strong>-2a</strong></span> <span class='ocrx_word' id='word_1_531' title='bbox 323 4984 468 5040; x_wconf 84' lang='lat' dir='ltr'><strong>odeodd.:</strong></span> <span class='ocrx_word' id='word_1_532' title='bbox 494 4981 630 5036; x_wconf 81' lang='lat' dir='ltr'><strong>thamb.</strong></span> <span class='ocrx_word' id='word_1_533' title='bbox 650 4981 723 5034; x_wconf 78' lang='lat' dir='ltr'><strong>leel.</strong></span> <span class='ocrx_word' id='word_1_534' title='bbox 744 4981 832 5034; x_wconf 80' lang='grc'><strong>-33,</strong></span> <span class='ocrx_word' id='word_1_535' title='bbox 856 4987 968 5047; x_wconf 70' lang='lat' dir='ltr'><strong>arpum</strong></span> <span class='ocrx_word' id='word_1_536' title='bbox 986 4982 1017 5034; x_wconf 81' lang='lat' dir='ltr'><strong>V.</strong></span> <span class='ocrx_word' id='word_1_537' title='bbox 1037 5007 1065 5020; x_wconf 88' lang='lat'>-</span> <span class='ocrx_word' id='word_1_538' title='bbox 1090 4981 1363 5046; x_wconf 56' lang='lat' dir='ltr'><strong>commoditas</strong></span> <span class='ocrx_word' id='word_1_539' title='bbox 1383 4981 1529 5034; x_wconf 54' lang='grc' dir='ltr'><strong>υνμ-</strong></span> 
     </span>
     <span class='ocr_line' id='line_1_50' title="bbox 207 5055 1532 5127; baseline -0.008 -10"><span class='ocrx_word' id='word_1_540' title='bbox 207 5063 249 5117; x_wconf 72' lang='lat' dir='ltr'><strong>dt.</strong></span> <span class='ocrx_word' id='word_1_541' title='bbox 266 5065 350 5127; x_wconf 68' lang='lat' dir='ltr'><strong>limen</strong></span> <span class='ocrx_word' id='word_1_542' title='bbox 360 5061 384 5114; x_wconf 82' lang='lat' dir='ltr'>V</span> <span class='ocrx_word' id='word_1_543' title='bbox 395 5063 424 5114; x_wconf 87' lang='lat' dir='ltr'><strong>et</strong></span> <span class='ocrx_word' id='word_1_544' title='bbox 432 5060 514 5126; x_wconf 60' lang='lat'>1429:</span> <span class='ocrx_word' id='word_1_545' title='bbox 531 5060 607 5112; x_wconf 77' lang='lat' dir='ltr'><strong>Erico</strong></span> <span class='ocrx_word' id='word_1_546' title='bbox 622 5057 707 5124; x_wconf 59' lang='grc' dir='ltr'><strong>[μὴ</strong></span> <span class='ocrx_word' id='word_1_547' title='bbox 723 5061 805 5124; x_wconf 68' lang='lat' dir='ltr'><strong>lienes</strong></span> <span class='ocrx_word' id='word_1_548' title='bbox 821 5058 914 5125; x_wconf 75' lang='lat' dir='ltr'><strong>(Erice)</strong></span> <span class='ocrx_word' id='word_1_549' title='bbox 930 5058 973 5112; x_wconf 79' lang='lat' dir='ltr'><strong>vel</strong></span> <span class='ocrx_word' id='word_1_550' title='bbox 988 5057 1096 5110; x_wconf 70' lang='lat' dir='ltr'><strong>linceio</strong></span> <span class='ocrx_word' id='word_1_551' title='bbox 1112 5057 1169 5112; x_wconf 90' lang='lat' dir='ltr'><strong>rell.</strong></span> <span class='ocrx_word' id='word_1_552' title='bbox 1188 5056 1221 5111; x_wconf 86' lang='lat' dir='ltr'><strong>el.</strong></span> <span class='ocrx_word' id='word_1_553' title='bbox 1235 5057 1271 5109; x_wconf 81' lang='lat' dir='ltr'><strong>ed</strong></span> <span class='ocrx_word' id='word_1_554' title='bbox 1287 5057 1314 5123; x_wconf 67' lang='grc' dir='ltr'><strong>ἕ.</strong></span> <span class='ocrx_word' id='word_1_555' title='bbox 1325 5057 1366 5110; x_wconf 73' lang='lat' dir='ltr'><strong>it.</strong></span> <span class='ocrx_word' id='word_1_556' title='bbox 1381 5081 1410 5096; x_wconf 92' lang='lat'><strong>-·</strong></span> <span class='ocrx_word' id='word_1_557' title='bbox 1427 5055 1468 5107; x_wconf 78' lang='grc'><strong>36.</strong></span> <span class='ocrx_word' id='word_1_558' title='bbox 1487 5056 1532 5107; x_wconf 80' lang='lat' dir='ltr'><strong>nd·</strong></span> 
     </span>
    </p>
   </div>
   <div class='ocr_carea' id='block_1_6' title="bbox 207 5137 540 5208">
    <p class='ocr_par' dir='ltr' id='par_1_8' title="bbox 207 5137 540 5208">
     <span class='ocr_line' id='line_1_51' title="bbox 207 5137 540 5208; baseline -0.018 -14"><span class='ocrx_word' id='word_1_559' title='bbox 207 5139 325 5195; x_wconf 74' lang='lat' dir='ltr'><strong>sardam</strong></span> <span class='ocrx_word' id='word_1_560' title='bbox 340 5138 389 5208; x_wconf 79' lang='lat' dir='ltr'><strong>(sto</strong></span> <span class='ocrx_word' id='word_1_561' title='bbox 402 5137 492 5206; x_wconf 81' lang='lat' dir='ltr'><strong>saepe)</strong></span> <span class='ocrx_word' id='word_1_562' title='bbox 509 5137 540 5189; x_wconf 85' lang='lat' dir='ltr'><strong>V.</strong></span> 
     </span>
    </p>
   </div>
   <div class='ocr_carea' id='block_1_7' title="bbox 0 0 1827 5868">
    <p class='ocr_par' dir='ltr' id='par_1_9' title="bbox 0 0 1827 5868">
     <span class='ocr_line' id='line_1_52' title="bbox 0 0 1827 5868; baseline 0 0"><span class='ocrx_word' id='word_1_563' title='bbox 0 0 1827 5868; x_wconf 95' lang='lat' dir='ltr'><strong> </strong></span> 
     </span>
    </p>
   </div>
  </div>
 </body>
</html>
