3638 5868
313 413 377 485 tito
680 416 724 482 tit
745 414 912 484 vomu
931 415 1057 482 luno
1077 415 1263 484 mensus

313 587 523 656 rombantur:
551 585 608 650 sed
636 604 745 650 aarum
773 585 944 662 artificem,
976 591 1094 673 queml
1127 590 1318 671 quemnam!
1353 589 1450 654 llecte
1476 589 1664 664 admones,

313 681 502 766 Polyclitum
524 701 595 746 ease
615 681 773 744 dicebant.
815 681 993 746 Messanam
1013 687 1050 746 ut
1070 681 1207 767 quisque
1227 688 1372 748 nostrum
1392 690 1541 759 venerat,
1566 682 1665 748 base
1692 753 1698 762 ,

167 855 171 863 Ι
314 775 418 843 msere
439 775 577 842 solebat:
600 775 747 839 omnibns
767 774 847 838 haec
861 776 902 839 ad
916 775 1082 840 visendum
1098 777 1249 860 patebant
1262 777 1420 862 quotidie:
1443 778 1564 842 domus
1581 785 1664 840 erat

149 889 169 964 t*
314 891 381 938 non
402 869 534 938 dominc
555 870 655 952 magis
677 878 863 934 ornamento
886 889 983 953 quam
1005 869 1136 934 civitati.
1178 867 1208 935 6.
1232 870 1265 935 C.
1282 871 1450 947 Claudius,
1472 872 1571 954 ciuus
1598 890 1663 936 ao-

289 965 467 1034 sdilitntsm
489 963 835 1046 magnificentissimam
858 963 974 1026 mimus
994 962 1108 1038 inisse,
1136 983 1213 1030 usus
1243 971 1291 1029 est
1311 965 1373 1030 boc
1396 966 1556 1050 Cupidine
1582 972 1662 1030 44444

314 1058 387 1134 aia,
415 1055 493 1123 dum
513 1057 618 1122 innam
639 1057 687 1121 dis
709 1057 943 1122 immortalibus
971 1058 1158 1142 populoque
1180 1059 1321 1126 Romano
1342 1060 1454 1124 habuit
1475 1067 1659 1124 ornatum:

314 1160 364 1228 et,
393 1171 465 1216 cum
495 1159 581 1217 asset
608 1151 727 1235 hospes
748 1152 920 1228 Heiorum,
946 1153 1126 1218 Mamertini
1150 1159 1256 1218 4444444
1277 1153 1390 1239 populi
1412 1161 1591 1238 patronus,
1617 1161 1661 1220 ut

313 1247 378 1313 illia
398 1246 545 1330 benignis
566 1267 644 1310 usus
666 1246 777 1310 estad
798 1245 1080 1322 commodandum,
1102 1247 1148 1311 sic
1164 1248 1235 1330 ipse
1250 1248 1386 1332 diligens
1400 1248 1515 1314 luitad
1529 1269 1659 1334 naposb

313 1342 455 1408 undum.
482 1343 591 1424 Nuper
609 1341 758 1406 homines
779 1341 904 1404 nobiles
924 1340 1020 1406 huius
1042 1341 1145 1416 modi,
1168 1341 1306 1418 iudices,
1332 1344 1463 1430 etquid
1485 1343 1559 1408 dico
1586 1363 1659 1408 nu-

188 1477 197 1494 ·
275 1456 304 1504 44
312 1439 390 1524 pert
418 1436 515 1500 immo
536 1455 613 1499 vero
636 1436 732 1500 modo
753 1453 791 1498 ac
812 1434 907 1519 plane
936 1436 1032 1519 paulo
1055 1443 1128 1500 ante
1149 1435 1303 1512 vidimus,
1326 1438 1382 1522 qui
1403 1437 1508 1502 iorum
1530 1443 1563 1502 et
1588 1439 1658 1502 lsa-

312 1533 417 1597 ailicas
439 1551 506 1595 nnn
526 1529 640 1615 spoliis
670 1529 922 1613 provinciarum,
951 1529 1008 1594 sed
1029 1531 1224 1594 ornamentis
1244 1531 1435 1608 amicornm,
1462 1533 1657 1598 commodis

310 1628 491 1710 hospitum,
512 1645 577 1693 naa
598 1625 692 1688 444444
714 1625 897 1689 nocentium
920 1631 1086 1688 ornarent:
1109 1627 1166 1710 qui
1187 1631 1294 1689 444444
1315 1627 1405 1708 signa
1427 1634 1524 1711 atque
1545 1646 1656 1692 orna-

311 1729 419 1786 menta
448 1739 506 1785 aua
538 1720 655 1804 cuique
687 1719 875 1794 reddebant,
909 1738 973 1782 non
1002 1719 1106 1783 ablata
1134 1739 1175 1783 ex
1203 1719 1335 1784 urbibus
1358 1721 1519 1786 sociorum
1540 1728 1654 1804 atque

310 1815 487 1882 amicorum
515 1813 687 1897 quadridui
715 1832 810 1877 cauea
839 1833 898 1896 per
918 1813 1153 1878 simulationem
1175 1813 1348 1878 aedilitatis
1370 1814 1500 1880 domum
1520 1814 1652 1880 dmnda

149 1989 152 1994 Ι
274 1915 407 1994 eratque
435 1909 476 1974 ad
504 1927 579 1976 suaa
598 1907 690 1976 villas
715 1907 910 1974 auferebant.
954 1903 984 1971 7.
1005 1907 1093 1972 llaec
1115 1909 1223 1972 omnia
1251 1927 1333 1992 quae
1355 1909 1424 1973 dixi
1453 1909 1561 1992 signa,
1592 1911 1652 1976 iu-

310 2004 408 2080 dices,
421 2003 461 2066 ab
475 2003 556 2068 licia
573 2023 591 2066 a
605 2003 743 2068 sacrario
758 2003 874 2067 Verres
888 2001 1033 2067 abstulit:
1055 2002 1189 2076 nullum,
1204 2003 1345 2088 inquam,
1366 2003 1480 2068 bonnm
1495 2003 1648 2088 reliquit,

309 2118 417 2182 neque
439 2097 528 2162 aliud
548 2096 649 2162 ullum
672 2105 777 2160 tamen
803 2103 929 2182 praeter
954 2117 1053 2161 unum
1074 2104 1223 2181 pensatus
1243 2096 1397 2180 ligneum,
1419 2099 1542 2162 Monam
1561 2099 1587 2162 F
1588 2119 1651 2164 or·

309 2201 436 2268 tunam,
465 2197 501 2253 nt
530 2192 662 2275 opinor3
695 2211 764 2254 eam
792 2192 853 2255 ista
881 2192 998 2256 habere
1021 2191 1107 2256 domi
1129 2211 1206 2258 suae
1227 2190 1340 2256 noluit.
1384 2191 1437 2256 lV.
1459 2192 1519 2256 Pro
1542 2191 1649 2258 deum

308 2286 539 2368 bominumque
560 2282 670 2348 lideml
693 2285 855 2369 quidhoc
877 2271 1060 2371 estl(quae
1082 2285 1161 2350 hacc
1184 2306 1280 2351 causa
1300 2290 1370 2350 esti
1392 2306 1475 2371 quae
1497 2287 1559 2352 ista
1581 2291 1649 2352 im·

271 2379 462 2467 inpudentia
521 2379 610 2459 Quae
640 2379 712 2444 dico
739 2381 845 2463 signa,
874 2389 1044 2464 antequam
1065 2379 1123 2444 aba
1143 2387 1174 2444 te
1197 2379 1320 2444 sublata
1342 2389 1433 2456 sunt,
1459 2383 1646 2448 Messanam

309 2496 380 2539 cum
409 2475 451 2538 irn
477 2475 543 2538 erio
574 2493 668 2538 nemo
690 2476 779 2539 venit
801 2475 879 2558 quin
901 2474 1025 2540 viderit.
1069 2477 1130 2539 Tot
1157 2482 1337 2560 praetores,
1366 2481 1414 2539 tot
1433 2477 1583 2545 consules
1605 2478 1646 2540 in

309 2567 512 2631 sicilianum
535 2567 569 2631 in
590 2587 685 2652 paca,
707 2576 775 2634 tum
797 2571 891 2632 etiam
913 2570 946 2632 in
968 2569 1053 2633 bello
1074 2567 1221 2646 luerunt3
1243 2575 1292 2632 tut
1313 2570 1458 2636 homines
1481 2570 1646 2657 caiusque

307 2661 416 2726 modic
439 2681 504 2730 uon
525 2660 643 2746 loquor
664 2663 705 2726 de
725 2663 876 2746 integris,
907 2663 1147 2737 innocentibus,
1169 2663 1346 2746 religiosis:
1374 2670 1421 2728 tot
1442 2665 1568 2749 cupidi,
1589 2673 1646 2732 tot

307 2755 462 2840 improbi,
493 2763 543 2822 tot
570 2752 725 2822 andace'as
758 2777 896 2842 quonam
925 2777 1020 2826 nemo
1042 2757 1103 2821 sibi
1126 2764 1190 2822 tam
1211 2757 1397 2832 4444444444,
1424 2765 1489 2822 tam
1511 2766 1642 2843 potens,

269 2857 373 2920 444444
394 2849 512 2920 nobilis
534 2851 621 2916 444444
644 2859 709 2925 ast,
730 2853 788 2936 qui
809 2871 850 2916 444
870 2849 927 2913 illo
950 2852 1088 2914 sacrario
1111 2851 1288 2936 quidquam
1309 2872 1440 2936 poscens
1454 2853 1642 2920 auttolletn

76 2355 95 2370 ⁴
123 2310 153 2400 si
183 2318 196 2387 'c

307 2952 366 3008 ant
385 2943 542 3027 attingere
562 2942 705 3012 auderet.
737 2946 869 3020 Verres,
891 2945 978 3030 qnod
999 2946 1120 3030 ubique
1136 2947 1196 3010 erit
1209 2945 1469 3029 pulcherrimum,
1490 2947 1642 3014 aciemn

374 3233 398 3284 4,
417 3227 509 3294 qaum?
525 3224 675 3292 4444444444
696 3225 733 3280 lid
751 3225 838 3287 Quint.
858 3226 900 3280 lx.
918 3227 949 3289 9,
965 3227 1005 3277 64.
1024 3227 1118 3278 Donat.
1137 3225 1171 3278 ad
1188 3227 1247 3279 Ter.
1266 3226 1332 3281 Eun.
1349 3228 1393 3278 444.
1411 3227 1436 3294 2,
1453 3229 1496 3279 444.
1514 3229 1547 3282 V.
1564 3228 1590 3290 3,
1609 3231 1635 3284 4.

306 3336 391 3389 suan.
410 3334 444 3386 cs
462 3333 505 3398 ag.
524 3334 591 3384 sest.
610 3330 635 3394 4.
654 3330 678 3383 4.
698 3328 762 3382 run.
781 3331 828 3395 sp.
847 3329 867 3382 1.
885 3331 926 3392 44,
946 3333 995 3382 sc:
1020 3343 1094 3392 4444
1114 3342 1167 3380 om.
1186 3329 1266 3390 4444
1290 3331 1317 3382 in
1334 3332 1367 3382 ca
1388 3333 1442 3382 est:
1467 3343 1540 3394 qam
1554 3303 1634 3396 474,

305 3409 399 3476 m?
419 3406 576 3477 0444444444
595 3411 661 3458 44444
682 3405 800 3458 admotas
819 3403 888 3460 44444
909 3407 1069 3472 interpungit
1090 3404 1174 3456 Halm.
1197 3404 1256 3458 coll.
1280 3407 1363 3458 Persii
1383 3407 1436 3460 Sat.
1455 3407 1486 3458 ll.
1505 3407 1562 3469 4444
1589 3410 1637 3478 qui

305 3484 379 3537 locus
397 3485 448 3536 iam
466 3485 609 3549 propterea
627 3478 760 3532 dissimilis
778 3481 820 3530 est
836 3479 897 3531 hnic
914 3479 1044 3543 Tulliano,
1063 3480 1135 3544 quod
1153 3481 1189 3531 ibi
1205 3480 1247 3532 bis
1265 3483 1366 3532 cuinam
1381 3481 1484 3545 iegitur.
1511 3484 1635 3534 Nostram

306 3560 502 3613 distinctionem
518 3557 686 3608 verissimam
708 3567 769 3605 esse
791 3566 824 3604 ex
840 3555 962 3606 vetemm
980 3557 1226 3620 grammaticorum,
1249 3569 1317 3621 qnos
1334 3556 1538 3622 adscripsimus,
1562 3561 1636 3612 testi·

305 3635 403 3688 moniis
420 3632 496 3684 444444
514 3630 651 3696 colligitur.
679 3628 757 3695 [Quid
772 3629 814 3680 his
831 3629 865 3679 ad
881 3643 940 3681 rem
958 3631 991 3682 de
1007 3644 1059 3695 qua
1071 3633 1157 3695 egitur
1167 3631 1363 3684 diiudicandum
1375 3633 1542 3697 conficiatur,
1561 3637 1636 3700 equi·

305 3712 368 3764 dem
391 3723 446 3761 non
467 3708 554 3759 video.
579 3705 669 3772 444444]
694 3733 721 3743 -
748 3706 773 3756 2.
792 3705 935 3768 Polyclitum
950 3708 971 3757 li
984 3707 1016 3757 Gt
1032 3707 1101 3772 iguo
1112 3705 1144 3758 ia
1161 3707 1257 3758 enfin:
1283 3709 1431 3770 Potucictum
1446 3707 1526 3760 'codd
1545 3711 1633 3771 Quint.

304 3789 400 3846 Donat.
419 3787 486 3844 Nau.
503 3797 531 3849 p.
548 3781 606 3840 244.
626 3784 671 3836 cu.
690 3783 723 3841 0;
744 3780 861 3842 Polycleti
876 3783 950 3834 Serv.
969 3781 1004 3832 ad
1020 3782 1090 3848 Virg.
1110 3781 1164 3834 lici.
1183 3784 1225 3833 lll.
1244 3782 1285 3834 34.
1305 3811 1333 3822 -
1351 3783 1376 3834 3.
1394 3784 1483 3836 cotidie
1498 3782 1590 3838 iiiiii
1606 3788 1632 3838 2.

307 3891 335 3908 .-
354 3864 379 3916 4,
397 3862 499 3917 taenari.
517 3861 547 3916 li.
568 3886 596 3899 -
614 3859 639 3914 ’4.
659 3869 734 3922 quom
750 3857 831 3912 idem.
852 3883 880 3894 -
898 3858 983 3922 bcspcc
999 3865 1058 3910 44444
1074 3858 1105 3918 V,
1124 3859 1170 3927 qui
1187 3857 1269 3910 habet
1284 3873 1327 3910 vv.
1348 3873 1438 3923 ..spes
1454 3866 1515 3912 44444
1526 3863 1635 3914 --uitii

305 3939 365 3990 dun
381 3937 458 3990 444444
473 3935 497 4000 S.
511 3934 535 3988 9.
554 3949 580 3985 v.
594 3933 634 3984 47.
655 3958 682 3970 -
702 3934 727 3984 8.
744 3933 913 3998 4444444444
929 3933 958 3984 C.
986 3933 1086 3984 Eadem
1104 3933 1221 3988 contusio
1239 3937 1281 3986 cst
1296 3934 1320 4000 5.
1334 3935 1390 3986 403.
1406 3963 1434 3974 ·-
1453 3937 1476 3990 9.
1495 3937 1635 3990 4444444444

304 4014 356 4068 lia:
375 4011 494 4066 4444444444
509 4010 619 4076 Villa),
644 4009 709 4062 dctt.
729 4008 757 4060 0.
779 4035 806 4048 ·-
826 4014 849 4060 44
865 4010 925 4071 quid
941 4008 1024 4070 VG3,
1043 4009 1126 4074 nqis:
1152 4015 1174 4060 44
1191 4011 1257 4072 quod
1273 4011 1306 4071 44,
1325 4009 1382 4064 rell.
1401 4011 1494 4078 Lagg.;
1517 4014 1560 4070 444
1574 4016 1636 4078 quid

306 4089 375 4146 00444.
394 4085 479 4141 Halm.
499 4083 558 4140 coll.
578 4098 618 4140 or.
636 4098 662 4149 p.
681 4083 751 4136 Sulla
768 4084 792 4149 S.
810 4085 851 4134 til.
870 4085 927 4139 Non
946 4082 1014 4134 male
1027 4087 1033 4133 4
1062 4111 1088 4120 -
1117 4085 1156 4136 40.
1181 4090 1204 4135 44
1219 4085 1291 4136 basil.
1310 4085 1346 4137 443
1357 4087 1380 4136 V
1391 4085 1407 4136 λ
1418 4088 1504 4152 agio:
1531 4104 1562 4142 44
1579 4089 1632 4142 bus.

305 4164 372 4220 4444.
390 4165 420 4214 0.
441 4189 468 4204 ·-
488 4161 528 4214 43.
546 4160 671 4213 scotorum
687 4165 763 4223 44444
778 4161 917 4212 4444444444
934 4159 956 4208 V
974 4159 1062 4221 (etiam
1078 4161 1121 4211 Br.
1139 4162 1223 4220 teste;
1243 4162 1341 4212 erravit
1358 4162 1429 4216 enim
1446 4164 1529 4218 Maius
1545 4165 1572 4215 in
1589 4165 1634 4216 sd·

305 4239 385 4302 nati:
403 4237 528 4288 4444444444
544 4231 601 4286 4441.
620 4234 649 4290 0.
670 4262 697 4272 -
717 4233 757 4288 44.
776 4235 913 4298 quadridui
930 4247 1034 4284 4444444
1050 4234 1120 4286 44344
1138 4235 1173 4299 (in
1189 4235 1212 4285 V
1228 4238 1317 4289 4444444
1334 4250 1361 4289 m
1376 4238 1491 4290 Brunnio
1508 4241 1634 4306 puncteta

304 4313 431 4376 videtur);
449 4314 477 4363 iu
494 4311 658 4374 quatriduum
670 4323 718 4373 per
734 4323 839 4362 causam
856 4310 990 4360 4444444444
1006 4311 1073 4361 coni.
1088 4311 1220 4362 Fritzsche
1239 4310 1297 4362 coll.
1311 4325 1350 4363 or.
1370 4326 1396 4377 p.
1416 4313 1496 4365 domo
1513 4315 1538 4378 5.
1552 4316 1592 4366 43.
1603 4343 1631 4354 -

306 4390 347 4441 44.
366 4389 398 4440 ab
413 4389 467 4439 44444
483 4388 514 4438 u.
535 4411 563 4427 ·-
582 4385 725 4436 4444444444
740 4386 826 4447 4,-04
842 4385 871 4434 t:
890 4385 920 4435 da
935 4398 1003 4436 sacr.
1021 4385 1085 4437 dett.
1099 4388 1135 4448 0,
1154 4387 1217 4438 item
1234 4386 1265 4447 V,
1283 4389 1313 4438 ut
1330 4388 1412 4440 etiam
1429 4389 1545 4442 4444444444
1561 4390 1634 4442 vide-

304 4467 362 4526 tnr3
381 4477 394 4515 4
410 4476 465 4515 cm.
483 4459 530 4513 Ld.
554 4487 581 4498 -
599 4461 641 4511 44.
659 4465 742 4511 mmm
758 4459 914 4510 om.1.d.-
930 4466 1063 4523 44444444
1079 4463 1099 4512 ii
1117 4475 1152 4512 m.
1166 4475 1207 4527 pr.
1221 4461 1368 4527 etViBr.);
1386 4466 1544 4530 ustusLsgg.
1557 4477 1634 4530 prae·

305 4543 347 4592 ter
362 4537 403 4590 tt.
419 4565 447 4582 -
465 4538 543 4588 44444
558 4535 685 4588 umissos
700 4535 731 4585 V.
751 4534 875 4599 [bannato
892 4537 979 4600 potius
996 4536 1089 4590 444444
1103 4537 1233 4600 [ortuum
1248 4539 1309 4590 inv
1326 4551 1385 4592 essa
1402 4539 1521 4602 uidetur,
1540 4553 1634 4606 quam·

305 4627 387 4681 444444
398 4625 443 4664 res
454 4611 535 4664 dubia
547 4611 608 4677 444]
622 4639 649 4654 -
668 4612 708 4663 48.
721 4611 810 4686 4444444
821 4612 888 4670 donst
898 4625 959 4663 4444
969 4613 1015 4675 Re,
1027 4614 1059 4674 V,
1071 4612 1096 4675 λ,
1109 4613 1178 4676 csso
1188 4612 1233 4666 tt:
1252 4615 1319 4664 domi
1334 4627 1395 4666 4444
1410 4615 1467 4670 bob.
1486 4615 1550 4668 dett.
1561 4617 1590 4666 0.
1603 4643 1630 4656 -

305 4690 346 4740 49.
358 4685 429 4751 quod
434 4689 495 4740 4444
504 4688 669 4748 caecutit,
682 4688 728 4748 Gt,
742 4687 789 4738 44.
801 4687 833 4748 V,
843 4687 924 4752 egeo:
939 4694 1048 4751 quaeest
1057 4690 1082 4740 4.
1095 4703 1117 4740 4.
1131 4689 1195 4740 dett
1209 4691 1270 4740 0.—-
1284 4690 1472 4753 quaeistaissp.
1483 4688 1630 4756 ltthrob.

305 4765 391 4818 Madv.
405 4765 486 4830 Epist.
501 4777 527 4828 p.
541 4764 581 4815 na.
595 4764 642 4828 0p.
656 4765 674 4814 4.
688 4775 715 4828 p.
728 4763 809 4826 seat:
828 4775 893 4826 quae
907 4765 958 4814 4444
972 4765 1067 4828 444444.
1078 4771 1113 4816 cet
1124 4767 1169 4826 04,
1182 4765 1241 4825 cde
1260 4779 1324 4829 quaa
1334 4767 1395 4816 44444
1409 4767 1471 4829 tntu
1483 4770 1518 4818 444
1529 4764 1593 4818 4444.
1601 4767 1630 4819 0.

305 4845 335 4895 ln
345 4842 383 4893 aa
395 4839 465 4892 duae
481 4839 532 4890 ime
549 4839 767 4904 interrogationes
779 4853 832 4891 cm.
846 4865 874 4878 -
892 4841 934 4892 tii.
945 4842 1018 4892 44444.
1030 4842 1158 4904 manium.
1170 4853 1242 4892 44444
1253 4841 1307 4893 lits
1325 4855 1396 4895 444444
1412 4843 1485 4896 Mass.
1503 4842 1629 4906 44444444.

304 4919 329 4969 V
339 4919 367 4969 st
382 4916 450 4979 reli..
463 4917 526 4968 0.-
544 4916 585 4967 tl.
599 4917 668 4967 Fore
681 4916 777 4976 44444444
797 4915 831 4967 ct.
843 4929 869 4966 v.
882 4917 950 4980 tsq.
963 4917 1033 4967 baia.
1047 4943 1074 4957 -·
1086 4918 1128 4968 22.
1140 4917 1235 4967 444444
1249 4929 1312 4979 poce
1322 4918 1343 4968 a
1354 4917 1432 4980 cmo,
1445 4917 1509 4970 item
1522 4917 1544 4968 V
1555 4917 1629 4981 (linis

305 4999 358 5044 44444
373 4994 401 5044 is
414 5005 477 5056 pace
492 4989 549 5042 rell.
563 4991 629 5042 0.-
644 4992 810 5043 4444444444οᾶ
820 4993 853 5052 444
869 4991 991 5044 4444444444
1007 4992 1058 5052 04;
1076 4992 1222 5042 sisemundi
1239 4991 1317 5042 codd.
1331 4990 1434 5053 bamb..
1453 4993 1499 5052 Gi,
1518 4991 1578 5052 Ld.;
1596 5004 1631 5044 an

304 5067 369 5121 luit:
387 5067 574 5121 bunumodti
591 5066 730 5131 [Firmstv
746 5064 889 5118 lectionem
904 5065 985 5131 vulp,
1004 5079 1073 5130 qaae
1090 5067 1229 5118 sanissima
1241 5070 1295 5124 est;
1313 5079 1364 5118 nec
1379 5069 1470 5120 4444444
1487 5079 1582 5119 amnas
1592 5065 1631 5122 lit·

304 5145 379 5196 tarne
396 5144 423 5194 in
440 5143 500 5196 cod.
518 5143 676 5210 perspicuae
688 5144 761 5203 sunt;
780 5144 881 5194 notavit
891 5144 962 5195 enlm
973 5143 1124 5196 Brennica:
1139 5143 1288 5202 4404444448
1306 5181 1312 5195 .
1326 5143 1399 5197 ,IVS
1411 5180 1418 5196 .
1433 5179 1438 5194 .
1454 5141 1580 5212 ,4404444
