3644 5874
307 420 370 488 oro
701 427 743 492 ιιι
765 425 801 490 ι.
823 424 1045 510 mauman
1065 427 1185 492 nmen
1205 428 1229 490 1.

307 597 348 658 At
368 613 541 679 numquam
561 595 595 659 in
616 595 676 660 bac
697 596 792 672 urbe,
815 597 869 681 qui
890 615 909 661 a
928 617 964 661 re
985 596 1111 681 publica
1133 595 1331 672 deiecerunt,
1354 595 1470 660 civium
1489 596 1579 661 iura
1609 604 1666 661 te·

307 695 454 753 onerant.
490 689 539 754 An
566 688 718 754 invidiam
748 690 941 773 posteritatis
964 692 1076 755 times?
1109 690 1305 754 Praeclaram
1326 710 1402 754 vero
1424 691 1557 773 populo
1588 693 1666 753 Ro-

307 802 401 846 mano
422 782 521 847 refers
542 783 691 866 gratiam,
714 785 769 867 qui
790 790 837 859 te,
858 784 1019 849 hominem
1039 805 1098 868 per
1118 793 1149 849 te
1166 785 1344 867 cognitum,
1366 784 1454 848 nulla
1468 803 1663 848 commen-

307 878 434 940 datione
455 878 611 940 maiorum
633 885 697 940 tam
718 885 840 941 mature
862 878 901 941 ad
925 898 1081 942 summum
1099 880 1265 962 imperium
1279 899 1336 963 por
1349 897 1458 944 omnes
1472 877 1664 942 bonorum

283 970 422 1054 sgradns
444 970 572 1046 extulit,
595 971 622 1034 si
643 979 773 1055 propter
794 971 945 1036 invidiam
967 978 1022 1037 aut
1045 972 1179 1036 alicuius
1200 972 1335 1054 periculi
1356 979 1473 1036 metum
1494 971 1662 1035 salutem

128 1081 138 1131 ,¹
156 1090 193 1152 gs)
307 1065 422 1128 civium
444 1071 570 1128 tuorum
592 1064 735 1148 negligis.
779 1062 830 1128 29.
853 1066 916 1130 Sed
946 1065 973 1130 si
996 1066 1084 1157 quis„
1094 1073 1143 1130 est
1167 1065 1303 1129 invidiae
1331 1074 1448 1141 metus,
1476 1087 1565 1129 num
1605 1072 1664 1128 est

123 1156 125 1165 ’
305 1158 524 1223 vehementius
546 1159 721 1223 severitatis
743 1180 779 1225 ae
800 1159 995 1224 fortitudinis
1017 1159 1136 1224 invidia
1158 1179 1254 1241 quam
1268 1161 1401 1224 inertiae
1415 1181 1453 1223 ac
1467 1160 1660 1244 nequitiae

305 1252 580 1337 pertimescenda?
613 1253 662 1316 Aa
685 1275 756 1318 cum
778 1255 861 1318 bello
876 1253 1051 1318 vastabitur
1070 1253 1176 1328 ltalia,
1197 1253 1396 1318 vexabuntur
1414 1253 1524 1330 urbes,
1555 1261 1661 1317 tecta

304 1347 476 1423 ardebunt,
505 1355 572 1410 tum
594 1355 624 1412 te
646 1367 712 1412 non
734 1347 897 1413 existimas
919 1347 1056 1412 invidiae
1078 1345 1226 1410 incendio
1248 1347 1574 1428 conflagraturomio
1607 1379 1658 1394 -

267 1442 375 1508 roXIl.
397 1441 455 1506 llis
477 1461 535 1524 ego
558 1441 760 1505 sanctissimis
781 1443 828 1506 rei
856 1441 1003 1526 publicae
1025 1440 1157 1504 vocibus
1179 1444 1211 1503 et
1232 1457 1342 1503 eorum
1363 1441 1548 1516 bominum,
1587 1442 1657 1526 qui

304 1535 366 1599 boc
393 1534 477 1599 idem
505 1535 659 1610 sentiunt,
688 1536 845 1599 mentibus
873 1555 973 1618 pauca
1000 1533 1211 1617 respondebo.
1253 1534 1321 1616 Ego
1343 1535 1370 1597 si
1390 1534 1452 1599 boc
1473 1536 1654 1618 optimum

303 1628 390 1692 iactu
410 1628 599 1704 indicarem,
624 1635 731 1712 patres
753 1629 939 1712 conscripti,
962 1627 1128 1693 Catilinam
1149 1633 1250 1692 morte
1271 1627 1414 1704 multari,
1435 1631 1531 1692 nnius
1559 1649 1654 1690 usu-

304 1741 370 1787 ram
391 1722 488 1787 borae
510 1721 675 1805 gladiatori
697 1723 750 1786 isti
771 1722 811 1786 ad
833 1723 1004 1786 vivendum
1026 1742 1091 1787 non
1113 1721 1282 1784 dedissem.
1316 1721 1441 1786 Etenim
1462 1723 1490 1786 si
1511 1721 1651 1786 summi

305 1823 338 1878 et
359 1815 525 1880 clarissimi
546 1815 606 1880 viri
629 1816 791 1880 Saturnini
814 1825 847 1881 44
867 1813 1079 1881 Gracchorum
1092 1824 1125 1879 et
1144 1815 1248 1878 Flacci
1270 1822 1302 1879 44
1322 1817 1520 1899 superiorum
1543 1837 1651 1880 eom-

268 1910 443 1994 rsplurium
465 1910 618 1992 sangnine
640 1929 705 1974 non
726 1911 821 1976 modo
843 1931 877 1975 se
898 1931 964 1974 non
985 1910 1256 1984 contaminarunt,
1288 1910 1343 1973 sed
1364 1911 1459 1974 etiam
1479 1910 1650 1974 honesta·

304 2012 395 2080 runt,
421 2011 506 2068 certe
526 2003 701 2067 verendum
723 2005 800 2068 mibi
822 2025 887 2069 non
909 2011 989 2079 crat,
1019 2026 1059 2070 ne
1081 2003 1159 2089 quid
1186 2003 1246 2067 boc
1266 2003 1425 2086 parricida
1445 2004 1564 2066 civium
1590 2005 1647 2066 in-

304 2099 435 2164 terfecto
461 2097 599 2164 invidiae
628 2098 661 2162 in
683 2099 902 2182 posteritatem
922 2099 1124 2162 redundaret
1168 2097 1261 2173 Quod
1283 2099 1311 2162 si
1332 2118 1370 2162 eo
1391 2097 1469 2161 mibi
1490 2098 1646 2160 maxime

302 2191 518 2277 impenderet,
547 2200 652 2256 umen
681 2192 743 2256 boc
771 2193 876 2257 animo
899 2211 1025 2275 semper
1045 2192 1105 2268 iui,
1135 2199 1172 2255 ιι4
1198 2190 1349 2256 invidiam
1371 2192 1485 2256 virtute
1506 2201 1643 2275 partam

304 2288 454 2371 gloriam,
482 2305 548 2350 non
575 2285 727 2350 invidiam
755 2295 909 2372 putarem.
953 2283 1004 2350 30.
1028 2286 1227 2369 Quamquam
1249 2284 1396 2349 nonnulli
1417 2292 1491 2348 sunt
1511 2285 1546 2348 in
1570 2287 1642 2350 hoo

267 2380 432 2457 soordine,
454 2379 511 2464 qui
532 2388 587 2444 aut
607 2401 662 2457 ea,
685 2399 767 2466 qnae
789 2383 968 2458 imminent,
990 2401 1057 2446 non
1078 2379 1223 2454 videant,
1245 2386 1300 2443 aut
1323 2399 1378 2454 ea,
1402 2399 1486 2463 quae
1506 2380 1640 2454 vident,

303 2474 519 2550 dissimulent3
547 2475 603 2557 qui
626 2494 714 2559 spem
737 2474 888 2540 Catilinae
912 2475 1060 2539 mollibus
1082 2473 1245 2538 sententiis
1267 2473 1416 2537 aluerunt
1436 2477 1640 2540 coniuratio-

302 2589 439 2654 nemque
461 2574 644 2632 nasoentem
665 2588 731 2632 non
753 2568 911 2632 eredendo
934 2570 1232 2643 corroboraverunt,
1255 2586 1391 2651 quorum
1407 2569 1636 2633 auctoritatem

257 2726 262 2737 ,
302 2665 404 2730 secuti
424 2662 532 2737 multi,
554 2681 619 2726 non
641 2663 744 2726 solum
765 2663 919 2746 improbi,
940 2683 1049 2728 verum
1071 2662 1166 2726 etiam
1187 2662 1342 2745 imperiti,
1365 2663 1392 2726 si
1411 2664 1445 2726 in
1458 2663 1543 2726 hunc
1558 2663 1637 2726 ani-

302 2758 555 2831 madvertissem,
586 2755 756 2820 crudeliter
777 2764 809 2820 et
829 2757 915 2839 regie
937 2756 1055 2820 lactum
1077 2777 1146 2820 esse
1168 2756 1317 2820 dicerent.
1359 2757 1450 2820 Nunc
1468 2757 1633 2840 intelligo,

264 2852 329 2920 assi
350 2853 426 2926 iste,
449 2869 514 2934 quo
536 2849 687 2925 intendit,
708 2850 743 2912 in
764 2850 921 2914 Manliana
939 2850 1258 2934 castra-pervenerit,
1280 2851 1440 2914 neminem
1461 2859 1526 2914 tam
1548 2852 1633 2914 stul-

302 2954 370 3010 tum
389 2945 475 3020 fore,
499 2943 556 3027 qni
576 2963 641 3007 non
663 2943 772 3008 videat
793 2944 1043 3009 coniurationem
1060 2963 1130 3007 esso
1149 2944 1280 3020 lacum,
1302 2944 1460 3007 neminem
1481 2952 1546 3008 tam
1567 2945 1632 3007 im-

301 3039 454 3123 probum,
476 3039 533 3123 qui
553 3056 618 3101 non
638 3035 781 3102 fateatur.
817 3037 885 3101 Iioo
907 3045 1012 3104 autem
1033 3057 1097 3102 uno
1120 3037 1285 3101 interiecto
1307 3038 1451 3122 intelligo
1472 3038 1556 3103 bano
1578 3037 1630 3102 rei

367 3254 391 3304 4.
409 3257 438 3303 at
452 3265 638 3316 amnqaamn
649 3253 720 3304 amos
735 3251 818 3304 hebet
834 3255 844 3304 t
859 3254 922 3318 post
935 3253 1014 3317 rasere
1028 3252 1193 3318 gratiam-
1207 3251 1278 3314 atara
1289 3252 1318 3302 C.
1334 3278 1361 3290 -
1375 3252 1418 3314 qai
1435 3253 1507 3315 Ca:
1522 3253 1569 3317 Lg.
1582 3253 1628 3304 34.

300 3331 341 3382 63.
354 3330 400 3380 57:
419 3330 438 3380 44
457 3326 508 3395 (vel
524 3329 563 3391 bt,
581 3329 624 3394 bic)
643 3330 686 3393 qai
702 3330 751 3380 aL
762 3331 791 3380 Ο.
805 3355 832 3366 -
846 3329 870 3381 3.
888 3330 967 3394 rasere
983 3329 1038 3390 ab,
1057 3330 1103 3391 Lg.
1114 3327 1155 3380 43.
1168 3327 1209 3378 440.
1223 3328 1268 3378 aa:
1287 3329 1378 3392 rasores
1394 3329 1423 3379 R.
1438 3352 1466 3365 -·
1480 3331 1505 3380 6.
1518 3335 1629 3392 psopter

298 3407 409 3458 44444444
425 3407 493 3458 coni.
512 3403 635 3456 Matthiae
653 3403 798 3454 admodum
815 3402 998 3468 probabiliter;
1027 3403 1060 3455 cl.
1079 3417 1118 3454 or.
1136 3405 1167 3454 44.
1186 3402 1210 3467 5.
1229 3402 1257 3454 3:
1285 3403 1449 3466 iampridem
1464 3419 1509 3468 ego
1524 3407 1554 3457 1..
1573 3407 1626 3458 Ca-

299 3483 397 3533 tiltaam
412 3495 463 3532 coa
477 3479 551 3530 niodo
567 3479 677 3529 incidiae
692 3491 770 3540 meac,
787 3491 875 3529 ccam
890 3478 966 3529 attam
981 3477 1048 3528 vaae
1056 3477 1166 3540 poniaco
1177 3477 1334 3528 44444ιὶ44444.
1346 3505 1374 3515 -
1385 3479 1410 3531 6.
1421 3483 1521 3530 aarum
1531 3480 1626 3530 4444444

301 3557 327 3609 d.
342 3583 370 3595 -
388 3557 497 3622 negliges
514 3566 582 3618 qu
600 3556 642 3618 (ex
658 3553 780 3618 44344344,
799 3556 828 3603 ut
845 3554 928 3605 estin
945 3552 1050 3616 bstu).
1064 3577 1092 3590 -
1110 3567 1171 3603 am
1187 3566 1229 3616 ag
1244 3554 1289 3618 Lg.
1302 3555 1343 3604 60.
1356 3554 1397 3605 bi.
1415 3555 1434 3606 4.
1450 3555 1477 3605 in
1494 3568 1530 3606 m.
1544 3554 1624 3607 4384ι

298 3632 423 3684 conlib.
443 3656 472 3667 -
498 3628 522 3678 4.
539 3627 722 3690 caecatam
748 3627 914 3679 cebemcraior
934 3626 1158 3691 Cbirstnvx,
1184 3628 1355 3693 64444433.
1376 3656 1402 3666 -
1426 3630 1625 3681 444444ὶαί4444

298 3720 360 3757 aum
375 3709 411 3756 cat
427 3702 516 3756 habat.
538 3728 565 3736 -
585 3701 609 3751 9.
628 3705 680 3751 tam
697 3701 728 3767 44]
745 3706 796 3752 tate
812 3714 844 3765 y,
862 3709 915 3754 tam
931 3716 984 3754 om.
1003 3703 1034 3754 V.
1054 3703 1150 3768 (firmat
1166 3710 1219 3755 tam
1235 3704 1377 3756 Diomedes
1394 3718 1420 3770 p.
1439 3704 1505 3768 386.)
1526 3729 1554 3742 -
1573 3719 1624 3756 aaa

299 3794 353 3832 om.
371 3779 411 3831 ls.
433 3805 460 3816 -
480 3777 521 3829 46.
538 3775 576 3826 bis
592 3789 651 3841 erpo
668 3789 722 3840 cg;
741 3775 852 3828 bisocro
868 3790 900 3829 w.
921 3804 948 3813 -
971 3777 1185 3832 cenomanniam
1201 3779 1227 3830 d.
1248 3807 1275 3817 -—
1300 3780 1622 3844 ti.bocom.1.g.t.³.

298 3857 322 3908 6.
341 3856 365 3906 7.
384 3854 409 3906 8.
427 3851 469 3905 64.
488 3851 535 3903 soli
553 3865 586 3903 ex
603 3852 671 3904 meis
688 3851 825 3915 omnibns,
848 3853 905 3905 LO.
924 3852 978 3919 (qai
994 3856 1024 3905 de
1039 3855 1136 3906 bomim
1151 3856 1215 3906 444444
1227 3853 1269 3918 ς.)
1287 3881 1315 3891 -
1333 3856 1441 3906 sentiant
1455 3855 1520 3906 444444
1535 3856 1621 3908 ivr.—

298 3931 339 3981 ti.
360 3931 430 3993 saeta
446 3927 682 3992 abcehquz,
706 3926 750 3978 alii
766 3928 861 3992 Lagg:
885 3928 1200 3993 sactodgilorstu13
1222 3931 1318 3994 [actua
1340 3931 1384 3993 bg.
1404 3930 1444 3979 50.
1463 3931 1507 3990 37,
1526 3932 1554 3981 Ο.
1583 3932 1622 3982 Cl.

297 4003 419 4067 Madvigii
436 4003 526 4065 Opino.
544 4003 564 4052 1.
583 4015 609 4067 p.
629 4002 677 4053 484
694 4015 754 4067 sqq.
775 4030 803 4038 —
821 4003 899 4054 boras
914 4017 1019 4054 aucam
1036 4002 1118 4064 doo;
1135 4017 1209 4054 asam
1224 4004 1301 4053 borae
1317 4005 1362 4066 bg.
1372 4003 1412 4054 46.
1427 4029 1455 4039 -
1475 4004 1516 4054 43.
1534 4006 1624 4054 4444444

296 4082 320 4128 44
336 4077 400 4127 clar.
416 4077 467 4127 oiri
483 4077 529 4141 Bp
546 4077 592 4140 Lg.
610 4077 652 4128 60.
670 4077 718 4138 67,
743 4076 786 4128 ed.
804 4077 869 4128 ven.
889 4077 966 4129 alia:
985 4079 1075 4128 sommi
1091 4084 1115 4130 44
1130 4080 1193 4130 clar.
1212 4079 1276 4130 44444
1291 4091 1322 4139 o;
1349 4080 1438 4129 mmai
1455 4084 1478 4129 et
1493 4081 1556 4130 ciac.
1574 4081 1623 4130 viri

296 4153 361 4203 cloes
376 4165 392 4203 a
409 4153 436 4202 44
452 4153 497 4216 bg.
516 4151 560 4212 533
579 4152 670 4202 samara
686 4152 736 4202 ciri
753 4157 776 4203 st
792 4152 857 4203 clar.
875 4153 939 4203 cives
955 4154 1002 4205 444.
1013 4155 1042 4204 0.
1061 4153 1100 4204 Cl.
1118 4167 1173 4204 var.
1193 4153 1253 4206 leat.
1271 4153 1306 4204 ad
1322 4167 1360 4204 or.
1379 4167 1406 4219 p.
1424 4153 1494 4206 Sulla
1510 4156 1536 4219 ἓ.
1553 4155 1579 4206 3.
1594 4183 1621 4194 *

297 4226 338 4278 44.
356 4231 380 4276 et
396 4225 528 4277 Salamini
545 4241 595 4278 eo.
611 4252 638 4263 -
658 4227 806 4291 conpluram
822 4241 840 4278 ιι
857 4231 955 4294 (sanga.
973 4229 1139 4292 complurima
1150 4229 1189 4292 V).
1204 4256 1231 4265 -
1251 4230 1291 4280 46.
1310 4242 1360 4280 noa
1376 4231 1437 4293 post
1452 4243 1477 4280 sc
1489 4243 1543 4280 orn.
1556 4245 1581 4281 e.
1593 4255 1620 4266 -—

295 4301 529 4352 contaminaverant
545 4301 743 4366 vocilqry,
762 4304 807 4366 bg.
826 4303 867 4354 60.
886 4305 927 4355 64.
948 4331 974 4340 -
993 4304 1184 4354 honestaverant
1199 4302 1333 4367 Vdeqz.
1353 4329 1375 4338 -
1400 4304 1441 4354 46.
1458 4305 1519 4354 mibi
1533 4318 1623 4356 cersc-

295 4379 354 4428 dam
371 4376 391 4427 C
408 4377 454 4439 Lg.
472 4375 504 4427 46
521 4373 583 4439 soli,
608 4377 637 4427 0.
657 4377 695 4430 Cl.
715 4379 736 4428 1.
754 4377 779 4441 s.
798 4379 823 4428 6.
842 4405 869 4414 -
899 4379 947 4430 crit
964 4380 1128 4439 Cacorw,
1155 4375 1197 4427 alii
1214 4378 1293 4440 Lagg.
1313 4403 1340 4412 -
1367 4377 1458 4427 eiciam
1475 4391 1528 4430 om.
1548 4393 1571 4430 4.
1594 4407 1620 4417 -

293 4451 421 4516 interfecto
437 4462 491 4500 om.
505 4464 527 4502 s.
541 4477 569 4487 -
589 4451 629 4501 44.
647 4451 757 4502 invidiae
772 4465 839 4502 aco
848 4465 905 4518 pc:
922 4454 973 4504 iac.
992 4455 1069 4504 ctiam
1086 4453 1148 4516 [cnr.
1162 4465 1219 4516 seq.
1232 4452 1269 4516 ta)
1281 4453 1313 4514 d;
1332 4453 1441 4503 invidiae
1455 4455 1517 4503 444444
1532 4455 1620 4506 libo.

297 4555 325 4565 -
335 4527 374 4589 aa)
386 4539 416 4577 ca
427 4526 523 4576 invidia
533 4539 565 4590 q;
584 4526 680 4576 invidia
691 4540 722 4576 aa
732 4539 751 4590 y
760 4541 783 4577 z.
795 4552 822 4562 -
833 4528 944 4578 manicae
954 4529 1015 4579 miri
1025 4543 1040 4578 r
1050 4543 1056 4590 ;
1074 4527 1134 4578 mibi
1144 4528 1260 4578 maxima
1272 4540 1299 4578 m
1308 4541 1338 4589 o;
1355 4530 1466 4580 movim
1478 4531 1540 4592 [om.
1552 4532 1621 4594 mitra)

295 4616 324 4665 e,
343 4600 403 4652 iort.
416 4601 499 4651 recle.
514 4627 541 4636 -
562 4601 602 4652 48.
619 4601 658 4666 fai
673 4603 888 4667 aesapchayz,
905 4604 951 4666 Lg.
965 4603 1005 4654 63.
1021 4631 1048 4641 -
1061 4604 1153 4654 obtato
1163 4629 1202 4641 --
1212 4604 1333 4653 invidiam
1344 4615 1397 4654 om.
1411 4617 1442 4668 p;
1462 4618 1479 4654 u
1496 4605 1522 4654 in
1535 4618 1619 4669 marg.

294 4676 384 4728 babet.
406 4703 431 4714 -
450 4680 571 4738 paratam
588 4688 613 4739 3.
633 4702 660 4712 -
686 4677 728 4727 46.
746 4689 778 4727 aa
794 4688 848 4728 om.
867 4693 892 4728 o.
914 4702 941 4714 -
969 4691 1034 4740 qaoc
1049 4679 1149 4730 videant
1166 4678 1228 4730 ltu.
1248 4704 1275 4715 -
1302 4680 1342 4730 44.
1362 4679 1505 4730 44444ίωί4444
1521 4679 1570 4732 ds.
1590 4706 1618 4718 -

294 4751 404 4803 4444444444
414 4777 452 4789 --
462 4750 679 4802 cmvobcravcrv'nt
695 4751 722 4802 d.
742 4777 771 4788 -
795 4753 836 4804 22.
854 4767 961 4816 qaorum
977 4755 1126 4806 auctoritato
1141 4754 1214 4804 malti
1230 4753 1282 4816 dg.
1307 4779 1335 4789 —
1359 4754 1400 4806 43.
1417 4753 1489 4804 malti
1504 4756 1581 4805 4444444
1596 4771 1618 4808 r.

297 4855 324 4866 -
342 4828 384 4880 aad
400 4828 475 4878 etiam
491 4826 519 4877 d.
539 4853 567 4863 -
593 4825 720 4889 imperiosi
735 4843 760 4889 ς.
787 4853 814 4864 -
841 4829 868 4878 ia
889 4829 962 4894 bano]
984 4830 1011 4879 ia
1027 4841 1080 4880 om.
1099 4841 1128 4889 a;
1154 4843 1204 4879 aaa
1220 4842 1245 4893 g.
1266 4855 1293 4866 -
1312 4828 1617 4890 animadvertissem

295 4903 454 4954 advertissem
465 4916 493 4962 r;
511 4901 742 4952 animadvertissent
753 4899 785 4965 34
795 4904 813 4952 4.
829 4930 857 4940 -
875 4903 916 4955 44.
930 4909 953 4956 ct
970 4903 1067 4969 cqc-cpio
1078 4916 1108 4967 q;
1126 4918 1176 4954 noa
1192 4905 1289 4970 egregie
1300 4905 1466 4969 chwyz,
1484 4902 1527 4954 alii
1538 4905 1616 4969 Lagg.

296 5004 324 5012 -
342 4978 383 5030 66.
402 4991 451 5040 aaa
468 4977 544 5028 4444444
560 4990 575 5027 a
594 4976 704 5041 (intendit
721 4976 804 5028 babet
819 4979 901 5030 Prisc.
918 4981 949 5029 11.
968 4990 994 5041 p.
1008 4975 1074 5041 443.)
1089 5004 1115 5013 -
1133 4979 1259 5029 Malliana
1275 4980 1320 5030 00
1337 4981 1364 5029 44
1380 4977 1479 5042 aliquot
1494 4979 1574 5042 Lagg.
1589 5005 1616 5016 -

293 5052 335 5104 46.
353 5053 414 5114 qaia
429 5053 514 5105 cidcat
529 5066 571 5115 ac
586 5053 632 5118 Lg.
650 5050 692 5104 46.
712 5053 763 5117 (qai
779 5067 829 5104 coa
845 5054 936 5118 Prisc.)
955 5078 982 5088 -
1000 5053 1098 5116 [actam
1113 5065 1163 5104 esec
1179 5053 1319 5116 Cdorv;
1339 5054 1493 5117 patefactam
1509 5065 1558 5104 case
1575 5050 1616 5104 vel

295 5137 346 5179 ossa
357 5126 436 5192 pate).
454 5127 623 5194 BVaqyz,
642 5125 685 5179 alli
701 5128 780 5194 4433.
800 5128 858 5194 (csso
872 5128 968 5193 {actam
984 5127 1066 5180 habet
1082 5127 1174 5193 Prisc.)
1195 5155 1222 5165 -
1240 5129 1281 5182 47.
1300 5143 1350 5182 noa
1366 5141 1419 5180 om.
1438 5143 1465 5194 p.
