<?xml version="1.0" encoding="UTF-8"?>
<!DOCTYPE html PUBLIC "-//W3C//DTD XHTML 1.0 Transitional//EN"
    "http://www.w3.org/TR/xhtml1/DTD/xhtml1-transitional.dtd">
<html xmlns="http://www.w3.org/1999/xhtml" xml:lang="en" lang="en">
 <head>
  <title>
</title>
<meta http-equiv="Content-Type" content="text/html;charset=utf-8" />
  <meta name='ocr-system' content='tesseract 3.04.00' />
  <meta name='ocr-capabilities' content='ocr_page ocr_carea ocr_par ocr_line ocrx_word'/>
</head>
<body>
  <div class='ocr_page' id='page_1' title='image "./mtulliiciceroni00baitgoog_0287.png"; bbox 0 0 3642 5868; ppageno 0'>
   <div class='ocr_carea' id='block_1_1' title="bbox 443 452 1512 541">
    <p class='ocr_par' dir='ltr' id='par_1_1' title="bbox 443 452 1512 541">
     <span class='ocr_line' id='line_1_1' title="bbox 443 452 1512 541; baseline -0.006 -17"><span class='ocrx_word' id='word_1_1' title='bbox 443 458 510 524; x_wconf 86' lang='lat' dir='ltr'>Lrn.</span> <span class='ocrx_word' id='word_1_2' title='bbox 531 461 586 523; x_wconf 88' lang='lat' dir='ltr'>llI.</span> <span class='ocrx_word' id='word_1_3' title='bbox 609 459 682 523; x_wconf 83' lang='lat' dir='ltr'>Gar.</span> <span class='ocrx_word' id='word_1_4' title='bbox 704 458 998 522; x_wconf 86' lang='lat' dir='ltr'><strong>XXXI-XXXII.</strong></span> <span class='ocrx_word' id='word_1_5' title='bbox 1026 455 1082 541; x_wconf 78' lang='lat'>§§.</span> <span class='ocrx_word' id='word_1_6' title='bbox 1104 453 1259 521; x_wconf 74' lang='lat'><strong>72-75.</strong></span> <span class='ocrx_word' id='word_1_7' title='bbox 1454 452 1512 522; x_wconf 62' lang='lat' dir='ltr'>idi</span> 
     </span>
    </p>
   </div>
   <div class='ocr_carea' id='block_1_2' title="bbox 195 626 1669 2680">
    <p class='ocr_par' dir='ltr' id='par_1_2' title="bbox 195 626 1669 2118">
     <span class='ocr_line' id='line_1_2' title="bbox 197 626 1517 710; baseline -0.003 -16"><span class='ocrx_word' id='word_1_8' title='bbox 197 637 262 694; x_wconf 91' lang='lat' dir='ltr'>stus</span> <span class='ocrx_word' id='word_1_9' title='bbox 292 649 386 693; x_wconf 90' lang='lat' dir='ltr'>causa</span> <span class='ocrx_word' id='word_1_10' title='bbox 407 650 571 704; x_wconf 81' lang='lat' dir='ltr'>evocares,</span> <span class='ocrx_word' id='word_1_11' title='bbox 600 636 669 693; x_wconf 89' lang='lat' dir='ltr'>acta</span> <span class='ocrx_word' id='word_1_12' title='bbox 690 635 723 692; x_wconf 89' lang='lat' dir='ltr'>et</span> <span class='ocrx_word' id='word_1_13' title='bbox 742 628 874 710; x_wconf 88' lang='lat' dir='ltr'>imperia</span> <span class='ocrx_word' id='word_1_14' title='bbox 900 635 954 690; x_wconf 90' lang='lat' dir='ltr'>tua</span> <span class='ocrx_word' id='word_1_15' title='bbox 975 627 1103 690; x_wconf 89' lang='lat' dir='ltr'>domum</span> <span class='ocrx_word' id='word_1_16' title='bbox 1126 626 1166 690; x_wconf 93' lang='lat' dir='ltr'>ad</span> <span class='ocrx_word' id='word_1_17' title='bbox 1188 634 1332 692; x_wconf 87' lang='lat' dir='ltr'>senatum</span> <span class='ocrx_word' id='word_1_18' title='bbox 1355 647 1448 692; x_wconf 81' lang='lat' dir='ltr'>suunt</span> <span class='ocrx_word' id='word_1_19' title='bbox 1468 646 1517 690; x_wconf 88' lang='lat' dir='ltr'>re·</span> 
     </span>
     <span class='ocr_line' id='line_1_3' title="bbox 196 719 1519 806; baseline -0.003 -18"><span class='ocrx_word' id='word_1_20' title='bbox 196 723 435 788; x_wconf 87' lang='lat' dir='ltr'>nuntiaverunt:</span> <span class='ocrx_word' id='word_1_21' title='bbox 470 743 604 806; x_wconf 88' lang='lat' dir='ltr'>quorum</span> <span class='ocrx_word' id='word_1_22' title='bbox 633 723 822 786; x_wconf 80' lang='lat' dir='ltr'><strong>renuntiatio</strong></span> <span class='ocrx_word' id='word_1_23' title='bbox 850 722 972 803; x_wconf 90' lang='lat' dir='ltr'>legibus</span> <span class='ocrx_word' id='word_1_24' title='bbox 994 720 1121 784; x_wconf 91' lang='lat' dir='ltr'>illorum</span> <span class='ocrx_word' id='word_1_25' title='bbox 1142 721 1253 784; x_wconf 87' lang='lat' dir='ltr'>litteris</span> <span class='ocrx_word' id='word_1_26' title='bbox 1274 719 1408 804; x_wconf 90' lang='lat' dir='ltr'>publicis</span> <span class='ocrx_word' id='word_1_27' title='bbox 1429 739 1519 784; x_wconf 81' lang='lat' dir='ltr'>man-</span> 
     </span>
     <span class='ocr_line' id='line_1_4' title="bbox 197 811 1655 906; baseline -0.003 -26"><span class='ocrx_word' id='word_1_28' title='bbox 197 819 269 880; x_wconf 85' lang='lat' dir='ltr'>data</span> <span class='ocrx_word' id='word_1_29' title='bbox 290 825 355 881; x_wconf 90' lang='lat' dir='ltr'>est:</span> <span class='ocrx_word' id='word_1_30' title='bbox 378 837 513 902; x_wconf 90' lang='lat' dir='ltr'>quorum</span> <span class='ocrx_word' id='word_1_31' title='bbox 528 816 639 899; x_wconf 90' lang='lat' dir='ltr'>legati,</span> <span class='ocrx_word' id='word_1_32' title='bbox 662 815 820 906; x_wconf 61' lang='lat' dir='ltr'>hminis..</span> <span class='ocrx_word' id='word_1_33' title='bbox 821 815 1020 890; x_wconf 89' lang='lat' dir='ltr'>nobilissimi,</span> <span class='ocrx_word' id='word_1_34' title='bbox 1042 817 1162 878; x_wconf 84' lang='lat' dir='ltr'>Romae</span> <span class='ocrx_word' id='word_1_35' title='bbox 1176 824 1265 891; x_wconf 93' lang='lat' dir='ltr'>sunt,</span> <span class='ocrx_word' id='word_1_36' title='bbox 1287 814 1342 900; x_wconf 92' lang='lat' dir='ltr'>qui</span> <span class='ocrx_word' id='word_1_37' title='bbox 1356 811 1418 874; x_wconf 95' lang='lat' dir='ltr'>boc</span> <span class='ocrx_word' id='word_1_38' title='bbox 1433 811 1518 878; x_wconf 88' lang='lat' dir='ltr'>idem</span> <span class='ocrx_word' id='word_1_39' title='bbox 1635 844 1655 902; x_wconf 62' lang='lat' dir='ltr'>g</span> 
     </span>
     <span class='ocr_line' id='line_1_5' title="bbox 195 905 1519 995; baseline -0.005 -21"><span class='ocrx_word' id='word_1_40' title='bbox 195 931 253 995; x_wconf 89' lang='lat' dir='ltr'>pro</span> <span class='ocrx_word' id='word_1_41' title='bbox 275 911 454 976; x_wconf 91' lang='lat' dir='ltr'>testimonio</span> <span class='ocrx_word' id='word_1_42' title='bbox 477 911 635 973; x_wconf 83' lang='lat' dir='ltr'>dixerunt.</span> <span class='ocrx_word' id='word_1_43' title='bbox 677 907 729 972; x_wconf 81' lang='lat' dir='ltr'>rt.</span> <span class='ocrx_word' id='word_1_44' title='bbox 754 910 938 992; x_wconf 77' lang='lat' dir='ltr'>cognoscite</span> <span class='ocrx_word' id='word_1_45' title='bbox 960 909 1203 991; x_wconf 77' lang='lat' dir='ltr'>Agyrinensium</span> <span class='ocrx_word' id='word_1_46' title='bbox 1224 911 1366 993; x_wconf 87' lang='lat' dir='ltr'>publicas</span> <span class='ocrx_word' id='word_1_47' title='bbox 1387 905 1519 980; x_wconf 89' lang='lat' dir='ltr'>litteras,</span> 
     </span>
     <span class='ocr_line' id='line_1_6' title="bbox 196 998 1543 1087; baseline 0 -21"><span class='ocrx_word' id='word_1_48' title='bbox 196 1004 311 1068; x_wconf 91' lang='lat' dir='ltr'>deinde</span> <span class='ocrx_word' id='word_1_49' title='bbox 332 1005 547 1068; x_wconf 89' lang='lat' dir='ltr'>testimonium</span> <span class='ocrx_word' id='word_1_50' title='bbox 569 1003 730 1086; x_wconf 91' lang='lat' dir='ltr'>publicum</span> <span class='ocrx_word' id='word_1_51' title='bbox 752 1003 896 1066; x_wconf 82' lang='lat' dir='ltr'>civitatis.</span> <span class='ocrx_word' id='word_1_52' title='bbox 932 1003 1040 1066; x_wconf 86' lang='lat' dir='ltr'>Recita</span> <span class='ocrx_word' id='word_1_53' title='bbox 1062 1003 1180 1066; x_wconf 81' lang='lat' dir='ltr'><strong>litteras</strong></span> <span class='ocrx_word' id='word_1_54' title='bbox 1201 1003 1358 1087; x_wconf 89' lang='lat' dir='ltr'>publicas,</span> <span class='ocrx_word' id='word_1_55' title='bbox 1380 998 1543 1066; x_wconf 81' lang='lat' dir='ltr'>testimo-s</span> 
     </span>
     <span class='ocr_line' id='line_1_7' title="bbox 196 1091 1519 1192; baseline -0.007 -31"><span class='ocrx_word' id='word_1_56' title='bbox 196 1099 282 1162; x_wconf 90' lang='lat' dir='ltr'>nium</span> <span class='ocrx_word' id='word_1_57' title='bbox 310 1097 480 1182; x_wconf 90' lang='lat' dir='ltr'>publicum.</span> <span class='ocrx_word' id='word_1_58' title='bbox 523 1096 794 1160; x_wconf 78' lang='lat' dir='ltr'>Animadvertistis</span> <span class='ocrx_word' id='word_1_59' title='bbox 819 1097 852 1158; x_wconf 94' lang='lat' dir='ltr'>in</span> <span class='ocrx_word' id='word_1_60' title='bbox 873 1095 935 1158; x_wconf 91' lang='lat' dir='ltr'>boc</span> <span class='ocrx_word' id='word_1_61' title='bbox 957 1097 1151 1171; x_wconf 90' lang='lat' dir='ltr'>testimonio,</span> <span class='ocrx_word' id='word_1_62' title='bbox 1180 1097 1318 1172; x_wconf 89' lang='lat' dir='ltr'>iudices,</span> <span class='ocrx_word' id='word_1_63' title='bbox 1345 1091 1519 1192; x_wconf 77' lang='lat' dir='ltr'>Apollpdo·</span> 
     </span>
     <span class='ocr_line' id='line_1_8' title="bbox 196 1188 1518 1282; baseline -0.003 -28"><span class='ocrx_word' id='word_1_64' title='bbox 196 1212 281 1266; x_wconf 88' lang='lat' dir='ltr'>rum,</span> <span class='ocrx_word' id='word_1_65' title='bbox 310 1192 361 1254; x_wconf 93' lang='lat' dir='ltr'>cui</span> <span class='ocrx_word' id='word_1_66' title='bbox 383 1193 520 1275; x_wconf 78' lang='lat' dir='ltr'>Pyragro</span> <span class='ocrx_word' id='word_1_67' title='bbox 542 1209 718 1273; x_wconf 76' lang='lat' dir='ltr'>cognomen</span> <span class='ocrx_word' id='word_1_68' title='bbox 739 1197 803 1263; x_wconf 89' lang='lat' dir='ltr'>est,</span> <span class='ocrx_word' id='word_1_69' title='bbox 832 1188 1005 1282; x_wconf 69' lang='lat' dir='ltr'>principem</span> <span class='ocrx_word' id='word_1_70' title='bbox 1027 1210 1102 1254; x_wconf 88' lang='lat' dir='ltr'>suae</span> <span class='ocrx_word' id='word_1_71' title='bbox 1125 1190 1272 1265; x_wconf 82' lang='lat' dir='ltr'>civitatis,</span> <span class='ocrx_word' id='word_1_72' title='bbox 1304 1191 1518 1253; x_wconf 86' lang='lat' dir='ltr'>lacrimantem</span> 
     </span>
     <span class='ocr_line' id='line_1_9' title="bbox 195 1282 1520 1367; baseline -0.003 -17"><span class='ocrx_word' id='word_1_73' title='bbox 195 1288 303 1350; x_wconf 86' lang='lat' dir='ltr'>testari</span> <span class='ocrx_word' id='word_1_74' title='bbox 324 1306 361 1349; x_wconf 89' lang='lat' dir='ltr'>ac</span> <span class='ocrx_word' id='word_1_75' title='bbox 382 1285 504 1359; x_wconf 89' lang='lat' dir='ltr'>dicere,</span> <span class='ocrx_word' id='word_1_76' title='bbox 525 1304 698 1367; x_wconf 84' lang='lat' dir='ltr'>numquam</span> <span class='ocrx_word' id='word_1_77' title='bbox 719 1291 792 1366; x_wconf 90' lang='lat' dir='ltr'>post</span> <span class='ocrx_word' id='word_1_78' title='bbox 813 1283 923 1365; x_wconf 90' lang='lat' dir='ltr'>populi</span> <span class='ocrx_word' id='word_1_79' title='bbox 939 1284 1072 1346; x_wconf 85' lang='lat' dir='ltr'>Romani</span> <span class='ocrx_word' id='word_1_80' title='bbox 1093 1304 1211 1348; x_wconf 93' lang='lat' dir='ltr'>nomen</span> <span class='ocrx_word' id='word_1_81' title='bbox 1231 1285 1270 1348; x_wconf 91' lang='lat' dir='ltr'>ab</span> <span class='ocrx_word' id='word_1_82' title='bbox 1293 1284 1408 1348; x_wconf 82' lang='lat' dir='ltr'>Siculis</span> <span class='ocrx_word' id='word_1_83' title='bbox 1430 1282 1520 1346; x_wconf 89' lang='lat' dir='ltr'>audi·</span> 
     </span>
     <span class='ocr_line' id='line_1_10' title="bbox 195 1376 1520 1462; baseline -0.003 -19"><span class='ocrx_word' id='word_1_84' title='bbox 195 1389 260 1444; x_wconf 91' lang='lat' dir='ltr'>tum</span> <span class='ocrx_word' id='word_1_85' title='bbox 289 1385 321 1442; x_wconf 89' lang='lat' dir='ltr'>et</span> <span class='ocrx_word' id='word_1_86' title='bbox 347 1380 508 1462; x_wconf 90' lang='lat' dir='ltr'>cognitum</span> <span class='ocrx_word' id='word_1_87' title='bbox 535 1381 747 1462; x_wconf 77' lang='lat' dir='ltr'>Agyrinenses</span> <span class='ocrx_word' id='word_1_88' title='bbox 774 1384 883 1440; x_wconf 88' lang='lat' dir='ltr'>contra</span> <span class='ocrx_word' id='word_1_89' title='bbox 905 1397 1097 1461; x_wconf 82' lang='lat' dir='ltr'>quemquam</span> <span class='ocrx_word' id='word_1_90' title='bbox 1122 1376 1263 1443; x_wconf 82' lang='lat' dir='ltr'>intimum</span> <span class='ocrx_word' id='word_1_91' title='bbox 1285 1380 1384 1442; x_wconf 82' lang='lat' dir='ltr'>civem</span> <span class='ocrx_word' id='word_1_92' title='bbox 1404 1379 1520 1441; x_wconf 85' lang='lat' dir='ltr'>Roma·</span> 
     </span>
     <span class='ocr_line' id='line_1_11' title="bbox 195 1471 1556 1555; baseline 0.002 -19"><span class='ocrx_word' id='word_1_93' title='bbox 195 1495 270 1537; x_wconf 92' lang='lat' dir='ltr'>num</span> <span class='ocrx_word' id='word_1_94' title='bbox 304 1473 422 1538; x_wconf 83' lang='lat' dir='ltr'>dixisse</span> <span class='ocrx_word' id='word_1_95' title='bbox 450 1481 505 1535; x_wconf 89' lang='lat' dir='ltr'>aut</span> <span class='ocrx_word' id='word_1_96' title='bbox 531 1471 645 1534; x_wconf 85' lang='lat' dir='ltr'>fecisse</span> <span class='ocrx_word' id='word_1_97' title='bbox 672 1471 850 1554; x_wconf 79' lang='lat' dir='ltr'>quidpiam,</span> <span class='ocrx_word' id='word_1_98' title='bbox 879 1471 935 1555; x_wconf 92' lang='lat' dir='ltr'>qui</span> <span class='ocrx_word' id='word_1_99' title='bbox 962 1492 1047 1535; x_wconf 93' lang='lat' dir='ltr'>nunc</span> <span class='ocrx_word' id='word_1_100' title='bbox 1076 1479 1184 1535; x_wconf 90' lang='lat' dir='ltr'>contra</span> <span class='ocrx_word' id='word_1_101' title='bbox 1211 1481 1388 1555; x_wconf 81' lang='lat' dir='ltr'>praetorem</span> <span class='ocrx_word' id='word_1_102' title='bbox 1409 1472 1556 1554; x_wconf 81' lang='lat' dir='ltr'>populiis</span> 
     </span>
     <span class='ocr_line' id='line_1_12' title="bbox 195 1563 1663 1656; baseline -0.001 -24"><span class='ocrx_word' id='word_1_103' title='bbox 195 1571 327 1634; x_wconf 87' lang='lat' dir='ltr'>Romani</span> <span class='ocrx_word' id='word_1_104' title='bbox 348 1567 469 1652; x_wconf 78' lang='lat' dir='ltr'>magnis</span> <span class='ocrx_word' id='word_1_105' title='bbox 490 1567 613 1630; x_wconf 86' lang='lat' dir='ltr'>iniuriis</span> <span class='ocrx_word' id='word_1_106' title='bbox 635 1572 666 1628; x_wconf 91' lang='lat' dir='ltr'>et</span> <span class='ocrx_word' id='word_1_107' title='bbox 687 1585 800 1656; x_wconf 77' lang='lat' dir='ltr'>magno</span> <span class='ocrx_word' id='word_1_108' title='bbox 824 1563 931 1628; x_wconf 89' lang='lat' dir='ltr'>dolore</span> <span class='ocrx_word' id='word_1_109' title='bbox 961 1565 1086 1649; x_wconf 90' lang='lat' dir='ltr'>publice</span> <span class='ocrx_word' id='word_1_110' title='bbox 1107 1567 1319 1630; x_wconf 89' lang='lat' dir='ltr'>testimonium</span> <span class='ocrx_word' id='word_1_111' title='bbox 1342 1567 1445 1629; x_wconf 86' lang='lat' dir='ltr'>dicere</span> <span class='ocrx_word' id='word_1_112' title='bbox 1467 1587 1520 1630; x_wconf 93' lang='lat' dir='ltr'>co·</span> <span class='ocrx_word' id='word_1_113' title='bbox 1637 1581 1663 1654; x_wconf 74' lang='lat'><em>3</em></span> 
     </span>
     <span class='ocr_line' id='line_1_13' title="bbox 195 1659 1519 1747; baseline -0.003 -19"><span class='ocrx_word' id='word_1_114' title='bbox 195 1671 354 1747; x_wconf 83' lang='lat' dir='ltr'>gerentur.</span> <span class='ocrx_word' id='word_1_115' title='bbox 399 1660 473 1734; x_wconf 90' lang='lat' dir='ltr'>Uni,</span> <span class='ocrx_word' id='word_1_116' title='bbox 504 1659 699 1734; x_wconf 82' lang='lat' dir='ltr'>mehercule,</span> <span class='ocrx_word' id='word_1_117' title='bbox 721 1659 796 1722; x_wconf 90' lang='lat' dir='ltr'>huic</span> <span class='ocrx_word' id='word_1_118' title='bbox 818 1659 954 1733; x_wconf 89' lang='lat' dir='ltr'>civitati,</span> <span class='ocrx_word' id='word_1_119' title='bbox 977 1661 1106 1734; x_wconf 89' lang='lat' dir='ltr'>Verres,</span> <span class='ocrx_word' id='word_1_120' title='bbox 1129 1659 1280 1723; x_wconf 87' lang='lat' dir='ltr'>obsistere</span> <span class='ocrx_word' id='word_1_121' title='bbox 1301 1667 1356 1724; x_wconf 86' lang='lat' dir='ltr'>tua</span> <span class='ocrx_word' id='word_1_122' title='bbox 1377 1661 1519 1725; x_wconf 86' lang='lat' dir='ltr'>defensio</span> 
     </span>
     <span class='ocr_line' id='line_1_14' title="bbox 195 1733 1669 1878; baseline 0 -59"><span class='ocrx_word' id='word_1_123' title='bbox 195 1776 261 1819; x_wconf 91' lang='lat' dir='ltr'>non</span> <span class='ocrx_word' id='word_1_124' title='bbox 283 1733 511 1838; x_wconf 66' lang='lat' dir='ltr'>potestdtanta</span> <span class='ocrx_word' id='word_1_125' title='bbox 532 1755 701 1816; x_wconf 89' lang='lat' dir='ltr'>auctoritas</span> <span class='ocrx_word' id='word_1_126' title='bbox 720 1761 772 1836; x_wconf 53' lang='lat' dir='ltr'>,egl</span> <span class='ocrx_word' id='word_1_127' title='bbox 792 1753 826 1814; x_wconf 92' lang='lat' dir='ltr'>in</span> <span class='ocrx_word' id='word_1_128' title='bbox 848 1773 956 1816; x_wconf 91' lang='lat' dir='ltr'>eorum</span> <span class='ocrx_word' id='word_1_129' title='bbox 977 1753 1139 1816; x_wconf 90' lang='lat' dir='ltr'>bominum</span> <span class='ocrx_word' id='word_1_130' title='bbox 1153 1753 1321 1830; x_wconf 87' lang='lat' dir='ltr'>fidelitate,</span> <span class='ocrx_word' id='word_1_131' title='bbox 1343 1763 1449 1819; x_wconf 91' lang='lat' dir='ltr'>tantus</span> <span class='ocrx_word' id='word_1_132' title='bbox 1464 1756 1520 1818; x_wconf 92' lang='lat' dir='ltr'>do·</span> <span class='ocrx_word' id='word_1_133' title='bbox 1613 1789 1669 1878; x_wconf 55' lang='lat' dir='ltr'>d*</span> 
     </span>
     <span class='ocr_line' id='line_1_15' title="bbox 195 1842 1600 1928; baseline 0.005 -18"><span class='ocrx_word' id='word_1_134' title='bbox 195 1849 244 1911; x_wconf 91' lang='lat' dir='ltr'>lor</span> <span class='ocrx_word' id='word_1_135' title='bbox 265 1849 298 1912; x_wconf 93' lang='lat' dir='ltr'>in</span> <span class='ocrx_word' id='word_1_136' title='bbox 320 1849 450 1921; x_wconf 87' lang='lat' dir='ltr'>iniuria,</span> <span class='ocrx_word' id='word_1_137' title='bbox 480 1854 566 1910; x_wconf 87' lang='lat' dir='ltr'>tanta</span> <span class='ocrx_word' id='word_1_138' title='bbox 587 1847 697 1928; x_wconf 87' lang='lat' dir='ltr'>religio</span> <span class='ocrx_word' id='word_1_139' title='bbox 719 1849 752 1909; x_wconf 90' lang='lat' dir='ltr'>in</span> <span class='ocrx_word' id='word_1_140' title='bbox 774 1845 985 1926; x_wconf 77' lang='lat' dir='ltr'>testimonio.)</span> <span class='ocrx_word' id='word_1_141' title='bbox 1008 1849 1125 1910; x_wconf 85' lang='lat' dir='ltr'>Verum</span> <span class='ocrx_word' id='word_1_142' title='bbox 1147 1868 1211 1912; x_wconf 95' lang='lat' dir='ltr'>non</span> <span class='ocrx_word' id='word_1_143' title='bbox 1233 1868 1296 1913; x_wconf 88' lang='lat' dir='ltr'>una</span> <span class='ocrx_word' id='word_1_144' title='bbox 1317 1857 1348 1914; x_wconf 91' lang='lat' dir='ltr'>te</span> <span class='ocrx_word' id='word_1_145' title='bbox 1371 1853 1428 1915; x_wconf 86' lang='lat' dir='ltr'>sed</span> <span class='ocrx_word' id='word_1_146' title='bbox 1450 1853 1520 1917; x_wconf 91' lang='lat' dir='ltr'>uni·</span> <span class='ocrx_word' id='word_1_147' title='bbox 1588 1842 1600 1856; x_wconf 73' lang='grc'><em>“</em></span> 
     </span>
     <span class='ocr_line' id='line_1_16' title="bbox 196 1940 1556 2028; baseline 0.002 -23"><span class='ocrx_word' id='word_1_148' title='bbox 196 1959 305 2005; x_wconf 87' lang='lat' dir='ltr'>versae</span> <span class='ocrx_word' id='word_1_149' title='bbox 341 1941 498 2005; x_wconf 90' lang='lat' dir='ltr'>similibus</span> <span class='ocrx_word' id='word_1_150' title='bbox 528 1941 658 2004; x_wconf 85' lang='lat' dir='ltr'>afflictae</span> <span class='ocrx_word' id='word_1_151' title='bbox 687 1941 811 2002; x_wconf 91' lang='lat' dir='ltr'>iniuriis</span> <span class='ocrx_word' id='word_1_152' title='bbox 846 1947 878 2002; x_wconf 91' lang='lat' dir='ltr'>et</span> <span class='ocrx_word' id='word_1_153' title='bbox 905 1940 1111 2003; x_wconf 87' lang='lat' dir='ltr'>incommodis</span> <span class='ocrx_word' id='word_1_154' title='bbox 1140 1941 1281 2006; x_wconf 85' lang='lat' dir='ltr'>civitates</span> <span class='ocrx_word' id='word_1_155' title='bbox 1309 1943 1519 2028; x_wconf 84' lang='lat' dir='ltr'>legationibus</span> <span class='ocrx_word' id='word_1_156' title='bbox 1527 1962 1556 2008; x_wconf 81' lang='lat' dir='ltr'>ts</span> 
     </span>
     <span class='ocr_line' id='line_1_17' title="bbox 196 2034 851 2118; baseline -0.003 -20"><span class='ocrx_word' id='word_1_157' title='bbox 196 2054 233 2098; x_wconf 87' lang='lat' dir='ltr'>ac</span> <span class='ocrx_word' id='word_1_158' title='bbox 254 2034 441 2098; x_wconf 90' lang='lat' dir='ltr'>testimoniis</span> <span class='ocrx_word' id='word_1_159' title='bbox 461 2035 593 2118; x_wconf 89' lang='lat' dir='ltr'>publicis</span> <span class='ocrx_word' id='word_1_160' title='bbox 612 2040 851 2118; x_wconf 85' lang='lat' dir='ltr'>persequuntur.</span> 
     </span>
    </p>

    <p class='ocr_par' dir='ltr' id='par_1_3' title="bbox 196 2126 1556 2680">
     <span class='ocr_line' id='line_1_18' title="bbox 281 2126 1519 2211; baseline 0.01 -21"><span class='ocrx_word' id='word_1_161' title='bbox 281 2129 414 2190; x_wconf 80' lang='lat' dir='ltr'><strong>XXXII.</strong></span> <span class='ocrx_word' id='word_1_162' title='bbox 436 2126 486 2190; x_wconf 88' lang='lat'>75.</span> <span class='ocrx_word' id='word_1_163' title='bbox 507 2129 633 2192; x_wconf 87' lang='lat' dir='ltr'>Etenim</span> <span class='ocrx_word' id='word_1_164' title='bbox 655 2129 805 2211; x_wconf 86' lang='lat' dir='ltr'>deinceps</span> <span class='ocrx_word' id='word_1_165' title='bbox 826 2127 1005 2202; x_wconf 88' lang='lat' dir='ltr'>videamus,</span> <span class='ocrx_word' id='word_1_166' title='bbox 1027 2129 1225 2194; x_wconf 87' lang='lat' dir='ltr'>Herbitensis</span> <span class='ocrx_word' id='word_1_167' title='bbox 1238 2133 1364 2209; x_wconf 79' lang='lat' dir='ltr'>civitas,</span> <span class='ocrx_word' id='word_1_168' title='bbox 1384 2135 1519 2202; x_wconf 86' lang='lat' dir='ltr'>honesta</span> 
     </span>
     <span class='ocr_line' id='line_1_19' title="bbox 198 2221 1520 2306; baseline 0.006 -19"><span class='ocrx_word' id='word_1_169' title='bbox 198 2232 230 2288; x_wconf 90' lang='lat' dir='ltr'>et</span> <span class='ocrx_word' id='word_1_170' title='bbox 258 2231 351 2286; x_wconf 83' lang='lat' dir='ltr'>antea</span> <span class='ocrx_word' id='word_1_171' title='bbox 378 2224 521 2304; x_wconf 86' lang='lat' dir='ltr'>copiosa,</span> <span class='ocrx_word' id='word_1_172' title='bbox 555 2241 649 2306; x_wconf 90' lang='lat' dir='ltr'>quem</span> <span class='ocrx_word' id='word_1_173' title='bbox 678 2222 719 2285; x_wconf 91' lang='lat' dir='ltr'>ad</span> <span class='ocrx_word' id='word_1_174' title='bbox 741 2223 872 2286; x_wconf 91' lang='lat' dir='ltr'>modum</span> <span class='ocrx_word' id='word_1_175' title='bbox 893 2221 1028 2304; x_wconf 86' lang='lat' dir='ltr'>spoliata</span> <span class='ocrx_word' id='word_1_176' title='bbox 1049 2223 1088 2286; x_wconf 86' lang='lat' dir='ltr'>ub</span> <span class='ocrx_word' id='word_1_177' title='bbox 1110 2225 1172 2288; x_wconf 91' lang='lat' dir='ltr'>isto</span> <span class='ocrx_word' id='word_1_178' title='bbox 1194 2245 1231 2288; x_wconf 91' lang='lat' dir='ltr'>ac</span> <span class='ocrx_word' id='word_1_179' title='bbox 1251 2234 1366 2291; x_wconf 82' lang='lat' dir='ltr'>vexata</span> <span class='ocrx_word' id='word_1_180' title='bbox 1387 2231 1436 2293; x_wconf 82' lang='lat' dir='ltr'>sit</span> <span class='ocrx_word' id='word_1_181' title='bbox 1478 2233 1520 2296; x_wconf 91' lang='lat' dir='ltr'>At</span> 
     </span>
     <span class='ocr_line' id='line_1_20' title="bbox 198 2313 1520 2402; baseline 0.007 -22"><span class='ocrx_word' id='word_1_182' title='bbox 198 2337 333 2402; x_wconf 90' lang='lat' dir='ltr'>quorum</span> <span class='ocrx_word' id='word_1_183' title='bbox 354 2316 536 2380; x_wconf 73' lang='lat' dir='ltr'>bominum?</span> <span class='ocrx_word' id='word_1_184' title='bbox 570 2313 764 2380; x_wconf 89' lang='lat' dir='ltr'>summorum</span> <span class='ocrx_word' id='word_1_185' title='bbox 786 2322 959 2388; x_wconf 89' lang='lat' dir='ltr'>aratorum,</span> <span class='ocrx_word' id='word_1_186' title='bbox 987 2319 1265 2382; x_wconf 88' lang='lat' dir='ltr'>remotissimorum</span> <span class='ocrx_word' id='word_1_187' title='bbox 1286 2340 1307 2383; x_wconf 88' lang='lat' dir='ltr'>a</span> <span class='ocrx_word' id='word_1_188' title='bbox 1326 2321 1411 2399; x_wconf 82' lang='lat' dir='ltr'>foro,</span> <span class='ocrx_word' id='word_1_189' title='bbox 1438 2325 1520 2390; x_wconf 91' lang='lat' dir='ltr'>iudi·</span> 
     </span>
     <span class='ocr_line' id='line_1_21' title="bbox 198 2410 1556 2496; baseline 0.004 -22"><span class='ocrx_word' id='word_1_190' title='bbox 198 2413 270 2485; x_wconf 88' lang='lat' dir='ltr'>ciis,</span> <span class='ocrx_word' id='word_1_191' title='bbox 299 2411 531 2484; x_wconf 84' lang='lat' dir='ltr'>controversiis,</span> <span class='ocrx_word' id='word_1_192' title='bbox 561 2410 676 2493; x_wconf 91' lang='lat' dir='ltr'>quibus</span> <span class='ocrx_word' id='word_1_193' title='bbox 698 2430 828 2492; x_wconf 82' lang='lat' dir='ltr'>parcere</span> <span class='ocrx_word' id='word_1_194' title='bbox 851 2417 883 2472; x_wconf 87' lang='lat' dir='ltr'>et</span> <span class='ocrx_word' id='word_1_195' title='bbox 904 2410 1085 2484; x_wconf 89' lang='lat' dir='ltr'>consulere,</span> <span class='ocrx_word' id='word_1_196' title='bbox 1112 2410 1206 2476; x_wconf 88' lang='lat' dir='ltr'>borno</span> <span class='ocrx_word' id='word_1_197' title='bbox 1228 2414 1455 2496; x_wconf 86' lang='lat' dir='ltr'>impurissime,</span> <span class='ocrx_word' id='word_1_198' title='bbox 1487 2427 1556 2483; x_wconf 79' lang='lat' dir='ltr'>etto</span> 
     </span>
     <span class='ocr_line' id='line_1_22' title="bbox 198 2503 1519 2590; baseline 0.007 -23"><span class='ocrx_word' id='word_1_199' title='bbox 198 2504 283 2590; x_wconf 91' lang='lat' dir='ltr'>quod</span> <span class='ocrx_word' id='word_1_200' title='bbox 305 2524 404 2586; x_wconf 89' lang='lat' dir='ltr'>genus</span> <span class='ocrx_word' id='word_1_201' title='bbox 425 2503 589 2566; x_wconf 90' lang='lat' dir='ltr'>bominum</span> <span class='ocrx_word' id='word_1_202' title='bbox 612 2503 843 2566; x_wconf 89' lang='lat' dir='ltr'>studiosissime</span> <span class='ocrx_word' id='word_1_203' title='bbox 865 2523 1052 2567; x_wconf 86' lang='lat' dir='ltr'>conservare</span> <span class='ocrx_word' id='word_1_204' title='bbox 1072 2504 1215 2568; x_wconf 89' lang='lat' dir='ltr'>debuisti.</span> <span class='ocrx_word' id='word_1_205' title='bbox 1243 2508 1347 2572; x_wconf 87' lang='lat' dir='ltr'>Primo</span> <span class='ocrx_word' id='word_1_206' title='bbox 1368 2530 1451 2575; x_wconf 91' lang='lat' dir='ltr'>anno</span> <span class='ocrx_word' id='word_1_207' title='bbox 1464 2533 1519 2576; x_wconf 82' lang='lat' dir='ltr'>ve-</span> 
     </span>
     <span class='ocr_line' id='line_1_23' title="bbox 196 2597 1519 2680; baseline 0.005 -17"><span class='ocrx_word' id='word_1_208' title='bbox 196 2602 321 2664; x_wconf 89' lang='lat' dir='ltr'>nierunt</span> <span class='ocrx_word' id='word_1_209' title='bbox 342 2599 409 2661; x_wconf 88' lang='lat' dir='ltr'>eius</span> <span class='ocrx_word' id='word_1_210' title='bbox 430 2599 497 2680; x_wconf 88' lang='lat' dir='ltr'>agri</span> <span class='ocrx_word' id='word_1_211' title='bbox 518 2598 671 2660; x_wconf 88' lang='lat' dir='ltr'>decumae</span> <span class='ocrx_word' id='word_1_212' title='bbox 691 2599 784 2661; x_wconf 92' lang='lat' dir='ltr'>tritici</span> <span class='ocrx_word' id='word_1_213' title='bbox 805 2597 945 2662; x_wconf 93' lang='lat' dir='ltr'>modium</span> <span class='ocrx_word' id='word_1_214' title='bbox 965 2600 1059 2666; x_wconf 64' lang='lat' dir='ltr'>ffli-</span> <span class='ocrx_word' id='word_1_215' title='bbox 1096 2599 1233 2676; x_wconf 91' lang='lat' dir='ltr'>Atidius,</span> <span class='ocrx_word' id='word_1_216' title='bbox 1255 2602 1330 2666; x_wconf 87' lang='lat' dir='ltr'>item</span> <span class='ocrx_word' id='word_1_217' title='bbox 1351 2604 1440 2668; x_wconf 89' lang='lat' dir='ltr'>istius</span> <span class='ocrx_word' id='word_1_218' title='bbox 1462 2607 1519 2670; x_wconf 89' lang='lat' dir='ltr'>mi·</span> 
     </span>
    </p>
   </div>
   <div class='ocr_carea' id='block_1_3' title="bbox 145 2837 1526 4482">
    <p class='ocr_par' dir='ltr' id='par_1_4' title="bbox 195 2837 1522 3280">
     <span class='ocr_line' id='line_1_24' title="bbox 261 2837 1521 2910; baseline 0.006 -20"><span class='ocrx_word' id='word_1_219' title='bbox 261 2842 285 2892; x_wconf 88' lang='lat' dir='ltr'>i.</span> <span class='ocrx_word' id='word_1_220' title='bbox 304 2852 425 2890; x_wconf 80' lang='lat' dir='ltr'>evoceros</span> <span class='ocrx_word' id='word_1_221' title='bbox 441 2837 507 2900; x_wconf 74' lang='lat' dir='ltr'>lta:</span> <span class='ocrx_word' id='word_1_222' title='bbox 527 2839 633 2888; x_wconf 81' lang='lat' dir='ltr'>evocasti</span> <span class='ocrx_word' id='word_1_223' title='bbox 650 2837 710 2902; x_wconf 71' lang='lat' dir='ltr'>aa)</span> <span class='ocrx_word' id='word_1_224' title='bbox 724 2839 756 2897; x_wconf 71' lang='lat'>03</span> <span class='ocrx_word' id='word_1_225' title='bbox 778 2852 865 2889; x_wconf 83' lang='lat' dir='ltr'>evocas</span> <span class='ocrx_word' id='word_1_226' title='bbox 881 2839 929 2890; x_wconf 92' lang='lat' dir='ltr'>dtt.</span> <span class='ocrx_word' id='word_1_227' title='bbox 950 2868 977 2877; x_wconf 93' lang='lat'>—</span> <span class='ocrx_word' id='word_1_228' title='bbox 997 2844 1020 2890; x_wconf 89' lang='lat' dir='ltr'>et</span> <span class='ocrx_word' id='word_1_229' title='bbox 1036 2853 1089 2891; x_wconf 91' lang='lat' dir='ltr'>om.</span> <span class='ocrx_word' id='word_1_230' title='bbox 1108 2839 1186 2904; x_wconf 77' lang='lat' dir='ltr'>ngti.</span> <span class='ocrx_word' id='word_1_231' title='bbox 1206 2868 1233 2878; x_wconf 84' lang='lat'>-</span> <span class='ocrx_word' id='word_1_232' title='bbox 1252 2844 1277 2894; x_wconf 80' lang='lat' dir='ltr'>s.</span> <span class='ocrx_word' id='word_1_233' title='bbox 1295 2845 1521 2910; x_wconf 75' lang='lat' dir='ltr'>Rodia--pattt-</span> 
     </span>
     <span class='ocr_line' id='line_1_25' title="bbox 195 2914 1520 2980; baseline 0.007 -14"><span class='ocrx_word' id='word_1_234' title='bbox 195 2915 260 2980; x_wconf 88' lang='lat' dir='ltr'>cam]</span> <span class='ocrx_word' id='word_1_235' title='bbox 278 2917 363 2966; x_wconf 81' lang='lat' dir='ltr'>ttscita</span> <span class='ocrx_word' id='word_1_236' title='bbox 378 2916 463 2965; x_wconf 76' lang='lat' dir='ltr'>literas</span> <span class='ocrx_word' id='word_1_237' title='bbox 476 2915 598 2976; x_wconf 73' lang='lat' dir='ltr'>pvblicae.</span> <span class='ocrx_word' id='word_1_238' title='bbox 617 2914 752 2964; x_wconf 74' lang='lat' dir='ltr'>tritanii</span> <span class='ocrx_word' id='word_1_239' title='bbox 767 2915 929 2965; x_wconf 72' lang='lat' dir='ltr'>Pretiosa.</span> <span class='ocrx_word' id='word_1_240' title='bbox 947 2915 1032 2965; x_wconf 87' lang='lat' dir='ltr'>itecita</span> <span class='ocrx_word' id='word_1_241' title='bbox 1042 2915 1207 2966; x_wconf 75' lang='lat' dir='ltr'>tesdmonivm</span> <span class='ocrx_word' id='word_1_242' title='bbox 1216 2917 1349 2978; x_wconf 76' lang='lat' dir='ltr'>pvblicvm.</span> <span class='ocrx_word' id='word_1_243' title='bbox 1369 2921 1520 2975; x_wconf 80' lang='lat' dir='ltr'><em>TESTIMO-</em></span> 
     </span>
     <span class='ocr_line' id='line_1_26' title="bbox 195 2988 1522 3061; baseline 0.007 -20"><span class='ocrx_word' id='word_1_244' title='bbox 195 2991 279 3042; x_wconf 82' lang='lat' dir='ltr'>NIVit</span> <span class='ocrx_word' id='word_1_245' title='bbox 294 2989 453 3040; x_wconf 80' lang='lat' dir='ltr'><em>PVBLICVM</em></span> <span class='ocrx_word' id='word_1_246' title='bbox 471 2988 548 3040; x_wconf 85' lang='lat' dir='ltr'>Orelli</span> <span class='ocrx_word' id='word_1_247' title='bbox 565 3003 597 3040; x_wconf 86' lang='lat' dir='ltr'>ex</span> <span class='ocrx_word' id='word_1_248' title='bbox 617 2991 756 3040; x_wconf 83' lang='lat' dir='ltr'>Hotomani</span> <span class='ocrx_word' id='word_1_249' title='bbox 773 2992 840 3040; x_wconf 90' lang='lat' dir='ltr'>coni.</span> <span class='ocrx_word' id='word_1_250' title='bbox 860 2989 909 3054; x_wconf 87' lang='lat' dir='ltr'>[Ad</span> <span class='ocrx_word' id='word_1_251' title='bbox 920 2990 990 3040; x_wconf 90' lang='lat' dir='ltr'>hanc</span> <span class='ocrx_word' id='word_1_252' title='bbox 1000 2989 1104 3040; x_wconf 77' lang='lat' dir='ltr'>biotam.</span> <span class='ocrx_word' id='word_1_253' title='bbox 1118 2991 1344 3056; x_wconf 86' lang='lat' dir='ltr'>emendationem,</span> <span class='ocrx_word' id='word_1_254' title='bbox 1362 3007 1432 3061; x_wconf 88' lang='lat' dir='ltr'>quae</span> <span class='ocrx_word' id='word_1_255' title='bbox 1443 2997 1522 3050; x_wconf 85' lang='lat' dir='ltr'>lectio</span> 
     </span>
     <span class='ocr_line' id='line_1_27' title="bbox 195 3063 1521 3135; baseline 0.006 -20"><span class='ocrx_word' id='word_1_256' title='bbox 195 3065 298 3129; x_wconf 82' lang='lat' dir='ltr'>vulgata</span> <span class='ocrx_word' id='word_1_257' title='bbox 316 3067 369 3124; x_wconf 85' lang='lat' dir='ltr'>est,</span> <span class='ocrx_word' id='word_1_258' title='bbox 388 3065 524 3129; x_wconf 88' lang='lat' dir='ltr'>Zumptius</span> <span class='ocrx_word' id='word_1_259' title='bbox 541 3065 609 3116; x_wconf 87' lang='lat' dir='ltr'>haec</span> <span class='ocrx_word' id='word_1_260' title='bbox 625 3064 776 3114; x_wconf 80' lang='lat' dir='ltr'>adnotavit:</span> <span class='ocrx_word' id='word_1_261' title='bbox 801 3063 919 3114; x_wconf 70' lang='lat' dir='ltr'>«Abeunt</span> <span class='ocrx_word' id='word_1_262' title='bbox 934 3065 1002 3114; x_wconf 87' lang='lat' dir='ltr'>baec</span> <span class='ocrx_word' id='word_1_263' title='bbox 1018 3065 1107 3115; x_wconf 87' lang='lat' dir='ltr'>omnia</span> <span class='ocrx_word' id='word_1_264' title='bbox 1123 3079 1140 3116; x_wconf 88' lang='lat' dir='ltr'>a</span> <span class='ocrx_word' id='word_1_265' title='bbox 1156 3068 1213 3118; x_wconf 88' lang='lat' dir='ltr'>Par.</span> <span class='ocrx_word' id='word_1_266' title='bbox 1232 3070 1254 3118; x_wconf 91' lang='lat' dir='ltr'>A</span> <span class='ocrx_word' id='word_1_267' title='bbox 1271 3071 1298 3118; x_wconf 90' lang='lat' dir='ltr'>et</span> <span class='ocrx_word' id='word_1_268' title='bbox 1314 3070 1374 3134; x_wconf 85' lang='lat' dir='ltr'>Lag.</span> <span class='ocrx_word' id='word_1_269' title='bbox 1393 3071 1438 3135; x_wconf 78' lang='lat' dir='ltr'>ii,</span> <span class='ocrx_word' id='word_1_270' title='bbox 1456 3075 1521 3125; x_wconf 86' lang='lat' dir='ltr'>item</span> 
     </span>
     <span class='ocr_line' id='line_1_28' title="bbox 196 3138 1522 3212; baseline 0.006 -21"><span class='ocrx_word' id='word_1_271' title='bbox 196 3155 212 3191; x_wconf 93' lang='lat' dir='ltr'>a</span> <span class='ocrx_word' id='word_1_272' title='bbox 228 3144 286 3191; x_wconf 87' lang='lat' dir='ltr'>Par.</span> <span class='ocrx_word' id='word_1_273' title='bbox 305 3139 324 3189; x_wconf 89' lang='lat' dir='ltr'><strong>B</strong></span> <span class='ocrx_word' id='word_1_274' title='bbox 343 3141 370 3190; x_wconf 91' lang='lat' dir='ltr'>et</span> <span class='ocrx_word' id='word_1_275' title='bbox 387 3141 448 3203; x_wconf 84' lang='lat' dir='ltr'>Lag.</span> <span class='ocrx_word' id='word_1_276' title='bbox 462 3141 506 3200; x_wconf 75' lang='lat'>29,</span> <span class='ocrx_word' id='word_1_277' title='bbox 525 3139 575 3190; x_wconf 91' lang='lat' dir='ltr'>sed</span> <span class='ocrx_word' id='word_1_278' title='bbox 591 3141 626 3190; x_wconf 90' lang='lat' dir='ltr'>ita</span> <span class='ocrx_word' id='word_1_279' title='bbox 643 3139 715 3189; x_wconf 89' lang='lat' dir='ltr'>utin</span> <span class='ocrx_word' id='word_1_280' title='bbox 732 3139 773 3190; x_wconf 90' lang='lat' dir='ltr'>bis</span> <span class='ocrx_word' id='word_1_281' title='bbox 789 3151 903 3189; x_wconf 85' lang='lat' dir='ltr'>vacuum</span> <span class='ocrx_word' id='word_1_282' title='bbox 920 3140 1035 3202; x_wconf 84' lang='lat' dir='ltr'>spatium</span> <span class='ocrx_word' id='word_1_283' title='bbox 1051 3138 1173 3191; x_wconf 91' lang='lat' dir='ltr'>relictum</span> <span class='ocrx_word' id='word_1_284' title='bbox 1191 3142 1249 3192; x_wconf 79' lang='lat' dir='ltr'>stt.»</span> <span class='ocrx_word' id='word_1_285' title='bbox 1275 3145 1308 3193; x_wconf 86' lang='lat' dir='ltr'>At</span> <span class='ocrx_word' id='word_1_286' title='bbox 1324 3157 1357 3194; x_wconf 87' lang='lat' dir='ltr'>er</span> <span class='ocrx_word' id='word_1_287' title='bbox 1367 3146 1443 3198; x_wconf 84' lang='lat' dir='ltr'>Nieb.</span> <span class='ocrx_word' id='word_1_288' title='bbox 1456 3159 1522 3212; x_wconf 91' lang='lat' dir='ltr'>apo·</span> 
     </span>
     <span class='ocr_line' id='line_1_29' title="bbox 196 3212 1522 3280; baseline 0.007 -16"><span class='ocrx_word' id='word_1_289' title='bbox 196 3215 296 3280; x_wconf 86' lang='lat' dir='ltr'>grapho</span> <span class='ocrx_word' id='word_1_290' title='bbox 313 3216 416 3264; x_wconf 90' lang='lat' dir='ltr'>tantum</span> <span class='ocrx_word' id='word_1_291' title='bbox 433 3213 516 3265; x_wconf 82' lang='lat' dir='ltr'>verba</span> <span class='ocrx_word' id='word_1_292' title='bbox 533 3215 619 3265; x_wconf 85' lang='lat' dir='ltr'>ltecito</span> <span class='ocrx_word' id='word_1_293' title='bbox 633 3215 730 3264; x_wconf 82' lang='lat' dir='ltr'>litteras</span> <span class='ocrx_word' id='word_1_294' title='bbox 743 3214 856 3276; x_wconf 77' lang='lat' dir='ltr'>pvblicae</span> <span class='ocrx_word' id='word_1_295' title='bbox 871 3227 888 3264; x_wconf 88' lang='lat' dir='ltr'>a</span> <span class='ocrx_word' id='word_1_296' title='bbox 904 3213 965 3276; x_wconf 78' lang='lat' dir='ltr'>Lag.</span> <span class='ocrx_word' id='word_1_297' title='bbox 984 3212 1024 3265; x_wconf 80' lang='lat' dir='ltr'>ti.</span> <span class='ocrx_word' id='word_1_298' title='bbox 1043 3213 1151 3276; x_wconf 87' lang='lat' dir='ltr'>absunt,</span> <span class='ocrx_word' id='word_1_299' title='bbox 1174 3216 1239 3268; x_wconf 88' lang='lat' dir='ltr'>item</span> <span class='ocrx_word' id='word_1_300' title='bbox 1256 3231 1271 3268; x_wconf 89' lang='lat' dir='ltr'>a</span> <span class='ocrx_word' id='word_1_301' title='bbox 1288 3219 1334 3279; x_wconf 74' lang='lat'>29,</span> <span class='ocrx_word' id='word_1_302' title='bbox 1353 3221 1401 3271; x_wconf 90' lang='lat' dir='ltr'>sed</span> <span class='ocrx_word' id='word_1_303' title='bbox 1419 3221 1453 3273; x_wconf 90' lang='lat' dir='ltr'>ab</span> <span class='ocrx_word' id='word_1_304' title='bbox 1470 3223 1522 3273; x_wconf 88' lang='lat' dir='ltr'>boc</span> 
     </span>
    </p>

    <p class='ocr_par' dir='ltr' id='par_1_5' title="bbox 145 3287 1526 4482">
     <span class='ocr_line' id='line_1_30' title="bbox 145 3287 1524 3352; baseline 0.005 -12"><span class='ocrx_word' id='word_1_305' title='bbox 145 3307 148 3316; x_wconf 59' lang='lat'><strong>⁴</strong></span> <span class='ocrx_word' id='word_1_306' title='bbox 196 3292 222 3342; x_wconf 89' lang='lat' dir='ltr'>in</span> <span class='ocrx_word' id='word_1_307' title='bbox 239 3288 342 3340; x_wconf 86' lang='lat' dir='ltr'>lacuna.</span> <span class='ocrx_word' id='word_1_308' title='bbox 365 3289 405 3338; x_wconf 87' lang='lat' dir='ltr'>Ad</span> <span class='ocrx_word' id='word_1_309' title='bbox 422 3289 523 3352; x_wconf 90' lang='lat' dir='ltr'>reliqua</span> <span class='ocrx_word' id='word_1_310' title='bbox 540 3289 623 3340; x_wconf 81' lang='lat' dir='ltr'>verbu</span> <span class='ocrx_word' id='word_1_311' title='bbox 641 3287 710 3339; x_wconf 91' lang='lat' dir='ltr'>nulla</span> <span class='ocrx_word' id='word_1_312' title='bbox 727 3290 841 3339; x_wconf 86' lang='lat' dir='ltr'>varietas</span> <span class='ocrx_word' id='word_1_313' title='bbox 859 3287 990 3352; x_wconf 81' lang='lat' dir='ltr'>exscripta</span> <span class='ocrx_word' id='word_1_314' title='bbox 1008 3290 1049 3340; x_wconf 88' lang='lat' dir='ltr'>est</span> <span class='ocrx_word' id='word_1_315' title='bbox 1065 3289 1114 3340; x_wconf 92' lang='lat' dir='ltr'>nisi</span> <span class='ocrx_word' id='word_1_316' title='bbox 1131 3289 1164 3340; x_wconf 91' lang='lat' dir='ltr'>ad</span> <span class='ocrx_word' id='word_1_317' title='bbox 1183 3291 1403 3346; x_wconf 72' lang='lat' dir='ltr'>TESTIMONIVM</span> <span class='ocrx_word' id='word_1_318' title='bbox 1417 3297 1524 3346; x_wconf 79' lang='lat' dir='ltr'><strong>PVBLI-</strong></span> 
     </span>
     <span class='ocr_line' id='line_1_31' title="bbox 196 3363 1522 3436; baseline 0.003 -18"><span class='ocrx_word' id='word_1_319' title='bbox 196 3365 265 3418; x_wconf 79' lang='lat' dir='ltr'>cvii</span> <span class='ocrx_word' id='word_1_320' title='bbox 270 3403 276 3426; x_wconf 89' lang='lat'>‚</span> <span class='ocrx_word' id='word_1_321' title='bbox 301 3377 369 3428; x_wconf 81' lang='lat' dir='ltr'>quae</span> <span class='ocrx_word' id='word_1_322' title='bbox 387 3365 414 3414; x_wconf 88' lang='lat' dir='ltr'>in</span> <span class='ocrx_word' id='word_1_323' title='bbox 432 3365 446 3414; x_wconf 86' lang='grc'>6</span> <span class='ocrx_word' id='word_1_324' title='bbox 463 3366 540 3428; x_wconf 83' lang='lat' dir='ltr'>Lagg.</span> <span class='ocrx_word' id='word_1_325' title='bbox 560 3365 624 3415; x_wconf 87' lang='lat' dir='ltr'>dett.</span> <span class='ocrx_word' id='word_1_326' title='bbox 643 3364 760 3432; x_wconf 83' lang='lat' dir='ltr'>desunt]</span> <span class='ocrx_word' id='word_1_327' title='bbox 783 3389 809 3400; x_wconf 92' lang='lat'>—</span> <span class='ocrx_word' id='word_1_328' title='bbox 839 3363 863 3414; x_wconf 83' lang='lat'>6.</span> <span class='ocrx_word' id='word_1_329' title='bbox 888 3364 1086 3414; x_wconf 77' lang='lat' dir='ltr'>animadvertitis</span> <span class='ocrx_word' id='word_1_330' title='bbox 1105 3367 1169 3426; x_wconf 85' lang='lat' dir='ltr'>AB;</span> <span class='ocrx_word' id='word_1_331' title='bbox 1195 3367 1373 3419; x_wconf 61' lang='lat' dir='ltr'>comeriis</span> <span class='ocrx_word' id='word_1_332' title='bbox 1389 3370 1418 3421; x_wconf 91' lang='lat' dir='ltr'>C.</span> <span class='ocrx_word' id='word_1_333' title='bbox 1445 3369 1522 3436; x_wconf 82' lang='lat' dir='ltr'>[Cum</span> 
     </span>
     <span class='ocr_line' id='line_1_32' title="bbox 196 3437 1523 3505; baseline 0.003 -14"><span class='ocrx_word' id='word_1_334' title='bbox 196 3441 332 3505; x_wconf 88' lang='lat' dir='ltr'>Zumptius</span> <span class='ocrx_word' id='word_1_335' title='bbox 349 3452 379 3489; x_wconf 90' lang='lat' dir='ltr'>se</span> <span class='ocrx_word' id='word_1_336' title='bbox 398 3441 474 3490; x_wconf 85' lang='lat' dir='ltr'>notas</span> <span class='ocrx_word' id='word_1_337' title='bbox 490 3441 568 3503; x_wconf 85' lang='lat' dir='ltr'>Lagg.</span> <span class='ocrx_word' id='word_1_338' title='bbox 588 3437 718 3504; x_wconf 76' lang='lat' dir='ltr'>explicare</span> <span class='ocrx_word' id='word_1_339' title='bbox 736 3452 815 3505; x_wconf 88' lang='lat' dir='ltr'>posse</span> <span class='ocrx_word' id='word_1_340' title='bbox 832 3443 924 3503; x_wconf 83' lang='lat' dir='ltr'>neget,</span> <span class='ocrx_word' id='word_1_341' title='bbox 943 3439 1106 3492; x_wconf 89' lang='lat' dir='ltr'>mouendum</span> <span class='ocrx_word' id='word_1_342' title='bbox 1124 3443 1164 3492; x_wconf 88' lang='lat' dir='ltr'>est</span> <span class='ocrx_word' id='word_1_343' title='bbox 1176 3439 1348 3493; x_wconf 87' lang='lat' dir='ltr'>Niebuhrium</span> <span class='ocrx_word' id='word_1_344' title='bbox 1360 3442 1394 3494; x_wconf 92' lang='lat' dir='ltr'>ad</span> <span class='ocrx_word' id='word_1_345' title='bbox 1405 3445 1523 3494; x_wconf 70' lang='lat' dir='ltr'>named</span> 
     </span>
     <span class='ocr_line' id='line_1_33' title="bbox 195 3513 1523 3586; baseline 0.004 -19"><span class='ocrx_word' id='word_1_346' title='bbox 195 3517 303 3567; x_wconf 75' lang='lat' dir='ltr'>antistis</span> <span class='ocrx_word' id='word_1_347' title='bbox 320 3513 418 3564; x_wconf 85' lang='lat' dir='ltr'>nullam</span> <span class='ocrx_word' id='word_1_348' title='bbox 440 3513 519 3564; x_wconf 90' lang='lat' dir='ltr'>codd.</span> <span class='ocrx_word' id='word_1_349' title='bbox 538 3515 696 3578; x_wconf 84' lang='lat' dir='ltr'>scripturam</span> <span class='ocrx_word' id='word_1_350' title='bbox 719 3518 855 3574; x_wconf 86' lang='lat' dir='ltr'>enatasse,</span> <span class='ocrx_word' id='word_1_351' title='bbox 881 3514 930 3565; x_wconf 90' lang='lat' dir='ltr'>sed</span> <span class='ocrx_word' id='word_1_352' title='bbox 953 3517 1098 3568; x_wconf 86' lang='lat' dir='ltr'>editionum</span> <span class='ocrx_word' id='word_1_353' title='bbox 1114 3520 1249 3579; x_wconf 87' lang='lat' dir='ltr'>veterum,</span> <span class='ocrx_word' id='word_1_354' title='bbox 1275 3533 1388 3586; x_wconf 90' lang='lat' dir='ltr'>quarum</span> <span class='ocrx_word' id='word_1_355' title='bbox 1406 3522 1523 3586; x_wconf 87' lang='lat' dir='ltr'>quinque</span> 
     </span>
     <span class='ocr_line' id='line_1_34' title="bbox 197 3589 1525 3660; baseline 0.005 -19"><span class='ocrx_word' id='word_1_356' title='bbox 197 3590 410 3649; x_wconf 80' lang='lat' dir='ltr'>animadvertitis,</span> <span class='ocrx_word' id='word_1_357' title='bbox 430 3591 554 3652; x_wconf 88' lang='lat' dir='ltr'>quattuor</span> <span class='ocrx_word' id='word_1_358' title='bbox 570 3591 748 3639; x_wconf 81' lang='lat' dir='ltr'>animadvertis</span> <span class='ocrx_word' id='word_1_359' title='bbox 765 3589 883 3652; x_wconf 85' lang='lat' dir='ltr'>babent]</span> <span class='ocrx_word' id='word_1_360' title='bbox 903 3616 931 3628; x_wconf 91' lang='lat'>·-</span> <span class='ocrx_word' id='word_1_361' title='bbox 951 3592 975 3640; x_wconf 84' lang='lat'>7.</span> <span class='ocrx_word' id='word_1_362' title='bbox 993 3592 1106 3656; x_wconf 73' lang='lat' dir='ltr'>Pyragro</span> <span class='ocrx_word' id='word_1_363' title='bbox 1123 3594 1159 3642; x_wconf 87' lang='lat' dir='ltr'>N:</span> <span class='ocrx_word' id='word_1_364' title='bbox 1176 3595 1289 3658; x_wconf 78' lang='lat' dir='ltr'>Peragno</span> <span class='ocrx_word' id='word_1_365' title='bbox 1306 3594 1386 3658; x_wconf 76' lang='lat' dir='ltr'>Lgl23</span> <span class='ocrx_word' id='word_1_366' title='bbox 1405 3596 1525 3660; x_wconf 79' lang='lat' dir='ltr'>Perrbdgi</span> 
     </span>
     <span class='ocr_line' id='line_1_35' title="bbox 197 3664 1521 3732; baseline 0.005 -16"><span class='ocrx_word' id='word_1_367' title='bbox 197 3665 339 3732; x_wconf 66' lang='lat' dir='ltr'>agitata</span> <span class='ocrx_word' id='word_1_368' title='bbox 358 3665 479 3728; x_wconf 76' lang='lat' dir='ltr'>Perraqio</span> <span class='ocrx_word' id='word_1_369' title='bbox 497 3666 532 3722; x_wconf 90' lang='lat' dir='ltr'>C;</span> <span class='ocrx_word' id='word_1_370' title='bbox 549 3665 655 3729; x_wconf 80' lang='lat' dir='ltr'>Perraqi</span> <span class='ocrx_word' id='word_1_371' title='bbox 672 3664 718 3716; x_wconf 88' lang='lat' dir='ltr'>dtt.</span> <span class='ocrx_word' id='word_1_372' title='bbox 735 3665 878 3728; x_wconf 75' lang='lat' dir='ltr'>Perirrbaqi</span> <span class='ocrx_word' id='word_1_373' title='bbox 895 3667 963 3716; x_wconf 90' lang='lat' dir='ltr'>coni.</span> <span class='ocrx_word' id='word_1_374' title='bbox 983 3665 1020 3717; x_wconf 84' lang='lat' dir='ltr'>Kl.</span> <span class='ocrx_word' id='word_1_375' title='bbox 1033 3694 1060 3705; x_wconf 90' lang='lat'><em>-</em></span> <span class='ocrx_word' id='word_1_376' title='bbox 1086 3682 1176 3718; x_wconf 88' lang='lat' dir='ltr'>nomen</span> <span class='ocrx_word' id='word_1_377' title='bbox 1192 3670 1250 3720; x_wconf 90' lang='lat' dir='ltr'>NL.</span> <span class='ocrx_word' id='word_1_378' title='bbox 1274 3669 1307 3721; x_wconf 87' lang='lat' dir='ltr'>cl.</span> <span class='ocrx_word' id='word_1_379' title='bbox 1325 3683 1374 3720; x_wconf 88' lang='lat' dir='ltr'>nos</span> <span class='ocrx_word' id='word_1_380' title='bbox 1391 3670 1425 3721; x_wconf 89' lang='lat' dir='ltr'>ad</span> <span class='ocrx_word' id='word_1_381' title='bbox 1442 3672 1521 3722; x_wconf 86' lang='lat' dir='ltr'>Caec.</span> 
     </span>
     <span class='ocr_line' id='line_1_36' title="bbox 196 3739 1524 3812; baseline 0.005 -20"><span class='ocrx_word' id='word_1_382' title='bbox 196 3757 224 3809; x_wconf 90' lang='lat' dir='ltr'>p.</span> <span class='ocrx_word' id='word_1_383' title='bbox 244 3741 291 3792; x_wconf 76' lang='lat'>⁴86</span> <span class='ocrx_word' id='word_1_384' title='bbox 309 3753 349 3804; x_wconf 90' lang='lat' dir='ltr'>sq.</span> <span class='ocrx_word' id='word_1_385' title='bbox 370 3739 459 3804; x_wconf 81' lang='lat' dir='ltr'>[Magis</span> <span class='ocrx_word' id='word_1_386' title='bbox 476 3739 529 3791; x_wconf 89' lang='lat' dir='ltr'>huc</span> <span class='ocrx_word' id='word_1_387' title='bbox 547 3739 660 3804; x_wconf 87' lang='lat' dir='ltr'>quadrat</span> <span class='ocrx_word' id='word_1_388' title='bbox 677 3739 748 3804; x_wconf 90' lang='lat' dir='ltr'>quod</span> <span class='ocrx_word' id='word_1_389' title='bbox 766 3753 814 3790; x_wconf 92' lang='lat' dir='ltr'>nos</span> <span class='ocrx_word' id='word_1_390' title='bbox 832 3741 866 3790; x_wconf 91' lang='lat' dir='ltr'>ad</span> <span class='ocrx_word' id='word_1_391' title='bbox 883 3753 921 3789; x_wconf 91' lang='lat' dir='ltr'>or.</span> <span class='ocrx_word' id='word_1_392' title='bbox 939 3741 1015 3790; x_wconf 91' lang='lat' dir='ltr'>Verr.</span> <span class='ocrx_word' id='word_1_393' title='bbox 1033 3741 1064 3792; x_wconf 90' lang='lat' dir='ltr'>V.</span> <span class='ocrx_word' id='word_1_394' title='bbox 1084 3741 1108 3806; x_wconf 71' lang='lat'>5.</span> <span class='ocrx_word' id='word_1_395' title='bbox 1127 3741 1167 3791; x_wconf 85' lang='grc'>46.</span> <span class='ocrx_word' id='word_1_396' title='bbox 1187 3741 1229 3792; x_wconf 93' lang='lat' dir='ltr'>ed.</span> <span class='ocrx_word' id='word_1_397' title='bbox 1248 3743 1318 3808; x_wconf 88' lang='lat' dir='ltr'>Lips.</span> <span class='ocrx_word' id='word_1_398' title='bbox 1336 3745 1371 3796; x_wconf 89' lang='lat' dir='ltr'>de</span> <span class='ocrx_word' id='word_1_399' title='bbox 1387 3745 1524 3812; x_wconf 81' lang='lat' dir='ltr'>cognomi-</span> 
     </span>
     <span class='ocr_line' id='line_1_37' title="bbox 198 3814 1522 3890; baseline 0.003 -22"><span class='ocrx_word' id='word_1_400' title='bbox 198 3815 276 3868; x_wconf 88' lang='lat' dir='ltr'>nibus</span> <span class='ocrx_word' id='word_1_401' title='bbox 293 3814 432 3866; x_wconf 91' lang='lat' dir='ltr'>bominum</span> <span class='ocrx_word' id='word_1_402' title='bbox 449 3814 595 3866; x_wconf 89' lang='lat' dir='ltr'>Siculorum</span> <span class='ocrx_word' id='word_1_403' title='bbox 612 3815 884 3890; x_wconf 26' lang='lat' dir='ltr'>monuimustflnnm]</span> <span class='ocrx_word' id='word_1_404' title='bbox 899 3843 926 3851; x_wconf 99' lang='lat'>-</span> <span class='ocrx_word' id='word_1_405' title='bbox 945 3815 969 3866; x_wconf 91' lang='lat'>8.</span> <span class='ocrx_word' id='word_1_406' title='bbox 987 3829 1018 3866; x_wconf 84' lang='lat' dir='ltr'>ac</span> <span class='ocrx_word' id='word_1_407' title='bbox 1035 3816 1124 3882; x_wconf 67' lang='lat' dir='ltr'>dnae]</span> <span class='ocrx_word' id='word_1_408' title='bbox 1141 3818 1252 3868; x_wconf 79' lang='lat' dir='ltr'>accidere</span> <span class='ocrx_word' id='word_1_409' title='bbox 1268 3818 1345 3883; x_wconf 62' lang='grc' dir='ltr'>[ΒΗ.</span> <span class='ocrx_word' id='word_1_410' title='bbox 1361 3848 1387 3858; x_wconf 95' lang='grc'><strong>-</strong></span> <span class='ocrx_word' id='word_1_411' title='bbox 1407 3824 1447 3874; x_wconf 84' lang='lat' dir='ltr'>to.</span> <span class='ocrx_word' id='word_1_412' title='bbox 1463 3835 1522 3884; x_wconf 79' lang='lat' dir='ltr'>pop.</span> 
     </span>
     <span class='ocr_line' id='line_1_38' title="bbox 198 3890 1522 3961; baseline 0.003 -19"><span class='ocrx_word' id='word_1_413' title='bbox 198 3893 267 3942; x_wconf 77' lang='lat' dir='ltr'>ltorn</span> <span class='ocrx_word' id='word_1_414' title='bbox 287 3901 340 3939; x_wconf 91' lang='lat' dir='ltr'>om.</span> <span class='ocrx_word' id='word_1_415' title='bbox 359 3891 436 3951; x_wconf 77' lang='lat' dir='ltr'>igis.</span> <span class='ocrx_word' id='word_1_416' title='bbox 457 3917 484 3927; x_wconf 94' lang='lat'>-</span> <span class='ocrx_word' id='word_1_417' title='bbox 513 3892 552 3940; x_wconf 91' lang='lat' dir='ltr'>ii.</span> <span class='ocrx_word' id='word_1_418' title='bbox 567 3891 665 3954; x_wconf 80' lang='lat' dir='ltr'>pvblice</span> <span class='ocrx_word' id='word_1_419' title='bbox 681 3897 733 3941; x_wconf 87' lang='lat' dir='ltr'>test.</span> <span class='ocrx_word' id='word_1_420' title='bbox 752 3891 833 3941; x_wconf 84' lang='lat' dir='ltr'>dicere</span> <span class='ocrx_word' id='word_1_421' title='bbox 850 3903 903 3940; x_wconf 89' lang='lat' dir='ltr'>om.</span> <span class='ocrx_word' id='word_1_422' title='bbox 922 3890 999 3955; x_wconf 76' lang='lat' dir='ltr'>Lgli.</span> <span class='ocrx_word' id='word_1_423' title='bbox 1024 3917 1052 3930; x_wconf 89' lang='lat'>-</span> <span class='ocrx_word' id='word_1_424' title='bbox 1080 3893 1120 3943; x_wconf 78' lang='lat' dir='ltr'>ti.</span> <span class='ocrx_word' id='word_1_425' title='bbox 1144 3893 1250 3958; x_wconf 71' lang='lat' dir='ltr'>defensio</span> <span class='ocrx_word' id='word_1_426' title='bbox 1274 3909 1324 3945; x_wconf 91' lang='lat' dir='ltr'>non</span> <span class='ocrx_word' id='word_1_427' title='bbox 1344 3903 1422 3960; x_wconf 81' lang='lat' dir='ltr'>potest</span> <span class='ocrx_word' id='word_1_428' title='bbox 1438 3896 1522 3961; x_wconf 74' lang='lat' dir='ltr'>agii:</span> 
     </span>
     <span class='ocr_line' id='line_1_39' title="bbox 199 3965 1524 4036; baseline 0.005 -20"><span class='ocrx_word' id='word_1_429' title='bbox 199 3966 335 4030; x_wconf 76' lang='lat' dir='ltr'>defendens</span> <span class='ocrx_word' id='word_1_430' title='bbox 350 3979 399 4015; x_wconf 88' lang='lat' dir='ltr'>non</span> <span class='ocrx_word' id='word_1_431' title='bbox 413 3969 538 4028; x_wconf 83' lang='lat' dir='ltr'>patescit.</span> <span class='ocrx_word' id='word_1_432' title='bbox 553 3967 582 4017; x_wconf 93' lang='lat'>0.</span> <span class='ocrx_word' id='word_1_433' title='bbox 597 3994 624 4002; x_wconf 93' lang='lat'>—</span> <span class='ocrx_word' id='word_1_434' title='bbox 644 3965 684 4018; x_wconf 82' lang='lat' dir='ltr'>tt.</span> <span class='ocrx_word' id='word_1_435' title='bbox 703 3969 730 4016; x_wconf 86' lang='lat' dir='ltr'>in</span> <span class='ocrx_word' id='word_1_436' title='bbox 746 3967 841 4016; x_wconf 76' lang='lat' dir='ltr'>intanta</span> <span class='ocrx_word' id='word_1_437' title='bbox 853 3967 900 4029; x_wconf 85' lang='lat' dir='ltr'>Lgt</span> <span class='ocrx_word' id='word_1_438' title='bbox 917 3969 944 4016; x_wconf 89' lang='lat' dir='ltr'>et</span> <span class='ocrx_word' id='word_1_439' title='bbox 954 3966 1019 4017; x_wconf 77' lang='lat' dir='ltr'>tin</span> <span class='ocrx_word' id='word_1_440' title='bbox 1036 3967 1108 4032; x_wconf 73' lang='lat' dir='ltr'>(item</span> <span class='ocrx_word' id='word_1_441' title='bbox 1120 3969 1151 4032; x_wconf 87' lang='lat' dir='ltr'>V,</span> <span class='ocrx_word' id='word_1_442' title='bbox 1170 3971 1216 4034; x_wconf 90' lang='lat' dir='ltr'>qni</span> <span class='ocrx_word' id='word_1_443' title='bbox 1233 3970 1315 4022; x_wconf 88' lang='lat' dir='ltr'>babet</span> <span class='ocrx_word' id='word_1_444' title='bbox 1326 3970 1366 4005; x_wconf 67' lang='lat' dir='ltr'>*i</span> <span class='ocrx_word' id='word_1_445' title='bbox 1376 3973 1445 4022; x_wconf 82' lang='lat' dir='ltr'>iuria</span> <span class='ocrx_word' id='word_1_446' title='bbox 1462 3974 1524 4036; x_wconf 84' lang='lat' dir='ltr'>(non</span> 
     </span>
     <span class='ocr_line' id='line_1_40' title="bbox 198 4041 1521 4112; baseline 0.004 -22"><span class='ocrx_word' id='word_1_447' title='bbox 198 4041 247 4102; x_wconf 78' lang='lat' dir='ltr'>rio)</span> <span class='ocrx_word' id='word_1_448' title='bbox 266 4045 439 4105; x_wconf 83' lang='lat' dir='ltr'>tentansque</span> <span class='ocrx_word' id='word_1_449' title='bbox 457 4042 491 4093; x_wconf 90' lang='lat' dir='ltr'>ad</span> <span class='ocrx_word' id='word_1_450' title='bbox 507 4048 607 4092; x_wconf 83' lang='lat' dir='ltr'>ventum</span> <span class='ocrx_word' id='word_1_451' title='bbox 624 4042 647 4106; x_wconf 63' lang='grc' dir='ltr'>ἓ.</span> <span class='ocrx_word' id='word_1_452' title='bbox 667 4043 707 4093; x_wconf 85' lang='grc'>78.</span> <span class='ocrx_word' id='word_1_453' title='bbox 726 4056 751 4092; x_wconf 89' lang='lat' dir='ltr'>v.</span> <span class='ocrx_word' id='word_1_454' title='bbox 771 4043 836 4106; x_wconf 69' lang='lat' dir='ltr'>tint:</span> <span class='ocrx_word' id='word_1_455' title='bbox 864 4043 972 4092; x_wconf 82' lang='lat' dir='ltr'>iniuriae</span> <span class='ocrx_word' id='word_1_456' title='bbox 988 4042 1046 4093; x_wconf 89' lang='lat' dir='ltr'>rell.</span> <span class='ocrx_word' id='word_1_457' title='bbox 1067 4069 1094 4080; x_wconf 91' lang='lat'><em>-</em></span> <span class='ocrx_word' id='word_1_458' title='bbox 1113 4059 1166 4094; x_wconf 83' lang='lat' dir='ltr'>vno</span> <span class='ocrx_word' id='word_1_459' title='bbox 1182 4043 1213 4110; x_wconf 88' lang='lat' dir='ltr'>te]</span> <span class='ocrx_word' id='word_1_460' title='bbox 1231 4047 1381 4097; x_wconf 82' lang='lat' dir='ltr'>imminuata</span> <span class='ocrx_word' id='word_1_461' title='bbox 1397 4045 1474 4112; x_wconf 78' lang='lat' dir='ltr'>Lgti.</span> <span class='ocrx_word' id='word_1_462' title='bbox 1492 4072 1521 4085; x_wconf 95' lang='lat'>·-</span> 
     </span>
     <span class='ocr_line' id='line_1_41' title="bbox 199 4113 1526 4184; baseline 0.003 -18"><span class='ocrx_word' id='word_1_463' title='bbox 199 4120 221 4166; x_wconf 87' lang='lat' dir='ltr'>te</span> <span class='ocrx_word' id='word_1_464' title='bbox 237 4115 298 4164; x_wconf 89' lang='lat' dir='ltr'>Vet</span> <span class='ocrx_word' id='word_1_465' title='bbox 313 4113 433 4180; x_wconf 88' lang='lat' dir='ltr'>plerique</span> <span class='ocrx_word' id='word_1_466' title='bbox 451 4118 595 4181; x_wconf 74' lang='lat' dir='ltr'>[Zumptius</span> <span class='ocrx_word' id='word_1_467' title='bbox 612 4116 645 4166; x_wconf 90' lang='lat' dir='ltr'>de</span> <span class='ocrx_word' id='word_1_468' title='bbox 663 4117 718 4167; x_wconf 91' lang='lat' dir='ltr'>suis</span> <span class='ocrx_word' id='word_1_469' title='bbox 736 4130 787 4167; x_wconf 93' lang='lat' dir='ltr'>non</span> <span class='ocrx_word' id='word_1_470' title='bbox 800 4119 923 4167; x_wconf 86' lang='lat' dir='ltr'>accurate</span> <span class='ocrx_word' id='word_1_471' title='bbox 940 4115 1079 4182; x_wconf 86' lang='lat' dir='ltr'>loquitur):</span> <span class='ocrx_word' id='word_1_472' title='bbox 1099 4123 1122 4170; x_wconf 90' lang='lat' dir='ltr'>te</span> <span class='ocrx_word' id='word_1_473' title='bbox 1137 4125 1234 4170; x_wconf 85' lang='lat' dir='ltr'>tantvm</span> <span class='ocrx_word' id='word_1_474' title='bbox 1245 4122 1305 4172; x_wconf 84' lang='grc' dir='ltr'>ΝΟ.</span> <span class='ocrx_word' id='word_1_475' title='bbox 1325 4119 1431 4184; x_wconf 80' lang='lat' dir='ltr'>[tantmn</span> <span class='ocrx_word' id='word_1_476' title='bbox 1447 4119 1526 4171; x_wconf 86' lang='lat' dir='ltr'>abest</span> 
     </span>
     <span class='ocr_line' id='line_1_42' title="bbox 199 4190 1522 4257; baseline 0.005 -17"><span class='ocrx_word' id='word_1_477' title='bbox 199 4204 214 4240; x_wconf 92' lang='lat' dir='ltr'>a</span> <span class='ocrx_word' id='word_1_478' title='bbox 226 4190 304 4254; x_wconf 83' lang='lat' dir='ltr'>Lagg.</span> <span class='ocrx_word' id='word_1_479' title='bbox 318 4195 424 4255; x_wconf 87' lang='lat' dir='ltr'>praeter</span> <span class='ocrx_word' id='word_1_480' title='bbox 440 4192 451 4240; x_wconf 90' lang='lat' dir='ltr'>i</span> <span class='ocrx_word' id='word_1_481' title='bbox 468 4195 494 4241; x_wconf 90' lang='lat' dir='ltr'>et</span> <span class='ocrx_word' id='word_1_482' title='bbox 505 4191 556 4257; x_wconf 82' lang='lat' dir='ltr'>m]</span> <span class='ocrx_word' id='word_1_483' title='bbox 568 4219 591 4230; x_wconf 91' lang='lat'><em>-</em></span> <span class='ocrx_word' id='word_1_484' title='bbox 613 4195 652 4243; x_wconf 81' lang='lat' dir='ltr'>ie.</span> <span class='ocrx_word' id='word_1_485' title='bbox 665 4193 781 4256; x_wconf 75' lang='lat' dir='ltr'>adflictas</span> <span class='ocrx_word' id='word_1_486' title='bbox 792 4192 822 4241; x_wconf 93' lang='lat' dir='ltr'>V.</span> <span class='ocrx_word' id='word_1_487' title='bbox 839 4219 864 4228; x_wconf 92' lang='lat'>-</span> <span class='ocrx_word' id='word_1_488' title='bbox 883 4192 983 4242; x_wconf 75' lang='lat' dir='ltr'>iniuriis</span> <span class='ocrx_word' id='word_1_489' title='bbox 998 4199 1021 4243; x_wconf 88' lang='lat' dir='ltr'>et</span> <span class='ocrx_word' id='word_1_490' title='bbox 1037 4195 1197 4246; x_wconf 79' lang='lat' dir='ltr'>inomnmodis</span> <span class='ocrx_word' id='word_1_491' title='bbox 1207 4197 1244 4246; x_wconf 88' lang='lat' dir='ltr'>V:</span> <span class='ocrx_word' id='word_1_492' title='bbox 1262 4194 1362 4248; x_wconf 75' lang='lat' dir='ltr'>inimiis</span> <span class='ocrx_word' id='word_1_493' title='bbox 1375 4200 1399 4244; x_wconf 87' lang='lat' dir='ltr'>et</span> <span class='ocrx_word' id='word_1_494' title='bbox 1410 4207 1462 4246; x_wconf 90' lang='lat' dir='ltr'>om.</span> <span class='ocrx_word' id='word_1_495' title='bbox 1476 4198 1522 4246; x_wconf 90' lang='lat' dir='ltr'>ctt.</span> 
     </span>
     <span class='ocr_line' id='line_1_43' title="bbox 199 4263 1523 4336; baseline 0.003 -22"><span class='ocrx_word' id='word_1_496' title='bbox 199 4263 338 4316; x_wconf 70' lang='lat' dir='ltr'>ostitit.</span> <span class='ocrx_word' id='word_1_497' title='bbox 359 4291 386 4302; x_wconf 86' lang='lat'>·-</span> <span class='ocrx_word' id='word_1_498' title='bbox 405 4266 517 4316; x_wconf 80' lang='lat' dir='ltr'>civitates</span> <span class='ocrx_word' id='word_1_499' title='bbox 533 4267 573 4316; x_wconf 89' lang='lat' dir='ltr'>V:</span> <span class='ocrx_word' id='word_1_500' title='bbox 593 4279 645 4317; x_wconf 91' lang='lat' dir='ltr'>om.</span> <span class='ocrx_word' id='word_1_501' title='bbox 670 4269 715 4316; x_wconf 90' lang='lat' dir='ltr'>ctt.</span> <span class='ocrx_word' id='word_1_502' title='bbox 735 4266 763 4316; x_wconf 92' lang='lat'>0.</span> <span class='ocrx_word' id='word_1_503' title='bbox 786 4293 813 4302; x_wconf 94' lang='lat'><em>-</em></span> <span class='ocrx_word' id='word_1_504' title='bbox 840 4266 879 4314; x_wconf 82' lang='lat' dir='ltr'>to.</span> <span class='ocrx_word' id='word_1_505' title='bbox 897 4273 1080 4328; x_wconf 76' lang='lat' dir='ltr'>persequantur</span> <span class='ocrx_word' id='word_1_506' title='bbox 1095 4269 1258 4332; x_wconf 73' lang='lat' dir='ltr'>Lg‘tiABV</span> <span class='ocrx_word' id='word_1_507' title='bbox 1283 4271 1334 4334; x_wconf 88' lang='lat' dir='ltr'>(bic</span> <span class='ocrx_word' id='word_1_508' title='bbox 1353 4270 1523 4336; x_wconf 70' lang='lat' dir='ltr'>percensetur)</span> 
     </span>
     <span class='ocr_line' id='line_1_44' title="bbox 199 4339 1522 4408; baseline 0.005 -19"><span class='ocrx_word' id='word_1_509' title='bbox 199 4339 304 4390; x_wconf 78' lang='lat' dir='ltr'>Frena:</span> <span class='ocrx_word' id='word_1_510' title='bbox 325 4347 509 4403; x_wconf 81' lang='lat' dir='ltr'>persequantur</span> <span class='ocrx_word' id='word_1_511' title='bbox 525 4339 608 4405; x_wconf 52' lang='grc' dir='ltr'>[μὴ</span> <span class='ocrx_word' id='word_1_512' title='bbox 632 4345 810 4404; x_wconf 78' lang='lat' dir='ltr'>persequentur</span> <span class='ocrx_word' id='word_1_513' title='bbox 830 4340 878 4390; x_wconf 90' lang='lat' dir='ltr'>dtt.</span> <span class='ocrx_word' id='word_1_514' title='bbox 900 4369 926 4379; x_wconf 87' lang='lat'><em>-</em></span> <span class='ocrx_word' id='word_1_515' title='bbox 955 4343 993 4392; x_wconf 83' lang='lat' dir='ltr'>ts.</span> <span class='ocrx_word' id='word_1_516' title='bbox 1018 4349 1077 4393; x_wconf 89' lang='lat' dir='ltr'>ante</span> <span class='ocrx_word' id='word_1_517' title='bbox 1093 4344 1200 4408; x_wconf 76' lang='lat' dir='ltr'>igneis.</span> <span class='ocrx_word' id='word_1_518' title='bbox 1221 4372 1249 4382; x_wconf 86' lang='lat'>-</span> <span class='ocrx_word' id='word_1_519' title='bbox 1276 4359 1307 4396; x_wconf 92' lang='lat' dir='ltr'>ac</span> <span class='ocrx_word' id='word_1_520' title='bbox 1323 4358 1377 4396; x_wconf 88' lang='lat' dir='ltr'>orn.</span> <span class='ocrx_word' id='word_1_521' title='bbox 1396 4344 1473 4408; x_wconf 75' lang='lat' dir='ltr'>igit.</span> <span class='ocrx_word' id='word_1_522' title='bbox 1493 4369 1522 4382; x_wconf 89' lang='lat'>·-</span> 
     </span>
     <span class='ocr_line' id='line_1_45' title="bbox 199 4416 1526 4482; baseline 0.003 -16"><span class='ocrx_word' id='word_1_523' title='bbox 199 4419 273 4478; x_wconf 76' lang='lat' dir='ltr'>atque</span> <span class='ocrx_word' id='word_1_524' title='bbox 288 4416 377 4466; x_wconf 79' lang='lat' dir='ltr'>domim</span> <span class='ocrx_word' id='word_1_525' title='bbox 392 4418 458 4468; x_wconf 79' lang='lat' dir='ltr'>nmo.</span> <span class='ocrx_word' id='word_1_526' title='bbox 476 4419 508 4468; x_wconf 90' lang='lat' dir='ltr'>V.</span> <span class='ocrx_word' id='word_1_527' title='bbox 528 4445 556 4454; x_wconf 90' lang='lat'>—</span> <span class='ocrx_word' id='word_1_528' title='bbox 580 4419 620 4468; x_wconf 85' lang='grc'>49.</span> <span class='ocrx_word' id='word_1_529' title='bbox 639 4419 764 4469; x_wconf 74' lang='lat' dir='ltr'>nonnam</span> <span class='ocrx_word' id='word_1_530' title='bbox 780 4431 867 4468; x_wconf 77' lang='lat' dir='ltr'>samm</span> <span class='ocrx_word' id='word_1_531' title='bbox 888 4420 914 4468; x_wconf 88' lang='lat' dir='ltr'>et</span> <span class='ocrx_word' id='word_1_532' title='bbox 931 4432 948 4468; x_wconf 91' lang='lat' dir='ltr'>a</span> <span class='ocrx_word' id='word_1_533' title='bbox 965 4431 1018 4468; x_wconf 88' lang='lat' dir='ltr'>orn.</span> <span class='ocrx_word' id='word_1_534' title='bbox 1037 4418 1114 4482; x_wconf 75' lang='lat' dir='ltr'>igit.</span> <span class='ocrx_word' id='word_1_535' title='bbox 1134 4447 1162 4456; x_wconf 93' lang='lat'>-</span> <span class='ocrx_word' id='word_1_536' title='bbox 1184 4419 1273 4470; x_wconf 82' lang='lat' dir='ltr'>iudicis</span> <span class='ocrx_word' id='word_1_537' title='bbox 1288 4419 1369 4470; x_wconf 89' lang='lat' dir='ltr'>idem.</span> <span class='ocrx_word' id='word_1_538' title='bbox 1388 4445 1417 4456; x_wconf 90' lang='lat'>-</span> <span class='ocrx_word' id='word_1_539' title='bbox 1443 4420 1484 4470; x_wconf 78' lang='lat' dir='ltr'>io.</span> <span class='ocrx_word' id='word_1_540' title='bbox 1503 4423 1526 4470; x_wconf 87' lang='lat' dir='ltr'>et</span> 
     </span>
    </p>
   </div>
   <div class='ocr_carea' id='block_1_4' title="bbox 198 4500 1527 5082">
    <p class='ocr_par' dir='ltr' id='par_1_6' title="bbox 198 4500 1527 5082">
     <span class='ocr_line' id='line_1_46' title="bbox 1196 4500 1211 4534; baseline 0 0"><span class='ocrx_word' id='word_1_541' title='bbox 1196 4500 1211 4534; x_wconf 95' lang='lat' dir='ltr'>o</span> 
     </span>
     <span class='ocr_line' id='line_1_47' title="bbox 199 4547 1526 4616; baseline 0.004 -19"><span class='ocrx_word' id='word_1_542' title='bbox 199 4559 253 4598; x_wconf 91' lang='lat' dir='ltr'>om.</span> <span class='ocrx_word' id='word_1_543' title='bbox 264 4547 296 4597; x_wconf 90' lang='lat' dir='ltr'>V.</span> <span class='ocrx_word' id='word_1_544' title='bbox 306 4573 334 4584; x_wconf 84' lang='lat'><em>-</em></span> <span class='ocrx_word' id='word_1_545' title='bbox 351 4548 436 4610; x_wconf 82' lang='lat' dir='ltr'>irrpar.</span> <span class='ocrx_word' id='word_1_546' title='bbox 449 4549 480 4597; x_wconf 92' lang='lat' dir='ltr'>V.</span> <span class='ocrx_word' id='word_1_547' title='bbox 491 4573 519 4584; x_wconf 90' lang='lat'>-·</span> <span class='ocrx_word' id='word_1_548' title='bbox 537 4549 578 4598; x_wconf 82' lang='lat' dir='ltr'>ii.</span> <span class='ocrx_word' id='word_1_549' title='bbox 590 4555 709 4598; x_wconf 74' lang='lat' dir='ltr'>vmnvnt</span> <span class='ocrx_word' id='word_1_550' title='bbox 720 4549 788 4612; x_wconf 74' lang='lat' dir='ltr'>Lgli</span> <span class='ocrx_word' id='word_1_551' title='bbox 799 4547 871 4601; x_wconf 71' lang='lat' dir='ltr'>lb-</span> <span class='ocrx_word' id='word_1_552' title='bbox 890 4549 931 4599; x_wconf 77' lang='lat' dir='ltr'>ai.</span> <span class='ocrx_word' id='word_1_553' title='bbox 943 4549 1054 4601; x_wconf 84' lang='lat' dir='ltr'>modium</span> <span class='ocrx_word' id='word_1_554' title='bbox 1065 4553 1172 4616; x_wconf 88' lang='lat' dir='ltr'>Zumpt:</span> <span class='ocrx_word' id='word_1_555' title='bbox 1189 4553 1216 4602; x_wconf 92' lang='lat' dir='ltr'><strong><em>N</em></strong></span> <span class='ocrx_word' id='word_1_556' title='bbox 1231 4550 1311 4616; x_wconf 70' lang='lat' dir='ltr'>1.ng</span> <span class='ocrx_word' id='word_1_557' title='bbox 1328 4565 1375 4601; x_wconf 86' lang='lat' dir='ltr'>me.</span> <span class='ocrx_word' id='word_1_558' title='bbox 1396 4551 1421 4612; x_wconf 80' lang='lat' dir='ltr'>(i.</span> <span class='ocrx_word' id='word_1_559' title='bbox 1436 4564 1460 4601; x_wconf 91' lang='lat' dir='ltr'>e.</span> <span class='ocrx_word' id='word_1_560' title='bbox 1472 4563 1526 4602; x_wconf 81' lang='lat' dir='ltr'>me-</span> 
     </span>
     <span class='ocr_line' id='line_1_48' title="bbox 198 4621 1526 4708; baseline 0.001 -25"><span class='ocrx_word' id='word_1_561' title='bbox 198 4630 318 4692; x_wconf 78' lang='lat' dir='ltr'>dimnmn)</span> <span class='ocrx_word' id='word_1_562' title='bbox 336 4631 371 4689; x_wconf 72' lang='lat' dir='ltr'>Vt</span> <span class='ocrx_word' id='word_1_563' title='bbox 397 4632 599 4708; x_wconf 53' lang='lat' dir='ltr'>nudimnq-cttq</span> <span class='ocrx_word' id='word_1_564' title='bbox 626 4633 777 4682; x_wconf 81' lang='lat' dir='ltr'>vndinmam</span> <span class='ocrx_word' id='word_1_565' title='bbox 792 4635 821 4685; x_wconf 90' lang='lat'>0.</span> <span class='ocrx_word' id='word_1_566' title='bbox 850 4661 877 4670; x_wconf 83' lang='lat'>-</span> <span class='ocrx_word' id='word_1_567' title='bbox 904 4621 984 4684; x_wconf 62' lang='lat' dir='ltr'>iffa</span> <span class='ocrx_word' id='word_1_568' title='bbox 1001 4637 1096 4700; x_wconf 86' lang='lat' dir='ltr'>Zumpt</span> <span class='ocrx_word' id='word_1_569' title='bbox 1117 4634 1242 4699; x_wconf 85' lang='lat' dir='ltr'>[eundern</span> <span class='ocrx_word' id='word_1_570' title='bbox 1263 4647 1405 4686; x_wconf 88' lang='lat' dir='ltr'>numerum</span> <span class='ocrx_word' id='word_1_571' title='bbox 1426 4633 1526 4685; x_wconf 89' lang='lat' dir='ltr'>babent</span> 
     </span>
     <span class='ocr_line' id='line_1_49' title="bbox 198 4717 1524 4779; baseline 0.001 -11"><span class='ocrx_word' id='word_1_572' title='bbox 198 4719 276 4779; x_wconf 83' lang='lat' dir='ltr'>Lagg.</span> <span class='ocrx_word' id='word_1_573' title='bbox 297 4717 403 4778; x_wconf 86' lang='lat' dir='ltr'>practer</span> <span class='ocrx_word' id='word_1_574' title='bbox 418 4717 459 4767; x_wconf 73' lang='lat'>29:</span> <span class='ocrx_word' id='word_1_575' title='bbox 478 4717 586 4778; x_wconf 72' lang='lat' dir='ltr'>itinn:</span> <span class='ocrx_word' id='word_1_576' title='bbox 613 4729 653 4766; x_wconf 80' lang='lat' dir='ltr'>crs</span> <span class='ocrx_word' id='word_1_577' title='bbox 670 4729 709 4768; x_wconf 81' lang='lat' dir='ltr'>cm</span> <span class='ocrx_word' id='word_1_578' title='bbox 726 4729 765 4768; x_wconf 82' lang='lat' dir='ltr'>cm</span> <span class='ocrx_word' id='word_1_579' title='bbox 782 4718 824 4767; x_wconf 90' lang='lat' dir='ltr'>Or.</span> <span class='ocrx_word' id='word_1_580' title='bbox 844 4731 876 4768; x_wconf 89' lang='lat' dir='ltr'>ex</span> <span class='ocrx_word' id='word_1_581' title='bbox 893 4719 997 4768; x_wconf 86' lang='lat' dir='ltr'>Hotom.</span> <span class='ocrx_word' id='word_1_582' title='bbox 1017 4719 1084 4768; x_wconf 88' lang='lat' dir='ltr'>coni.</span> <span class='ocrx_word' id='word_1_583' title='bbox 1109 4720 1138 4768; x_wconf 90' lang='lat' dir='ltr'>ln</span> <span class='ocrx_word' id='word_1_584' title='bbox 1149 4720 1173 4768; x_wconf 91' lang='lat' dir='ltr'><strong>V</strong></span> <span class='ocrx_word' id='word_1_585' title='bbox 1187 4720 1253 4770; x_wconf 87' lang='lat' dir='ltr'>teste</span> <span class='ocrx_word' id='word_1_586' title='bbox 1271 4720 1338 4770; x_wconf 84' lang='lat' dir='ltr'>bloio</span> <span class='ocrx_word' id='word_1_587' title='bbox 1356 4719 1397 4770; x_wconf 90' lang='lat' dir='ltr'>est</span> <span class='ocrx_word' id='word_1_588' title='bbox 1417 4719 1524 4770; x_wconf 84' lang='grc' dir='ltr'><strong><em>ΧΧΧΙΙΙ.</em></strong></span> 
     </span>
     <span class='ocr_line' id='line_1_50' title="bbox 199 4789 1525 4858; baseline 0.001 -15"><span class='ocrx_word' id='word_1_589' title='bbox 199 4792 251 4843; x_wconf 81' lang='lat' dir='ltr'>itit</span> <span class='ocrx_word' id='word_1_590' title='bbox 266 4805 291 4836; x_wconf 82' lang='lat' dir='ltr'>oo</span> <span class='ocrx_word' id='word_1_591' title='bbox 310 4803 335 4836; x_wconf 85' lang='grc' dir='ltr'>οο</span> <span class='ocrx_word' id='word_1_592' title='bbox 350 4789 379 4838; x_wconf 87' lang='grc' dir='ltr'>Χ.</span> <span class='ocrx_word' id='word_1_593' title='bbox 406 4790 457 4840; x_wconf 89' lang='lat' dir='ltr'>sed</span> <span class='ocrx_word' id='word_1_594' title='bbox 474 4791 604 4842; x_wconf 88' lang='lat' dir='ltr'>Brunnius</span> <span class='ocrx_word' id='word_1_595' title='bbox 620 4791 697 4855; x_wconf 89' lang='lat' dir='ltr'>primi</span> <span class='ocrx_word' id='word_1_596' title='bbox 715 4791 835 4843; x_wconf 82' lang='lat' dir='ltr'>dentonis</span> <span class='ocrx_word' id='word_1_597' title='bbox 852 4793 987 4844; x_wconf 86' lang='lat' dir='ltr'>dimidiam</span> <span class='ocrx_word' id='word_1_598' title='bbox 1004 4793 1140 4844; x_wconf 86' lang='lat' dir='ltr'>dumtaxat</span> <span class='ocrx_word' id='word_1_599' title='bbox 1157 4798 1260 4858; x_wconf 86' lang='lat' dir='ltr'>partem</span> <span class='ocrx_word' id='word_1_600' title='bbox 1274 4794 1339 4844; x_wconf 84' lang='lat' dir='ltr'>vidit</span> <span class='ocrx_word' id='word_1_601' title='bbox 1355 4797 1382 4844; x_wconf 88' lang='lat' dir='ltr'>et</span> <span class='ocrx_word' id='word_1_602' title='bbox 1398 4794 1525 4858; x_wconf 90' lang='lat' dir='ltr'>deinceps</span> 
     </span>
     <span class='ocr_line' id='line_1_51' title="bbox 201 4863 1524 4931; baseline 0.002 -15"><span class='ocrx_word' id='word_1_603' title='bbox 201 4877 260 4916; x_wconf 90' lang='lat' dir='ltr'>esse</span> <span class='ocrx_word' id='word_1_604' title='bbox 278 4863 336 4922; x_wconf 83' lang='lat' dir='ltr'>llll,</span> <span class='ocrx_word' id='word_1_605' title='bbox 363 4878 416 4914; x_wconf 91' lang='lat' dir='ltr'>non</span> <span class='ocrx_word' id='word_1_606' title='bbox 433 4866 479 4928; x_wconf 82' lang='grc' dir='ltr'><em>ΙΙΙ,</em></span> <span class='ocrx_word' id='word_1_607' title='bbox 506 4865 628 4915; x_wconf 82' lang='lat' dir='ltr'>affirmat.</span> <span class='ocrx_word' id='word_1_608' title='bbox 655 4865 731 4930; x_wconf 89' lang='lat' dir='ltr'>Apud</span> <span class='ocrx_word' id='word_1_609' title='bbox 752 4872 829 4918; x_wconf 85' lang='lat' dir='ltr'>Arus.</span> <span class='ocrx_word' id='word_1_610' title='bbox 852 4868 885 4917; x_wconf 86' lang='lat' dir='ltr'>bl.</span> <span class='ocrx_word' id='word_1_611' title='bbox 904 4880 930 4931; x_wconf 94' lang='lat' dir='ltr'>p.</span> <span class='ocrx_word' id='word_1_612' title='bbox 948 4868 1005 4918; x_wconf 77' lang='lat' dir='ltr'>its.</span> <span class='ocrx_word' id='word_1_613' title='bbox 1028 4871 1093 4920; x_wconf 86' lang='lat' dir='ltr'>mod.</span> <span class='ocrx_word' id='word_1_614' title='bbox 1115 4871 1249 4921; x_wconf 66' lang='lat' dir='ltr'>imni!</span> <span class='ocrx_word' id='word_1_615' title='bbox 1268 4871 1295 4922; x_wconf 91' lang='lat' dir='ltr'>in</span> <span class='ocrx_word' id='word_1_616' title='bbox 1312 4869 1373 4922; x_wconf 93' lang='lat' dir='ltr'>cod.</span> <span class='ocrx_word' id='word_1_617' title='bbox 1391 4868 1524 4930; x_wconf 83' lang='lat' dir='ltr'>Ambros,</span> 
     </span>
     <span class='ocr_line' id='line_1_52' title="bbox 199 4940 1526 5011; baseline 0.001 -19"><span class='ocrx_word' id='word_1_618' title='bbox 199 4941 290 4992; x_wconf 82' lang='lat' dir='ltr'>Xlllll</span> <span class='ocrx_word' id='word_1_619' title='bbox 302 4941 333 4988; x_wconf 69' lang='grc' dir='ltr'>Ξ</span> <span class='ocrx_word' id='word_1_620' title='bbox 352 4941 379 4990; x_wconf 91' lang='lat' dir='ltr'>in</span> <span class='ocrx_word' id='word_1_621' title='bbox 397 4940 456 4991; x_wconf 93' lang='lat' dir='ltr'>cod.</span> <span class='ocrx_word' id='word_1_622' title='bbox 476 4941 542 4990; x_wconf 85' lang='lat' dir='ltr'>Gud.</span> <span class='ocrx_word' id='word_1_623' title='bbox 563 4967 588 4978; x_wconf 92' lang='lat'>··</span> <span class='ocrx_word' id='word_1_624' title='bbox 608 4941 703 4991; x_wconf 81' lang='lat' dir='ltr'>Atidivs</span> <span class='ocrx_word' id='word_1_625' title='bbox 718 4941 880 5004; x_wconf 76' lang='lat' dir='ltr'>nigrati:</span> <span class='ocrx_word' id='word_1_626' title='bbox 907 4943 1014 4993; x_wconf 81' lang='lat' dir='ltr'>Attidius</span> <span class='ocrx_word' id='word_1_627' title='bbox 1030 4945 1092 5005; x_wconf 89' lang='lat' dir='ltr'>dtt.;</span> <span class='ocrx_word' id='word_1_628' title='bbox 1119 4947 1222 5011; x_wconf 70' lang='lat' dir='ltr'>Atttdias</span> <span class='ocrx_word' id='word_1_629' title='bbox 1238 4946 1275 5006; x_wconf 74' lang='lat' dir='ltr'>V,</span> <span class='ocrx_word' id='word_1_630' title='bbox 1301 4955 1367 5009; x_wconf 72' lang='lat' dir='ltr'>«qua</span> <span class='ocrx_word' id='word_1_631' title='bbox 1384 4944 1526 5008; x_wconf 85' lang='lat' dir='ltr'>scriptione</span> 
     </span>
     <span class='ocr_line' id='line_1_53' title="bbox 201 5014 1527 5082; baseline 0.001 -15"><span class='ocrx_word' id='word_1_632' title='bbox 201 5016 374 5081; x_wconf 80' lang='lat' dir='ltr'>significatur,</span> <span class='ocrx_word' id='word_1_633' title='bbox 393 5019 423 5066; x_wconf 89' lang='lat' dir='ltr'>nt</span> <span class='ocrx_word' id='word_1_634' title='bbox 439 5029 512 5077; x_wconf 85' lang='lat' dir='ltr'>reor,</span> <span class='ocrx_word' id='word_1_635' title='bbox 531 5017 603 5066; x_wconf 85' lang='lat' dir='ltr'>varin</span> <span class='ocrx_word' id='word_1_636' title='bbox 620 5014 698 5066; x_wconf 86' lang='lat' dir='ltr'>lectio</span> <span class='ocrx_word' id='word_1_637' title='bbox 714 5016 810 5066; x_wconf 81' lang='lat' dir='ltr'>Atidias</span> <span class='ocrx_word' id='word_1_638' title='bbox 827 5017 853 5066; x_wconf 86' lang='lat' dir='ltr'>et</span> <span class='ocrx_word' id='word_1_639' title='bbox 867 5017 1003 5082; x_wconf 64' lang='lat' dir='ltr'>Aufidiae.»</span> <span class='ocrx_word' id='word_1_640' title='bbox 1021 5019 1080 5069; x_wconf 80' lang='lat' dir='ltr'>Mar.</span> <span class='ocrx_word' id='word_1_641' title='bbox 1106 5020 1222 5070; x_wconf 85' lang='lat' dir='ltr'>Brunnio</span> <span class='ocrx_word' id='word_1_642' title='bbox 1238 5023 1306 5071; x_wconf 91' lang='lat' dir='ltr'>teste</span> <span class='ocrx_word' id='word_1_643' title='bbox 1324 5021 1350 5069; x_wconf 90' lang='lat' dir='ltr'>in</span> <span class='ocrx_word' id='word_1_644' title='bbox 1367 5019 1459 5069; x_wconf 89' lang='lat' dir='ltr'>codice</span> <span class='ocrx_word' id='word_1_645' title='bbox 1476 5017 1527 5082; x_wconf 85' lang='lat' dir='ltr'>legi</span> 
     </span>
    </p>
   </div>
   <div class='ocr_carea' id='block_1_5' title="bbox 201 5089 1525 5236">
    <p class='ocr_par' dir='ltr' id='par_1_7' title="bbox 201 5089 1525 5236">
     <span class='ocr_line' id='line_1_54' title="bbox 201 5089 1525 5159; baseline 0.002 -18"><span class='ocrx_word' id='word_1_646' title='bbox 201 5093 289 5156; x_wconf 86' lang='lat' dir='ltr'>potest</span> <span class='ocrx_word' id='word_1_647' title='bbox 309 5091 389 5142; x_wconf 86' lang='lat' dir='ltr'>etiam</span> <span class='ocrx_word' id='word_1_648' title='bbox 406 5093 517 5157; x_wconf 68' lang='lat' dir='ltr'>Atfldtus.</span> <span class='ocrx_word' id='word_1_649' title='bbox 543 5119 570 5128; x_wconf 92' lang='lat'>—</span> <span class='ocrx_word' id='word_1_650' title='bbox 597 5091 655 5143; x_wconf 82' lang='lat' dir='ltr'>itera</span> <span class='ocrx_word' id='word_1_651' title='bbox 670 5093 740 5143; x_wconf 77' lang='lat' dir='ltr'>istius</span> <span class='ocrx_word' id='word_1_652' title='bbox 755 5089 873 5157; x_wconf 72' lang='lat' dir='ltr'>igitr:</span> <span class='ocrx_word' id='word_1_653' title='bbox 895 5091 966 5143; x_wconf 79' lang='lat' dir='ltr'>istitn</span> <span class='ocrx_word' id='word_1_654' title='bbox 980 5094 1040 5145; x_wconf 85' lang='lat' dir='ltr'>item</span> <span class='ocrx_word' id='word_1_655' title='bbox 1055 5095 1078 5144; x_wconf 89' lang='lat' dir='ltr'><strong>V</strong></span> <span class='ocrx_word' id='word_1_656' title='bbox 1093 5095 1167 5159; x_wconf 75' lang='lat' dir='ltr'>(lin),</span> <span class='ocrx_word' id='word_1_657' title='bbox 1191 5097 1236 5146; x_wconf 91' lang='lat' dir='ltr'>ctt.</span> <span class='ocrx_word' id='word_1_658' title='bbox 1250 5095 1285 5154; x_wconf 87' lang='lat'>0;</span> <span class='ocrx_word' id='word_1_659' title='bbox 1307 5107 1423 5146; x_wconf 70' lang='lat' dir='ltr'>accersam</span> <span class='ocrx_word' id='word_1_660' title='bbox 1442 5094 1525 5157; x_wconf 74' lang='lat' dir='ltr'>istisce,</span> 
     </span>
     <span class='ocr_line' id='line_1_55' title="bbox 201 5166 545 5236; baseline -0.009 -17"><span class='ocrx_word' id='word_1_661' title='bbox 201 5169 259 5220; x_wconf 83' lang='lat' dir='ltr'>item</span> <span class='ocrx_word' id='word_1_662' title='bbox 275 5166 307 5220; x_wconf 86' lang='lat' dir='ltr'>sl.</span> <span class='ocrx_word' id='word_1_663' title='bbox 327 5169 353 5221; x_wconf 91' lang='lat' dir='ltr'>iu</span> <span class='ocrx_word' id='word_1_664' title='bbox 370 5180 453 5236; x_wconf 75' lang='lat' dir='ltr'>marg.</span> <span class='ocrx_word' id='word_1_665' title='bbox 473 5166 545 5222; x_wconf 74' lang='grc'>4584.</span> 
     </span>
    </p>
   </div>
   <div class='ocr_carea' id='block_1_6' title="bbox 0 0 1832 5868">
    <p class='ocr_par' dir='ltr' id='par_1_8' title="bbox 0 0 1832 5868">
     <span class='ocr_line' id='line_1_56' title="bbox 0 0 1832 5868; baseline 0 0"><span class='ocrx_word' id='word_1_666' title='bbox 0 0 1832 5868; x_wconf 95' lang='lat' dir='ltr'> </span> 
     </span>
    </p>
   </div>
  </div>
 </body>
</html>
