<?xml version="1.0" encoding="UTF-8"?>
<!DOCTYPE html PUBLIC "-//W3C//DTD XHTML 1.0 Transitional//EN"
    "http://www.w3.org/TR/xhtml1/DTD/xhtml1-transitional.dtd">
<html xmlns="http://www.w3.org/1999/xhtml" xml:lang="en" lang="en">
 <head>
  <title>
</title>
<meta http-equiv="Content-Type" content="text/html;charset=utf-8" />
  <meta name='ocr-system' content='tesseract 3.04.00' />
  <meta name='ocr-capabilities' content='ocr_page ocr_carea ocr_par ocr_line ocrx_word'/>
</head>
<body>
  <div class='ocr_page' id='page_1' title='image "./mtulliiciceroni00baitgoog_0770.png"; bbox 0 0 3644 5874; ppageno 0'>
   <div class='ocr_carea' id='block_1_1' title="bbox 127 1157 151 1286">
    <p class='ocr_par' dir='ltr' id='par_1_1' title="bbox 127 1157 151 1286">
     <span class='ocr_line' id='line_1_1' title="bbox 127 1157 151 1286; baseline 0 0"><span class='ocrx_word' id='word_1_1' title='bbox 127 1157 151 1286; x_wconf 78' lang='lat' dir='ltr'>i</span> 
     </span>
    </p>
   </div>
   <div class='ocr_carea' id='block_1_2' title="bbox 266 325 1177 396">
    <p class='ocr_par' dir='ltr' id='par_1_2' title="bbox 266 325 1177 396">
     <span class='ocr_line' id='line_1_2' title="bbox 266 325 1177 396; baseline 0.002 -6"><span class='ocrx_word' id='word_1_2' title='bbox 266 325 327 394; x_wconf 79' lang='lat' dir='ltr'>itt</span> <span class='ocrx_word' id='word_1_3' title='bbox 675 327 827 396; x_wconf 78' lang='lat' dir='ltr'>ORATIO</span> <span class='ocrx_word' id='word_1_4' title='bbox 853 327 931 392; x_wconf 82' lang='lat' dir='ltr'>Pno</span> <span class='ocrx_word' id='word_1_5' title='bbox 954 328 989 392; x_wconf 88' lang='lat' dir='ltr'>L.</span> <span class='ocrx_word' id='word_1_6' title='bbox 1011 329 1177 393; x_wconf 82' lang='lat' dir='ltr'>billllENd</span> 
     </span>
    </p>
   </div>
   <div class='ocr_carea' id='block_1_3' title="bbox 236 498 1598 2820">
    <p class='ocr_par' dir='ltr' id='par_1_3' title="bbox 236 498 1598 2820">
     <span class='ocr_line' id='line_1_3' title="bbox 268 498 1598 584; baseline 0 -19"><span class='ocrx_word' id='word_1_7' title='bbox 268 503 309 565; x_wconf 91' lang='lat' dir='ltr'>sit</span> <span class='ocrx_word' id='word_1_8' title='bbox 331 521 385 576; x_wconf 89' lang='lat' dir='ltr'>eo,</span> <span class='ocrx_word' id='word_1_9' title='bbox 415 519 479 584; x_wconf 89' lang='lat' dir='ltr'>quo</span> <span class='ocrx_word' id='word_1_10' title='bbox 503 517 628 580; x_wconf 89' lang='lat' dir='ltr'>semper</span> <span class='ocrx_word' id='word_1_11' title='bbox 648 498 696 560; x_wconf 91' lang='lat' dir='ltr'>usi</span> <span class='ocrx_word' id='word_1_12' title='bbox 719 503 852 560; x_wconf 75' lang='lat' dir='ltr'>sumus?</span> <span class='ocrx_word' id='word_1_13' title='bbox 885 499 1038 562; x_wconf 82' lang='lat' dir='ltr'>Homines</span> <span class='ocrx_word' id='word_1_14' title='bbox 1065 507 1177 562; x_wconf 92' lang='lat' dir='ltr'>tenues</span> <span class='ocrx_word' id='word_1_15' title='bbox 1205 521 1301 564; x_wconf 92' lang='lat' dir='ltr'>unum</span> <span class='ocrx_word' id='word_1_16' title='bbox 1329 501 1448 564; x_wconf 83' lang='lat' dir='ltr'>babent</span> <span class='ocrx_word' id='word_1_17' title='bbox 1475 503 1509 564; x_wconf 93' lang='lat' dir='ltr'>in</span> <span class='ocrx_word' id='word_1_18' title='bbox 1530 522 1598 566; x_wconf 89' lang='lat' dir='ltr'>no·</span> 
     </span>
     <span class='ocr_line' id='line_1_4' title="bbox 269 591 1597 674; baseline -0.001 -15"><span class='ocrx_word' id='word_1_19' title='bbox 269 604 368 659; x_wconf 90' lang='lat' dir='ltr'>strum</span> <span class='ocrx_word' id='word_1_20' title='bbox 398 592 540 655; x_wconf 84' lang='lat' dir='ltr'><strong>ordinem</strong></span> <span class='ocrx_word' id='word_1_21' title='bbox 567 599 622 654; x_wconf 87' lang='lat' dir='ltr'>aut</span> <span class='ocrx_word' id='word_1_22' title='bbox 650 591 850 674; x_wconf 86' lang='lat' dir='ltr'>promerendi</span> <span class='ocrx_word' id='word_1_23' title='bbox 879 601 934 656; x_wconf 87' lang='lat' dir='ltr'>aut</span> <span class='ocrx_word' id='word_1_24' title='bbox 954 593 1109 656; x_wconf 83' lang='lat' dir='ltr'>referendi</span> <span class='ocrx_word' id='word_1_25' title='bbox 1131 593 1279 658; x_wconf 88' lang='lat' dir='ltr'>beneficii</span> <span class='ocrx_word' id='word_1_26' title='bbox 1301 594 1421 668; x_wconf 87' lang='lat' dir='ltr'>locum,</span> <span class='ocrx_word' id='word_1_27' title='bbox 1451 595 1535 659; x_wconf 87' lang='lat' dir='ltr'>banc</span> <span class='ocrx_word' id='word_1_28' title='bbox 1558 597 1597 658; x_wconf 91' lang='lat' dir='ltr'>in</span> 
     </span>
     <span class='ocr_line' id='line_1_5' title="bbox 269 685 1597 772; baseline -0.001 -19"><span class='ocrx_word' id='word_1_29' title='bbox 269 689 384 753; x_wconf 88' lang='lat' dir='ltr'>nostris</span> <span class='ocrx_word' id='word_1_30' title='bbox 405 686 611 771; x_wconf 81' lang='lat' dir='ltr'>petitionibus</span> <span class='ocrx_word' id='word_1_31' title='bbox 626 705 755 767; x_wconf 87' lang='lat' dir='ltr'>operam</span> <span class='ocrx_word' id='word_1_32' title='bbox 770 691 866 769; x_wconf 90' lang='lat' dir='ltr'>atque</span> <span class='ocrx_word' id='word_1_33' title='bbox 881 687 1138 750; x_wconf 71' lang='lat' dir='ltr'>adsentationem.</span> <span class='ocrx_word' id='word_1_34' title='bbox 1170 689 1280 772; x_wconf 89' lang='lat' dir='ltr'>Neque</span> <span class='ocrx_word' id='word_1_35' title='bbox 1295 687 1379 750; x_wconf 91' lang='lat' dir='ltr'>enim</span> <span class='ocrx_word' id='word_1_36' title='bbox 1393 685 1461 752; x_wconf 84' lang='lat' dir='ltr'>lieri</span> <span class='ocrx_word' id='word_1_37' title='bbox 1475 695 1597 771; x_wconf 87' lang='lat' dir='ltr'>potest,</span> 
     </span>
     <span class='ocr_line' id='line_1_6' title="bbox 271 778 1598 865; baseline -0.001 -20"><span class='ocrx_word' id='word_1_38' title='bbox 271 802 375 865; x_wconf 88' lang='lat' dir='ltr'>neque</span> <span class='ocrx_word' id='word_1_39' title='bbox 395 778 619 864; x_wconf 90' lang='lat' dir='ltr'>postulandum</span> <span class='ocrx_word' id='word_1_40' title='bbox 643 786 691 841; x_wconf 86' lang='lat' dir='ltr'>est</span> <span class='ocrx_word' id='word_1_41' title='bbox 712 799 730 842; x_wconf 87' lang='lat' dir='ltr'>a</span> <span class='ocrx_word' id='word_1_42' title='bbox 752 780 845 842; x_wconf 88' lang='lat' dir='ltr'>nobis</span> <span class='ocrx_word' id='word_1_43' title='bbox 867 787 922 842; x_wconf 87' lang='lat' dir='ltr'>aut</span> <span class='ocrx_word' id='word_1_44' title='bbox 944 780 983 843; x_wconf 88' lang='lat' dir='ltr'>ab</span> <span class='ocrx_word' id='word_1_45' title='bbox 1005 781 1165 864; x_wconf 90' lang='lat' dir='ltr'>equitibus</span> <span class='ocrx_word' id='word_1_46' title='bbox 1187 781 1354 855; x_wconf 85' lang='lat' dir='ltr'>llomanis,</span> <span class='ocrx_word' id='word_1_47' title='bbox 1380 788 1417 843; x_wconf 89' lang='lat' dir='ltr'>ut</span> <span class='ocrx_word' id='word_1_48' title='bbox 1437 801 1514 845; x_wconf 87' lang='lat' dir='ltr'>suos</span> <span class='ocrx_word' id='word_1_49' title='bbox 1535 801 1598 844; x_wconf 84' lang='lat' dir='ltr'>ne-</span> 
     </span>
     <span class='ocr_line' id='line_1_7' title="bbox 246 872 1596 958; baseline 0 -20"><span class='ocrx_word' id='word_1_50' title='bbox 246 877 423 940; x_wconf 80' lang='lat' dir='ltr'>scesssrios</span> <span class='ocrx_word' id='word_1_51' title='bbox 453 872 638 936; x_wconf 87' lang='lat' dir='ltr'>candidatos</span> <span class='ocrx_word' id='word_1_52' title='bbox 668 874 869 936; x_wconf 79' lang='lat' dir='ltr'>adsectentur</span> <span class='ocrx_word' id='word_1_53' title='bbox 895 880 980 936; x_wconf 93' lang='lat' dir='ltr'>totos</span> <span class='ocrx_word' id='word_1_54' title='bbox 1010 873 1094 936; x_wconf 85' lang='lat' dir='ltr'>dies:</span> <span class='ocrx_word' id='word_1_55' title='bbox 1125 894 1143 936; x_wconf 89' lang='lat' dir='ltr'>a</span> <span class='ocrx_word' id='word_1_56' title='bbox 1164 875 1278 958; x_wconf 89' lang='lat' dir='ltr'>quibus</span> <span class='ocrx_word' id='word_1_57' title='bbox 1301 875 1327 936; x_wconf 91' lang='lat' dir='ltr'>si</span> <span class='ocrx_word' id='word_1_58' title='bbox 1348 874 1461 938; x_wconf 88' lang='lat' dir='ltr'>domus</span> <span class='ocrx_word' id='word_1_59' title='bbox 1483 883 1596 939; x_wconf 85' lang='lat' dir='ltr'>nostra</span> 
     </span>
     <span class='ocr_line' id='line_1_8' title="bbox 271 965 1598 1052; baseline -0.002 -19"><span class='ocrx_word' id='word_1_60' title='bbox 271 971 462 1042; x_wconf 88' lang='lat' dir='ltr'>celebratur,</span> <span class='ocrx_word' id='word_1_61' title='bbox 485 967 511 1028; x_wconf 91' lang='lat' dir='ltr'>si</span> <span class='ocrx_word' id='word_1_62' title='bbox 532 965 691 1029; x_wconf 88' lang='lat' dir='ltr'>interdum</span> <span class='ocrx_word' id='word_1_63' title='bbox 714 966 753 1028; x_wconf 86' lang='lat' dir='ltr'>ad</span> <span class='ocrx_word' id='word_1_64' title='bbox 774 965 874 1030; x_wconf 85' lang='lat' dir='ltr'>iorum</span> <span class='ocrx_word' id='word_1_65' title='bbox 898 965 1099 1040; x_wconf 83' lang='lat' dir='ltr'>deducimur,</span> <span class='ocrx_word' id='word_1_66' title='bbox 1121 967 1148 1030; x_wconf 90' lang='lat' dir='ltr'>si</span> <span class='ocrx_word' id='word_1_67' title='bbox 1170 987 1234 1030; x_wconf 90' lang='lat' dir='ltr'>uno</span> <span class='ocrx_word' id='word_1_68' title='bbox 1248 967 1398 1030; x_wconf 88' lang='lat' dir='ltr'>basilicae</span> <span class='ocrx_word' id='word_1_69' title='bbox 1412 969 1516 1052; x_wconf 90' lang='lat' dir='ltr'>spatio</span> <span class='ocrx_word' id='word_1_70' title='bbox 1532 968 1598 1031; x_wconf 93' lang='lat' dir='ltr'>bo-</span> 
     </span>
     <span class='ocr_line' id='line_1_9' title="bbox 271 1059 1598 1141; baseline -0.002 -14"><span class='ocrx_word' id='word_1_71' title='bbox 271 1072 446 1136; x_wconf 88' lang='lat' dir='ltr'>nestumnr,</span> <span class='ocrx_word' id='word_1_72' title='bbox 469 1059 634 1141; x_wconf 77' lang='lat' dir='ltr'>diligenter</span> <span class='ocrx_word' id='word_1_73' title='bbox 654 1059 812 1123; x_wconf 86' lang='lat' dir='ltr'>observari</span> <span class='ocrx_word' id='word_1_74' title='bbox 833 1060 978 1124; x_wconf 84' lang='lat' dir='ltr'>videmur</span> <span class='ocrx_word' id='word_1_75' title='bbox 999 1067 1031 1121; x_wconf 91' lang='lat' dir='ltr'>et</span> <span class='ocrx_word' id='word_1_76' title='bbox 1051 1059 1132 1123; x_wconf 91' lang='lat' dir='ltr'>coli:</span> <span class='ocrx_word' id='word_1_77' title='bbox 1163 1061 1342 1124; x_wconf 88' lang='lat' dir='ltr'>tenuiorum</span> <span class='ocrx_word' id='word_1_78' title='bbox 1362 1061 1537 1126; x_wconf 85' lang='lat' dir='ltr'>amicorum</span> <span class='ocrx_word' id='word_1_79' title='bbox 1560 1070 1598 1124; x_wconf 89' lang='lat' dir='ltr'>et</span> 
     </span>
     <span class='ocr_line' id='line_1_10' title="bbox 271 1153 1595 1239; baseline -0.002 -18"><span class='ocrx_word' id='word_1_80' title='bbox 271 1179 335 1221; x_wconf 95' lang='lat' dir='ltr'>non</span> <span class='ocrx_word' id='word_1_81' title='bbox 357 1162 580 1239; x_wconf 90' lang='lat' dir='ltr'>occupatorum</span> <span class='ocrx_word' id='word_1_82' title='bbox 603 1160 651 1216; x_wconf 90' lang='lat' dir='ltr'>est</span> <span class='ocrx_word' id='word_1_83' title='bbox 671 1154 732 1226; x_wconf 76' lang='lat' dir='ltr'>ista</span> <span class='ocrx_word' id='word_1_84' title='bbox 753 1153 936 1230; x_wconf 84' lang='lat' dir='ltr'>assiduitas,</span> <span class='ocrx_word' id='word_1_85' title='bbox 964 1173 1101 1236; x_wconf 91' lang='lat' dir='ltr'>quorum</span> <span class='ocrx_word' id='word_1_86' title='bbox 1123 1155 1214 1238; x_wconf 90' lang='lat' dir='ltr'>copia</span> <span class='ocrx_word' id='word_1_87' title='bbox 1233 1154 1324 1217; x_wconf 87' lang='lat' dir='ltr'>bonis</span> <span class='ocrx_word' id='word_1_88' title='bbox 1345 1155 1421 1218; x_wconf 83' lang='lat' dir='ltr'>viris</span> <span class='ocrx_word' id='word_1_89' title='bbox 1442 1163 1475 1217; x_wconf 90' lang='lat' dir='ltr'>et</span> <span class='ocrx_word' id='word_1_90' title='bbox 1494 1153 1595 1218; x_wconf 88' lang='lat' dir='ltr'>bene-</span> 
     </span>
     <span class='ocr_line' id='line_1_11' title="bbox 272 1241 1596 1331; baseline -0.002 -17"><span class='ocrx_word' id='word_1_91' title='bbox 272 1250 338 1314; x_wconf 89' lang='lat' dir='ltr'>licis</span> <span class='ocrx_word' id='word_1_92' title='bbox 359 1251 469 1312; x_wconf 87' lang='lat' dir='ltr'>deesse</span> <span class='ocrx_word' id='word_1_93' title='bbox 491 1266 555 1309; x_wconf 96' lang='lat' dir='ltr'>non</span> <span class='ocrx_word' id='word_1_94' title='bbox 576 1245 667 1309; x_wconf 88' lang='lat' dir='ltr'>solet.</span> <span class='ocrx_word' id='word_1_95' title='bbox 710 1241 760 1307; x_wconf 90' lang='lat' dir='ltr'>7t.</span> <span class='ocrx_word' id='word_1_96' title='bbox 779 1246 852 1309; x_wconf 91' lang='lat' dir='ltr'>Noli</span> <span class='ocrx_word' id='word_1_97' title='bbox 873 1247 968 1329; x_wconf 78' lang='lat' dir='ltr'>igitur</span> <span class='ocrx_word' id='word_1_98' title='bbox 988 1249 1108 1331; x_wconf 87' lang='lat' dir='ltr'>eripere</span> <span class='ocrx_word' id='word_1_99' title='bbox 1129 1246 1214 1310; x_wconf 90' lang='lat' dir='ltr'>hune</span> <span class='ocrx_word' id='word_1_100' title='bbox 1236 1247 1379 1310; x_wconf 81' lang='lat' dir='ltr'>inferiori</span> <span class='ocrx_word' id='word_1_101' title='bbox 1402 1250 1510 1330; x_wconf 72' lang='lat' dir='ltr'>generi</span> <span class='ocrx_word' id='word_1_102' title='bbox 1532 1249 1596 1312; x_wconf 91' lang='lat' dir='ltr'>bo-</span> 
     </span>
     <span class='ocr_line' id='line_1_12' title="bbox 236 1337 1594 1424; baseline -0.002 -17"><span class='ocrx_word' id='word_1_103' title='bbox 236 1345 391 1407; x_wconf 82' lang='lat' dir='ltr'>eominum</span> <span class='ocrx_word' id='word_1_104' title='bbox 412 1342 548 1404; x_wconf 83' lang='lat' dir='ltr'>fructum</span> <span class='ocrx_word' id='word_1_105' title='bbox 571 1337 679 1414; x_wconf 88' lang='lat' dir='ltr'>officii,</span> <span class='ocrx_word' id='word_1_106' title='bbox 703 1340 798 1403; x_wconf 86' lang='lat' dir='ltr'>Cato:</span> <span class='ocrx_word' id='word_1_107' title='bbox 825 1340 893 1402; x_wconf 89' lang='lat' dir='ltr'>sine</span> <span class='ocrx_word' id='word_1_108' title='bbox 914 1361 987 1414; x_wconf 90' lang='lat' dir='ltr'>eos,</span> <span class='ocrx_word' id='word_1_109' title='bbox 1011 1341 1066 1424; x_wconf 95' lang='lat' dir='ltr'>qui</span> <span class='ocrx_word' id='word_1_110' title='bbox 1088 1342 1193 1405; x_wconf 92' lang='lat' dir='ltr'>omnia</span> <span class='ocrx_word' id='word_1_111' title='bbox 1214 1360 1232 1403; x_wconf 88' lang='lat' dir='ltr'>a</span> <span class='ocrx_word' id='word_1_112' title='bbox 1254 1341 1345 1403; x_wconf 88' lang='lat' dir='ltr'>nobis</span> <span class='ocrx_word' id='word_1_113' title='bbox 1367 1348 1512 1424; x_wconf 87' lang='lat' dir='ltr'>sperant,</span> <span class='ocrx_word' id='word_1_114' title='bbox 1535 1342 1594 1404; x_wconf 85' lang='lat' dir='ltr'>ba-</span> 
     </span>
     <span class='ocr_line' id='line_1_13' title="bbox 270 1432 1595 1519; baseline -0.002 -18"><span class='ocrx_word' id='word_1_115' title='bbox 270 1441 345 1502; x_wconf 86' lang='lat' dir='ltr'>bere</span> <span class='ocrx_word' id='word_1_116' title='bbox 374 1436 462 1519; x_wconf 88' lang='lat' dir='ltr'>ipsos</span> <span class='ocrx_word' id='word_1_117' title='bbox 489 1454 617 1517; x_wconf 90' lang='lat' dir='ltr'>quoque</span> <span class='ocrx_word' id='word_1_118' title='bbox 643 1432 781 1516; x_wconf 87' lang='lat' dir='ltr'>aliquid,</span> <span class='ocrx_word' id='word_1_119' title='bbox 816 1435 902 1517; x_wconf 92' lang='lat' dir='ltr'>quod</span> <span class='ocrx_word' id='word_1_120' title='bbox 923 1435 1016 1497; x_wconf 91' lang='lat' dir='ltr'>nobis</span> <span class='ocrx_word' id='word_1_121' title='bbox 1036 1435 1174 1498; x_wconf 89' lang='lat' dir='ltr'>tribucre</span> <span class='ocrx_word' id='word_1_122' title='bbox 1196 1437 1328 1518; x_wconf 80' lang='lat' dir='ltr'>possint</span> <span class='ocrx_word' id='word_1_123' title='bbox 1372 1435 1406 1497; x_wconf 89' lang='lat' dir='ltr'>Si</span> <span class='ocrx_word' id='word_1_124' title='bbox 1426 1435 1508 1497; x_wconf 93' lang='lat' dir='ltr'>nihil</span> <span class='ocrx_word' id='word_1_125' title='bbox 1530 1436 1595 1498; x_wconf 87' lang='lat' dir='ltr'>crit</span> 
     </span>
     <span class='ocr_line' id='line_1_14' title="bbox 272 1529 1593 1616; baseline -0.002 -22"><span class='ocrx_word' id='word_1_126' title='bbox 272 1540 394 1616; x_wconf 84' lang='lat' dir='ltr'>praeter</span> <span class='ocrx_word' id='word_1_127' title='bbox 422 1548 530 1592; x_wconf 89' lang='lat' dir='ltr'>eorum</span> <span class='ocrx_word' id='word_1_128' title='bbox 552 1529 751 1609; x_wconf 78' lang='lat' dir='ltr'>suffragium,</span> <span class='ocrx_word' id='word_1_129' title='bbox 780 1534 873 1589; x_wconf 91' lang='lat' dir='ltr'>tenne</span> <span class='ocrx_word' id='word_1_130' title='bbox 896 1535 958 1590; x_wconf 89' lang='lat' dir='ltr'>est:</span> <span class='ocrx_word' id='word_1_131' title='bbox 987 1529 1052 1609; x_wconf 86' lang='lat' dir='ltr'>†si</span> <span class='ocrx_word' id='word_1_132' title='bbox 1075 1536 1110 1591; x_wconf 93' lang='lat' dir='ltr'>nt</span> <span class='ocrx_word' id='word_1_133' title='bbox 1131 1529 1357 1611; x_wconf 77' lang='lat' dir='ltr'>suffragantur,</span> <span class='ocrx_word' id='word_1_134' title='bbox 1388 1529 1466 1592; x_wconf 88' lang='lat' dir='ltr'>nibil</span> <span class='ocrx_word' id='word_1_135' title='bbox 1485 1531 1593 1594; x_wconf 81' lang='lat' dir='ltr'>valent</span> 
     </span>
     <span class='ocr_line' id='line_1_15' title="bbox 273 1621 1593 1708; baseline -0.002 -20"><span class='ocrx_word' id='word_1_136' title='bbox 273 1626 381 1708; x_wconf 78' lang='lat' dir='ltr'>gratia.</span> <span class='ocrx_word' id='word_1_137' title='bbox 419 1623 483 1706; x_wconf 89' lang='lat' dir='ltr'>lpsi</span> <span class='ocrx_word' id='word_1_138' title='bbox 505 1622 659 1704; x_wconf 91' lang='lat' dir='ltr'>denique,</span> <span class='ocrx_word' id='word_1_139' title='bbox 681 1629 717 1683; x_wconf 93' lang='lat' dir='ltr'>ut</span> <span class='ocrx_word' id='word_1_140' title='bbox 737 1621 841 1684; x_wconf 88' lang='lat' dir='ltr'>solent</span> <span class='ocrx_word' id='word_1_141' title='bbox 862 1621 965 1705; x_wconf 92' lang='lat' dir='ltr'>loqui,</span> <span class='ocrx_word' id='word_1_142' title='bbox 987 1642 1052 1686; x_wconf 93' lang='lat' dir='ltr'>non</span> <span class='ocrx_word' id='word_1_143' title='bbox 1075 1621 1179 1684; x_wconf 89' lang='lat' dir='ltr'>dicere</span> <span class='ocrx_word' id='word_1_144' title='bbox 1200 1642 1258 1705; x_wconf 92' lang='lat' dir='ltr'>pro</span> <span class='ocrx_word' id='word_1_145' title='bbox 1280 1622 1386 1696; x_wconf 90' lang='lat' dir='ltr'>nobis,</span> <span class='ocrx_word' id='word_1_146' title='bbox 1408 1644 1472 1687; x_wconf 92' lang='lat' dir='ltr'>non</span> <span class='ocrx_word' id='word_1_147' title='bbox 1494 1644 1593 1706; x_wconf 91' lang='lat' dir='ltr'>spon-</span> 
     </span>
     <span class='ocr_line' id='line_1_16' title="bbox 274 1714 1594 1800; baseline -0.002 -19"><span class='ocrx_word' id='word_1_148' title='bbox 274 1721 365 1792; x_wconf 87' lang='lat' dir='ltr'>dere,</span> <span class='ocrx_word' id='word_1_149' title='bbox 401 1736 465 1781; x_wconf 92' lang='lat' dir='ltr'>non</span> <span class='ocrx_word' id='word_1_150' title='bbox 495 1734 605 1779; x_wconf 86' lang='lat' dir='ltr'>vocare</span> <span class='ocrx_word' id='word_1_151' title='bbox 634 1714 760 1777; x_wconf 92' lang='lat' dir='ltr'>domum</span> <span class='ocrx_word' id='word_1_152' title='bbox 790 1735 877 1777; x_wconf 88' lang='lat' dir='ltr'>suam</span> <span class='ocrx_word' id='word_1_153' title='bbox 903 1725 1053 1798; x_wconf 85' lang='lat' dir='ltr'>possunt:</span> <span class='ocrx_word' id='word_1_154' title='bbox 1085 1722 1181 1798; x_wconf 86' lang='lat' dir='ltr'>atque</span> <span class='ocrx_word' id='word_1_155' title='bbox 1210 1716 1288 1779; x_wconf 89' lang='lat' dir='ltr'>haec</span> <span class='ocrx_word' id='word_1_156' title='bbox 1317 1735 1336 1778; x_wconf 89' lang='lat' dir='ltr'>a</span> <span class='ocrx_word' id='word_1_157' title='bbox 1362 1717 1452 1780; x_wconf 89' lang='lat' dir='ltr'>nobis</span> <span class='ocrx_word' id='word_1_158' title='bbox 1478 1725 1594 1800; x_wconf 87' lang='lat' dir='ltr'>petunt</span> 
     </span>
     <span class='ocr_line' id='line_1_17' title="bbox 238 1806 1593 1894; baseline -0.001 -20"><span class='ocrx_word' id='word_1_159' title='bbox 238 1813 395 1884; x_wconf 71' lang='lat' dir='ltr'>insomnia,</span> <span class='ocrx_word' id='word_1_160' title='bbox 423 1828 528 1891; x_wconf 91' lang='lat' dir='ltr'>neque</span> <span class='ocrx_word' id='word_1_161' title='bbox 548 1808 614 1871; x_wconf 91' lang='lat' dir='ltr'>ulla</span> <span class='ocrx_word' id='word_1_162' title='bbox 635 1829 669 1870; x_wconf 90' lang='lat' dir='ltr'>re</span> <span class='ocrx_word' id='word_1_163' title='bbox 690 1808 768 1881; x_wconf 87' lang='lat' dir='ltr'>alia,</span> <span class='ocrx_word' id='word_1_164' title='bbox 799 1828 880 1891; x_wconf 88' lang='lat' dir='ltr'>quae</span> <span class='ocrx_word' id='word_1_165' title='bbox 902 1829 920 1871; x_wconf 90' lang='lat' dir='ltr'>a</span> <span class='ocrx_word' id='word_1_166' title='bbox 942 1806 1032 1872; x_wconf 88' lang='lat' dir='ltr'>nobis</span> <span class='ocrx_word' id='word_1_167' title='bbox 1054 1818 1306 1892; x_wconf 87' lang='lat' dir='ltr'>consequuntur,</span> <span class='ocrx_word' id='word_1_168' title='bbox 1334 1811 1395 1872; x_wconf 89' lang='lat' dir='ltr'>nisi</span> <span class='ocrx_word' id='word_1_169' title='bbox 1417 1829 1511 1894; x_wconf 88' lang='lat' dir='ltr'>opera</span> <span class='ocrx_word' id='word_1_170' title='bbox 1532 1831 1593 1872; x_wconf 87' lang='lat' dir='ltr'>sna</span> 
     </span>
     <span class='ocr_line' id='line_1_18' title="bbox 274 1901 1593 1987; baseline -0.003 -18"><span class='ocrx_word' id='word_1_171' title='bbox 274 1905 470 1987; x_wconf 88' lang='lat' dir='ltr'>compensari</span> <span class='ocrx_word' id='word_1_172' title='bbox 497 1909 610 1985; x_wconf 84' lang='lat' dir='ltr'>putant</span> <span class='ocrx_word' id='word_1_173' title='bbox 638 1922 740 1985; x_wconf 90' lang='lat' dir='ltr'>posse.</span> <span class='ocrx_word' id='word_1_174' title='bbox 783 1903 895 1985; x_wconf 91' lang='lat' dir='ltr'>ltaque</span> <span class='ocrx_word' id='word_1_175' title='bbox 924 1911 954 1964; x_wconf 89' lang='lat' dir='ltr'>ct</span> <span class='ocrx_word' id='word_1_176' title='bbox 975 1903 1038 1985; x_wconf 77' lang='lat' dir='ltr'>legi</span> <span class='ocrx_word' id='word_1_177' title='bbox 1060 1901 1192 1975; x_wconf 85' lang='lat' dir='ltr'>Fabiae,</span> <span class='ocrx_word' id='word_1_178' title='bbox 1225 1922 1307 1986; x_wconf 90' lang='lat' dir='ltr'>quae</span> <span class='ocrx_word' id='word_1_179' title='bbox 1329 1909 1377 1965; x_wconf 89' lang='lat' dir='ltr'>est</span> <span class='ocrx_word' id='word_1_180' title='bbox 1398 1903 1438 1965; x_wconf 92' lang='lat' dir='ltr'>de</span> <span class='ocrx_word' id='word_1_181' title='bbox 1459 1921 1593 1966; x_wconf 89' lang='lat' dir='ltr'>numero</span> 
     </span>
     <span class='ocr_line' id='line_1_19' title="bbox 275 1985 1593 2080; baseline -0.003 -18"><span class='ocrx_word' id='word_1_182' title='bbox 275 1985 481 2071; x_wconf 78' lang='lat' dir='ltr'>sectatorum,</span> <span class='ocrx_word' id='word_1_183' title='bbox 510 2005 543 2059; x_wconf 89' lang='lat' dir='ltr'>et</span> <span class='ocrx_word' id='word_1_184' title='bbox 570 2003 698 2058; x_wconf 87' lang='lat' dir='ltr'>senatus</span> <span class='ocrx_word' id='word_1_185' title='bbox 725 1997 886 2069; x_wconf 87' lang='lat' dir='ltr'>consulto,</span> <span class='ocrx_word' id='word_1_186' title='bbox 916 1997 1003 2080; x_wconf 90' lang='lat' dir='ltr'>qnod</span> <span class='ocrx_word' id='word_1_187' title='bbox 1033 2005 1081 2060; x_wconf 87' lang='lat' dir='ltr'>est</span> <span class='ocrx_word' id='word_1_188' title='bbox 1101 1998 1136 2059; x_wconf 90' lang='lat' dir='ltr'>L.</span> <span class='ocrx_word' id='word_1_189' title='bbox 1159 1997 1291 2061; x_wconf 83' lang='lat' dir='ltr'>Caesare</span> <span class='ocrx_word' id='word_1_190' title='bbox 1313 1998 1442 2061; x_wconf 88' lang='lat' dir='ltr'>consule</span> <span class='ocrx_word' id='word_1_191' title='bbox 1463 1997 1593 2072; x_wconf 86' lang='lat' dir='ltr'>iactum,</span> 
     </span>
     <span class='ocr_line' id='line_1_20' title="bbox 273 2089 1592 2174; baseline -0.002 -18"><span class='ocrx_word' id='word_1_192' title='bbox 273 2093 465 2156; x_wconf 89' lang='lat' dir='ltr'>restiterunt.</span> <span class='ocrx_word' id='word_1_193' title='bbox 502 2089 595 2153; x_wconf 90' lang='lat' dir='ltr'>Nulla</span> <span class='ocrx_word' id='word_1_194' title='bbox 617 2096 665 2152; x_wconf 89' lang='lat' dir='ltr'>est</span> <span class='ocrx_word' id='word_1_195' title='bbox 687 2089 770 2152; x_wconf 90' lang='lat' dir='ltr'>enim</span> <span class='ocrx_word' id='word_1_196' title='bbox 793 2110 911 2174; x_wconf 87' lang='lat' dir='ltr'>poena,</span> <span class='ocrx_word' id='word_1_197' title='bbox 935 2111 1016 2172; x_wconf 87' lang='lat' dir='ltr'>quae</span> <span class='ocrx_word' id='word_1_198' title='bbox 1038 2091 1140 2173; x_wconf 87' lang='lat' dir='ltr'>possit</span> <span class='ocrx_word' id='word_1_199' title='bbox 1161 2091 1390 2154; x_wconf 86' lang='lat' dir='ltr'>observantiam</span> <span class='ocrx_word' id='word_1_200' title='bbox 1412 2091 1592 2154; x_wconf 90' lang='lat' dir='ltr'>tenuiorum</span> 
     </span>
     <span class='ocr_line' id='line_1_21' title="bbox 275 2181 1594 2267; baseline -0.001 -19"><span class='ocrx_word' id='word_1_201' title='bbox 275 2186 315 2248; x_wconf 91' lang='lat' dir='ltr'>ab</span> <span class='ocrx_word' id='word_1_202' title='bbox 342 2184 403 2247; x_wconf 89' lang='lat' dir='ltr'>hoc</span> <span class='ocrx_word' id='word_1_203' title='bbox 430 2192 536 2247; x_wconf 85' lang='lat' dir='ltr'>vetere</span> <span class='ocrx_word' id='word_1_204' title='bbox 562 2184 704 2246; x_wconf 89' lang='lat' dir='ltr'>instituto</span> <span class='ocrx_word' id='word_1_205' title='bbox 732 2183 905 2246; x_wconf 87' lang='lat' dir='ltr'>officiorum</span> <span class='ocrx_word' id='word_1_206' title='bbox 936 2183 1114 2247; x_wconf 83' lang='lat' dir='ltr'>excludere.</span> <span class='ocrx_word' id='word_1_207' title='bbox 1157 2181 1207 2245; x_wconf 64' lang='lat'>72.</span> <span class='ocrx_word' id='word_1_208' title='bbox 1233 2185 1291 2247; x_wconf 77' lang='lat' dir='ltr'>«at</span> <span class='ocrx_word' id='word_1_209' title='bbox 1319 2184 1497 2267; x_wconf 86' lang='lat' dir='ltr'>spectacula</span> <span class='ocrx_word' id='word_1_210' title='bbox 1519 2193 1594 2248; x_wconf 90' lang='lat' dir='ltr'>sunt</span> 
     </span>
     <span class='ocr_line' id='line_1_22' title="bbox 237 2276 1594 2361; baseline -0.004 -15"><span class='ocrx_word' id='word_1_211' title='bbox 237 2302 265 2346; x_wconf 85' lang='lat' dir='ltr'>eo</span> <span class='ocrx_word' id='word_1_212' title='bbox 275 2279 416 2342; x_wconf 91' lang='lat' dir='ltr'>tributim</span> <span class='ocrx_word' id='word_1_213' title='bbox 438 2280 511 2341; x_wconf 85' lang='lat' dir='ltr'>data</span> <span class='ocrx_word' id='word_1_214' title='bbox 533 2277 624 2340; x_wconf 89' lang='lat' dir='ltr'>etad</span> <span class='ocrx_word' id='word_1_215' title='bbox 646 2277 811 2361; x_wconf 87' lang='lat' dir='ltr'>prandium</span> <span class='ocrx_word' id='word_1_216' title='bbox 834 2277 927 2359; x_wconf 76' lang='lat' dir='ltr'>vulgo</span> <span class='ocrx_word' id='word_1_217' title='bbox 949 2277 1079 2339; x_wconf 72' lang='lat' dir='ltr'>vocati.»</span> <span class='ocrx_word' id='word_1_218' title='bbox 1113 2278 1180 2340; x_wconf 89' lang='lat' dir='ltr'>Etsi</span> <span class='ocrx_word' id='word_1_219' title='bbox 1203 2277 1261 2340; x_wconf 91' lang='lat' dir='ltr'>boc</span> <span class='ocrx_word' id='word_1_220' title='bbox 1282 2276 1398 2340; x_wconf 85' lang='lat' dir='ltr'>facturn</span> <span class='ocrx_word' id='word_1_221' title='bbox 1421 2298 1439 2340; x_wconf 88' lang='lat' dir='ltr'>a</span> <span class='ocrx_word' id='word_1_222' title='bbox 1460 2279 1594 2342; x_wconf 82' lang='lat' dir='ltr'>Murena</span> 
     </span>
     <span class='ocr_line' id='line_1_23' title="bbox 276 2371 1591 2446; baseline -0.002 -12"><span class='ocrx_word' id='word_1_223' title='bbox 276 2372 420 2446; x_wconf 94' lang='lat' dir='ltr'>omnino,</span> <span class='ocrx_word' id='word_1_224' title='bbox 450 2371 585 2444; x_wconf 89' lang='lat' dir='ltr'>iudices,</span> <span class='ocrx_word' id='word_1_225' title='bbox 613 2390 677 2432; x_wconf 91' lang='lat' dir='ltr'>non</span> <span class='ocrx_word' id='word_1_226' title='bbox 699 2377 763 2444; x_wconf 91' lang='lat' dir='ltr'>est,</span> <span class='ocrx_word' id='word_1_227' title='bbox 791 2371 830 2432; x_wconf 89' lang='lat' dir='ltr'>ab</span> <span class='ocrx_word' id='word_1_228' title='bbox 852 2371 921 2432; x_wconf 87' lang='lat' dir='ltr'>eius</span> <span class='ocrx_word' id='word_1_229' title='bbox 942 2371 1050 2434; x_wconf 88' lang='lat' dir='ltr'>amicis</span> <span class='ocrx_word' id='word_1_230' title='bbox 1071 2380 1176 2434; x_wconf 85' lang='lat' dir='ltr'>autem</span> <span class='ocrx_word' id='word_1_231' title='bbox 1198 2390 1285 2432; x_wconf 91' lang='lat' dir='ltr'>more</span> <span class='ocrx_word' id='word_1_232' title='bbox 1307 2379 1339 2433; x_wconf 93' lang='lat' dir='ltr'>et</span> <span class='ocrx_word' id='word_1_233' title='bbox 1360 2371 1454 2434; x_wconf 90' lang='lat' dir='ltr'>mado</span> <span class='ocrx_word' id='word_1_234' title='bbox 1475 2371 1591 2434; x_wconf 85' lang='lat' dir='ltr'>iactum</span> 
     </span>
     <span class='ocr_line' id='line_1_24' title="bbox 276 2464 1592 2548; baseline 0 -20"><span class='ocrx_word' id='word_1_235' title='bbox 276 2474 339 2538; x_wconf 89' lang='lat' dir='ltr'>est,</span> <span class='ocrx_word' id='word_1_236' title='bbox 370 2473 474 2527; x_wconf 88' lang='lat' dir='ltr'>tamen</span> <span class='ocrx_word' id='word_1_237' title='bbox 496 2465 676 2527; x_wconf 89' lang='lat' dir='ltr'>admonitus</span> <span class='ocrx_word' id='word_1_238' title='bbox 697 2484 732 2527; x_wconf 93' lang='lat' dir='ltr'>re</span> <span class='ocrx_word' id='word_1_239' title='bbox 753 2465 822 2546; x_wconf 87' lang='lat' dir='ltr'>ipsa</span> <span class='ocrx_word' id='word_1_240' title='bbox 842 2465 1005 2538; x_wconf 90' lang='lat' dir='ltr'>recordor,</span> <span class='ocrx_word' id='word_1_241' title='bbox 1034 2473 1188 2547; x_wconf 84' lang='lat' dir='ltr'>quantum</span> <span class='ocrx_word' id='word_1_242' title='bbox 1209 2464 1269 2528; x_wconf 87' lang='lat' dir='ltr'>bae</span> <span class='ocrx_word' id='word_1_243' title='bbox 1291 2467 1536 2548; x_wconf 87' lang='lat' dir='ltr'>conquestiones</span> <span class='ocrx_word' id='word_1_244' title='bbox 1556 2466 1592 2528; x_wconf 92' lang='lat' dir='ltr'>in</span> 
     </span>
     <span class='ocr_line' id='line_1_25' title="bbox 275 2558 1592 2644; baseline 0 -22"><span class='ocrx_word' id='word_1_245' title='bbox 275 2567 387 2622; x_wconf 84' lang='lat' dir='ltr'>senatu</span> <span class='ocrx_word' id='word_1_246' title='bbox 408 2558 534 2621; x_wconf 86' lang='lat' dir='ltr'>habitae</span> <span class='ocrx_word' id='word_1_247' title='bbox 556 2565 745 2640; x_wconf 87' lang='lat' dir='ltr'>punctorum</span> <span class='ocrx_word' id='word_1_248' title='bbox 767 2559 875 2632; x_wconf 89' lang='lat' dir='ltr'>nabis,</span> <span class='ocrx_word' id='word_1_249' title='bbox 899 2559 1002 2632; x_wconf 90' lang='lat' dir='ltr'>Servi,</span> <span class='ocrx_word' id='word_1_250' title='bbox 1024 2559 1227 2622; x_wconf 83' lang='lat' dir='ltr'>detraxerint.</span> <span class='ocrx_word' id='word_1_251' title='bbox 1259 2558 1352 2634; x_wconf 86' lang='lat' dir='ltr'>Quod</span> <span class='ocrx_word' id='word_1_252' title='bbox 1368 2560 1453 2623; x_wconf 87' lang='lat' dir='ltr'>enim</span> <span class='ocrx_word' id='word_1_253' title='bbox 1466 2569 1592 2644; x_wconf 90' lang='lat' dir='ltr'>tempus</span> 
     </span>
     <span class='ocr_line' id='line_1_26' title="bbox 274 2653 1591 2742; baseline 0 -26"><span class='ocrx_word' id='word_1_254' title='bbox 274 2653 336 2717; x_wconf 84' lang='lat' dir='ltr'>luit</span> <span class='ocrx_word' id='word_1_255' title='bbox 356 2661 410 2716; x_wconf 85' lang='lat' dir='ltr'>aut</span> <span class='ocrx_word' id='word_1_256' title='bbox 431 2659 538 2716; x_wconf 89' lang='lat' dir='ltr'>nostra</span> <span class='ocrx_word' id='word_1_257' title='bbox 559 2657 614 2714; x_wconf 90' lang='lat' dir='ltr'>aut</span> <span class='ocrx_word' id='word_1_258' title='bbox 635 2659 758 2734; x_wconf 91' lang='lat' dir='ltr'>patrum</span> <span class='ocrx_word' id='word_1_259' title='bbox 780 2660 960 2715; x_wconf 90' lang='lat' dir='ltr'>nostrorum</span> <span class='ocrx_word' id='word_1_260' title='bbox 982 2653 1149 2728; x_wconf 87' lang='lat' dir='ltr'>memoria,</span> <span class='ocrx_word' id='word_1_261' title='bbox 1172 2673 1235 2736; x_wconf 91' lang='lat' dir='ltr'>quo</span> <span class='ocrx_word' id='word_1_262' title='bbox 1256 2653 1350 2742; x_wconf 60' lang='lat' dir='ltr'>haec,</span> <span class='ocrx_word' id='word_1_263' title='bbox 1373 2653 1439 2716; x_wconf 84' lang='lat' dir='ltr'>sive</span> <span class='ocrx_word' id='word_1_264' title='bbox 1462 2654 1591 2716; x_wconf 87' lang='lat' dir='ltr'>ambitio</span> 
     </span>
     <span class='ocr_line' id='line_1_27' title="bbox 238 2745 1592 2820; baseline -0.004 -6"><span class='ocrx_word' id='word_1_265' title='bbox 238 2754 324 2814; x_wconf 79' lang='lat' dir='ltr'>esest</span> <span class='ocrx_word' id='word_1_266' title='bbox 346 2747 412 2810; x_wconf 83' lang='lat' dir='ltr'>sire</span> <span class='ocrx_word' id='word_1_267' title='bbox 434 2745 619 2819; x_wconf 85' lang='lat' dir='ltr'>liberalitas,</span> <span class='ocrx_word' id='word_1_268' title='bbox 649 2765 713 2807; x_wconf 93' lang='lat' dir='ltr'>non</span> <span class='ocrx_word' id='word_1_269' title='bbox 735 2745 848 2820; x_wconf 81' lang='lat' dir='ltr'>luerit,</span> <span class='ocrx_word' id='word_1_270' title='bbox 880 2753 914 2808; x_wconf 92' lang='lat' dir='ltr'>ut</span> <span class='ocrx_word' id='word_1_271' title='bbox 943 2746 1030 2809; x_wconf 90' lang='lat' dir='ltr'>locus</span> <span class='ocrx_word' id='word_1_272' title='bbox 1053 2747 1139 2808; x_wconf 91' lang='lat' dir='ltr'>etin</span> <span class='ocrx_word' id='word_1_273' title='bbox 1161 2748 1245 2810; x_wconf 90' lang='lat' dir='ltr'>circo</span> <span class='ocrx_word' id='word_1_274' title='bbox 1268 2754 1299 2809; x_wconf 92' lang='lat' dir='ltr'>et</span> <span class='ocrx_word' id='word_1_275' title='bbox 1320 2749 1353 2810; x_wconf 94' lang='lat' dir='ltr'>in</span> <span class='ocrx_word' id='word_1_276' title='bbox 1374 2747 1442 2811; x_wconf 83' lang='lat' dir='ltr'>foro</span> <span class='ocrx_word' id='word_1_277' title='bbox 1465 2747 1592 2810; x_wconf 76' lang='lat' dir='ltr'>dmetur</span> 
     </span>
    </p>
   </div>
   <div class='ocr_carea' id='block_1_4' title="bbox 275 2837 1591 3012">
    <p class='ocr_par' dir='ltr' id='par_1_4' title="bbox 275 2837 1591 3012">
     <span class='ocr_line' id='line_1_28' title="bbox 275 2837 1591 2904; baseline 0 -2"><span class='ocrx_word' id='word_1_278' title='bbox 275 2839 383 2902; x_wconf 89' lang='lat' dir='ltr'>amicis</span> <span class='ocrx_word' id='word_1_279' title='bbox 413 2846 445 2901; x_wconf 88' lang='lat' dir='ltr'>et</span> <span class='ocrx_word' id='word_1_280' title='bbox 471 2837 659 2900; x_wconf 73' lang='lat' dir='ltr'>tribulibus?</span> <span class='ocrx_word' id='word_1_281' title='bbox 701 2838 786 2901; x_wconf 87' lang='lat' dir='ltr'>llaec</span> <span class='ocrx_word' id='word_1_282' title='bbox 814 2839 957 2902; x_wconf 90' lang='lat' dir='ltr'>homines</span> <span class='ocrx_word' id='word_1_283' title='bbox 986 2840 1144 2902; x_wconf 85' lang='lat' dir='ltr'>tenuiores</span> <span class='ocrx_word' id='word_1_284' title='bbox 1175 2838 1222 2874; x_wconf 69' lang='lat' dir='ltr'>aa</span> <span class='ocrx_word' id='word_1_285' title='bbox 1240 2841 1257 2875; x_wconf 66' lang='lat'>⁵*</span> <span class='ocrx_word' id='word_1_286' title='bbox 1284 2861 1301 2903; x_wconf 88' lang='lat' dir='ltr'>a</span> <span class='ocrx_word' id='word_1_287' title='bbox 1329 2843 1394 2904; x_wconf 89' lang='lat' dir='ltr'>suis</span> <span class='ocrx_word' id='word_1_288' title='bbox 1424 2841 1591 2904; x_wconf 87' lang='lat' dir='ltr'>tribulibus</span> 
     </span>
     <span class='ocr_line' id='line_1_29' title="bbox 275 2922 1240 3012; baseline 0.003 -24"><span class='ocrx_word' id='word_1_289' title='bbox 275 2931 381 2988; x_wconf 85' lang='lat' dir='ltr'>vetere</span> <span class='ocrx_word' id='word_1_290' title='bbox 403 2922 545 3012; x_wconf 84' lang='lat' dir='ltr'>instituta</span> <span class='ocrx_word' id='word_1_291' title='bbox 566 2922 816 3005; x_wconf 86' lang='lat' dir='ltr'>assequebantur</span> <span class='ocrx_word' id='word_1_292' title='bbox 837 2924 854 2956; x_wconf 37' lang='grc' dir='ltr'><strong><em>ἢ</em></strong></span> <span class='ocrx_word' id='word_1_293' title='bbox 869 2923 886 2958; x_wconf 72' lang='lat' dir='ltr'>a</span> <span class='ocrx_word' id='word_1_294' title='bbox 904 2925 920 2958; x_wconf 64' lang='lat' dir='ltr'>a</span> <span class='ocrx_word' id='word_1_295' title='bbox 1001 2926 1111 2988; x_wconf 82' lang='lat' dir='ltr'>Desunt</span> <span class='ocrx_word' id='word_1_296' title='bbox 1129 2945 1240 3006; x_wconf 67' lang='lat' dir='ltr'>muca.</span> 
     </span>
    </p>
   </div>
   <div class='ocr_carea' id='block_1_5' title="bbox 272 3231 1592 3596">
    <p class='ocr_par' dir='ltr' id='par_1_5' title="bbox 272 3231 1592 3596">
     <span class='ocr_line' id='line_1_30' title="bbox 340 3231 1592 3298; baseline 0.002 -17"><span class='ocrx_word' id='word_1_297' title='bbox 340 3235 362 3282; x_wconf 86' lang='lat' dir='ltr'>t.</span> <span class='ocrx_word' id='word_1_298' title='bbox 376 3247 423 3281; x_wconf 88' lang='lat' dir='ltr'>usu</span> <span class='ocrx_word' id='word_1_299' title='bbox 431 3235 459 3280; x_wconf 87' lang='lat' dir='ltr'>G.</span> <span class='ocrx_word' id='word_1_300' title='bbox 473 3258 499 3268; x_wconf 89' lang='lat'>—</span> <span class='ocrx_word' id='word_1_301' title='bbox 510 3232 702 3293; x_wconf 62' lang='lat' dir='ltr'>bresoreudir:</span> <span class='ocrx_word' id='word_1_302' title='bbox 710 3232 852 3294; x_wconf 77' lang='lat' dir='ltr'>prosuendi</span> <span class='ocrx_word' id='word_1_303' title='bbox 861 3231 938 3281; x_wconf 87' lang='lat' dir='ltr'>codd.</span> <span class='ocrx_word' id='word_1_304' title='bbox 952 3232 1019 3290; x_wconf 91' lang='lat' dir='ltr'>noti;</span> <span class='ocrx_word' id='word_1_305' title='bbox 1034 3233 1150 3295; x_wconf 73' lang='lat' dir='ltr'>offerendi</span> <span class='ocrx_word' id='word_1_306' title='bbox 1159 3233 1355 3282; x_wconf 81' lang='lat' dir='ltr'>Mommsenius.</span> <span class='ocrx_word' id='word_1_307' title='bbox 1365 3259 1392 3268; x_wconf 58' lang='lat'><em>*</em></span> <span class='ocrx_word' id='word_1_308' title='bbox 1403 3233 1427 3282; x_wconf 82' lang='grc'>3.</span> <span class='ocrx_word' id='word_1_309' title='bbox 1437 3247 1463 3282; x_wconf 86' lang='lat' dir='ltr'>n.</span> <span class='ocrx_word' id='word_1_310' title='bbox 1473 3233 1592 3298; x_wconf 72' lang='lat' dir='ltr'>bmqtciis</span> 
     </span>
     <span class='ocr_line' id='line_1_31' title="bbox 274 3307 1592 3368; baseline -0.002 -8"><span class='ocrx_word' id='word_1_311' title='bbox 274 3311 302 3360; x_wconf 81' lang='lat' dir='ltr'>E.</span> <span class='ocrx_word' id='word_1_312' title='bbox 316 3334 344 3346; x_wconf 97' lang='lat'><em>-</em></span> <span class='ocrx_word' id='word_1_313' title='bbox 354 3309 444 3357; x_wconf 86' lang='lat' dir='ltr'>adsect.</span> <span class='ocrx_word' id='word_1_314' title='bbox 462 3307 524 3356; x_wconf 86' lang='lat' dir='ltr'>EG:</span> <span class='ocrx_word' id='word_1_315' title='bbox 543 3312 628 3356; x_wconf 73' lang='lat' dir='ltr'>assui.</span> <span class='ocrx_word' id='word_1_316' title='bbox 647 3308 672 3356; x_wconf 89' lang='lat' dir='ltr'>ltl</span> <span class='ocrx_word' id='word_1_317' title='bbox 682 3309 714 3367; x_wconf 90' lang='lat'>0,</span> <span class='ocrx_word' id='word_1_318' title='bbox 732 3307 917 3358; x_wconf 67' lang='lat' dir='ltr'>mactationem</span> <span class='ocrx_word' id='word_1_319' title='bbox 933 3320 982 3356; x_wconf 88' lang='lat' dir='ltr'>esse</span> <span class='ocrx_word' id='word_1_320' title='bbox 998 3312 1092 3368; x_wconf 81' lang='lat' dir='ltr'>oportet</span> <span class='ocrx_word' id='word_1_321' title='bbox 1108 3320 1132 3355; x_wconf 91' lang='lat' dir='ltr'>v.</span> <span class='ocrx_word' id='word_1_322' title='bbox 1146 3332 1170 3342; x_wconf 80' lang='lat'><em>—</em></span> <span class='ocrx_word' id='word_1_323' title='bbox 1183 3309 1207 3356; x_wconf 84' lang='lat'>5.</span> <span class='ocrx_word' id='word_1_324' title='bbox 1221 3309 1375 3358; x_wconf 70' lang='lat' dir='ltr'>adsecuntur</span> <span class='ocrx_word' id='word_1_325' title='bbox 1391 3307 1518 3358; x_wconf 70' lang='lat' dir='ltr'>illotarius:</span> <span class='ocrx_word' id='word_1_326' title='bbox 1541 3323 1592 3358; x_wconf 76' lang='lat' dir='ltr'>aas</span> 
     </span>
     <span class='ocr_line' id='line_1_32' title="bbox 272 3381 1592 3446; baseline 0 -14"><span class='ocrx_word' id='word_1_327' title='bbox 272 3387 393 3432; x_wconf 84' lang='lat' dir='ltr'>sectentur</span> <span class='ocrx_word' id='word_1_328' title='bbox 415 3383 439 3432; x_wconf 88' lang='lat' dir='ltr'>bl</span> <span class='ocrx_word' id='word_1_329' title='bbox 460 3384 487 3431; x_wconf 91' lang='lat' dir='ltr'>et</span> <span class='ocrx_word' id='word_1_330' title='bbox 505 3383 564 3446; x_wconf 84' lang='lat' dir='ltr'>Lag.</span> <span class='ocrx_word' id='word_1_331' title='bbox 583 3383 613 3440; x_wconf 81' lang='lat'>9;</span> <span class='ocrx_word' id='word_1_332' title='bbox 638 3388 682 3432; x_wconf 89' lang='lat' dir='ltr'>out</span> <span class='ocrx_word' id='word_1_333' title='bbox 698 3389 819 3433; x_wconf 71' lang='lat' dir='ltr'>necteretur</span> <span class='ocrx_word' id='word_1_334' title='bbox 840 3383 928 3442; x_wconf 81' lang='lat' dir='ltr'>EGu,</span> <span class='ocrx_word' id='word_1_335' title='bbox 951 3384 1056 3440; x_wconf 68' lang='lat' dir='ltr'>bora,</span> <span class='ocrx_word' id='word_1_336' title='bbox 1080 3383 1158 3446; x_wconf 81' lang='lat' dir='ltr'>Lagg.</span> <span class='ocrx_word' id='word_1_337' title='bbox 1177 3381 1248 3440; x_wconf 84' lang='lat' dir='ltr'>r·ell.;</span> <span class='ocrx_word' id='word_1_338' title='bbox 1272 3388 1393 3432; x_wconf 79' lang='lat' dir='ltr'>sectentur</span> <span class='ocrx_word' id='word_1_339' title='bbox 1409 3382 1465 3432; x_wconf 92' lang='lat' dir='ltr'>LO.</span> <span class='ocrx_word' id='word_1_340' title='bbox 1485 3410 1512 3418; x_wconf 95' lang='lat'>—</span> <span class='ocrx_word' id='word_1_341' title='bbox 1531 3388 1592 3434; x_wconf 89' lang='lat' dir='ltr'>totos</span> 
     </span>
     <span class='ocr_line' id='line_1_33' title="bbox 273 3455 1589 3521; baseline 0.002 -15"><span class='ocrx_word' id='word_1_342' title='bbox 273 3458 332 3521; x_wconf 83' lang='lat' dir='ltr'>dies]</span> <span class='ocrx_word' id='word_1_343' title='bbox 353 3461 397 3506; x_wconf 90' lang='lat' dir='ltr'>aut</span> <span class='ocrx_word' id='word_1_344' title='bbox 415 3463 537 3517; x_wconf 73' lang='lat' dir='ltr'>cranone</span> <span class='ocrx_word' id='word_1_345' title='bbox 558 3461 620 3506; x_wconf 88' lang='lat' dir='ltr'>totos</span> <span class='ocrx_word' id='word_1_346' title='bbox 643 3459 686 3516; x_wconf 82' lang='lat' dir='ltr'>(tot</span> <span class='ocrx_word' id='word_1_347' title='bbox 701 3457 726 3519; x_wconf 77' lang='lat' dir='ltr'>v)</span> <span class='ocrx_word' id='word_1_348' title='bbox 744 3458 794 3507; x_wconf 87' lang='lat' dir='ltr'>dies</span> <span class='ocrx_word' id='word_1_349' title='bbox 811 3459 871 3520; x_wconf 82' lang='lat' dir='ltr'>Lag.</span> <span class='ocrx_word' id='word_1_350' title='bbox 891 3455 931 3507; x_wconf 71' lang='lat' dir='ltr'>bl.</span> <span class='ocrx_word' id='word_1_351' title='bbox 951 3458 977 3507; x_wconf 87' lang='lat' dir='ltr'>et</span> <span class='ocrx_word' id='word_1_352' title='bbox 993 3471 1019 3506; x_wconf 86' lang='lat' dir='ltr'>v.</span> <span class='ocrx_word' id='word_1_353' title='bbox 1043 3484 1070 3492; x_wconf 97' lang='lat'>—</span> <span class='ocrx_word' id='word_1_354' title='bbox 1098 3461 1180 3506; x_wconf 86' lang='lat' dir='ltr'>vestra</span> <span class='ocrx_word' id='word_1_355' title='bbox 1197 3471 1225 3516; x_wconf 83' lang='grc' dir='ltr'>χ.</span> <span class='ocrx_word' id='word_1_356' title='bbox 1250 3483 1277 3494; x_wconf 88' lang='grc'><strong>-</strong></span> <span class='ocrx_word' id='word_1_357' title='bbox 1305 3459 1329 3506; x_wconf 84' lang='lat' dir='ltr'>a.</span> <span class='ocrx_word' id='word_1_358' title='bbox 1347 3458 1381 3506; x_wconf 87' lang='lat' dir='ltr'>ud</span> <span class='ocrx_word' id='word_1_359' title='bbox 1396 3457 1496 3506; x_wconf 69' lang='lat' dir='ltr'>mann</span> <span class='ocrx_word' id='word_1_360' title='bbox 1511 3459 1542 3508; x_wconf 88' lang='lat' dir='ltr'>G.</span> <span class='ocrx_word' id='word_1_361' title='bbox 1562 3485 1589 3494; x_wconf 89' lang='grc'><strong>-</strong></span> 
     </span>
     <span class='ocr_line' id='line_1_34' title="bbox 273 3531 1592 3596; baseline -0.001 -14"><span class='ocrx_word' id='word_1_362' title='bbox 273 3535 296 3582; x_wconf 84' lang='lat'>7.</span> <span class='ocrx_word' id='word_1_363' title='bbox 315 3531 454 3582; x_wconf 83' lang='lat' dir='ltr'>amicarum</span> <span class='ocrx_word' id='word_1_364' title='bbox 470 3537 493 3580; x_wconf 87' lang='lat' dir='ltr'>et</span> <span class='ocrx_word' id='word_1_365' title='bbox 508 3545 558 3582; x_wconf 86' lang='lat' dir='ltr'>nou</span> <span class='ocrx_word' id='word_1_366' title='bbox 575 3546 659 3595; x_wconf 78' lang='lat' dir='ltr'>occup.</span> <span class='ocrx_word' id='word_1_367' title='bbox 678 3534 748 3594; x_wconf 83' lang='lat' dir='ltr'>mei,</span> <span class='ocrx_word' id='word_1_368' title='bbox 767 3535 845 3596; x_wconf 78' lang='lat' dir='ltr'>Lagg.</span> <span class='ocrx_word' id='word_1_369' title='bbox 864 3545 971 3583; x_wconf 87' lang='lat' dir='ltr'>omnes:</span> <span class='ocrx_word' id='word_1_370' title='bbox 995 3538 1018 3582; x_wconf 89' lang='lat' dir='ltr'>et</span> <span class='ocrx_word' id='word_1_371' title='bbox 1033 3546 1083 3580; x_wconf 86' lang='lat' dir='ltr'>uon</span> <span class='ocrx_word' id='word_1_372' title='bbox 1099 3545 1183 3593; x_wconf 80' lang='lat' dir='ltr'>occup.</span> <span class='ocrx_word' id='word_1_373' title='bbox 1202 3532 1340 3580; x_wconf 68' lang='lat' dir='ltr'>amborum</span> <span class='ocrx_word' id='word_1_374' title='bbox 1357 3532 1414 3580; x_wconf 89' lang='lat' dir='ltr'>LO.</span> <span class='ocrx_word' id='word_1_375' title='bbox 1434 3558 1461 3566; x_wconf 97' lang='lat'>—</span> <span class='ocrx_word' id='word_1_376' title='bbox 1480 3531 1504 3581; x_wconf 84' lang='grc'>8.</span> <span class='ocrx_word' id='word_1_377' title='bbox 1522 3532 1592 3581; x_wconf 87' lang='lat' dir='ltr'>adsi-</span> 
     </span>
    </p>
   </div>
   <div class='ocr_carea' id='block_1_6' title="bbox 208 3605 1593 3670">
    <p class='ocr_par' dir='ltr' id='par_1_6' title="bbox 208 3605 1593 3670">
     <span class='ocr_line' id='line_1_35' title="bbox 208 3605 1593 3670; baseline 0.002 -15"><span class='ocrx_word' id='word_1_378' title='bbox 208 3659 210 3665; x_wconf 55' lang='lat'>,</span> <span class='ocrx_word' id='word_1_379' title='bbox 273 3609 355 3656; x_wconf 83' lang='lat' dir='ltr'>duitas</span> <span class='ocrx_word' id='word_1_380' title='bbox 371 3607 400 3656; x_wconf 85' lang='lat' dir='ltr'>E.</span> <span class='ocrx_word' id='word_1_381' title='bbox 421 3633 447 3642; x_wconf 89' lang='lat'>-</span> <span class='ocrx_word' id='word_1_382' title='bbox 467 3605 536 3655; x_wconf 87' lang='lat' dir='ltr'>bonis</span> <span class='ocrx_word' id='word_1_383' title='bbox 550 3607 612 3656; x_wconf 86' lang='lat' dir='ltr'>uiris</span> <span class='ocrx_word' id='word_1_384' title='bbox 628 3607 693 3668; x_wconf 89' lang='lat' dir='ltr'>mei,</span> <span class='ocrx_word' id='word_1_385' title='bbox 712 3609 727 3656; x_wconf 79' lang='lat' dir='ltr'>b</span> <span class='ocrx_word' id='word_1_386' title='bbox 745 3608 827 3657; x_wconf 64' lang='lat' dir='ltr'>Onu:</span> <span class='ocrx_word' id='word_1_387' title='bbox 845 3608 907 3656; x_wconf 87' lang='lat' dir='ltr'>ciris</span> <span class='ocrx_word' id='word_1_388' title='bbox 923 3621 975 3658; x_wconf 91' lang='lat' dir='ltr'>om.</span> <span class='ocrx_word' id='word_1_389' title='bbox 996 3609 1051 3658; x_wconf 81' lang='lat' dir='ltr'>Lo.</span> <span class='ocrx_word' id='word_1_390' title='bbox 1072 3633 1098 3642; x_wconf 89' lang='lat'>—</span> <span class='ocrx_word' id='word_1_391' title='bbox 1118 3605 1237 3670; x_wconf 75' lang='lat' dir='ltr'>beneflciis</span> <span class='ocrx_word' id='word_1_392' title='bbox 1253 3607 1341 3655; x_wconf 87' lang='lat' dir='ltr'>EGC.</span> <span class='ocrx_word' id='word_1_393' title='bbox 1362 3633 1389 3642; x_wconf 93' lang='lat'>—</span> <span class='ocrx_word' id='word_1_394' title='bbox 1408 3606 1432 3656; x_wconf 82' lang='grc'>9.</span> <span class='ocrx_word' id='word_1_395' title='bbox 1450 3613 1593 3670; x_wconf 69' lang='lat' dir='ltr'>nanneten</span> 
     </span>
    </p>
   </div>
   <div class='ocr_carea' id='block_1_7' title="bbox 270 3681 1594 5105">
    <p class='ocr_par' dir='ltr' id='par_1_7' title="bbox 270 3681 1594 5105">
     <span class='ocr_line' id='line_1_36' title="bbox 274 3681 1589 3747; baseline 0.002 -17"><span class='ocrx_word' id='word_1_396' title='bbox 274 3697 302 3741; x_wconf 84' lang='grc' dir='ltr'>χ,</span> <span class='ocrx_word' id='word_1_397' title='bbox 322 3707 348 3716; x_wconf 92' lang='lat'><em>-</em></span> <span class='ocrx_word' id='word_1_398' title='bbox 368 3683 431 3730; x_wconf 83' lang='lat' dir='ltr'>bunc</span> <span class='ocrx_word' id='word_1_399' title='bbox 447 3682 542 3743; x_wconf 84' lang='lat' dir='ltr'>eripere</span> <span class='ocrx_word' id='word_1_400' title='bbox 559 3683 590 3740; x_wconf 83' lang='lat' dir='ltr'>E,</span> <span class='ocrx_word' id='word_1_401' title='bbox 609 3682 673 3731; x_wconf 85' lang='lat' dir='ltr'>bunc</span> <span class='ocrx_word' id='word_1_402' title='bbox 690 3695 743 3733; x_wconf 90' lang='lat' dir='ltr'>om.</span> <span class='ocrx_word' id='word_1_403' title='bbox 763 3683 791 3733; x_wconf 87' lang='lat' dir='ltr'>C.</span> <span class='ocrx_word' id='word_1_404' title='bbox 813 3711 840 3718; x_wconf 98' lang='lat'><em>-</em></span> <span class='ocrx_word' id='word_1_405' title='bbox 860 3683 899 3732; x_wconf 84' lang='lat' dir='ltr'>to.</span> <span class='ocrx_word' id='word_1_406' title='bbox 918 3683 983 3747; x_wconf 70' lang='lat' dir='ltr'>offici</span> <span class='ocrx_word' id='word_1_407' title='bbox 1000 3685 1029 3732; x_wconf 86' lang='lat' dir='ltr'>G.</span> <span class='ocrx_word' id='word_1_408' title='bbox 1051 3710 1077 3718; x_wconf 94' lang='lat'><em>-</em></span> <span class='ocrx_word' id='word_1_409' title='bbox 1096 3695 1114 3731; x_wconf 87' lang='lat' dir='ltr'>u</span> <span class='ocrx_word' id='word_1_410' title='bbox 1129 3681 1198 3730; x_wconf 88' lang='lat' dir='ltr'>uobis</span> <span class='ocrx_word' id='word_1_411' title='bbox 1214 3683 1233 3731; x_wconf 91' lang='lat' dir='ltr'><strong>G</strong></span> <span class='ocrx_word' id='word_1_412' title='bbox 1242 3695 1270 3740; x_wconf 85' lang='grc' dir='ltr'>χ.</span> <span class='ocrx_word' id='word_1_413' title='bbox 1285 3706 1313 3717; x_wconf 89' lang='grc'><strong>-</strong></span> <span class='ocrx_word' id='word_1_414' title='bbox 1333 3681 1372 3731; x_wconf 85' lang='lat' dir='ltr'>tt.</span> <span class='ocrx_word' id='word_1_415' title='bbox 1389 3682 1502 3744; x_wconf 82' lang='lat' dir='ltr'>ipsosque</span> <span class='ocrx_word' id='word_1_416' title='bbox 1518 3685 1547 3733; x_wconf 90' lang='lat' dir='ltr'>C.</span> <span class='ocrx_word' id='word_1_417' title='bbox 1562 3711 1589 3719; x_wconf 97' lang='lat'>-</span> 
     </span>
     <span class='ocr_line' id='line_1_37' title="bbox 270 3756 1589 3822; baseline 0.001 -16"><span class='ocrx_word' id='word_1_418' title='bbox 270 3762 372 3820; x_wconf 75' lang='lat' dir='ltr'>poemat</span> <span class='ocrx_word' id='word_1_419' title='bbox 384 3759 412 3806; x_wconf 85' lang='lat' dir='ltr'>G.</span> <span class='ocrx_word' id='word_1_420' title='bbox 424 3781 449 3792; x_wconf 88' lang='lat'>-</span> <span class='ocrx_word' id='word_1_421' title='bbox 462 3758 483 3806; x_wconf 86' lang='lat' dir='ltr'>si</span> <span class='ocrx_word' id='word_1_422' title='bbox 498 3758 559 3806; x_wconf 85' lang='lat' dir='ltr'>nibil</span> <span class='ocrx_word' id='word_1_423' title='bbox 569 3758 621 3807; x_wconf 87' lang='lat' dir='ltr'>mei</span> <span class='ocrx_word' id='word_1_424' title='bbox 631 3760 657 3808; x_wconf 90' lang='lat' dir='ltr'>et</span> <span class='ocrx_word' id='word_1_425' title='bbox 669 3760 761 3822; x_wconf 64' lang='lat' dir='ltr'>baga:</span> <span class='ocrx_word' id='word_1_426' title='bbox 780 3759 818 3808; x_wconf 90' lang='lat' dir='ltr'>sin</span> <span class='ocrx_word' id='word_1_427' title='bbox 828 3759 890 3809; x_wconf 84' lang='lat' dir='ltr'>nibil</span> <span class='ocrx_word' id='word_1_428' title='bbox 901 3760 1037 3809; x_wconf 85' lang='lat' dir='ltr'>Graevius.</span> <span class='ocrx_word' id='word_1_429' title='bbox 1048 3783 1074 3791; x_wconf 93' lang='lat'><strong>—</strong></span> <span class='ocrx_word' id='word_1_430' title='bbox 1087 3757 1126 3806; x_wconf 78' lang='lat' dir='ltr'>te.</span> <span class='ocrx_word' id='word_1_431' title='bbox 1137 3758 1291 3805; x_wconf 85' lang='lat' dir='ltr'>eoruva:</span> <span class='ocrx_word' id='word_1_432' title='bbox 1309 3756 1546 3818; x_wconf 70' lang='lat' dir='ltr'>insonantium.</span> <span class='ocrx_word' id='word_1_433' title='bbox 1561 3783 1589 3793; x_wconf 95' lang='lat'><em>-</em></span> 
     </span>
     <span class='ocr_line' id='line_1_38' title="bbox 273 3829 1592 3897; baseline 0.002 -17"><span class='ocrx_word' id='word_1_434' title='bbox 273 3837 300 3881; x_wconf 92' lang='lat' dir='ltr'>ut</span> <span class='ocrx_word' id='word_1_435' title='bbox 316 3834 489 3895; x_wconf 73' lang='lat' dir='ltr'>sum-aquetur</span> <span class='ocrx_word' id='word_1_436' title='bbox 505 3832 572 3892; x_wconf 86' lang='lat' dir='ltr'>mei,</span> <span class='ocrx_word' id='word_1_437' title='bbox 592 3832 653 3882; x_wconf 92' lang='lat' dir='ltr'>edd.</span> <span class='ocrx_word' id='word_1_438' title='bbox 673 3834 748 3892; x_wconf 83' lang='lat' dir='ltr'>vett,</span> <span class='ocrx_word' id='word_1_439' title='bbox 768 3832 845 3883; x_wconf 91' lang='lat' dir='ltr'>codd.</span> <span class='ocrx_word' id='word_1_440' title='bbox 859 3831 991 3897; x_wconf 88' lang='lat' dir='ltr'>plerique:</span> <span class='ocrx_word' id='word_1_441' title='bbox 1010 3838 1038 3882; x_wconf 91' lang='lat' dir='ltr'>ut</span> <span class='ocrx_word' id='word_1_442' title='bbox 1054 3833 1223 3894; x_wconf 73' lang='lat' dir='ltr'>sertisqentur</span> <span class='ocrx_word' id='word_1_443' title='bbox 1239 3832 1297 3880; x_wconf 86' lang='lat' dir='ltr'>Par.</span> <span class='ocrx_word' id='word_1_444' title='bbox 1309 3831 1334 3880; x_wconf 80' lang='lat' dir='ltr'>i.</span> <span class='ocrx_word' id='word_1_445' title='bbox 1353 3833 1380 3880; x_wconf 86' lang='lat' dir='ltr'>et</span> <span class='ocrx_word' id='word_1_446' title='bbox 1395 3829 1477 3882; x_wconf 87' lang='lat' dir='ltr'>Gueli.</span> <span class='ocrx_word' id='word_1_447' title='bbox 1496 3829 1543 3883; x_wconf 90' lang='lat' dir='ltr'>soli</span> <span class='ocrx_word' id='word_1_448' title='bbox 1558 3847 1592 3882; x_wconf 85' lang='lat' dir='ltr'>ex</span> 
     </span>
     <span class='ocr_line' id='line_1_39' title="bbox 275 3906 1591 3971; baseline 0.001 -15"><span class='ocrx_word' id='word_1_449' title='bbox 275 3907 351 3964; x_wconf 84' lang='lat' dir='ltr'>cotie,</span> <span class='ocrx_word' id='word_1_450' title='bbox 371 3907 433 3962; x_wconf 60' lang='lat'>1203</span> <span class='ocrx_word' id='word_1_451' title='bbox 452 3906 473 3954; x_wconf 87' lang='lat' dir='ltr'>si</span> <span class='ocrx_word' id='word_1_452' title='bbox 490 3907 532 3968; x_wconf 86' lang='lat' dir='ltr'>qui</span> <span class='ocrx_word' id='word_1_453' title='bbox 548 3909 723 3970; x_wconf 74' lang='lat' dir='ltr'>suffraqantur</span> <span class='ocrx_word' id='word_1_454' title='bbox 738 3908 987 3971; x_wconf 82' lang='lat' dir='ltr'>nibiivaientqretia</span> <span class='ocrx_word' id='word_1_455' title='bbox 998 3908 1066 3958; x_wconf 92' lang='lat' dir='ltr'>cani.</span> <span class='ocrx_word' id='word_1_456' title='bbox 1079 3906 1283 3965; x_wconf 84' lang='lat' dir='ltr'>Mommsenius;</span> <span class='ocrx_word' id='word_1_457' title='bbox 1301 3906 1357 3968; x_wconf 86' lang='lat' dir='ltr'>ipse</span> <span class='ocrx_word' id='word_1_458' title='bbox 1376 3907 1473 3956; x_wconf 81' lang='lat' dir='ltr'>tentari</span> <span class='ocrx_word' id='word_1_459' title='bbox 1489 3908 1515 3957; x_wconf 93' lang='lat' dir='ltr'>in</span> <span class='ocrx_word' id='word_1_460' title='bbox 1533 3906 1591 3957; x_wconf 90' lang='lat' dir='ltr'>loco</span> 
     </span>
     <span class='ocr_line' id='line_1_40' title="bbox 274 3981 1591 4047; baseline 0.001 -16"><span class='ocrx_word' id='word_1_461' title='bbox 274 3981 448 4046; x_wconf 85' lang='lat' dir='ltr'>perobscuro:</span> <span class='ocrx_word' id='word_1_462' title='bbox 468 3987 539 4032; x_wconf 88' lang='lat' dir='ltr'>tenus</span> <span class='ocrx_word' id='word_1_463' title='bbox 555 3989 601 4043; x_wconf 87' lang='lat' dir='ltr'>est,</span> <span class='ocrx_word' id='word_1_464' title='bbox 620 3985 640 4031; x_wconf 82' lang='lat' dir='ltr'>si</span> <span class='ocrx_word' id='word_1_465' title='bbox 657 3988 753 4033; x_wconf 79' lang='lat' dir='ltr'>tantun</span> <span class='ocrx_word' id='word_1_466' title='bbox 769 3986 955 4047; x_wconf 56' lang='lat' dir='ltr'>suffrapentum</span> <span class='ocrx_word' id='word_1_467' title='bbox 976 3983 1037 4032; x_wconf 77' lang='lat' dir='ltr'>nihii</span> <span class='ocrx_word' id='word_1_468' title='bbox 1052 3981 1135 4032; x_wconf 70' lang='lat' dir='ltr'>nuent</span> <span class='ocrx_word' id='word_1_469' title='bbox 1149 3982 1244 4044; x_wconf 79' lang='lat' dir='ltr'>qratia</span> <span class='ocrx_word' id='word_1_470' title='bbox 1271 3982 1384 4032; x_wconf 81' lang='lat' dir='ltr'>Munatio</span> <span class='ocrx_word' id='word_1_471' title='bbox 1401 3983 1491 4032; x_wconf 88' lang='lat' dir='ltr'>autem</span> <span class='ocrx_word' id='word_1_472' title='bbox 1507 3983 1591 4032; x_wconf 90' lang='lat' dir='ltr'>totum</span> 
     </span>
     <span class='ocr_line' id='line_1_41' title="bbox 274 4055 1589 4120; baseline -0.001 -12"><span class='ocrx_word' id='word_1_473' title='bbox 274 4059 385 4108; x_wconf 88' lang='lat' dir='ltr'>incisum</span> <span class='ocrx_word' id='word_1_474' title='bbox 403 4056 423 4105; x_wconf 89' lang='lat' dir='ltr'>si</span> <span class='ocrx_word' id='word_1_475' title='bbox 439 4061 467 4106; x_wconf 92' lang='lat' dir='ltr'>ut</span> <span class='ocrx_word' id='word_1_476' title='bbox 478 4082 515 4094; x_wconf 91' lang='lat'>--</span> <span class='ocrx_word' id='word_1_477' title='bbox 526 4058 612 4120; x_wconf 78' lang='lat' dir='ltr'>pratia</span> <span class='ocrx_word' id='word_1_478' title='bbox 629 4056 764 4108; x_wconf 84' lang='lat' dir='ltr'>abundare</span> <span class='ocrx_word' id='word_1_479' title='bbox 781 4057 931 4108; x_wconf 78' lang='lat' dir='ltr'>videbatur.</span> <span class='ocrx_word' id='word_1_480' title='bbox 948 4084 973 4095; x_wconf 94' lang='lat'>-</span> <span class='ocrx_word' id='word_1_481' title='bbox 995 4059 1034 4106; x_wconf 79' lang='lat' dir='ltr'>tt.</span> <span class='ocrx_word' id='word_1_482' title='bbox 1053 4056 1129 4106; x_wconf 70' lang='lat' dir='ltr'>aaut</span> <span class='ocrx_word' id='word_1_483' title='bbox 1144 4059 1172 4104; x_wconf 90' lang='lat' dir='ltr'>ut</span> <span class='ocrx_word' id='word_1_484' title='bbox 1187 4057 1254 4116; x_wconf 86' lang='lat' dir='ltr'>toqui</span> <span class='ocrx_word' id='word_1_485' title='bbox 1271 4055 1298 4104; x_wconf 88' lang='lat' dir='ltr'>E.</span> <span class='ocrx_word' id='word_1_486' title='bbox 1314 4081 1341 4090; x_wconf 91' lang='lat'>—</span> <span class='ocrx_word' id='word_1_487' title='bbox 1357 4057 1503 4118; x_wconf 79' lang='lat' dir='ltr'>respondere</span> <span class='ocrx_word' id='word_1_488' title='bbox 1518 4071 1547 4116; x_wconf 86' lang='grc' dir='ltr'>χ.</span> <span class='ocrx_word' id='word_1_489' title='bbox 1562 4083 1589 4090; x_wconf 87' lang='grc'>-</span> 
     </span>
     <span class='ocr_line' id='line_1_42' title="bbox 274 4129 1590 4195; baseline -0.002 -12"><span class='ocrx_word' id='word_1_490' title='bbox 274 4133 313 4183; x_wconf 77' lang='lat' dir='ltr'>ib.</span> <span class='ocrx_word' id='word_1_491' title='bbox 330 4137 432 4195; x_wconf 85' lang='lat' dir='ltr'>possunt</span> <span class='ocrx_word' id='word_1_492' title='bbox 448 4130 490 4180; x_wconf 91' lang='lat' dir='ltr'>ed.</span> <span class='ocrx_word' id='word_1_493' title='bbox 510 4133 595 4182; x_wconf 81' lang='lat' dir='ltr'>Cret:</span> <span class='ocrx_word' id='word_1_494' title='bbox 611 4135 705 4194; x_wconf 85' lang='lat' dir='ltr'>possint</span> <span class='ocrx_word' id='word_1_495' title='bbox 722 4134 814 4194; x_wconf 87' lang='lat' dir='ltr'>Eblv,</span> <span class='ocrx_word' id='word_1_496' title='bbox 833 4132 848 4183; x_wconf 83' lang='lat' dir='ltr'>l</span> <span class='ocrx_word' id='word_1_497' title='bbox 866 4134 943 4192; x_wconf 81' lang='lat' dir='ltr'>0xx.;</span> <span class='ocrx_word' id='word_1_498' title='bbox 959 4133 1036 4194; x_wconf 84' lang='lat' dir='ltr'>possit</span> <span class='ocrx_word' id='word_1_499' title='bbox 1052 4133 1081 4180; x_wconf 86' lang='lat' dir='ltr'>G.</span> <span class='ocrx_word' id='word_1_500' title='bbox 1102 4153 1129 4165; x_wconf 91' lang='lat'><em>-</em></span> <span class='ocrx_word' id='word_1_501' title='bbox 1150 4134 1225 4190; x_wconf 89' lang='lat' dir='ltr'>atque</span> <span class='ocrx_word' id='word_1_502' title='bbox 1239 4129 1287 4191; x_wconf 86' lang='lat' dir='ltr'>ipsi</span> <span class='ocrx_word' id='word_1_503' title='bbox 1302 4129 1361 4179; x_wconf 87' lang='lat' dir='ltr'>baec</span> <span class='ocrx_word' id='word_1_504' title='bbox 1377 4145 1405 4188; x_wconf 87' lang='grc' dir='ltr'>χ.</span> <span class='ocrx_word' id='word_1_505' title='bbox 1425 4157 1453 4167; x_wconf 89' lang='grc'><strong>-</strong></span> <span class='ocrx_word' id='word_1_506' title='bbox 1473 4133 1513 4181; x_wconf 78' lang='lat' dir='ltr'>lb.</span> <span class='ocrx_word' id='word_1_507' title='bbox 1529 4145 1590 4180; x_wconf 84' lang='lat' dir='ltr'>coa-</span> 
     </span>
     <span class='ocr_line' id='line_1_43' title="bbox 272 4205 1593 4269; baseline 0 -13"><span class='ocrx_word' id='word_1_508' title='bbox 272 4211 387 4256; x_wconf 85' lang='lat' dir='ltr'>seeuntur</span> <span class='ocrx_word' id='word_1_509' title='bbox 403 4206 462 4257; x_wconf 83' lang='lat' dir='ltr'>biv.</span> <span class='ocrx_word' id='word_1_510' title='bbox 483 4231 510 4240; x_wconf 91' lang='lat'><em>-</em></span> <span class='ocrx_word' id='word_1_511' title='bbox 533 4219 580 4255; x_wconf 87' lang='lat' dir='ltr'>sua</span> <span class='ocrx_word' id='word_1_512' title='bbox 597 4219 649 4256; x_wconf 92' lang='lat' dir='ltr'>om.</span> <span class='ocrx_word' id='word_1_513' title='bbox 669 4209 698 4256; x_wconf 88' lang='lat' dir='ltr'>G.</span> <span class='ocrx_word' id='word_1_514' title='bbox 719 4233 745 4243; x_wconf 95' lang='lat'><em>-</em></span> <span class='ocrx_word' id='word_1_515' title='bbox 769 4207 808 4256; x_wconf 83' lang='lat' dir='ltr'>ts.</span> <span class='ocrx_word' id='word_1_516' title='bbox 824 4219 895 4268; x_wconf 87' lang='lat' dir='ltr'>posse</span> <span class='ocrx_word' id='word_1_517' title='bbox 908 4210 1000 4266; x_wconf 78' lang='lat' dir='ltr'>putem</span> <span class='ocrx_word' id='word_1_518' title='bbox 1015 4221 1041 4256; x_wconf 88' lang='lat' dir='ltr'>v.</span> <span class='ocrx_word' id='word_1_519' title='bbox 1062 4234 1088 4243; x_wconf 88' lang='lat'>—</span> <span class='ocrx_word' id='word_1_520' title='bbox 1112 4205 1223 4269; x_wconf 77' lang='lat' dir='ltr'>necuere]</span> <span class='ocrx_word' id='word_1_521' title='bbox 1240 4206 1292 4269; x_wconf 80' lang='lat' dir='ltr'>ieqe</span> <span class='ocrx_word' id='word_1_522' title='bbox 1308 4205 1336 4254; x_wconf 88' lang='lat' dir='ltr'>E.</span> <span class='ocrx_word' id='word_1_523' title='bbox 1357 4232 1385 4242; x_wconf 95' lang='lat'><em>-</em></span> <span class='ocrx_word' id='word_1_524' title='bbox 1406 4207 1445 4255; x_wconf 83' lang='lat' dir='ltr'>te.</span> <span class='ocrx_word' id='word_1_525' title='bbox 1464 4211 1492 4256; x_wconf 88' lang='lat' dir='ltr'>at</span> <span class='ocrx_word' id='word_1_526' title='bbox 1507 4209 1546 4257; x_wconf 83' lang='lat' dir='ltr'>u:</span> <span class='ocrx_word' id='word_1_527' title='bbox 1565 4212 1593 4256; x_wconf 89' lang='lat' dir='ltr'>ut</span> 
     </span>
     <span class='ocr_line' id='line_1_44' title="bbox 273 4280 1589 4345; baseline 0.002 -14"><span class='ocrx_word' id='word_1_528' title='bbox 273 4285 305 4342; x_wconf 79' lang='lat' dir='ltr'>G,</span> <span class='ocrx_word' id='word_1_529' title='bbox 325 4296 355 4331; x_wconf 88' lang='lat' dir='ltr'>ec</span> <span class='ocrx_word' id='word_1_530' title='bbox 373 4282 426 4332; x_wconf 85' lang='lat' dir='ltr'>liv.</span> <span class='ocrx_word' id='word_1_531' title='bbox 446 4305 473 4315; x_wconf 89' lang='lat'><em>—</em></span> <span class='ocrx_word' id='word_1_532' title='bbox 500 4281 540 4330; x_wconf 72' lang='lat'>20.</span> <span class='ocrx_word' id='word_1_533' title='bbox 557 4282 669 4342; x_wconf 85' lang='lat' dir='ltr'>prandia</span> <span class='ocrx_word' id='word_1_534' title='bbox 686 4294 711 4331; x_wconf 90' lang='lat' dir='ltr'>v.</span> <span class='ocrx_word' id='word_1_535' title='bbox 732 4306 759 4318; x_wconf 89' lang='lat'>·-</span> <span class='ocrx_word' id='word_1_536' title='bbox 786 4280 858 4345; x_wconf 80' lang='lat' dir='ltr'>noiqo</span> <span class='ocrx_word' id='word_1_537' title='bbox 875 4282 907 4331; x_wconf 85' lang='lat' dir='ltr'>bl.</span> <span class='ocrx_word' id='word_1_538' title='bbox 939 4305 965 4317; x_wconf 87' lang='lat'>-</span> <span class='ocrx_word' id='word_1_539' title='bbox 992 4283 1033 4331; x_wconf 82' lang='lat' dir='ltr'>et.</span> <span class='ocrx_word' id='word_1_540' title='bbox 1051 4296 1101 4331; x_wconf 89' lang='lat' dir='ltr'>non</span> <span class='ocrx_word' id='word_1_541' title='bbox 1118 4287 1153 4332; x_wconf 84' lang='lat' dir='ltr'>est</span> <span class='ocrx_word' id='word_1_542' title='bbox 1167 4282 1260 4331; x_wconf 58' lang='lat' dir='ltr'>udices</span> <span class='ocrx_word' id='word_1_543' title='bbox 1276 4283 1304 4333; x_wconf 90' lang='lat' dir='ltr'>E.</span> <span class='ocrx_word' id='word_1_544' title='bbox 1325 4307 1351 4316; x_wconf 94' lang='lat'><em>-</em></span> <span class='ocrx_word' id='word_1_545' title='bbox 1378 4282 1418 4331; x_wconf 58' lang='grc' dir='ltr'>ἢ.</span> <span class='ocrx_word' id='word_1_546' title='bbox 1437 4282 1496 4332; x_wconf 86' lang='lat' dir='ltr'>baec</span> <span class='ocrx_word' id='word_1_547' title='bbox 1511 4283 1540 4333; x_wconf 87' lang='lat' dir='ltr'>E.</span> <span class='ocrx_word' id='word_1_548' title='bbox 1562 4309 1589 4318; x_wconf 93' lang='lat'>-</span> 
     </span>
     <span class='ocr_line' id='line_1_45' title="bbox 272 4355 1592 4420; baseline 0 -14"><span class='ocrx_word' id='word_1_549' title='bbox 272 4358 454 4419; x_wconf 79' lang='lat' dir='ltr'>conquestiones</span> <span class='ocrx_word' id='word_1_550' title='bbox 470 4356 583 4407; x_wconf 85' lang='lat' dir='ltr'>EGllC</span> <span class='ocrx_word' id='word_1_551' title='bbox 594 4357 615 4406; x_wconf 89' lang='lat' dir='ltr'>ll</span> <span class='ocrx_word' id='word_1_552' title='bbox 626 4358 690 4418; x_wconf 72' lang='lat' dir='ltr'>Soa:</span> <span class='ocrx_word' id='word_1_553' title='bbox 711 4359 864 4420; x_wconf 82' lang='lat' dir='ltr'>quaestiones</span> <span class='ocrx_word' id='word_1_554' title='bbox 880 4358 962 4406; x_wconf 71' lang='grc' dir='ltr'><strong>ιον.</strong></span> <span class='ocrx_word' id='word_1_555' title='bbox 984 4384 1009 4392; x_wconf 80' lang='lat'>—</span> <span class='ocrx_word' id='word_1_556' title='bbox 1029 4355 1069 4407; x_wconf 72' lang='lat' dir='ltr'>ii.</span> <span class='ocrx_word' id='word_1_557' title='bbox 1089 4361 1134 4406; x_wconf 89' lang='lat' dir='ltr'>aut</span> <span class='ocrx_word' id='word_1_558' title='bbox 1149 4361 1236 4406; x_wconf 86' lang='lat' dir='ltr'>nostra</span> <span class='ocrx_word' id='word_1_559' title='bbox 1254 4369 1306 4407; x_wconf 93' lang='lat' dir='ltr'>om.</span> <span class='ocrx_word' id='word_1_560' title='bbox 1324 4357 1378 4406; x_wconf 82' lang='lat' dir='ltr'>l’v.</span> <span class='ocrx_word' id='word_1_561' title='bbox 1393 4383 1420 4391; x_wconf 83' lang='lat'><em>-</em></span> <span class='ocrx_word' id='word_1_562' title='bbox 1435 4370 1463 4419; x_wconf 81' lang='lat' dir='ltr'>p.</span> <span class='ocrx_word' id='word_1_563' title='bbox 1480 4362 1592 4408; x_wconf 73' lang='lat' dir='ltr'>nastmns</span> 
     </span>
     <span class='ocr_line' id='line_1_46' title="bbox 274 4431 1593 4496; baseline -0.001 -13"><span class='ocrx_word' id='word_1_564' title='bbox 274 4434 331 4483; x_wconf 88' lang='lat' dir='ltr'>EC.</span> <span class='ocrx_word' id='word_1_565' title='bbox 354 4459 381 4468; x_wconf 91' lang='lat'>-</span> <span class='ocrx_word' id='word_1_566' title='bbox 399 4431 440 4481; x_wconf 77' lang='lat' dir='ltr'>ib.</span> <span class='ocrx_word' id='word_1_567' title='bbox 459 4431 527 4494; x_wconf 84' lang='lat' dir='ltr'>buce]</span> <span class='ocrx_word' id='word_1_568' title='bbox 544 4445 589 4481; x_wconf 90' lang='lat' dir='ltr'>nec</span> <span class='ocrx_word' id='word_1_569' title='bbox 606 4432 657 4482; x_wconf 81' lang='lat' dir='ltr'>Tr.</span> <span class='ocrx_word' id='word_1_570' title='bbox 679 4459 706 4468; x_wconf 98' lang='lat'>-</span> <span class='ocrx_word' id='word_1_571' title='bbox 731 4434 853 4482; x_wconf 70' lang='lat' dir='ltr'>tmuiores</span> <span class='ocrx_word' id='word_1_572' title='bbox 869 4445 887 4480; x_wconf 88' lang='lat' dir='ltr'>a</span> <span class='ocrx_word' id='word_1_573' title='bbox 902 4431 961 4496; x_wconf 83' lang='lat' dir='ltr'>setis]</span> <span class='ocrx_word' id='word_1_574' title='bbox 979 4432 1017 4481; x_wconf 88' lang='lat' dir='ltr'>sic</span> <span class='ocrx_word' id='word_1_575' title='bbox 1034 4433 1101 4492; x_wconf 86' lang='lat' dir='ltr'>Gbl,</span> <span class='ocrx_word' id='word_1_576' title='bbox 1119 4434 1176 4482; x_wconf 84' lang='lat' dir='ltr'>Par.</span> <span class='ocrx_word' id='word_1_577' title='bbox 1195 4433 1231 4492; x_wconf 80' lang='lat' dir='ltr'>l.,</span> <span class='ocrx_word' id='word_1_578' title='bbox 1249 4434 1286 4483; x_wconf 86' lang='lat' dir='ltr'>st.</span> <span class='ocrx_word' id='word_1_579' title='bbox 1305 4431 1380 4493; x_wconf 82' lang='lat' dir='ltr'>vict,</span> <span class='ocrx_word' id='word_1_580' title='bbox 1399 4431 1481 4483; x_wconf 90' lang='lat' dir='ltr'>Gueli.</span> <span class='ocrx_word' id='word_1_581' title='bbox 1501 4433 1556 4495; x_wconf 85' lang='lat' dir='ltr'>(sed</span> <span class='ocrx_word' id='word_1_582' title='bbox 1574 4447 1593 4482; x_wconf 85' lang='lat' dir='ltr'>a</span> 
     </span>
     <span class='ocr_line' id='line_1_47' title="bbox 273 4505 1592 4572; baseline 0.002 -15"><span class='ocrx_word' id='word_1_583' title='bbox 273 4521 326 4557; x_wconf 91' lang='lat' dir='ltr'>am.</span> <span class='ocrx_word' id='word_1_584' title='bbox 340 4508 378 4566; x_wconf 88' lang='lat' dir='ltr'>bl,</span> <span class='ocrx_word' id='word_1_585' title='bbox 398 4505 543 4556; x_wconf 85' lang='lat' dir='ltr'>Ghebetet</span> <span class='ocrx_word' id='word_1_586' title='bbox 557 4519 605 4570; x_wconf 89' lang='lat' dir='ltr'>pro</span> <span class='ocrx_word' id='word_1_587' title='bbox 617 4507 654 4569; x_wconf 78' lang='lat' dir='ltr'>al:</span> <span class='ocrx_word' id='word_1_588' title='bbox 676 4508 797 4558; x_wconf 87' lang='lat' dir='ltr'>tenuiores</span> <span class='ocrx_word' id='word_1_589' title='bbox 806 4509 917 4569; x_wconf 61' lang='lat' dir='ltr'>numum</span> <span class='ocrx_word' id='word_1_590' title='bbox 927 4509 1035 4558; x_wconf 64' lang='lat' dir='ltr'>muru</span> <span class='ocrx_word' id='word_1_591' title='bbox 1047 4507 1091 4571; x_wconf 88' lang='lat' dir='ltr'>qui</span> <span class='ocrx_word' id='word_1_592' title='bbox 1105 4521 1136 4557; x_wconf 87' lang='lat' dir='ltr'>ea</span> <span class='ocrx_word' id='word_1_593' title='bbox 1146 4509 1196 4557; x_wconf 73' lang='lat' dir='ltr'>satu</span> <span class='ocrx_word' id='word_1_594' title='bbox 1206 4508 1228 4558; x_wconf 87' lang='lat' dir='ltr'>H</span> <span class='ocrx_word' id='word_1_595' title='bbox 1238 4509 1387 4572; x_wconf 71' lang='grc' dir='ltr'>Τχψνι,</span> <span class='ocrx_word' id='word_1_596' title='bbox 1405 4507 1484 4571; x_wconf 81' lang='lat' dir='ltr'>Lagg.</span> <span class='ocrx_word' id='word_1_597' title='bbox 1497 4521 1592 4560; x_wconf 82' lang='lat' dir='ltr'>omnes</span> 
     </span>
     <span class='ocr_line' id='line_1_48' title="bbox 273 4579 1593 4646; baseline 0.003 -15"><span class='ocrx_word' id='word_1_598' title='bbox 273 4585 380 4646; x_wconf 89' lang='lat' dir='ltr'>praeter</span> <span class='ocrx_word' id='word_1_599' title='bbox 396 4582 419 4632; x_wconf 85' lang='grc'>9.</span> <span class='ocrx_word' id='word_1_600' title='bbox 438 4582 478 4631; x_wconf 85' lang='lat' dir='ltr'>eo.</span> <span class='ocrx_word' id='word_1_601' title='bbox 491 4581 533 4630; x_wconf 79' lang='lat' dir='ltr'>et.</span> <span class='ocrx_word' id='word_1_602' title='bbox 553 4579 609 4642; x_wconf 80' lang='lat' dir='ltr'>(sed</span> <span class='ocrx_word' id='word_1_603' title='bbox 626 4583 708 4644; x_wconf 70' lang='grc' dir='ltr'>χψι</span> <span class='ocrx_word' id='word_1_604' title='bbox 725 4583 814 4631; x_wconf 87' lang='lat' dir='ltr'>nedum</span> <span class='ocrx_word' id='word_1_605' title='bbox 831 4596 878 4646; x_wconf 90' lang='lat' dir='ltr'>pro</span> <span class='ocrx_word' id='word_1_606' title='bbox 894 4579 1027 4644; x_wconf 86' lang='lat' dir='ltr'>nondum);</span> <span class='ocrx_word' id='word_1_607' title='bbox 1047 4583 1168 4632; x_wconf 81' lang='lat' dir='ltr'>tenuiores</span> <span class='ocrx_word' id='word_1_608' title='bbox 1182 4585 1307 4645; x_wconf 63' lang='lat' dir='ltr'>curasan,</span> <span class='ocrx_word' id='word_1_609' title='bbox 1324 4585 1434 4634; x_wconf 84' lang='lat' dir='ltr'>nondum</span> <span class='ocrx_word' id='word_1_610' title='bbox 1450 4586 1493 4646; x_wconf 89' lang='lat' dir='ltr'>qui</span> <span class='ocrx_word' id='word_1_611' title='bbox 1508 4597 1526 4635; x_wconf 85' lang='lat' dir='ltr'>a</span> <span class='ocrx_word' id='word_1_612' title='bbox 1541 4586 1593 4634; x_wconf 86' lang='lat' dir='ltr'>suis</span> 
     </span>
     <span class='ocr_line' id='line_1_49' title="bbox 273 4655 1593 4723; baseline 0.001 -16"><span class='ocrx_word' id='word_1_613' title='bbox 273 4659 294 4707; x_wconf 89' lang='lat'>0</span> <span class='ocrx_word' id='word_1_614' title='bbox 311 4658 338 4706; x_wconf 88' lang='lat' dir='ltr'>et</span> <span class='ocrx_word' id='word_1_615' title='bbox 354 4657 414 4719; x_wconf 79' lang='lat' dir='ltr'>Lag.</span> <span class='ocrx_word' id='word_1_616' title='bbox 433 4656 484 4717; x_wconf 70' lang='lat' dir='ltr'>ib,</span> <span class='ocrx_word' id='word_1_617' title='bbox 508 4657 538 4705; x_wconf 91' lang='lat' dir='ltr'>ut</span> <span class='ocrx_word' id='word_1_618' title='bbox 554 4655 666 4706; x_wconf 86' lang='lat' dir='ltr'>videtur.</span> <span class='ocrx_word' id='word_1_619' title='bbox 695 4658 714 4707; x_wconf 88' lang='grc' dir='ltr'>Ε</span> <span class='ocrx_word' id='word_1_620' title='bbox 735 4655 817 4707; x_wconf 87' lang='lat' dir='ltr'>hebet</span> <span class='ocrx_word' id='word_1_621' title='bbox 837 4659 897 4720; x_wconf 89' lang='lat' dir='ltr'>posi</span> <span class='ocrx_word' id='word_1_622' title='bbox 917 4657 1037 4706; x_wconf 80' lang='lat' dir='ltr'>tenuiores</span> <span class='ocrx_word' id='word_1_623' title='bbox 1053 4655 1175 4708; x_wconf 87' lang='lat' dir='ltr'>lacunam</span> <span class='ocrx_word' id='word_1_624' title='bbox 1193 4657 1304 4708; x_wconf 88' lang='lat' dir='ltr'>duorum</span> <span class='ocrx_word' id='word_1_625' title='bbox 1322 4671 1448 4709; x_wconf 85' lang='lat' dir='ltr'>versuum</span> <span class='ocrx_word' id='word_1_626' title='bbox 1464 4660 1492 4709; x_wconf 87' lang='lat' dir='ltr'>et</span> <span class='ocrx_word' id='word_1_627' title='bbox 1506 4661 1593 4723; x_wconf 75' lang='lat' dir='ltr'>pergit</span> 
     </span>
     <span class='ocr_line' id='line_1_50' title="bbox 274 4730 1594 4794; baseline 0.003 -14"><span class='ocrx_word' id='word_1_628' title='bbox 274 4733 300 4782; x_wconf 91' lang='lat' dir='ltr'>in</span> <span class='ocrx_word' id='word_1_629' title='bbox 317 4731 406 4782; x_wconf 84' lang='lat' dir='ltr'>verbis</span> <span class='ocrx_word' id='word_1_630' title='bbox 422 4731 495 4782; x_wconf 75' lang='lat' dir='ltr'>senei</span> <span class='ocrx_word' id='word_1_631' title='bbox 510 4731 590 4780; x_wconf 78' lang='lat' dir='ltr'>bourn</span> <span class='ocrx_word' id='word_1_632' title='bbox 606 4730 747 4792; x_wconf 77' lang='lat' dir='ltr'>tribulibus,</span> <span class='ocrx_word' id='word_1_633' title='bbox 766 4733 793 4782; x_wconf 88' lang='lat' dir='ltr'>et</span> <span class='ocrx_word' id='word_1_634' title='bbox 809 4733 847 4782; x_wconf 90' lang='lat' dir='ltr'>sic</span> <span class='ocrx_word' id='word_1_635' title='bbox 865 4733 943 4782; x_wconf 89' lang='lat' dir='ltr'>etiem</span> <span class='ocrx_word' id='word_1_636' title='bbox 961 4733 1022 4793; x_wconf 80' lang='lat' dir='ltr'>Lag.</span> <span class='ocrx_word' id='word_1_637' title='bbox 1035 4732 1080 4790; x_wconf 80' lang='lat' dir='ltr'>e0;</span> <span class='ocrx_word' id='word_1_638' title='bbox 1099 4732 1160 4794; x_wconf 83' lang='lat' dir='ltr'>Lag.</span> <span class='ocrx_word' id='word_1_639' title='bbox 1174 4733 1198 4781; x_wconf 79' lang='lat'>9,</span> <span class='ocrx_word' id='word_1_640' title='bbox 1211 4731 1308 4783; x_wconf 84' lang='lat' dir='ltr'>babet:</span> <span class='ocrx_word' id='word_1_641' title='bbox 1328 4733 1449 4783; x_wconf 83' lang='lat' dir='ltr'>tenuiores</span> <span class='ocrx_word' id='word_1_642' title='bbox 1463 4733 1594 4784; x_wconf 80' lang='lat' dir='ltr'>tribulibus</span> 
     </span>
     <span class='ocr_line' id='line_1_51' title="bbox 273 4805 1593 4872; baseline 0.003 -18"><span class='ocrx_word' id='word_1_643' title='bbox 273 4807 323 4855; x_wconf 87' lang='lat' dir='ltr'>suis</span> <span class='ocrx_word' id='word_1_644' title='bbox 348 4807 438 4855; x_wconf 84' lang='lat' dir='ltr'>dedisse</span> <span class='ocrx_word' id='word_1_645' title='bbox 459 4805 530 4856; x_wconf 89' lang='lat' dir='ltr'>med.</span> <span class='ocrx_word' id='word_1_646' title='bbox 554 4805 672 4864; x_wconf 72' lang='lat' dir='ltr'>omissis,</span> <span class='ocrx_word' id='word_1_647' title='bbox 699 4807 724 4855; x_wconf 91' lang='lat' dir='ltr'>in</span> <span class='ocrx_word' id='word_1_648' title='bbox 743 4805 762 4855; x_wconf 90' lang='lat' dir='ltr'>C</span> <span class='ocrx_word' id='word_1_649' title='bbox 787 4809 814 4856; x_wconf 91' lang='lat' dir='ltr'>et</span> <span class='ocrx_word' id='word_1_650' title='bbox 830 4809 891 4870; x_wconf 82' lang='lat' dir='ltr'>Lag.</span> <span class='ocrx_word' id='word_1_651' title='bbox 911 4807 951 4857; x_wconf 81' lang='lat'>86.</span> <span class='ocrx_word' id='word_1_652' title='bbox 970 4809 1030 4870; x_wconf 87' lang='lat' dir='ltr'>post</span> <span class='ocrx_word' id='word_1_653' title='bbox 1049 4807 1170 4856; x_wconf 86' lang='lat' dir='ltr'>tenuiores</span> <span class='ocrx_word' id='word_1_654' title='bbox 1186 4819 1229 4858; x_wconf 87' lang='lat' dir='ltr'>vv.</span> <span class='ocrx_word' id='word_1_655' title='bbox 1248 4821 1333 4872; x_wconf 92' lang='lat' dir='ltr'>nsque</span> <span class='ocrx_word' id='word_1_656' title='bbox 1350 4806 1383 4856; x_wconf 87' lang='lat' dir='ltr'>ad</span> <span class='ocrx_word' id='word_1_657' title='bbox 1400 4807 1593 4871; x_wconf 77' lang='lat' dir='ltr'>ausquebamur</span> 
     </span>
     <span class='ocr_line' id='line_1_52' title="bbox 275 4880 1590 4946; baseline 0.003 -17"><span class='ocrx_word' id='word_1_658' title='bbox 275 4880 379 4931; x_wconf 87' lang='lat' dir='ltr'>desunt.</span> <span class='ocrx_word' id='word_1_659' title='bbox 407 4883 469 4932; x_wconf 87' lang='lat' dir='ltr'>Post</span> <span class='ocrx_word' id='word_1_660' title='bbox 484 4881 676 4943; x_wconf 83' lang='lat' dir='ltr'>assequebantur</span> <span class='ocrx_word' id='word_1_661' title='bbox 692 4881 717 4930; x_wconf 90' lang='lat' dir='ltr'>in</span> <span class='ocrx_word' id='word_1_662' title='bbox 738 4883 798 4945; x_wconf 82' lang='lat' dir='ltr'>lag.</span> <span class='ocrx_word' id='word_1_663' title='bbox 818 4882 842 4932; x_wconf 85' lang='lat'>3.</span> <span class='ocrx_word' id='word_1_664' title='bbox 861 4881 970 4945; x_wconf 78' lang='lat' dir='ltr'>legitur:</span> <span class='ocrx_word' id='word_1_665' title='bbox 992 4881 1031 4930; x_wconf 87' lang='lat' dir='ltr'>bie</span> <span class='ocrx_word' id='word_1_666' title='bbox 1046 4881 1162 4944; x_wconf 72' lang='lat' dir='ltr'>defldunt</span> <span class='ocrx_word' id='word_1_667' title='bbox 1176 4895 1261 4932; x_wconf 79' lang='lat' dir='ltr'>neren</span> <span class='ocrx_word' id='word_1_668' title='bbox 1277 4887 1384 4946; x_wconf 72' lang='lat' dir='ltr'>quattuor</span> <span class='ocrx_word' id='word_1_669' title='bbox 1399 4883 1427 4932; x_wconf 88' lang='lat' dir='ltr'>in</span> <span class='ocrx_word' id='word_1_670' title='bbox 1442 4883 1590 4945; x_wconf 56' lang='lat' dir='ltr'>camini.</span> 
     </span>
     <span class='ocr_line' id='line_1_53' title="bbox 276 4954 1593 5020; baseline 0.002 -15"><span class='ocrx_word' id='word_1_671' title='bbox 276 4982 303 4992; x_wconf 96' lang='lat'><em>-</em></span> <span class='ocrx_word' id='word_1_672' title='bbox 314 4957 354 5006; x_wconf 79' lang='lat' dir='ltr'>et.</span> <span class='ocrx_word' id='word_1_673' title='bbox 368 4957 469 5018; x_wconf 83' lang='lat' dir='ltr'>adsequi</span> <span class='ocrx_word' id='word_1_674' title='bbox 479 4961 499 5008; x_wconf 85' lang='lat' dir='ltr'>G</span> <span class='ocrx_word' id='word_1_675' title='bbox 511 4971 573 5008; x_wconf 91' lang='lat' dir='ltr'>cum</span> <span class='ocrx_word' id='word_1_676' title='bbox 584 4954 685 5006; x_wconf 86' lang='lat' dir='ltr'>lacuna.</span> <span class='ocrx_word' id='word_1_677' title='bbox 704 4957 769 5007; x_wconf 82' lang='lat' dir='ltr'>ilinc</span> <span class='ocrx_word' id='word_1_678' title='bbox 780 4957 967 5009; x_wconf 82' lang='lat' dir='ltr'>Mommsenins</span> <span class='ocrx_word' id='word_1_679' title='bbox 979 4955 1067 5006; x_wconf 90' lang='lat' dir='ltr'>locum</span> <span class='ocrx_word' id='word_1_680' title='bbox 1078 4956 1117 5006; x_wconf 88' lang='lat' dir='ltr'>sic</span> <span class='ocrx_word' id='word_1_681' title='bbox 1128 4955 1306 5020; x_wconf 83' lang='lat' dir='ltr'>supplendum</span> <span class='ocrx_word' id='word_1_682' title='bbox 1318 4961 1423 5010; x_wconf 89' lang='lat' dir='ltr'>censet:</span> <span class='ocrx_word' id='word_1_683' title='bbox 1435 4958 1460 5008; x_wconf 83' lang='lat' dir='ltr'>b.</span> <span class='ocrx_word' id='word_1_684' title='bbox 1469 4958 1593 5016; x_wconf 70' lang='lat' dir='ltr'>medaea</span> 
     </span>
     <span class='ocr_line' id='line_1_54' title="bbox 274 5031 1153 5105; baseline 0.003 -24"><span class='ocrx_word' id='word_1_685' title='bbox 274 5031 382 5087; x_wconf 83' lang='lat' dir='ltr'>sotebant</span> <span class='ocrx_word' id='word_1_686' title='bbox 398 5047 416 5082; x_wconf 88' lang='lat' dir='ltr'>a</span> <span class='ocrx_word' id='word_1_687' title='bbox 430 5033 492 5083; x_wconf 84' lang='lat' dir='ltr'>uiris</span> <span class='ocrx_word' id='word_1_688' title='bbox 507 5031 639 5098; x_wconf 75' lang='lat' dir='ltr'>spinsdidis</span> <span class='ocrx_word' id='word_1_689' title='bbox 653 5036 677 5086; x_wconf 88' lang='lat' dir='ltr'>et</span> <span class='ocrx_word' id='word_1_690' title='bbox 692 5034 743 5082; x_wconf 87' lang='lat' dir='ltr'>suis</span> <span class='ocrx_word' id='word_1_691' title='bbox 759 5033 888 5090; x_wconf 85' lang='lat' dir='ltr'>tribulibus</span> <span class='ocrx_word' id='word_1_692' title='bbox 902 5038 950 5087; x_wconf 78' lang='lat' dir='ltr'>oet,</span> <span class='ocrx_word' id='word_1_693' title='bbox 968 5035 1025 5090; x_wconf 82' lang='lat' dir='ltr'>inst.</span> <span class='ocrx_word' id='word_1_694' title='bbox 1043 5033 1153 5105; x_wconf 84' lang='lat' dir='ltr'>adsequi.</span> 
     </span>
    </p>
   </div>
   <div class='ocr_carea' id='block_1_8' title="bbox 0 0 1826 5874">
    <p class='ocr_par' dir='ltr' id='par_1_8' title="bbox 0 0 1826 5874">
     <span class='ocr_line' id='line_1_55' title="bbox 0 0 1826 5874; baseline 0 0"><span class='ocrx_word' id='word_1_695' title='bbox 0 0 1826 5874; x_wconf 95' lang='lat' dir='ltr'> </span> 
     </span>
    </p>
   </div>
  </div>
 </body>
</html>
