3642 5868
312 401 375 470 seo
682 403 1053 470 mvsassuicrro
1078 371 1261 470 sacrum

310 573 573 658 Agyrinensibus,
594 580 632 638 ut
652 573 799 638 decumas
821 574 881 658 ipsi
902 574 1029 657 publice
1050 577 1219 660 accipiant,
1241 576 1381 660 Apronio
1403 575 1522 640 lucrum
1545 577 1635 640 deni.

311 669 345 734 Si
366 687 479 750 magno
502 676 636 744 emerat,
670 669 818 752 quoniam
846 675 880 732 tu
907 689 958 743 es,
991 670 1045 752 qui
1067 670 1169 752 pretia
1191 669 1432 751 diligentissime
1454 671 1633 754 exquisisti,

310 763 381 846 qui,
404 771 439 825 ut
460 763 525 836 ais,
547 781 660 844 magno
681 761 867 826 vendidisti:
892 782 989 846 quare
1011 764 1142 846 putabas
1164 764 1296 846 emptori
1314 763 1436 826 lucrum
1451 763 1524 827 addi
1539 785 1634 848 opor-

308 858 395 920 terc‘i
417 857 509 920 Esto:
531 857 671 939 putabas.
715 856 818 931 Quam
841 856 968 920 obrem
996 857 1171 940 imperabas
1197 865 1233 920 ut
1264 857 1441 921 adserenti
1475 857 1558 933 Quid
1582 865 1634 922 est

284 949 392 1014 suiad
420 969 532 1032 capere
560 950 726 1020 conciliare
755 951 922 1032 pecunias,
955 952 988 1014 in
1010 971 1073 1035 quo
1095 958 1126 1014 te
1148 951 1201 1014 lex
1222 959 1321 1026 tenet,
1354 953 1380 1015 si
1402 949 1462 1014 boc
1482 972 1550 1015 non
1570 961 1631 1022 est,

306 1045 337 1108 si
358 1051 455 1128 atque
475 1045 609 1130 imperio
631 1065 743 1127 cogere
765 1046 878 1109 invitos
900 1044 1022 1108 lucrum
1045 1044 1119 1108 dare
1144 1045 1252 1120 alteri,
1280 1045 1342 1108 hoc
1369 1054 1433 1121 est,
1460 1047 1631 1128 pecuniam

306 1138 406 1202 daret
450 1135 500 1202 72.
523 1139 608 1215 Quid
628 1142 718 1204 turni
752 1138 908 1221 Apronio,
937 1138 1056 1224 deiicjis
1085 1140 1252 1222 praetoris,
1281 1139 1388 1202 lucetii
1410 1140 1530 1223 aliquid
1553 1141 1632 1204 iussi

305 1241 379 1298 sunt
405 1233 490 1298 dare.
533 1235 676 1296 Putatote
703 1234 844 1315 Apronio
874 1232 998 1306 datum,
1026 1235 1052 1296 si
1077 1233 1293 1316 Apronianum
1318 1233 1466 1297 lucellum
1497 1254 1534 1298 ac
1565 1255 1630 1298 non

303 1329 459 1412 praetoria
479 1327 598 1410 praeda
619 1327 708 1390 vobis
730 1327 895 1391 videbitur.
938 1327 1078 1408 imperas
1105 1334 1141 1390 ut
1162 1326 1310 1390 decumas
1332 1328 1498 1409 accipiant:
1530 1329 1630 1411 Apro-

266 1423 360 1486 isoio
388 1422 465 1486 dent
492 1422 572 1486 lucri
600 1423 693 1486 tritici
715 1420 908 1484 medimnum
929 1424 1041 1488 4444ιῖ
1085 1420 1170 1496 Quid
1193 1428 1241 1484 est
1260 1420 1346 1484 boot
1373 1439 1437 1484 una
1459 1421 1566 1484 civitas
1588 1441 1630 1484 ex

303 1537 367 1580 uno
396 1537 470 1600 agro
499 1515 600 1600 plebis
622 1517 782 1579 Romanae
803 1535 901 1598 prope
924 1521 1082 1578 menstrua
1104 1514 1221 1578 cibaria
1242 1515 1395 1598 praetoris
1416 1515 1550 1597 imperio
1573 1515 1629 1578 do·

302 1629 377 1674 nare
399 1610 539 1694 Apronio
561 1609 691 1692 cogitur.
734 1610 781 1671 Tu
803 1627 916 1689 magno
938 1608 1084 1671 decumas
1107 1607 1293 1681 vendidisti,
1316 1629 1387 1672 cum
1408 1616 1528 1672 tantum
1548 1609 1627 1672 lucri

302 1704 475 1774 decumano
497 1704 537 1767 sit
558 1703 690 1767 datum?
710 1702 880 1776 Proiecto,
910 1704 935 1766 si
964 1702 1098 1785 pretium
1120 1703 1316 1784 exquisisses
1339 1701 1523 1784 diiigenter,
1551 1711 1627 1776 tum,

301 1819 371 1864 cum
402 1798 577 1873 vendebas,
609 1797 632 1865 i
661 1796 855 1860 medimnum
882 1797 986 1879 potius
1014 1796 1212 1859 addidissent
1233 1816 1327 1880 quam
1350 1796 1409 1858 iis
1431 1791 1487 1870 Hc
1508 1805 1626 1880 postea.

264 1894 415 1976 ttidagna
435 1892 551 1976 praeda
572 1891 713 1956 videtur:
739 1889 845 1952 audite
866 1889 991 1972 reliqua
1012 1898 1043 1952 et
1064 1890 1231 1971 diiigenter
1251 1890 1417 1964 attendite,
1439 1910 1502 1973 quo
1524 1890 1628 1953 minus

300 1989 457 2052 miremini
479 1986 601 2050 Siculos
623 2006 656 2047 re
679 1985 855 2048 necessaria
877 1992 1000 2048 coactos
1022 1984 1173 2048 auxilium
1196 2003 1215 2046 a
1236 1985 1391 2066 patronis,
1421 1983 1460 2046 ab
1491 1983 1629 2048 consuli-

299 2081 374 2157 bus,
397 2081 436 2148 ab
458 2087 584 2153 senatu,
607 2078 647 2142 ab
668 2078 809 2160 iegibus,
831 2079 870 2140 ab
893 2077 1016 2140 iudiciis
1038 2077 1196 2162 petivisse.
1233 2075 1284 2140 73.
1307 2078 1347 2140 Ut
1367 2077 1629 2161 probarctApro·

300 2177 372 2240 nius
394 2175 457 2239 hoc
477 2174 631 2247 triticum,
662 2172 748 2255 quod
771 2174 801 2234 ei
822 2171 970 2245 dabatur,
1002 2172 1135 2254 imperat
1154 2171 1404 2254 Agyrinensibus
1427 2171 1559 2246 Verres,
1591 2178 1630 2232 ut

300 2271 333 2334 in
361 2271 521 2334 medimna
551 2266 676 2350 singula
697 2267 811 2330 dentm
833 2265 974 2350 Apronio
997 2264 1067 2328 4445.
1110 2265 1228 2328 xxxi.
1252 2265 1335 2340 Quid
1357 2273 1407 2330 est
1427 2264 1511 2330 boci
1541 2273 1627 2328 muto

262 2372 430 2428 ”numero
462 2360 610 2426 frumenti
639 2360 718 2423 lucri
747 2361 873 2424 nomine
896 2358 1049 2442 imperato
1078 2368 1111 2422 et
1138 2379 1287 2444 expresso
1317 2363 1437 2424 nummi
1465 2368 1630 2444 praeterea

300 2458 486 2541 exigsmtur,
509 2462 545 2516 ut
565 2453 714 2537 probetur
733 2453 949 2518 frumentum?
983 2455 1031 2516 An
1053 2462 1175 2535 poterat
1189 2476 1253 2518 non
1268 2453 1361 2518 modo
1374 2456 1548 2537 Apronius,
1570 2450 1628 2515 sed

300 2551 421 2635 quivis,
444 2547 598 2612 exercitui
611 2548 638 2610 si
653 2548 845 2610 metiendum
861 2554 953 2620 essct,
969 2547 1144 2631 improbare
1160 2549 1299 2612 Siculum
1312 2547 1523 2620 manentum,
1542 2544 1627 2629 quod

299 2643 347 2708 iiii
370 2663 410 2706 ex
431 2662 520 2717 area,
550 2642 577 2704 si
605 2641 715 2716 veliet,
743 2641 888 2704 admetiri
919 2641 1052 2703 iicebasr
1091 2643 1251 2707 Frumenti
1275 2650 1378 2706 tantus
1400 2661 1548 2705 numerus
1569 2641 1627 2702 ini-

299 2737 390 2820 perio
412 2744 467 2800 tuo
490 2737 582 2800 datur
604 2742 635 2798 et
656 2737 785 2818 cogitur.
817 2737 886 2798 Non
910 2743 956 2798 cst
978 2735 1063 2798 satis.
1094 2737 1217 2800 Nummi
1239 2745 1401 2820 praeterea
1422 2737 1626 2819 imperantur.

261 2833 428 2894 saliantur.
462 2831 576 2892 Parnm
598 2837 656 2894 est.
688 2831 748 2892 Pro
771 2829 911 2894 decumis
926 2829 1036 2892 hordei
1058 2829 1121 2892 alia
1142 2831 1275 2912 pecunia
1290 2832 1419 2912 cogitur.
1455 2830 1549 2892 Iubes
1565 2828 1625 2891 iis

298 2925 366 2992 ii‘iiii
387 2923 468 2986 lucri
491 2921 569 2986 dari.
612 2925 659 2986 Ita
680 2923 719 2986 ab
742 2943 806 2986 una
827 2923 954 2987 civitate
976 2924 1024 2997 vi,
1047 2924 1158 2998 minis,
1181 2925 1312 3006 imperio
1335 2924 1515 3008 iniuriaque
1536 2942 1626 3006 prae-

299 3017 375 3082 toris
405 3017 580 3100 eripiuntur
606 3019 701 3082 tritici
729 3017 918 3082 medimnum
948 3021 1049 3087 iiiiii]
1071 3027 1103 3082 et
1124 3026 1287 3101 praeterea
1308 3017 1368 3080 iis
1391 3018 1442 3084 [ii.
1485 3015 1625 3080 Athaco

299 3110 431 3174 obscura
452 3119 530 3183 sunt,
546 3117 615 3186 aut,
639 3111 665 3174 si
689 3131 799 3174 omnes
821 3111 965 3176 homines
987 3113 1100 3188 velint,
1126 3113 1261 3176 obscura
1282 3131 1352 3174 esse
1373 3120 1519 3193 possunt,
1542 3127 1625 3194 quac

298 3212 333 3268 tu
353 3205 456 3289 paiam
479 3206 586 3289 egisti,
608 3205 642 3268 in
664 3213 821 3268 conventu
842 3207 1022 3289 imperasti,
1046 3207 1190 3270 omnibus
1204 3206 1453 3288 inspectantibus
1469 3204 1623 3288 coegisti?

261 3312 363 3383 acqua
384 3300 423 3362 de
445 3321 480 3364 re
501 3299 714 3384 Agyrinenses
736 3301 936 3383 magistratus
958 3309 989 3364 et
1005 3303 1147 3387 quinque
1173 3302 1282 3384 primi,
1306 3320 1387 3384 quos
1408 3308 1443 3362 tu
1465 3299 1511 3362 tui
1528 3318 1625 3382 quae·

363 3600 388 3650 4.
405 3605 517 3650 emeram
533 3601 611 3664 4433.
630 3601 738 3664 praeter
754 3599 794 3650 44.
817 3627 844 3636 -
861 3602 944 3664 predo
961 3603 1029 3666 dilig.
1043 3600 1128 3665 4344ι
1146 3602 1215 3666 dilig.
1232 3601 1316 3664 pretia
1331 3599 1425 3666 pleriq.
1439 3599 1533 3660 codd.;
1552 3599 1620 3663 dilig.

293 3676 404 3738 pretium
420 3677 449 3727 0.
470 3703 497 3713 -
525 3675 549 3726 3.
568 3677 628 3726 addi
644 3677 743 3726 tamum
759 3675 837 3738 4349.
858 3702 885 3712 -
912 3678 937 3726 ii.
955 3677 1089 3728 concilior-c
1106 3676 1191 3740 4344;
1219 3680 1242 3728 44
1258 3690 1326 3726 coac.
1346 3678 1391 3726 ctt.
1411 3677 1440 3727 0.
1467 3675 1501 3728 44.
1519 3675 1544 3740 S.
1563 3673 1620 3725 494.

295 3751 353 3802 448.
373 3749 431 3802 ccii.
450 3750 474 3815 5.
492 3751 533 3802 94.
554 3779 581 3790 -·
604 3752 629 3802 7.
649 3752 714 3814 Quid
729 3749 803 3800 tam?
822 3751 883 3813 Aac.
902 3752 970 3816 igis
994 3753 1056 3815 (sed
1072 3751 1097 3804 iri
1116 3766 1164 3817 pro
1181 3757 1256 3817 tomi:
1280 3765 1339 3816 age,
1357 3752 1418 3814 quid
1433 3748 1506 3800 tuo?
1522 3751 1544 3800 si
1558 3749 1620 3812 apr.

296 3828 341 3876 cti.
360 3828 389 3878 0.
411 3854 435 3866 -
457 3827 481 3878 8.
500 3829 575 3893 dore,
592 3832 678 3891 putate
695 3829 730 3886 0;
746 3831 859 3888 potamia
875 3829 916 3878 cst
932 3841 965 3877 ex
982 3825 1037 3878 scio
1055 3827 1132 3890 igis.
1153 3853 1181 3864 -
1201 3828 1240 3878 iii.
1258 3827 1323 3876 tuci
1339 3825 1407 3889 4344
1425 3825 1467 3888 (ci.
1486 3825 1511 3890 5.
1524 3824 1566 3875 43.
1579 3825 1620 3875 74.

295 3899 381 3964 stibii:
400 3901 499 3950 tucrum
515 3903 561 3952 ctt.
580 3903 609 3952 0.
629 3925 656 3938 ·-
675 3901 827 3951 mediomari
844 3901 1023 3952 Hotomanus:
1041 3902 1152 3952 modium
1168 3900 1250 3964 4344;
1268 3901 1425 3951 medimocN
1442 3901 1470 3950 st
1484 3899 1619 3965 plerique;

293 3998 328 4036 m.
347 3986 382 4035 du
397 3983 478 4035 dinis
495 3985 548 4072 (sic)
567 3986 582 4036 i
599 3985 656 4036 rell.
675 3987 752 4048 Lagg.
773 4013 800 4022 —
817 3971 952 4036 'affluis
970 3985 1065 4037 lineola
1081 3999 1163 4051 super
1178 3986 1318 4050 imposita:
1336 3985 1437 4035 4444444
1451 3983 1622 4048 Lgasiairi

294 4059 328 4118 03
346 4058 459 4110 40044444
473 4059 522 4110 dit.
537 4086 564 4096 -
583 4060 654 4138 quid
659 4060 704 4109 boc
719 4063 755 4109 esi
771 4059 849 4122 4344.
865 4088 892 4098 -
911 4061 951 4110 ii.
965 4060 1043 4123 pistis
1060 4061 1092 4111 F:
1109 4061 1189 4122 plenis
1204 4059 1285 4122 4344ς
1301 4058 1367 4122 plebi
1382 4057 1451 4122 4349
1463 4058 1527 4118 AB;
1541 4056 1622 4120 plebei
1638 4085 1643 4096 ·

293 4141 561 4204 cod.Lambini,0.-
573 4143 613 4194 44.
625 4145 650 4194 Χ
663 4142 800 4208 Zumpiius
817 4156 851 4194 ex
867 4147 932 4209 optt.
948 4145 1027 4204 coeid.
1041 4147 1069 4195 et
1083 4145 1123 4195 sic
1138 4144 1205 4195 inira
1221 4145 1248 4194 io
1263 4145 1382 4195 numeris
1393 4141 1510 4219 urbique:
1527 4141 1581 4193 XO
1593 4142 1621 4191 44

292 4227 331 4278 sic
347 4226 413 4277 inira
429 4224 526 4278 iineoia
542 4228 650 4278 omissa.
665 4253 693 4264 -
710 4228 862 4278 4444444444
879 4230 947 4280 coni.
961 4230 1038 4280 iiot.:
1055 4230 1181 4280 suediam
1198 4227 1277 4278 codd.
1289 4255 1317 4264 —
1335 4227 1377 4278 448
1392 4227 1453 4292 itit]
1470 4227 1525 4277 Lei
1540 4225 1618 4290 4344.

294 4327 322 4340 -
336 4303 377 4353 io.
393 4317 423 4353 re
439 4316 492 4354 cm.
511 4304 589 4368 4344.
604 4331 632 4342 -
650 4303 683 4354 ob
699 4318 765 4355 coos.
784 4304 852 4368 4344
865 4305 896 4356 F:
916 4319 933 4354 a
948 4319 1014 4356 coru.
1034 4305 1069 4364 0;
1088 4318 1106 4354 a
1122 4317 1175 4355 our.
1190 4305 1236 4354 ctt.
1251 4331 1279 4340 -
1298 4304 1339 4354 t‘i.
1359 4303 1391 4353 ab
1408 4301 1465 4366 (ter)
1483 4299 1514 4351 i:
1533 4299 1619 4363 citer)

291 4377 325 4436 0;
343 4391 361 4427 o
371 4379 490 4429 secundo
502 4381 529 4430 et
540 4381 617 4430 tertio
628 4379 688 4430 ioco
700 4379 765 4430 dett.
777 4404 804 4416 -
825 4381 870 4431 ia·
884 4381 950 4444 quod
966 4381 987 4431 ei
1004 4380 1061 4430 dot.
1074 4379 1098 4441 4,
1111 4381 1149 4430 N:
1168 4391 1221 4429 om.
1236 4378 1283 4429 dit.
1293 4403 1321 4416 ·-
1340 4377 1381 4428 ia.
1398 4377 1441 4427 iis
1457 4376 1492 4440 (ι-
1504 4375 1620 4427 sestertii

291 4453 307 4502 i.
319 4465 344 4503 e.
352 4452 447 4516 singuli
455 4455 530 4517 sest.)
540 4456 687 4520 Zumptius:
701 4456 742 4506 iis
751 4455 795 4505 144.
808 4455 887 4506 codd.
899 4456 964 4506 440.
978 4458 1085 4521 praeter
1094 4454 1213 4518 44344,
1226 4468 1240 4504 4
1251 4467 1305 4518 quo
1315 4454 1357 4504 iis
1367 4453 1404 4503 444
1412 4450 1520 4502 omnino
1532 4448 1618 4500 abest.

293 4551 320 4564 -
338 4527 379 4578 444.
397 4528 462 4578 tacet
476 4530 576 4580 comice
592 4529 660 4593 4344
672 4531 712 4580 N:
738 4531 765 4578 io
781 4529 846 4580 tucri
861 4532 961 4581 conice
977 4531 1038 4591 AB;
1065 4531 1092 4580 io
1109 4530 1174 4580 tucri
1188 4542 1279 4579 omneis
1295 4530 1339 4579 ott.
1359 4528 1389 4578 0.
1410 4553 1438 4564 -
1461 4530 1484 4576 et
1500 4540 1524 4587 φ
1541 4527 1568 4576 44
1584 4523 1616 4576 4;

290 4615 344 4653 om.
363 4605 408 4654 ott.
429 4631 457 4641 -
476 4619 548 4668 supr.
565 4605 669 4670 nummi]
687 4619 767 4668 swas
782 4607 893 4656 muctam
909 4605 1030 4668 4344-
1048 4606 1090 4656 44.
1108 4605 1245 4670 exiguom
1261 4602 1329 4667 4344
1346 4600 1379 4651 ai.
1393 4602 1419 4652 in
1436 4614 1519 4665 marg.
1539 4599 1616 4652 itti:

289 4679 426 4742 anteactas
436 4693 519 4745 marg.
533 4681 610 4742 iiiiii3
629 4681 760 4746 migratur
770 4683 816 4732 ctt.
830 4682 859 4732 0.
878 4680 916 4731 Ci.
930 4679 1044 4731 similem
1061 4681 1276 4730 terminationem
1292 4675 1522 4742 perturbationem
1538 4675 1562 4741 5.
1574 4675 1615 4727 ii.

289 4756 356 4804 extr.
371 4781 399 4790 -
418 4755 459 4816 44.
476 4756 625 4807 mumdum
641 4757 700 4807 444
715 4756 798 4820 4344;
816 4756 970 4806 mstiwsdom
986 4757 1031 4806 ctt.
1047 4755 1077 4806 0.
1092 4781 1119 4791 —-
1138 4755 1179 4806 43.
1197 4754 1235 4803 itit
1251 4755 1312 4816 433,
1331 4763 1433 4814 omnes,
1452 4751 1616 4816 44444440.

291 4855 319 4866 -
337 4830 421 4880 metiri
436 4829 514 4894 4344.
536 4859 563 4869 -
585 4833 627 4882 it.
646 4833 741 4883 dcotw
755 4835 784 4883 et
798 4837 834 4884 eat
850 4844 902 4884 om.
920 4829 997 4895 4344.
1018 4857 1045 4866 -
1070 4831 1111 4881 ss.
1129 4830 1195 4881 XXX
1209 4831 1239 4881 0.
1259 4853 1286 4866 -
1305 4827 1339 4892 vs]
1359 4827 1391 4879 Vi
1405 4825 1448 4878 vel
1463 4840 1508 4878 sec
1524 4825 1567 4900 vei
1582 4826 1618 4878 iii

288 4959 399 5025 44433.
418 4961 483 5014 dett.
503 4988 530 4998 -
549 4963 591 5014 rt.
609 4964 760 5015 medianarum
777 4965 857 5029 igit:
875 4963 1002 5014 medimna
1018 4965 1077 5024 ctt.;
1095 4910 1207 5026 digia.
1224 4989 1250 5000 -
1268 4945 1405 5012 [iicodd.
1423 4961 1531 5026 praeter
1547 4956 1616 5022 4344

287 5035 323 5095 N,
342 5037 369 5086 io
386 5036 483 5100 quibus
501 5039 586 5090 esti.
607 5065 635 5076 -
653 5045 682 5090 ct
696 5041 759 5103 433.
777 5053 881 5104 omnes,
899 5041 950 5091 BC
970 5040 1012 5103 ide
1027 5040 1048 5091 A
1065 5039 1193 5104 iacetani:
1217 5052 1252 5092 sss
1268 5036 1330 5090 edd.
1348 5037 1414 5088 vett.
1433 5036 1463 5089 0.
1483 5061 1511 5082 -ι-
1529 5035 1570 5088 30.
1589 5039 1617 5086 ts

291 5109 328 5162 tasi
343 5110 531 5175 ararites:
549 5115 586 5165 tut
603 5116 649 5166 cit.
