3642 5862
303 348 365 418 448
672 355 714 420 in
733 355 903 424 VERREM
922 355 1044 424 acmo
1067 355 1251 424 SECUNDA

303 521 443 598 orabam,
463 522 526 589 nisi
547 528 584 589 ut
604 519 741 590 filiorum
760 547 888 591 suorum
902 533 1096 611 postremum
1110 527 1254 612 spiritum
1269 546 1324 591 ore
1340 525 1485 610 excipere
1498 525 1625 591 liceret.

210 594 224 710 4
302 617 420 682 Aderat
441 617 559 682 ianitor
579 620 731 695 carceris,
760 621 903 712 carnifep
922 621 1093 705 praetoris,
1114 641 1199 686 mors
1220 629 1385 706 terrorque
1406 621 1566 685 sociorum
1590 626 1625 683 et

301 712 418 777 civium
439 714 661 789 Romanorum,
682 714 775 778 lictor
797 715 933 789 Sextius,
955 716 1006 778 cui
1029 737 1069 779 ex
1091 718 1177 781 omni
1198 716 1317 800 gemitu
1338 715 1513 798 doloreque
1534 720 1625 778 certa

300 825 421 870 meroes
443 808 690 890 comparabatur.
704 841 747 856 -
764 809 829 872 cllt
848 810 954 884 adeas,
975 801 1096 874 tantum
1110 811 1215 874 dabist
1238 818 1274 875 ut
1287 811 1392 874 cibum
1405 809 1625 892 secutumque

275 899 384 966 cinero
406 901 489 965 serre
509 901 619 977 liceat,
641 910 791 967 tantum.»
815 935 858 951 -
878 907 977 968 Nemo
998 904 1173 969 recusabat.
1195 937 1237 956 ·-
1260 903 1388 980 uQuidt
1411 913 1448 968 ut
1467 923 1532 967 uno
1553 904 1624 965 ictu

299 995 419 1060 securis
447 997 574 1059 afferam
604 1004 738 1060 mortem
763 997 831 1061 filio
860 1005 934 1074 tuo,
971 997 1049 1082 quid
1077 999 1190 1063 dnbis‘l
1223 1019 1263 1062 ne
1292 998 1347 1062 diu
1374 999 1550 1064 crucietur?
1577 1015 1624 1059 ne

298 1089 425 1172 saepius
450 1088 601 1154 feriatur?
631 1111 672 1154 ne
700 1111 773 1157 cum
801 1112 894 1156 sensu
925 1093 1045 1156 doloris
1066 1092 1175 1176 aliquo
1197 1094 1326 1176 spiritus
1348 1093 1553 1157 auferaturln
1576 1123 1624 1140 -

295 1182 398 1248 Etiam
420 1185 461 1248 ob
481 1183 564 1248 hanc
586 1204 714 1250 causam
734 1187 870 1269 pecunia
890 1187 1032 1250 dabatur.
1075 1181 1147 1249 449.
1170 1187 1196 1250 Ο
1219 1207 1366 1270 magnum
1388 1195 1484 1272 atque
1504 1185 1625 1248 intole-

294 1275 429 1340 randum
451 1277 608 1342 doloreml
633 1300 652 1342 o
674 1301 799 1362 gravem
821 1281 1032 1365 acerbamque
1052 1281 1226 1345 iortunsml
1263 1284 1333 1344 Non
1354 1281 1452 1346 sitam
1472 1280 1624 1352 liberum,

258 1369 351 1434 sosed
373 1371 481 1434 mortis
504 1372 696 1437 celeritatem
717 1376 820 1457 pretio
843 1373 998 1438 redimere
1020 1375 1214 1458 cogebantur
1234 1383 1391 1461 parentes.
1429 1375 1534 1457 Atque
1555 1374 1624 1456 ipsi

294 1467 388 1529 etiam
410 1465 628 1531 adolescentes
651 1487 723 1530 cum
746 1467 855 1553 Sextio
882 1487 941 1532 suo
963 1468 1002 1532 de
1024 1470 1118 1553 plaga
1139 1477 1172 1532 et
1193 1469 1232 1532 de
1253 1490 1319 1532 uno
1340 1471 1397 1534 illo
1418 1469 1484 1532 ictu
1505 1468 1625 1552 loque-

291 1558 407 1624 bantur
428 1560 527 1645 idque
550 1567 743 1644 postremum
764 1569 912 1644 parentes
934 1583 1009 1627 suos
1030 1563 1123 1626 liberi
1145 1563 1287 1639 orabant,
1307 1571 1343 1626 ut
1356 1562 1483 1627 levandi
1498 1561 1624 1625 orucia-

291 1662 342 1718 tus
365 1656 414 1720 sni
436 1673 532 1719 causa
553 1653 655 1720 lictori
678 1656 815 1738 pecunia
843 1654 981 1719 daretur.
1024 1657 1115 1721 Multi
1145 1663 1177 1720 et
1204 1677 1313 1740 graves
1342 1656 1470 1721 dolores
1496 1655 1624 1719 inventi

290 1748 473 1833 parentibus
496 1756 528 1812 et
549 1749 756 1833 propinquis,
783 1749 890 1813 multi:
923 1771 1033 1815 serum
1054 1759 1160 1816 umen
1181 1772 1266 1816 mors
1288 1753 1330 1817 sit
1350 1759 1501 1815 extrem.
1544 1751 1622 1814 Non

253 1855 282 1903 44
291 1844 359 1906 erit.
402 1844 500 1907 Estne
522 1843 645 1927 aliquid
670 1843 767 1918 ultra,
797 1863 861 1929 quo
890 1844 1058 1908 crudelitas
1085 1845 1232 1928 progredi
1254 1846 1377 1929 possiti
1419 1843 1619 1928 Reperietur.

177 1931 186 1948 “
289 1938 368 2002 Nam
383 1937 520 2013 illorum,
535 1957 607 2002 cum
619 1945 713 2001 eruut
727 1938 831 2001 securi
846 1938 989 2020 percussi
1003 1958 1041 2002 ao
1055 1939 1169 2014 necati,
1184 1960 1317 2024 corpora
1330 1938 1406 2003 feris
1417 1939 1619 2002 obiicientem.

288 2030 358 2094 llos
380 2032 408 2096 si
429 2031 610 2096 luctuosum
632 2039 680 2094 est
700 2030 896 2114 parentibus,
917 2032 1073 2096 redimant
1094 2035 1197 2116 pretio
1220 2032 1396 2118 sepeliendi
1417 2039 1618 2115 potestatem.

290 2119 361 2189 t20.
391 2125 533 2190 Onasum
563 2125 787 2208 Segestanum,
823 2124 985 2189 homiuem
1018 2126 1174 2203 nobilem,
1211 2128 1316 2192 dicere
1349 2127 1481 2192 audistis
1510 2147 1545 2190 se
1576 2126 1618 2189 ob

288 2219 485 2304 sepulturam
507 2219 646 2284 Heraclii
669 2219 819 2283 nauarchi
849 2221 1017 2303 pecuniam
1040 2221 1233 2285 Timarchidi
1262 2239 1461 2295 numerasse,
1489 2239 1529 2284 ue
1557 2221 1619 2284 hoc

250 2328 398 2402 poposses
428 2314 550 2378 dicere:
581 2321 717 2397 patres
746 2313 853 2378 enim
884 2315 1060 2378 veniunt
1088 2315 1248 2380 amissis
1277 2314 1387 2379 filiis
1418 2315 1535 2378 irati:
1568 2315 1618 2378 vir

286 2409 466 2494 primarius,
487 2407 584 2471 homo
607 2407 833 2482 nobilissimus,
856 2406 942 2481 dicit,
964 2428 1069 2492 neque
1091 2408 1131 2472 de
1151 2405 1217 2472 filio
1240 2407 1327 2472 dicit.
1361 2410 1428 2472 lam
1448 2406 1519 2484 hoc,
1542 2408 1618 2492 quis

287 2512 354 2568 tum
376 2504 437 2566 luit
459 2497 638 2586 Syracusis,
667 2505 745 2585 quin
773 2502 926 2576 audierit,
956 2502 1034 2585 quin
1056 2502 1136 2566 sciat
1156 2502 1214 2566 has
1237 2502 1430 2566 Timarchidi
1452 2503 1618 2586 pactiones

287 2597 470 2682 sepulturae
492 2616 565 2660 oum
585 2596 667 2660 vivis
690 2597 785 2660 etiam
806 2596 870 2660 illis
885 2616 955 2660 esse
970 2596 1092 2660 factast
1126 2597 1195 2659 Nou
1211 2596 1315 2679 palam
1329 2616 1401 2660 oum
1416 2596 1618 2662 Timarchide

138 2397 146 2431 l

134 2444 138 2467 s

351 2840 375 2891 4.
393 2840 431 2890 uti
448 2837 526 2903 4349.
546 2863 575 2875 -
593 2851 697 2888 suoram
712 2838 749 2888 443
766 2834 783 2887 λ
799 2839 822 2888 V
839 2837 915 2902 4349.
934 2839 1001 2889 Non.
1020 2850 1047 2904 p.
1066 2837 1138 2888 leun
1163 2851 1216 2888 om.
1236 2837 1300 2889 dett.
1320 2839 1348 2888 0.
1369 2865 1397 2875 -
1413 2844 1566 2903 pertremuit
1581 2839 1614 2902 V,

285 2913 351 2966 Non.
370 2913 387 2966 l.
406 2912 423 2966 l.
451 2915 492 2979 (cl.
511 2913 584 2964 Poet.
608 2927 651 2979 ap.
676 2913 730 2964 Cic.
750 2913 820 2964 Orat.
839 2915 881 2964 111.
906 2913 930 2977 5.
951 2913 1007 2963 464.
1026 2919 1180 2976 postrenum
1202 2913 1284 2964 lumen
1304 2913 1391 2976 repsi:
1414 2921 1539 2979 postremo
1561 2913 1613 2974 n3;

285 3002 429 3052 rumemmn
444 2990 528 3054 4343;
547 2993 687 3041 4444444444
703 2987 719 3039 λ
736 2989 801 3040 dett.
820 2991 849 3040 0.
873 2991 946 3040 Serv.
966 2989 1001 3039 ad
1017 2991 1082 3040 hen.
1102 2989 1144 3038 lV.
1163 2989 1219 3038 085.
1245 2988 1283 3039 Ct.
1303 2987 1337 3038 de
1353 2990 1456 3042 Inveni.
1474 2992 1494 3040 1.
1513 2991 1537 3056 5.
1557 2989 1613 3041 408.

286 3064 384 3116 «Vetus
402 3065 520 3128 lusoript.
535 3079 578 3129 ap.
592 3067 686 3117 blorat.
707 3065 912 3116 nnnxxxvnl.
931 3063 954 3114 3.
974 3065 1057 3128 QVOT.
1075 3063 1153 3114 NON.
1171 3062 1281 3114 blCVlT.
1299 3063 1343 3114 IN.
1362 3063 1442 3115 SVIS.
1461 3065 1613 3118 HANIBVS.

287 3141 440 3193 VLTlllVll.
458 3141 550 3192 lLlVS.
570 3141 726 3192 susurrum.
747 3141 793 3190 Vl'.
811 3139 995 3191 EXClPiilih'T.
1014 3138 1134 3190 Manilius
1150 3139 1255 3188 heheu.
1268 3138 1299 3188 V.
1317 3138 1365 3189 049
1377 3151 1454 3204 sqq.»
1477 3143 1569 3191 Ganar.
1582 3139 1613 3190 ll.

289 3243 316 3254 -
328 3231 371 3269 ore
381 3229 434 3269 om.
446 3218 482 3268 03
492 3215 538 3267 bd.
552 3218 580 3267 et
588 3217 665 3280 Legg.
677 3243 704 3252 -
716 3229 812 3267 mmm
824 3216 900 3280 4349.
913 3243 940 3252 -
951 3217 1034 3268 liceret
1044 3217 1080 3268 443
1092 3217 1114 3266 V
1125 3215 1203 3280 4343.
1216 3217 1282 3266 Non.
1296 3217 1324 3267 et
1334 3219 1409 3267 serv.
1419 3213 1435 3265 l.
1445 3213 1463 3266 l.
1475 3215 1561 3274 Quint.
1571 3213 1613 3264 lx.

285 3289 311 3355 4,
330 3292 401 3344 4034
419 3291 466 3342 sibi
482 3293 566 3343 Vcerct
582 3291 647 3343 dett.
666 3293 695 3342 0.
711 3319 738 3328 -
753 3294 777 3342 4.
796 3299 819 3342 44
836 3293 952 3355 comites
969 3293 1055 3353 Quint.
1074 3291 1116 3342 lll.
1135 3288 1159 3353 4,
1179 3288 1236 3341 til.
1256 3291 1317 3352 (uon
1334 3291 1398 3342 Vlll.
1417 3289 1441 3352 4,
1454 3289 1505 3352 27.)
1522 3285 1616 3352 Vulga-

285 3367 339 3418 tem
358 3370 448 3418 tuetur
465 3367 544 3417 etiam
561 3363 611 3417 Jul.
631 3368 721 3418 Seuer.
740 3380 769 3432 p.
782 3365 838 3417 343.
851 3366 908 3418 344.
928 3369 1010 3433 Capp.
1026 3394 1053 3406 -
1067 3367 1091 3417 3.
1110 3367 1280 3416 cheuuonun
1295 3365 1327 3428 V,
1346 3365 1433 3425 Quint.
1451 3365 1517 3415 Vlll.
1535 3361 1559 3426 4,
1572 3363 1613 3415 ii.

285 3439 335 3494 lul.
354 3443 430 3493 Seu:
449 3453 504 3494 om.
524 3441 586 3493 cett.
605 3442 635 3492 0.
655 3469 682 3479 -
701 3443 802 3494 Sentius
818 3441 851 3492 V:
873 3443 965 3494 Seuero
981 3442 1031 3503 n3;
1050 3441 1143 3492 Sestius
1158 3438 1209 3491 alli.
1231 3467 1258 3477 -
1277 3441 1344 3491 omui
1361 3441 1397 3490 04
1414 3439 1461 3492 Ld.
1480 3439 1542 3492 nc:
1560 3453 1615 3490 orra-

285 3516 356 3567 alum
372 3517 392 3568 n
410 3516 443 3566 04
463 3511 494 3577 i,
522 3529 575 3568 om.
599 3517 666 3566 moui
687 3517 719 3568 V.
743 3517 804 3580 (Br.)
825 3541 852 3552 -
871 3515 896 3570 4.
919 3531 1023 3580 corpur.
1041 3515 1072 3567 V.
1093 3543 1120 3553 —
1138 3521 1166 3565 ut
1185 3517 1262 3567 adcor
1277 3527 1337 3581 sqq.
1365 3515 1451 3576 Quint.
1469 3517 1510 3568 xl.
1530 3517 1554 3578 4,
1572 3515 1612 3567 40.

285 3593 328 3644 1V.
346 3592 371 3655 2,
391 3592 446 3643 400.
468 3620 496 3630 -
514 3592 561 3645 cib.
578 3594 739 3656 cordiumque
763 3593 851 3654 Quint.
869 3593 912 3644 Ill.
936 3591 960 3654 4,
979 3593 1034 3644 its.
1061 3592 1105 3643 tibi
1120 3591 1167 3642 cib.
1185 3597 1245 3642 uest.
1262 3591 1286 3642 V
1308 3591 1384 3657 (br.);
1410 3591 1491 3642 eibum
1508 3587 1552 3640 uu
1567 3591 1612 3640 ctt.

286 3671 315 3720 0.
331 3695 358 3706 —-
372 3671 396 3720 t.
415 3669 467 3720 ictu
482 3669 575 3720 4444444
590 3668 614 3720 V
630 3668 692 3734 (34.)
710 3669 737 3720 et
752 3667 844 3732 vulgo:
863 3668 955 3718 scurris
970 3667 1023 3719 ictu
1039 3669 1071 3718 04
1093 3664 1122 3716 i:
1140 3667 1192 3716 4444
1208 3679 1261 3718 om.
1279 3667 1348 3719 4404
1365 3664 1412 3717 Ld.
1425 3691 1454 3702 -
1468 3665 1492 3717 e.
1510 3668 1615 3716 mortem

1097 3743 1110 3776 0

284 3791 337 3856 pllio
353 3797 396 3842 tuo
412 3791 528 3854 odinum
543 3790 574 3840 V.
595 3813 623 3828 ·-
642 3792 668 3842 7.
686 3791 771 3853 aliquo
792 3789 830 3842 443
845 3790 870 3840 V
893 3790 949 3854 (sed
965 3791 1000 3843 V:
1025 3791 1129 3853 nliqml:
1158 3790 1242 3852 usquc
1259 3793 1304 3840 cu
1318 3789 1433 3840 4444444444
1449 3789 1514 3842 dett
1533 3790 1562 3841 0.
1581 3813 1612 3826 ·-

287 3867 310 3918 ei
326 3866 459 3930 auferatur·
474 3865 505 3916 V.
530 3867 592 3930 (Bc.)
612 3894 639 3905 -
658 3866 682 3918 8.
702 3866 812 3916 matur
827 3865 877 3917 itu:
901 3865 983 3917 lictori
999 3866 1108 3918 dubotm
1129 3865 1194 3916 dett.
1213 3865 1247 3926 03
1275 3864 1357 3916 4444444
1372 3865 1448 3916 detur
1469 3867 1501 3918 V.
1523 3863 1615 3931 [4444444

286 3941 313 3992 lu
331 3942 353 3991 V
370 3954 430 3994 esse
447 3942 560 3992 testatur
575 3943 717 4004 Brunnius,
736 3954 786 3993 nec
803 3940 858 3993 sola
875 3944 1031 3994 auctoritate
1049 3941 1108 4003 cod,
1128 3943 1149 3993 n
1166 3941 1250 3992 omitti
1267 3939 1403 4005 debebat]
1422 3965 1449 3976 -
1467 3938 1614 3992 sucurrit-

286 4015 334 4066 lem
350 4015 382 4066 V.
403 4042 430 4052 -
450 4015 473 4065 3.
493 4030 543 4066 nou
558 4018 638 4068 eitum
653 4029 714 4080 sqq.
739 4017 771 4069 cl.
789 4015 839 4068 Jul.
858 4019 917 4068 sev.
935 4017 953 4068 l.
971 4017 988 4068 l.
1006 4016 1135 4070 Rufinian.
1154 4016 1188 4066 de
1206 4015 1249 4080 03.
1268 4029 1292 4067 4.
1311 4017 1352 4068 29.
1373 4015 1417 4066 ubi
1431 4029 1482 4067 nou
1496 4015 1575 4066 eitun
1590 4013 1615 4064 V

287 4089 346 4154 [scd
363 4092 412 4152 est,
431 4091 460 4140 ut
476 4090 520 4142 Br.
539 4094 661 4152 testatur,
677 4093 720 4142 uhi
737 4105 774 4144 m.
793 4093 817 4142 4.
836 4091 1080 4158 superscriptum.];
1104 4105 1154 4142 nou
1170 4097 1198 4142 ut
1214 4097 1266 4142 4444
1283 4092 1305 4142 n
1321 4089 1385 4150 Ld.;
1406 4105 1458 4142 nos
1472 4095 1501 4144 ut
1516 4095 1615 4142 4444444

288 4167 338 4225 04;
356 4179 407 4216 nou
422 4169 451 4216 ut
465 4171 571 4216 mortem
588 4165 624 4218 trie
640 4168 686 4218 04.
701 4193 728 4204 -
747 4167 882 4218 liberemus
897 4168 928 4218 V.
948 4167 1010 4232 (34.)
1024 4195 1051 4202 -
1066 4168 1106 4219 44.
1125 4169 1207 4218 swein
1224 4169 1253 4218 ll.
1268 4193 1295 4202 -
1308 4179 1353 4218 ruo
1369 4167 1405 4220 443
1423 4167 1456 4218 C:
1476 4179 1529 4218 om.
1548 4165 1614 4218 dett.

287 4240 315 4291 0.
334 4241 400 4292 Non.
421 4254 446 4304 p.
460 4240 517 4292 369.
536 4243 566 4292 ln
582 4255 640 4293 voc.
660 4242 825 4294 4444444404
841 4242 936 4294 desiuit
953 4243 1046 4306 lragm.
1064 4243 1122 4294 Vat.
1140 4245 1168 4293 et
1183 4242 1272 4293 denno
1288 4242 1380 4306 incipit
1396 4241 1421 4306 3.
1435 4240 1492 4292 440.
1510 4241 1537 4292 iu
1553 4253 1613 4292 voc.

286 4315 459 4378 loquebantur.
479 4315 511 4366 Et
527 4318 618 4367 mmen
635 4315 731 4368 Orellio
748 4318 838 4368 nescio
855 4317 991 4381 quomodo
1008 4319 1115 4382 accidit,
1132 4323 1163 4371 nt
1179 4321 1206 4372 in
1223 4319 1338 4370 editions
1349 4319 1428 4370 huius
1439 4316 1499 4369 libri
1510 4318 1614 4369 minore

287 4392 432 4456 scripturas
451 4390 551 4444 codicis
564 4393 593 4442 V.
614 4393 694 4442 etiam
712 4394 779 4443 intra
796 4393 848 4443 hoc
865 4393 979 4456 spatium
990 4395 1222 4446 commemoraret.
1238 4421 1265 4431 -
1278 4395 1308 4444 de
1320 4394 1402 4458 pleps
1412 4393 1457 4445 443.
1476 4395 1543 4446 Non.
1555 4391 1613 4444 l.l.:

286 4467 315 4516 de
332 4467 419 4516 codun
430 4465 513 4530 pleps
529 4466 595 4518 dett.
614 4467 643 4516 0.
663 4493 690 4503 —
711 4468 750 4518 44.
766 4468 879 4531 parentis
895 4467 924 4518 li.
945 4493 972 4503 —
992 4467 1031 4518 43.
1049 4470 1088 4519 sui
1104 4469 1182 4533 4343.
1198 4471 1226 4504 -ῑ
1244 4480 1324 4518 cauea
1340 4467 1376 4518 443
1393 4465 1410 4517 λ
1426 4467 1508 4532 43444
1525 4468 1615 4533 pauc

287 4539 352 4590 dett.
366 4539 395 4590 0.
411 4564 438 4577 -
450 4541 558 4602 pennu
574 4541 656 4592 lictori
666 4543 745 4605 4433.
765 4540 892 4606 plerique.
908 4569 935 4578 -
949 4540 989 4593 44.
1002 4547 1026 4592 et
1033 4544 1183 4606 propinquis
1196 4542 1277 4604 multi]
1293 4543 1332 4594 sic
1342 4541 1459 4594 444444κί4
1469 4543 1556 4604 Quint.
1568 4542 1612 4593 lx.

286 4614 311 4677 3,
330 4613 371 4666 34.
386 4617 523 4669 -mcruu
538 4621 650 4668 mucoso
666 4617 701 4674 112
720 4615 782 4669 inde
798 4617 865 4668 mori
880 4622 992 4668 ecum
1006 4632 1058 4668 uos
1073 4623 1129 4669 arcu
1145 4619 1178 4669 04
1193 4619 1218 4670 4.
1233 4643 1261 4656 -
1274 4618 1315 4669 lb.
1333 4617 1462 4680 4443444444.
1478 4643 1506 4656 -
1518 4616 1612 4668 uudel.

284 4689 405 4754 progredi
426 4689 462 4741 443
479 4691 541 4755 433.
560 4690 694 4758 plerique:
718 4707 809 4757 propr.
833 4693 904 4744 crud.
927 4693 991 4744 dett.
1011 4695 1039 4744 0.
1060 4719 1088 4732 -
1105 4693 1231 4757 reperitur
1251 4693 1329 4757 4333.
1348 4717 1377 4732 -
1397 4693 1437 4743 46.
1454 4692 1556 4743 wareo
1576 4689 1613 4742 443

287 4763 383 4838 (Madv.
402 4774 428 4828 p.
447 4762 513 4828 44.);
531 4767 633 4818 illorum
649 4767 720 4816 libari
740 4767 805 4819 dett.
824 4769 853 4820 0.
872 4793 900 4804 -
920 4769 959 4819 l'l.
975 4769 1122 4831 parsutibau
1136 4768 1188 4820 ns:
1203 4769 1304 4833 parenti
1321 4766 1385 4820 dett.
1404 4768 1433 4820 0.
1450 4769 1614 4820 -rscsnus

288 4843 320 4893 04
336 4841 366 4892 2:
384 4839 493 4892 redimat
508 4843 554 4894 ott.
572 4843 602 4894 0.
623 4868 651 4879 -
670 4842 711 4892 te.
728 4843 829 4894 Hmocli
845 4844 874 4894 R.
888 4867 918 4880 -
936 4844 1107 4895 denuneruue
1122 4844 1201 4908 Legg.
1220 4845 1328 4910 praeter
1343 4846 1358 4895 t
1376 4845 1404 4894 et
1419 4844 1461 4905 44,
1479 4845 1525 4909 qui
1540 4857 1610 4896 rum.

287 4916 399 4976 hahent;
418 4916 588 4970 dhunuusu
604 4917 665 4970 edd.
684 4920 747 4969 vett.
767 4918 805 4970 cl.
825 4919 921 4970 Osann.
940 4917 975 4968 ad
990 4919 1055 4984 nep.
1073 4932 1099 4985 p.
1119 4919 1175 4972 4344.
1196 4945 1224 4957 -
1242 4932 1273 4971 uc
1287 4919 1334 4970 boc
1345 4931 1429 4982 porres
1444 4920 1465 4970 n
1480 4916 1497 4968 i
1514 4918 1565 4970 os:
1588 4925 1613 4973 ot

287 4991 333 5044 boc
344 5005 430 5057 posses
445 4994 482 5046 04
499 4992 561 5055 44.;
583 4992 638 5058 boc,
655 5005 687 5046 ae
698 4995 780 5057 possis
795 4992 867 5044 dett.
878 4993 912 5054 0;
935 4994 1024 5046 nesoio
1041 5007 1076 5046 an
1093 4994 1256 5046 concinnius.
1275 5019 1303 5032 ·-
1322 4993 1364 5046 44.
1381 4993 1443 5055 puis
1458 4991 1496 5044 443
1511 4988 1542 5042 λε
1568 4989 1612 5054 ps

288 5067 420 5121 uoudett·
440 5093 470 5107 -
488 5065 762 5123 inueniuntur
780 5067 842 5120 ud:
861 5067 1087 5131 Timarchidem,
1106 5065 1430 5133 perneccessarius
1447 5066 1478 5119 0.
