3648 5888
318 425 380 494 462
690 433 732 496 ΙΝ
754 429 921 498 VERREM
941 429 1063 496 ACTIO
1086 431 1269 497 SECUNDA

316 624 383 668 rem
404 601 572 666 lutumml
599 601 736 665 enideo
758 602 879 687 aliquid
902 609 1011 667 contra
1032 603 1180 666 mulieres
1201 601 1292 677 fecit,
1314 621 1355 666 ne
1376 607 1478 665 totum
1500 601 1639 664 edictum

316 701 357 764 ad
381 697 563 764 Chelidonis
585 698 751 762 arbitrium
772 700 924 782 scriptum
945 698 1128 761 rideretur?
1160 695 1332 779 Cupiditati
1352 696 1519 760 hominum
1539 697 1585 759 ait
1605 713 1639 758 se

316 793 442 856 obviam
470 792 528 855 ire.
571 791 652 868 Quis
679 792 789 876 potius
817 812 882 855 non
913 793 1008 855 modo
1037 791 1089 854 his
1117 791 1329 874 temporibus,
1358 789 1415 853 sed
1437 790 1532 854 etiam
1553 787 1639 872 apud

315 888 451 952 maiores
479 891 631 951 nostros‘l
665 888 738 971 quis
767 895 832 950 tam
859 893 1000 951 remotus
1026 884 1088 948 fuit
1115 904 1134 948 a
1160 884 1358 967 cupiditate?
1401 885 1475 960 Dic,
1508 902 1638 969 quaeso,

149 983 226 1075 fga
290 979 595 1064 tcetera;(deleqtat
616 982 701 1044 enirn
723 1002 773 1044 me
795 981 934 1044 hominis
958 980 1110 1064 gravitas,
1134 979 1266 1042 scientia
1286 969 1383 1054 iuris,
1405 980 1561 1062 praetoris
1582 997 1639 1042 au·

191 1083 225 1162 ,Ἀ
314 1074 470 1157 alorites.)
496 1075 616 1138 Recita.
658 1075 720 1150 Qus
740 1097 780 1139 nn
803 1078 840 1139 A.
863 1076 1023 1138 Posrvnro
1045 1073 1084 1149 Q.
1106 1075 1225 1138 Fvnvro
1249 1093 1435 1163 cnnsournvs
1457 1085 1574 1138 s‘osrun
1595 1091 1639 1137 nn

418 1187 527 1243 rncrr,
557 1188 699 1233 recnnrr.
744 1165 816 1232 407.
844 1170 948 1244 Fecit,
979 1169 1115 1232 fecerit?
1159 1169 1239 1252 Quis
1269 1189 1421 1254 umquam
1448 1170 1551 1233 edixit
1576 1168 1637 1231 isto

313 1262 432 1325 modo?
454 1263 527 1349 quis
553 1283 704 1349 umquam
733 1265 803 1328 eius
824 1263 871 1326 rei
891 1263 1035 1327 fraudem
1058 1269 1113 1325 aut
1134 1263 1311 1346 periculum
1332 1266 1500 1348 proposuit
1522 1262 1637 1337 edicto,

314 1376 396 1440 quae
416 1375 522 1441 neque
544 1365 618 1441 post
640 1358 779 1421 edictum
802 1356 992 1442 reprehendi
1013 1376 1120 1440 neque
1142 1364 1215 1419 ante
1236 1357 1375 1421 edictum
1397 1359 1558 1442 prouideri
1580 1376 1638 1441 po·

276 1453 398 1515 sumita
440 1453 536 1515 XLII.
559 1454 648 1529 lure,
671 1453 810 1536 legibus,
833 1453 1021 1517 anctoritate
1043 1451 1203 1527 omnium,
1226 1453 1281 1536 qni
1303 1453 1569 1526 consulebantur,
1591 1459 1637 1514 te·

312 1553 503 1610 sumentem
534 1547 567 1610 P.
593 1548 717 1610 Annius
742 1548 877 1623 lecerat,
907 1567 972 1611 non
1000 1546 1197 1630 improbum,
1225 1567 1290 1610 non
1316 1545 1545 1622 inofficiosum,
1572 1564 1636 1609 non

311 1640 528 1704 inhnmanum.
572 1641 668 1717 Quod
698 1643 725 1706 si
755 1642 799 1706 ita
827 1642 971 1716 fecisset,
1004 1647 1109 1704 tamen
1138 1649 1211 1724 post
1232 1641 1318 1705 illins
1340 1649 1474 1705 mortem
1495 1641 1575 1705 nihil
1597 1641 1636 1702 de

310 1741 500 1798 testamento
529 1735 617 1798 illius
639 1737 715 1799 novi
744 1735 823 1799 iuris
845 1736 996 1800 constitui
1019 1742 1190 1819 oporteret.
1233 1737 1377 1800 Voconia
1398 1735 1451 1799 lex
1472 1743 1504 1800 te
1526 1734 1636 1799 rideli-

310 1837 361 1893 cet
382 1829 584 1894 delectabat?
627 1830 772 1893 Imitatus
794 1850 881 1894 esses
903 1832 1007 1915 ipsum
1026 1832 1117 1894 illum
1131 1832 1324 1908 Voconium,
1346 1831 1402 1916 qui
1425 1833 1495 1915 lege
1510 1826 1636 1893 suahe-

273 1923 476 1987 tbreditatem
512 1925 632 1988 ademit
665 1925 745 1988 nulli
779 1946 885 2009 neque
919 1927 1033 2010 virgini
1062 1947 1167 2011 neque
1195 1928 1339 1990 mulieri:
1377 1928 1483 1991 sanxit
1513 1927 1548 1989 in
1578 1945 1636 2009 po-

310 2025 445 2093 sterum,
475 2020 531 2106 qui
559 2027 634 2102 post
659 2039 715 2083 eos
743 2039 892 2084 censores
923 2041 1038 2084 census
1065 2029 1165 2096 esset,
1196 2041 1237 2084 no
1262 2021 1335 2106 quis
1362 2021 1512 2086 heredem
1541 2021 1635 2104 uirgi-

307 2133 381 2177 nem
409 2133 490 2179 neve
518 2115 684 2177 mediorum
712 2113 840 2179 iaceret.
887 2111 901 2178 l
908 2112 958 2177 08.
981 2117 1017 2178 ln
1039 2115 1108 2198 lege
1123 2115 1266 2179 Voconia
1288 2135 1353 2179 non
1375 2124 1423 2180 est
1444 2135 1551 2191 4444444,
1580 2131 1635 2178 444-

309 2229 420 2286 cunrr,
451 2229 555 2296 neque
584 2210 619 2272 in
647 2209 713 2274 ulla
739 2210 943 2294 praeteritum
971 2218 1097 2292 tempus
1127 2209 1371 2293 reprehenditur
1398 2209 1460 2273 nisi
1488 2209 1556 2272 eius
1577 2207 1633 2283 rei,

310 2323 393 2389 quae
416 2323 475 2368 sua
496 2311 611 2389 sponte
632 2311 697 2367 tam
720 2305 874 2368 scelerata
895 2311 928 2367 et
941 2303 1061 2367 nefaria
1076 2309 1141 2380 eet,
1163 2311 1215 2378 ut,
1239 2304 1334 2366 etiarn
1349 2303 1376 2366 si
1392 2304 1445 2367 lex
1459 2323 1525 2366 non
1541 2309 1634 2378 esset,

269 2403 423 2482 ”magno
454 2419 551 2484 opere
580 2398 710 2462 vitanda
737 2397 842 2462 luerit.
885 2400 989 2482 Atque
1018 2398 1051 2460 in
1080 2398 1131 2461 his
1153 2398 1232 2481 ipsis
1253 2399 1347 2462 rehus
1369 2397 1469 2462 multa
1489 2399 1633 2463 ridemus

307 2494 352 2557 ita
380 2498 489 2556 saneta
518 2512 587 2556 esse
617 2492 758 2575 legibus,
788 2500 824 2556 ut
845 2498 918 2556 ante
939 2492 1023 2556 lacta
1043 2493 1076 2555 in
1098 2491 1251 2556 indicium
1272 2511 1339 2555 non
1359 2499 1530 2569 vocentur3
1560 2493 1635 2557 Cor·

306 2588 392 2650 nella
413 2586 664 2661 testamentaria,
697 2586 891 2661 nummaria,
924 2593 1047 2649 ceterae
1077 2587 1272 2670 complures,
1301 2587 1335 2648 in
1358 2585 1473 2670 quihus
1495 2607 1561 2650 non
1583 2587 1634 2650 ius

306 2680 440 2763 aliquod
462 2699 579 2743 novum
602 2681 724 2764 populo
746 2681 969 2756 constituitur,
992 2679 1047 2744 sed
1069 2683 1224 2755 sancitur,
1247 2688 1299 2756 ut,
1323 2681 1408 2764 quod
1431 2701 1556 2765 semper
1569 2701 1635 2744 ma·

307 2774 373 2837 lum
401 2774 525 2839 lacinus
554 2775 665 2851 luerit,
696 2777 764 2839 eius
791 2775 937 2860 quaestio
960 2774 999 2838 ad
1028 2777 1183 2859 populum
1204 2775 1362 2858 pertineat
1383 2793 1424 2838 ex
1446 2783 1532 2839 certo
1553 2783 1634 2839 44444·

268 2875 395 2952 ttpore.
440 2863 512 2931 400.
534 2870 580 2932 lle
603 2869 672 2934 iure
693 2889 769 2933 vero
792 2869 877 2933 civili
899 2871 1015 2952 siquis
1033 2868 1371 2952 noviqnidinstituit,
1393 2869 1420 2932 is
1435 2890 1500 2933 non
1515 2870 1633 2945 omnia,

189 2996 205 3078 p
308 2982 391 3049 quae
412 2971 486 3029 ante
507 2971 578 3028 acta
599 2973 689 3042 suunt,
711 2973 779 3029 rata
801 2983 870 3027 esse
892 2964 1056 3046 patietur?
1094 2963 1178 3027 Cedo
1201 2963 1278 3026 mihi
1301 2963 1387 3046 leges
1409 2964 1549 3039 Atinias,
1571 2965 1634 3028 Pu-

305 3061 384 3135 rias,
406 3060 533 3134 Fusias,
556 3059 675 3142 ipsam,
697 3067 733 3124 ut
755 3058 840 3134 dixi,
862 3058 1055 3135 Voconiam,
1078 3078 1188 3121 omnes
1211 3065 1374 3141 praeterea
1389 3057 1428 3121 de
1443 3058 1513 3122 iure
1531 3057 1633 3122 civili:

305 3153 367 3217 hoc
388 3155 528 3237 reperies
551 3154 584 3217 in
606 3155 755 3218 omnihus
778 3152 874 3216 statui
896 3153 962 3228 ius,
986 3173 1051 3237 quo
1072 3161 1145 3236 post
1159 3171 1229 3216 earn
1244 3152 1347 3235 legem
1361 3153 1500 3235 populus
1515 3161 1631 3217 utnon.

305 3247 370 3324 Qui
391 3249 564 3332 plurimum
587 3248 731 3312 tribuunt
753 3247 873 3323 edicto,
901 3248 1057 3331 praetoris
1078 3247 1218 3311 edictum
1239 3247 1341 3329 legem
1362 3266 1500 3311 annnam
1521 3249 1633 3312 dicunt

268 3353 386 3410 messe.
430 3349 478 3410 Tu
500 3347 603 3409 edicto
625 3346 697 3428 plus
720 3342 921 3428 amplecteris
944 3363 1039 3427 qnam
1060 3343 1139 3425 lege.
1177 3342 1210 3403 Si
1232 3338 1328 3404 finem
1349 3341 1454 3404 edicto
1476 3341 1632 3425 praetoris

306 3440 442 3504 afferunt
469 3441 632 3504 Kalendae
660 3440 843 3514 Ianuariae,
870 3457 927 3500 cur
946 3457 1012 3500 non
1033 3437 1160 3500 initium
1182 3457 1313 3522 quoquo
1334 3437 1429 3501 edicti
1451 3437 1633 3502 nascitura

372 3733 395 3782 t.
412 3731 478 3796 tecit]
496 3729 594 3793 scripsit
610 3729 641 3780 V.
662 3754 689 3764 -
713 3729 837 3778 4444444444
852 3727 884 3778 V.
904 3753 931 3762 -
954 3727 978 3778 3.
997 3727 1053 3789 quis
1070 3726 1192 3789 Gifcv
1208 3725 1223 3776 3
1240 3727 1314 3778 Pars.
1333 3723 1411 3778 hall:
1435 3727 1479 3792 qui
1494 3727 1553 3790 otte
1571 3729 1631 3794 quid

305 3807 332 3857 L.
353 3833 382 3844 -
404 3807 496 3869 potiris]
514 3806 597 3869 potuit
612 3805 643 3854 V.
665 3830 692 3841 -
714 3805 790 3854 etium
806 3815 860 3854 om.
879 3802 909 3853 V.
931 3829 958 3840 -
981 3809 1043 3866 aptet
1058 3803 1089 3852 V.
1110 3829 1138 3839 -
1161 3801 1186 3855 4.
1207 3803 1256 3866 psit
1272 3815 1326 3854 ons.
1344 3803 1390 3854 (44.
1411 3829 1439 3840 -
1464 3805 1489 3856 d.
1503 3807 1632 3868 praemis

304 3881 373 3932 coni.
392 3880 466 3932 Klotz
483 3895 515 3932 ex
531 3882 575 3944 V.,
593 3881 619 3931 in
637 3891 690 3944 quo
707 3881 750 3930 est
764 3879 790 3929 P.
809 3878 849 3928 ll:
867 3890 922 3929 om.
941 3881 985 3930 ctt.
999 3879 1028 3930 0.
1049 3903 1076 3914 -
1095 3879 1120 3928 6.
1137 3879 1218 3929 recito
1234 3879 1268 3928 V:
1287 3891 1341 3929 om.
1360 3879 1406 3928 cti.
1419 3878 1449 3929 0.
1469 3905 1497 3916 -
1515 3880 1540 3932 7.
1559 3887 1632 3933 testu·

303 3961 414 4006 mentum
434 3957 491 4021 [ecit
513 3956 595 4007 Prisc.
616 3982 644 3992 -
671 3954 715 4016 qui
733 3954 762 4004 Δ.
781 3954 895 4004 Postumo
917 3957 946 4018 Q.
964 3957 1035 4020 Pupio
1052 3967 1100 4005 cos.
1121 3959 1208 4018 posteo
1223 3955 1295 4020 feeit,
1320 3955 1378 4019 44444
1395 3955 1441 4018 (sic
1457 3951 1509 4020 bis)
1524 3955 1632 4020 [oeeeiii

305 4032 366 4094 Quis
380 4043 448 4094 emp.
467 4031 490 4080 V
508 4031 549 4095 (ct.
568 4029 713 4095 Sauppinm
730 4029 757 4078 in
774 4029 870 4080 Baiteri
887 4030 976 4082 lodice
993 4031 1094 4094 Legum
1110 4042 1136 4095 p.
1155 4029 1236 4094 3⁰i.l;
1259 4029 1330 4094 44444,
1352 4029 1438 4094 4444444
1455 4029 1547 4096 (altero
1563 4031 1630 4098 loco)

304 4119 358 4156 orn.
377 4105 461 4157 eund
479 4104 512 4156 al.
534 4131 561 4143 -
589 4106 612 4157 8.
632 4106 708 4155 sirei
724 4103 755 4153 V.
775 4130 803 4141 -
827 4103 851 4154 9.
875 4119 940 4168 quae
957 4105 1084 4157 GiLdV:
1113 4107 1178 4168 quod
1201 4104 1249 4155 dtt.
1269 4127 1296 4142 -
1316 4105 1345 4154 ln
1361 4103 1384 4152 V
1401 4107 1458 4156 est:
1483 4113 1632 4172 nepupost

303 4182 422 4243 4444444444,
441 4183 569 4244 provideri
581 4182 664 4245 potuit
681 4179 827 4243 reprehendi
843 4193 922 4244 neque
937 4187 995 4232 este
1011 4182 1125 4233 edictum.
1146 4182 1211 4232 Hine
1227 4183 1302 4231 recto
1314 4181 1382 4230 conl.
1394 4179 1493 4232 hiatus:
1510 4195 1589 4246 esque
1600 4197 1630 4247 p.

304 4257 342 4306 ed.
359 4256 518 4320 reprehendi,
535 4269 615 4320 seqre
631 4259 703 4312 444444
720 4255 868 4318 reprehesdi
883 4269 938 4308 om.
957 4259 1002 4308 ctt.
1022 4258 1051 4310 0.
1072 4283 1099 4294 —
1119 4258 1159 4307 44,
1177 4255 1310 4320 inprobum
1326 4255 1357 4306 V.
1378 4279 1404 4292 ·-
1425 4254 1465 4308 44.
1484 4269 1535 4310 ease
1549 4257 1581 4309 V.
1600 4283 1629 4296 -·

303 4331 374 4381 44444444
390 4331 472 4393 ipsum
487 4333 569 4383 Prisc.
588 4333 619 4382 ll.
637 4330 735 4396 puta.
755 4333 782 4380 et
798 4329 876 4382 codd.
896 4332 944 4383 dtt.
959 4361 987 4370 -
1009 4333 1140 4383 Voconium
1155 4333 1192 4382 V:
1211 4333 1238 4383 0.
1254 4332 1311 4382 Vcc.
1329 4333 1386 4392 444,
1403 4331 1502 4394 Prisc.;
1521 4335 1551 4397 Q.
1572 4335 1630 4386 Voc.

304 4405 361 4456 LO.
376 4433 404 4443 -
423 4407 500 4472 ieqem
516 4421 589 4459 44444444
604 4407 636 4458 V.
651 4432 678 4442 ·-
699 4406 738 4457 ta.
757 4405 855 4456 taan:
874 4419 927 4458 cm.
940 4409 985 4459 cti.
998 4409 1059 4458 AO.
1080 4433 1107 4445 -
1127 4412 1151 4458 et
1165 4408 1215 4472 4444.
1228 4407 1409 4471 Gagtgtav:
1428 4419 1459 4456 cc
1473 4407 1523 4470 net.
1541 4409 1563 4462 Α
1580 4407 1629 4461 dtt.

304 4480 333 4530 0.
354 4507 381 4516 —
400 4485 460 4531 44444
476 4495 530 4533 om.
548 4483 580 4531 V.
608 4508 636 4518 -
662 4481 704 4532 2⁰.
722 4493 872 4545 mapstopere
888 4483 967 4533 VGi.
989 4511 1016 4521 -
1038 4484 1065 4533 444
1086 4485 1124 4533 his
1143 4484 1204 4547 ipsis
1219 4483 1242 4530 V
1258 4487 1286 4532 et
1302 4483 1336 4533 L:
1362 4482 1390 4531 444
1410 4481 1443 4533 ils
1463 4483 1524 4547 ipsis
1545 4485 1629 4550 [4293

302 4557 329 4606 444
349 4555 410 4619 ipsis
430 4557 467 4608 Gi
479 4572 510 4619 ς;
536 4558 564 4607 io
583 4558 621 4607 lats
637 4556 686 4608 dtt.
704 4557 733 4607 0.
759 4583 787 4592 -·
813 4557 854 4607 22.
873 4563 951 4609 cetere
969 4559 1100 4622 conplures
1114 4559 1146 4608 V.
1167 4585 1195 4595 -
1219 4555 1260 4608 44.
1280 4557 1373 4619 questio
1389 4555 1421 4606 V.
1446 4585 1473 4596 -
1500 4560 1535 4610 4444
1550 4575 1632 4626 pras-

302 4637 381 4682 torem
399 4638 465 4696 pert.
488 4633 556 4685 conl.
575 4635 604 4684 1..
624 4658 652 4671 -
676 4645 709 4683 eu
730 4647 783 4684 om.
803 4633 927 4694 G2Ld53
954 4648 971 4684 a
992 4640 1058 4685 certo
1079 4636 1108 4685 Α.
1129 4661 1157 4671 -
1182 4633 1222 4683 44.
1241 4633 1348 4682 instituit
1364 4632 1475 4694 ctgv:
1497 4635 1632 4689 instituerit

301 4708 384 4759 Prisc.
403 4707 434 4757 ll.
457 4721 483 4773 p.
503 4709 559 4760 tet.
578 4709 608 4759 0.
628 4735 655 4747 -
681 4708 705 4757 44
724 4721 775 4758 non
797 4709 882 4758 omnio
902 4709 953 4765 rV
973 4710 1055 4760 Prisc.
1077 4711 1151 4759 Parr.
1176 4706 1238 4759 Lall.
1257 4707 1343 4759 Madv.
1363 4707 1398 4758 de
1414 4711 1474 4760 Asc.
1492 4723 1519 4776 p.
1538 4710 1571 4764 te
1588 4725 1629 4777 sq.

302 4783 350 4847 Op.
369 4783 388 4834 1.
407 4795 433 4847 p.
452 4781 525 4834 ata:
543 4787 565 4832 ts
581 4785 666 4834 omnic
683 4783 719 4834 Gi
729 4782 844 4846 Longas
855 4785 892 4844 03
909 4784 995 4834 omnia
1011 4784 1058 4835 dtt.
1079 4809 1106 4821 -
1125 4785 1167 4834 26.
1183 4783 1328 4848 patieturV
1344 4785 1417 4834 Parr.
1435 4781 1497 4836 hall.
1516 4787 1563 4837 A.:
1578 4799 1632 4850 po-

302 4859 382 4908 tietur
397 4857 494 4918 Prlsc.;
515 4859 615 4920 patitur
631 4859 684 4916 (ἥς
706 4859 928 4921 imperaturo.
953 4859 992 4909 De
1011 4859 1097 4910 tuturo
1114 4861 1175 4924 post
1190 4871 1319 4923 praesens
1336 4858 1370 4908 cl.
1389 4855 1424 4908 ad
1440 4859 1524 4912 Dlvin.
1543 4861 1568 4927 S.
1587 4862 1629 4913 48.

304 4960 332 4970 -
349 4933 441 4983 ratas
457 4944 511 4983 om.
524 4933 603 4998 Lgli.
619 4960 646 4970 ·-
664 4934 705 4984 27.
723 4934 812 4984 ruens
828 4934 882 4984 Gi:
902 4936 985 5000 4444444
1000 4935 1036 4995 V;
1055 4935 1137 5000 844444
1153 4937 1231 4999 Lg‘293
1250 4949 1304 4986 om.
1323 4936 1342 4985 L
1359 4935 1389 4985 0.
1411 4957 1438 4971 ··
1457 4936 1537 4985 44444444
1552 4935 1584 4987 V.
1600 4961 1628 4974 -

301 5009 343 5059 28.
355 5010 483 5072 repperies
492 5007 524 5059 V.
537 5037 565 5046 -
577 5010 663 5074 4444444]
675 5009 774 5060 4444444444
784 5010 816 5061 V.
829 5033 856 5047 -
876 5011 918 5062 29.
929 5011 1055 5074 praetem
1065 5022 1118 5060 orn.
1132 5009 1179 5059 Ld.
1192 5036 1219 5047 -
1233 5011 1326 5060 4444444444
1336 5010 1369 5060 V.
1380 5035 1408 5045 -
1421 5009 1462 5059 30.
1475 5009 1631 5074 orpheicis

301 5084 483 5148 effingas.
504 5085 545 5150 (cl.
565 5085 589 5150 5.
609 5086 666 5136 446.
685 5098 712 5150 p.
731 5087 761 5145 Q.
780 5088 857 5137 Rosc.
876 5085 900 5150 ἓ.
920 5085 986 5150 ill:
1009 5085 1176 5149 complecteris
1192 5085 1240 5137 dtt.
1258 5087 1288 5137 0.
1308 5109 1337 5123 -
1355 5085 1396 5136 34.
1415 5085 1533 5148 adsuunt
1547 5085 1578 5136 V.
1599 5111 1628 5123 -

301 5157 333 5209 K.
349 5159 405 5212 44444.
419 5161 456 5212 Gi
465 5161 496 5212 V:
513 5160 640 5214 Kalendae
655 5160 772 5212 lauacri
788 5162 874 5221 Quint.
893 5161 923 5214 V.
938 5163 978 5226 40,
992 5161 1032 5213 ld.
1052 5161 1109 5227 (sed
1126 5159 1189 5214 edlt.
1202 5163 1330 5228 campan.
1342 5161 1489 5229 4444444444,
1506 5163 1536 5214 ul
1551 5161 1627 5216 llari.
