3578 5862
514 431 852 499 omnum-xm.
879 427 1108 516 seca-ea.
1409 426 1472 495 aaa

145 603 316 688 proprium
342 603 435 667 nohis
461 602 672 688 reliquerint,
702 602 779 687 quin
807 602 841 665 id
869 601 977 666 venire
998 601 1116 667 iubeat.
1158 598 1210 664 49.
1233 599 1328 677 Quod
1348 605 1473 686 partum

143 697 269 762 recenti
291 697 421 761 victoria
442 699 576 762 maiores
590 697 681 761 vohis
701 696 735 760 in
757 696 914 760 sociorum
936 697 1065 760 urbibus
1086 717 1123 760 ac
1136 693 1253 760 finihus
1268 702 1299 758 et
1311 693 1472 766 duculum

145 792 238 877 pacis
267 797 299 854 et
325 799 561 856 monumentum
590 791 665 854 belli
695 790 909 875 reliquerunt,
937 791 970 854 id
991 811 1047 856 vos
1069 792 1108 855 ab
1135 791 1198 876 illis
1220 795 1383 873 acceptum
1411 787 1473 850 hoc

145 894 279 950 auctore
299 884 467 950 vendetis?

235 979 296 1042 llic
322 979 399 1042 mihi
426 998 597 1063 parumper
625 985 746 1042 mentes
768 985 905 1055 vestras,
940 980 1095 1057 Quirites,
1129 999 1326 1044 commovere
1354 977 1497 1053 videone

148 1074 227 1138 dum
248 1071 404 1157 patefacio
425 1073 515 1138 vohis
538 1092 617 1157 quas
639 1073 692 1137 isti
722 1075 848 1156 penitus
870 1074 1028 1137 abstrusas
1050 1073 1180 1137 insidias
1203 1093 1237 1137 se
1259 1073 1402 1157 posuisse
1424 1091 1474 1135 ar-

147 1168 308 1231 bitrantur
337 1171 447 1230 contra
476 1166 530 1229 Cn.
553 1166 693 1251 Pompeii
716 1166 910 1250 dignitatem.
953 1168 994 1230 Et
1018 1167 1113 1242 mihi,
1142 1186 1277 1251 quaeso,
1305 1167 1474 1248 ignoscite,

149 1264 179 1328 si
202 1261 327 1345 appello
348 1261 443 1325 talem
463 1261 566 1324 virum
581 1262 716 1345 saepius.
748 1263 813 1325 Vos
828 1261 906 1326 mihi
920 1260 1057 1345 praetori
1070 1261 1199 1325 hiennio
1215 1268 1302 1335 ante,
1326 1259 1475 1336 Quirites,

147 1355 215 1420 hoc
237 1355 349 1419 eodem
369 1354 404 1417 in
426 1355 497 1417 loco
518 1373 687 1437 personam
707 1355 789 1419 hanc
807 1355 1018 1441 imposuistis,
1043 1362 1080 1419 ut
1108 1356 1362 1439 quibuscumque
1380 1353 1475 1417 rebus

150 1469 279 1533 possem
300 1447 386 1512 illius
407 1449 547 1512 absentis
569 1449 753 1531 dignitatem
774 1450 937 1513 vobiscum
957 1469 1024 1513 una
1044 1457 1158 1514 tuerer.
1188 1449 1262 1513 Feci
1276 1448 1379 1512 adhuc
1394 1461 1512 1532 quaeso

93 1559 110 1584 ⁰
151 1544 258 1626 potui,
280 1563 386 1627 neque
407 1541 617 1607 familiaritate
642 1543 725 1606 illius
747 1542 900 1607 adductus
922 1563 981 1608 nec
1002 1565 1059 1628 spe
1080 1543 1209 1609 honoris
1231 1551 1327 1628 atque
1349 1542 1476 1626 amplis-

151 1637 253 1701 simae
275 1636 452 1720 dignitatis,
475 1655 570 1719 quam
585 1657 659 1720 ego,
683 1638 742 1701 etsi
763 1638 882 1702 libente
903 1636 977 1714 illo,
998 1646 1104 1702 tamen
1126 1638 1256 1702 ahsente
1276 1637 1333 1701 illo
1350 1657 1476 1720 pervos

152 1737 343 1796 consecutus
364 1751 444 1794 sum.
487 1727 539 1793 50.
562 1731 663 1808 Quam
687 1733 727 1796 oh
749 1753 816 1796 rem
837 1753 908 1796 cum
929 1732 1104 1815 intelligam
1124 1739 1222 1795 totam
1240 1731 1323 1796 hauc
1343 1731 1411 1795 fere
1431 1730 1477 1793 le-

152 1845 224 1907 gem
247 1825 286 1888 ad
308 1823 393 1888 illius
415 1845 493 1908 opes
508 1825 693 1888 evertendas
707 1831 868 1910 tamquam
882 1825 1060 1890 machinam
1075 1826 1266 1910 comparari,
1288 1833 1321 1891 et
1333 1826 1476 1890 resistam

152 1917 296 1982 consiliis
317 1917 482 1983 hominum
504 1926 536 1983 et
556 1915 716 2002 perficiam
737 1919 894 2004 proiecto,
917 1919 1004 2003 quod
1025 1940 1085 2003 ego
1103 1918 1215 1995 rideo,
1235 1927 1272 1984 ut
1286 1919 1318 1982 id
1332 1940 1390 1984 vos
1405 1919 1477 1982 uni·
1487 1929 1515 1978 cs

152 2014 238 2078 versi
258 2032 322 2077 non
343 2013 447 2077 solum
467 2013 591 2088 videre,
612 2015 831 2076 verumetiam
852 2022 961 2077 tenere
982 2014 1121 2098 possitis.
1155 2013 1243 2076 XIX.
1264 2014 1357 2077 lubet
1369 2013 1477 2076 venire

153 2125 237 2191 quae
258 2105 481 2182 Attalensium,
503 2127 586 2191 quae
607 2106 816 2182 Phaselitum,
838 2127 921 2191 quae
936 2106 1184 2192 Olympenorum
1198 2107 1331 2184 suerint,
1353 2127 1478 2191 agrum·

154 2221 219 2285 que
239 2203 430 2285 Agereusem
453 2209 485 2266 et
506 2201 719 2265 Oroandicum
742 2208 774 2266 et
795 2201 1007 2265 Gedusanum.
1043 2202 1129 2265 llaec
1150 2203 1184 2265 P.
1199 2201 1325 2266 Servilii
1343 2201 1477 2285 imperio

155 2301 187 2358 et
208 2293 357 2372 victoria,
386 2295 552 2390 clarissimi
573 2296 645 2370 viri,
672 2303 777 2360 vestra
804 2296 888 2360 facta
910 2303 993 2360 sunt.
1029 2295 1182 2379 Adiungit
1199 2315 1290 2380 agros
1312 2296 1477 2379 Bithyniae

153 2390 270 2472 regios,
293 2389 408 2473 quihus
429 2410 513 2454 nunc
534 2389 692 2474 publicani
712 2389 876 2466 fruuntru3
899 2390 1013 2455 deinde
1027 2389 1178 2455 Attalicos
1192 2410 1284 2473 agros
1298 2391 1331 2454 in
1345 2389 1516 2454 Charra-m

155 2503 251 2560 neso;
272 2483 305 2546 in
327 2484 528 2560 Macedonia,
558 2485 613 2567 qui
634 2483 718 2566 regis
740 2484 876 2569 Philippi
897 2485 964 2548 sive
986 2486 1099 2548 Persae
1120 2484 1263 2559 fuerunt,
1286 2485 1341 2568 qui
1361 2485 1437 2548 item
1459 2502 1478 2547 a

155 2577 337 2641 censoribus
352 2577 447 2642 locati
461 2584 543 2652 sunt,
559 2577 578 2610 a
591 2575 609 2612 '¹²'
625 2585 657 2642 et
667 2577 877 2641 certissimum
890 2578 1034 2661 vectigal.
1057 2573 1108 2641 iil.
1123 2577 1282 2642 Adserihit
1303 2578 1406 2644 eidem
1422 2599 1478 2642 au·

155 2671 251 2734 ctioni
267 2669 445 2735 Corinthios
459 2689 561 2754 agros,
583 2673 706 2754 opimos
726 2678 757 2735 et
771 2671 900 2748 fertiles,
923 2679 955 2736 et
970 2671 1176 2757 Cyrenenses,
1193 2673 1249 2756 qui
1263 2672 1395 2757 Apionis
1410 2673 1478 2737 fue-

155 2771 244 2840 runt,
267 2772 300 2829 et
316 2784 408 2846 agros
423 2765 458 2828 in
474 2764 628 2849 Hispania
646 2772 776 2848 propter
789 2766 1013 2850 Karthaginem
1022 2786 1137 2831 novam
1155 2773 1188 2830 et
1208 2767 1242 2829 in
1256 2767 1360 2832 Africa
1377 2769 1477 2853 ipsam

154 2865 293 2923 veterem
320 2859 543 2943 Karthaginem
564 2859 690 2922 vendit:
723 2879 817 2942 quam
844 2859 994 2924 videlicet
1022 2862 1056 2924 P.
1074 2859 1240 2924 Africanus
1262 2881 1327 2925 non
1348 2871 1516 2947 propterea

50 2999 56 3008 .
155 2953 340 3036 religionem
361 2953 473 3018 sedum
494 2953 621 3017 illarum
642 2973 678 3016 ac
700 2953 865 3017 vetustatis
887 2952 928 3016 de
948 2954 1074 3018 consilii
1095 2955 1249 3018 sententia
1273 2957 1477 3033 consecravit,

155 3068 214 3112 nec
235 3055 271 3112 ut
291 3050 360 3134 ipse
380 3049 470 3111 locus
493 3068 618 3123 eorum,
639 3047 695 3129 qui
718 3067 789 3112 cum
809 3048 869 3113 hac
888 3048 967 3112 urhe
983 3048 1022 3112 de
1038 3049 1172 3130 imperio
1187 3055 1362 3126 certarunt,
1383 3051 1478 3116 resti-

156 3142 207 3225 gia
233 3142 418 3206 calamitatis
440 3140 637 3215 ostenderet,
665 3139 723 3204 sed
743 3161 808 3204 non
828 3140 889 3204 fuit
909 3147 974 3206 tam
995 3142 1146 3224 diligens,
1169 3162 1264 3227 quam
1286 3149 1336 3206 est
1355 3145 1478 3221 liullus,

157 3244 211 3300 aut
229 3236 364 3300 fortasse
386 3241 558 3318 emptorem
581 3234 611 3297 ei
633 3234 704 3297 loco
718 3235 856 3318 reperire
871 3255 937 3298 non
950 3235 1062 3318 potuit
1084 3238 1203 3300 chm
1215 3236 1299 3300 inter
1311 3237 1371 3302 hos
1385 3259 1477 3324 agros

158 3329 278 3412 regios,
299 3335 407 3412 captos
427 3326 587 3390 veteribus
607 3327 701 3392 hellis
723 3328 837 3392 virtute
859 3348 1053 3392 summorum
1074 3330 1313 3413 imperatorum,
1336 3332 1515 3416 adiungitao

158 3423 261 3506 regios
282 3441 373 3506 agros
394 3420 602 3497 Mithridatis,
625 3421 679 3506 qui
700 3422 735 3484 in
755 3420 984 3506 Paphlagonia,
1007 3423 1063 3506 qui
1083 3424 1117 3486 in
1130 3423 1249 3498 Ponto,
1272 3423 1329 3507 qui
1349 3425 1384 3488 in
1400 3425 1479 3510 Cap-

159 3515 293 3599 padocia
313 3514 457 3589 iurarunt,
478 3521 514 3578 ut
535 3533 591 3577 eos
613 3515 781 3578 decemviri
802 3515 950 3580 vendant.
985 3513 1037 3580 52.
1059 3517 1257 3580 ltaneveroi
1278 3537 1342 3581 non
1357 3519 1478 3601 legihus

159 3609 258 3685 datis,
285 3628 349 3672 uon
376 3608 491 3673 auditis
513 3608 618 3672 verbis
649 3609 865 3693 imperatoris,
894 3610 1036 3674 nondum
1059 3610 1197 3694 denique
1218 3609 1303 3674 hello
1326 3612 1480 3687 confecto,

159 3723 230 3768 cum
250 3723 309 3766 rex
329 3702 541 3780 Mithridates,
564 3703 678 3768 amisso
700 3704 857 3779 exercitu,
877 3722 975 3786 regno
991 3705 1158 3789 expulsus,
1180 3711 1286 3769 tamen
1306 3705 1340 3768 in
1360 3705 1480 3769 ultimis

223 4011 248 4064 4.
265 4011 343 4079 noce]
358 4011 427 4063 vohis
442 4003 585 4063 EFGPO.
605 4037 633 4048 -
651 4011 805 4073 relicuomst
821 4013 854 4063 F:
871 4011 1019 4076 reliquerint
1034 4013 1125 4063 ceteri.
1139 4037 1166 4048 -
1187 4011 1248 4074 pade
1262 4011 1405 4064 44--55444
1420 4011 1482 4064 reli·

160 4093 265 4152 5555454
281 4101 334 4140 om.
353 4089 380 4139 F.
400 4113 428 4123 -
447 4085 471 4137 3.
489 4086 633 4138 monimenti
648 4086 682 4148 E,
700 4089 852 4138 5455554544
867 4090 895 4139 P.
915 4113 943 4124 -
965 4087 1137 4150 relinquerunt
1152 4086 1181 4137 Ε.
1206 4112 1233 4122 -
1257 4087 1282 4137 6.
1301 4100 1377 4150 guma
1392 4088 1481 4138 isti--

160 4164 312 4214 54444554454
328 4166 361 4224 4.;
380 4175 443 4227 quoa
457 4161 498 4212 isti
509 4187 546 4200 --
557 4162 712 4213 5550455454
728 4161 754 4217 tt.
772 4189 799 4198 -
818 4163 922 4213 45544454
938 4174 992 4212 om.
1010 4163 1040 4213 E.
1053 4188 1080 4198 -
1099 4161 1124 4212 7.
1139 4161 1240 4224 pornpei
1256 4161 1312 4212 EF.
1328 4189 1355 4199 -
1374 4162 1399 4214 9.
1416 4162 1482 4212 hoec

157 4251 291 4302 4455455545
307 4239 334 4290 F.
354 4265 381 4276 -
399 4237 542 4302 inposuistis
557 4237 586 4288 E.
606 4263 633 4274 —
653 4239 694 4288 44.
712 4251 791 4300 aeque
805 4251 848 4301 spe
864 4239 893 4288 T.
912 4263 941 4274 -
961 4238 1002 4288 ta.
1019 4236 1062 4287 suo
1078 4237 1139 4301 post
1154 4250 1179 4287 v.
1193 4235 1292 4288 ahsente
1307 4249 1370 4288 cum
1387 4239 1415 4289 P.
1427 4238 1480 4289 lda-

161 4314 232 4364 nutio
249 4313 282 4379 (a.
300 4311 383 4376 4554.)
406 4324 461 4363 5444.
479 4313 507 4364 4..
534 4339 561 4350 -
585 4313 625 4364 43.
643 4317 722 4363 totam
740 4312 806 4363 5555
821 4312 880 4362 EF:
902 4313 967 4362 4555
990 4316 1070 4362 totam
1086 4309 1200 4366 ALFO.
1221 4337 1249 4351 -
1272 4312 1313 4362 45.
1330 4312 1401 4364 video
1417 4311 1479 4362 EF:

159 4385 519 4453 neocaesareenses
540 4414 567 4424 -
586 4387 627 4437 47.
646 4387 815 4438 5445555455
831 4385 920 4448 ΕΕΤ;
946 4387 1100 4438 mutandus
1117 4388 1146 4436 G.
1166 4386 1204 4438 Cl.
1223 4388 1242 4437 1.
1262 4385 1286 4451 5.
1304 4389 1329 4438 5.
1350 4413 1377 4424 -·
1393 4387 1488 4450 pace·
1545 4385 1547 4388 ’

161 4463 234 4514 454455
254 4465 345 4524 EFA3
368 4462 528 4526 5455444455
548 4463 577 4512 G.
605 4461 761 4513 Emendavit
779 4461 924 4525 Naugerius
940 4461 967 4512 in
984 4461 1026 4513 ed.
1045 4459 1148 4513 Aldina.
1176 4489 1203 4497 —
1229 4460 1405 4523 ottcrptacmen
1421 4461 1480 4522 EF;

162 4540 347 4602 Otmnptrtorum
364 4539 422 4588 GA.
449 4536 606 4588 Emendavit
620 4537 767 4600 Naugerius
783 4536 810 4586 in
827 4534 870 4586 ed.
888 4534 989 4587 Aldina.
1017 4535 1055 4588 Ct.
1073 4538 1093 4587 1.
1112 4537 1135 4601 9.
1154 4537 1179 4586 5.
1204 4563 1232 4575 -
1255 4536 1295 4587 48.
1314 4537 1483 4588 &condimen

162 4615 316 4665 Garatonlos
333 4610 400 4678 (coll.
419 4609 483 4663 Plin.
497 4614 528 4665 u.
542 4612 573 4664 H.
585 4612 616 4662 V.
635 4626 660 4663 c.
672 4612 713 4662 27.
733 4609 757 4674 fi.
770 4609 810 4662 at.
830 4623 854 4660 c.
867 4609 907 4660 34.
926 4609 950 4672 5.
963 4611 1042 4674 447.);
1062 4610 1203 4662 5445045455
1219 4611 1251 4673 Ε;
1269 4611 1415 4662 ornatam
1431 4611 1481 4662 EA

162 4686 245 4743 440.
264 4713 292 4722 -
311 4687 471 4738 0544544555
487 4687 548 4749 ΕΡ;
566 4686 727 4753 petasatus
743 4687 776 4745 G;
801 4685 959 4736 0545445555
975 4699 1067 4738 errore
1083 4688 1189 4750 typogr.
1207 4687 1236 4738 1..
1255 4712 1283 4723 -
1301 4687 1388 4738 455444
1402 4687 1432 4738 Ε.
1451 4711 1478 4722 -

162 4763 200 4813 49.
218 4761 351 4812 clericam·
365 4763 395 4814 4..
411 4763 465 4814 utri
480 4763 564 4814 EFF.
580 4790 608 4801 -
625 4763 667 4815 20.
684 4763 805 4827 [5555445
818 4758 946 4822 pedicari
961 4760 989 4811 F.
1003 4786 1031 4797 -
1048 4760 1211 4812 5455555445
1226 4761 1261 4822 Ε;
1279 4760 1480 4821 cterocmoF3

162 4837 302 4888 chersoneso
318 4837 350 4896 F;
367 4836 504 4889 04545555
520 4839 557 4898 A;
576 4837 741 4890 0454445555
758 4835 787 4887 0.
808 4859 835 4870 -
854 4834 895 4886 it.
910 4847 984 4898 perse
999 4836 1056 4887 EF.
1071 4861 1098 4872 -
1116 4835 1175 4886 item
1190 4835 1362 4888 5555555545
1377 4831 1434 4886 EF.
1452 4860 1480 4871 -

162 4913 201 4964 tt.
218 4911 294 4963 4554444
309 4915 378 4975 ma,
395 4913 537 4964 4555454455
552 4917 576 4964 54
590 4913 752 4965 certissimam
768 4907 905 4962 Gebhardt
920 4911 951 4961 11.
969 4912 1024 4976 p.7
1040 4924 1098 4976 sq.;
1116 4911 1197 4962 455554
1212 4911 1304 4974 micat,
1320 4909 1483 4962 5545545455

163 4988 261 5052 Ussing.
282 5013 310 5024 —
328 4985 406 5038 siden
421 4989 455 5039 1.:
474 4988 539 5038 iden
554 4987 696 5042 EFAFO.
713 5015 741 5026 -
758 4987 800 5038 23.
818 4985 943 5036 5554544454
957 4987 1014 5038 EF.
1034 5013 1062 5024 -
1079 4985 1121 5038 24.
1139 4988 1257 5052 affricam
1272 4987 1329 5039 EF.
1343 5011 1371 5022 -
1389 4983 1483 5036 ider-

163 5064 219 5114 dum
233 5062 379 5114 ummo:
398 5063 440 5115 sed
454 5061 618 5122 5444554454ς
634 5063 729 5114 5444455
742 5061 847 5112 4445555
862 5060 954 5112 ceteri.
973 5059 1011 5112 Ci.
1030 5074 1056 5126 p.
1074 5061 1160 5112 Sestio
1177 5060 1202 5126 g.
1219 5060 1261 5114 444.
1275 5086 1303 5096 -
1321 5058 1479 5122 551445.-

163 5137 192 5192 de
206 5137 308 5191 5555·οο
324 5137 408 5192 EPP.
428 5163 456 5176 —
474 5137 516 5192 27.
532 5149 579 5192 acc
594 5137 683 5191 EFP:
700 5137 743 5192 ted
757 5135 871 5193 54450.
890 5135 929 5190 Cl.
946 5134 1105 5203 Madvigium
1122 5135 1211 5202 Opaca.
1228 5137 1248 5189 1.
1265 5148 1293 5203 p.
1311 5132 1369 5188 aas.
1386 5147 1414 5186 44.
