3610 5860
312 455 374 524 itt
712 457 863 524 ORATIO
884 457 962 524 nito
985 459 1026 526 Μ.
1048 451 1246 526 sosibio·

311 631 397 696 belle
417 645 488 694 cum
509 631 627 713 populo
648 627 792 694 Romano
811 629 923 695 acerba
950 651 987 695 ac
1008 631 1155 696 diuturna
1181 635 1361 715 gesserunt,
1388 631 1503 714 partim
1531 629 1637 694 modo

311 727 351 790 ab
372 725 488 789 nostris
510 724 750 806 imperatoribus
772 725 909 801 subacti,
931 725 1025 790 modo
1046 727 1131 790 bello
1151 726 1277 800 domiti,
1299 726 1394 788 modo
1410 723 1581 810 triumphis
1596 735 1638 788 at

311 820 521 883 monumentis
543 819 662 893 notati,
683 818 777 882 modo
800 819 839 881 ab
860 827 971 883 senatu
992 821 1074 904 agris
1087 819 1282 904 urbibusque
1303 819 1425 883 multati
1446 827 1534 895 sunt3
1557 837 1638 904 par-

309 915 375 1002 tlm,
394 915 450 998 qni
480 932 550 977 cum
576 914 646 996 ipso
674 915 716 978 M.
737 914 868 999 Fonteio
897 913 1013 978 ferrum
1043 933 1079 978 ac
1106 935 1217 978 manus
1245 913 1445 978 contulenrnt
1463 913 1636 998 multoque

287 1008 379 1071 taius
401 1005 515 1070 sudore
538 1026 572 1069 ac
594 1007 700 1070 labore
722 1007 780 1070 snb
801 1007 910 1092 populi
932 1009 1063 1072 Romani
1085 1009 1248 1093 imperium
1267 1008 1483 1091 ditionemque
1505 1007 1637 1071 oecide-

144 1099 169 1189 ί
309 1107 391 1164 ιιιιιι.
435 1095 484 1161 t3.
509 1095 563 1184 [3.]
586 1099 642 1164 Est
662 1101 695 1164 in
718 1099 829 1164 eadem
850 1101 1012 1185 provincia
1027 1102 1129 1168 Narbo
1143 1103 1290 1179 Martius,
1313 1103 1438 1170 colonia
1450 1109 1636 1167 nostrornm

309 1195 439 1269 civium,
468 1193 596 1276 specula
624 1193 733 1278 populi
755 1195 888 1259 Romani
909 1215 945 1258 ac
967 1196 1237 1278 propugnaculum
1257 1197 1357 1261 istis
1347 1197 1426 1279 ipsis
1447 1195 1635 1260 nationibus

158 1275 207 1422 ss
308 1287 487 1396 oppositum
509 1294 541 1351 et
562 1287 736 1352 obiectum.
758 1294 806 1352 est
825 1291 900 1352 item
921 1291 995 1353 urbs
1017 1291 1170 1364 Massilia,
1193 1290 1233 1353 de
1255 1310 1318 1376 qua
1332 1297 1404 1354 ante
1419 1289 1502 1365 dixi,
1523 1289 1636 1352 fortis-

308 1381 457 1444 simorum
478 1363 798 1491 fidelissimorumque
821 1384 995 1459 sociorum,
1025 1385 1081 1467 qui
1104 1383 1292 1449 Gallicorum
1312 1384 1466 1448 bellorum
1486 1382 1636 1469 perierrla

270 1487 298 1536 io
306 1474 424 1558 populo
446 1475 585 1538 Romano
608 1474 631 1556 is
653 1475 815 1560 copiisque
836 1477 932 1540 remis
954 1485 1214 1560 compensarunt.
1237 1485 1284 1542 est
1301 1485 1464 1562 praeterea
1477 1495 1633 1541 numerius

307 1567 422 1631 civium
443 1569 652 1633 Romanomm
674 1575 769 1652 atque
790 1569 952 1635 bominum
973 1571 1275 1635 honestissimorum.
1308 1569 1635 1658 Vi.[11.]}1uicpr0-

305 1661 445 1736 vinciae,
468 1681 549 1746 quae
572 1683 613 1727 ex
632 1661 692 1725 hac
714 1683 864 1746 generum
886 1665 1035 1728 varietate
1057 1671 1229 1740 constaret,
1251 1667 1293 1730 M.
1308 1666 1473 1742 Fonteius,
1493 1671 1531 1729 nt
1547 1665 1632 1738 dixi,

305 1754 459 1838 praefuit:
481 1757 538 1840 qni
560 1765 650 1821 erant
662 1757 785 1832 bostes,
807 1759 947 1841 subegit:
970 1759 1026 1843 qui
1040 1761 1184 1843 proxime
1198 1761 1332 1837 fuerant,
1354 1781 1409 1825 eos
1424 1779 1466 1824 ex
1479 1759 1519 1824 iis
1533 1759 1632 1842 agris,

305 1850 420 1934 quibus
442 1857 531 1913 erant
552 1852 691 1927 multati,
713 1851 868 1916 decedere
891 1854 1007 1936 coegit:
1029 1853 1157 1928 ceteris,
1179 1854 1236 1938 qui
1259 1852 1377 1919 idcireo
1395 1855 1517 1938 magnis
1532 1871 1631 1936 saepe

268 1954 297 2006 tt
305 1953 394 2008 erant
414 1944 507 2008 bellis
530 1947 681 2029 superati,
704 1953 739 2009 ut
761 1966 884 2031 semper
905 1946 1023 2032 populo
1044 1948 1185 2010 Romano
1206 1957 1372 2031 parerent,
1393 1965 1525 2032 magnos
1540 1948 1631 2032 eqni-

304 2044 388 2102 tatus
416 2036 455 2102 ad
486 2057 524 2102 ea
550 2039 650 2115 bella,
683 2059 765 2124 quae
794 2047 861 2104 tum
890 2042 923 2105 in
945 2047 1011 2105 toto
1032 2042 1108 2105 orbe
1129 2049 1283 2107 terrarum
1304 2061 1323 2106 a
1343 2042 1462 2128 populo
1484 2043 1628 2105 Romano

303 2132 508 2216 gerebantur,
530 2153 657 2217 magnas
679 2135 830 2217 pecunias
851 2135 891 2198 ad
914 2155 1022 2199 eorum
1044 2133 1252 2219 stipendium,
1285 2138 1457 2201 maximnm
1477 2137 1629 2200 frumenti

303 2241 468 2290 numerum
490 2226 530 2290 ad
551 2228 760 2312 Hispaniense
780 2228 900 2292 bellum
920 2229 1118 2294 tolerandum
1140 2230 1312 2313 imperavit
1349 2226 1400 2294 it.
1424 2226 1480 2316 [4.]
1502 2232 1549 2306 ls,
1571 2229 1630 2314 qui

303 2323 415 2405 gessit,
437 2322 470 2384 in
490 2317 642 2384 iudicium
663 2329 810 2386 vocatur:
832 2343 907 2400 vos,
931 2324 986 2408 qui
1008 2325 1042 2386 in
1064 2343 1098 2387 re
1119 2343 1184 2386 non
1200 2324 1400 2402 interfuistis,
1424 2343 1549 2390 cansam
1562 2343 1629 2388 una

265 2429 375 2479 noum
396 2415 515 2500 populo
537 2415 679 2478 Romano
701 2418 899 2498 cognoscitis.
938 2419 1053 2481 Dicunt
1081 2425 1190 2482 eontra
1212 2419 1328 2503 quibus
1349 2419 1547 2485 invitissimis
1567 2418 1630 2480 im·

302 2518 443 2594 peratum
465 2515 529 2572 est:
555 2508 663 2572 dicunt
684 2509 740 2592 qui
762 2529 802 2572 ex
822 2511 905 2594 agris
928 2531 969 2574 ex
992 2513 1047 2575 Cn.
1069 2512 1197 2596 Pompei
1225 2513 1350 2578 decreto
1379 2514 1533 2580 decedere
1554 2519 1630 2578 sunt

302 2604 420 2668 eoacti:
453 2601 562 2665 dicunt
588 2603 642 2686 qui
671 2623 711 2666 ex
739 2604 814 2666 belli
841 2605 937 2667 caede
959 2613 991 2668 et
1022 2606 1097 2690 suga
1117 2627 1202 2670 nunc
1222 2609 1358 2691 primum
1379 2610 1497 2674 audent
1518 2615 1629 2672 contra

301 2699 343 2762 Μ.
364 2697 528 2760 Fonteium
543 2695 695 2759 inermem
710 2697 894 2761 consistere.
917 2697 1001 2772 Quid
1017 2700 1120 2764 coloni
1134 2701 1376 2766 Narbonenses?
1399 2702 1477 2787 quid
1491 2701 1629 2767 solunt?

302 2789 380 2874 quid
403 2788 607 2853 existimanti
638 2789 731 2852 Hunc
760 2811 817 2873 per
843 2811 900 2855 vos
922 2792 1046 2869 volunt,
1075 2813 1110 2857 se
1136 2815 1195 2878 per
1214 2795 1298 2859 hunc
1320 2797 1493 2860 incolumes
1517 2793 1629 2858 existi-

264 2891 388 2952 ssmant
409 2901 488 2946 esse.
525 2881 608 2957 Quid
630 2883 873 2949 Massiliensium
895 2885 1027 2951 civitas?
1049 2889 1143 2952 Hunc
1162 2890 1390 2973 praesentem
1380 2891 1420 2953 ris
1442 2889 1547 2954 adesit
1567 2888 1629 2950 bo-

301 2977 447 3052 neribus,
470 2996 551 3059 quos
571 2975 682 3040 babuit
703 2979 929 3060 amplissimos.
952 3003 1006 3046 vos
1028 2989 1134 3046 autem
1148 2983 1262 3046 absens
1277 2992 1345 3048 orat
1359 2991 1455 3068 atque
1470 2984 1625 3054 obsecrat,

287 3057 337 3151 (ut
359 3092 416 3136 sua
438 3069 564 3152 religio,
587 3071 741 3227 laudat5io,
764 3074 930 3138 auctoritas
953 3075 1073 3160 aliquid
1095 3077 1180 3160 apud
1201 3086 1320 3142 vestros
1335 3079 1456 3142 animos
1471 3073 1625 3142 momenti

300 3165 450 3230 habuisse
472 3155 708 3250 videatur)i5
711 3161 791 3250 ..[5]
816 3167 923 3243 Quid‘l
946 3169 1059 3234 civium
1073 3172 1286 3236 Romanorum
1302 3192 1383 3282 quae
1398 3171 1542 3236 voluntas
1556 3169 1626 3234 esti

300 3261 400 3324 Nemo
422 3267 470 3322 est
490 3279 531 3321 ex
553 3266 639 3322 tanto
659 3279 809 3336 nurnero,
832 3263 909 3345 quin
931 3262 1016 3327 bunc
1031 3268 1148 3350 optime
1167 3267 1206 3330 de
1228 3267 1405 3348 provincia,
1427 3265 1491 3328 de
1481 3263 1625 3348 imperio,

264 3354 341 3422 eode
363 3354 458 3418 sociis
480 3359 512 3416 et
534 3354 652 3418 civibus
674 3355 817 3418 meritum
846 3376 915 3420 esse
937 3358 1114 3424 arbitretur.
1157 3355 1327 3442 Vii.[111.]
1351 3359 1508 3434 Quoniam
1529 3357 1626 3439 igitur

300 3449 412 3513 videtis
433 3449 488 3534 qui
510 3455 723 3531 oppugnatum
744 3451 786 3512 M.
798 3451 980 3528 Fonteium,
1004 3455 1162 3537 cognostis
1184 3474 1241 3538 qur
1233 3453 1419 3518 'defensum
1432 3445 1620 3534 velint(sta·

300 3545 378 3607 tuite
400 3564 501 3616 nunc,
524 3542 602 3625 quid
623 3549 726 3607 vestra
748 3543 907 3628 aequitas,
931 3546 1008 3629 quid
1030 3548 1140 3631 populi
1160 3547 1293 3612 Romani
1314 3527 1451 3630 dignitas
1472 3535 1634 3636 postidet)

176 3665 192 3720 4·
300 3645 404 3701 uuum
426 3635 547 3702 colonis
568 3637 696 3710 vestris,
721 3639 967 3730 negotiatoribus
989 3642 1115 3716 vestris,
1137 3641 1335 3704 amicissimis
1355 3648 1451 3724 atque
1472 3637 1626 3721 antiquis-

171 3716 177 3741 *
302 3731 390 3794 simis
413 3732 525 3806 scails,
548 3737 580 3794 et
594 3730 722 3796 credere
738 3740 769 3794 et
785 3733 950 3796 consulere
963 3734 1094 3810 malitis,
1117 3755 1157 3799 an
1172 3735 1226 3811 iis,
1248 3735 1362 3819 quibus
1375 3751 1482 3817 neque
1496 3736 1626 3816 propter

367 3973 392 4024 ι.
411 3973 576 4024 seorsus.
595 4001 622 4010 -
643 3975 667 4026 3.
684 3975 797 4027 miscuit
813 3977 843 4038 S,
863 3979 927 4028 item
944 3977 1019 4029 inira.
1039 4006 1065 4017 -
1085 3980 1109 4029 s.
1129 3977 1296 4040 dicionemque
1306 3975 1338 4026 V.
1354 4004 1380 4012 -
1400 3975 1424 4026 6.
1442 3973 1623 4027 MaritosVS:

302 4049 415 4101 Marciae
431 4051 487 4100 LO.
507 4077 534 4086 -
555 4051 595 4100 40.
612 4051 775 4117 populetis]
795 4053 829 4103 .P.
843 4053 871 4102 ii.
890 4053 945 4102 VS.
962 4079 988 4089 -
1008 4053 1132 4116 copiisque
1148 4053 1297 4104 remisVS:
1317 4049 1359 4101 alii
1377 4049 1521 4102 emendare
1539 4050 1626 4102 wenti

304 4127 365 4175 sunt
381 4125 458 4187 copiis
473 4125 608 4186 rosisque,
626 4124 667 4176 alii
685 4127 761 4190 copiis
777 4128 916 4189 armisque,
936 4129 1007 4191 quod
1024 4126 1089 4180 inlso
1106 4129 1221 4179 Faernus
1233 4128 1358 4178 Vaticano
1375 4124 1479 4186 tribuit;
1499 4123 1622 4177 Orellius:

302 4198 379 4261 copiis
394 4200 575 4264 rnntptbsuquc
592 4197 633 4249 vel
650 4201 816 4264 remigioque
835 4201 994 4253 Lambinus:
1017 4204 1140 4267 apopnto
1156 4205 1186 4255 ii.
1203 4203 1280 4266 copiis
1296 4202 1421 4264 αιιηιιριιι
1434 4202 1624 4266 propulsarunt,

303 4271 385 4323 iretus
409 4272 451 4323 iiie
474 4272 587 4324 lectione
608 4274 764 4340 interpolata
786 4275 886 4341 aliquot
908 4278 985 4328 codd.
1007 4279 1201 4342 propulset-nnn
1227 4277 1434 4330 Mommsenius:
1458 4290 1486 4339 p.
1503 4275 1533 4328 P.
1550 4275 1626 4338 copiis

303 4347 451 4409 quaerendis
466 4355 664 4411 cosupensarnnt.
678 4377 705 4386 -
724 4353 852 4402 inanimus
867 4367 985 4404 ausurus
1000 4356 1020 4405 L
1038 4369 1070 4406 ex
1085 4355 1223 4406 Hotomani
1235 4355 1314 4416 coni,
1333 4354 1379 4418 qui
1395 4355 1536 4419 praeterea
1553 4356 1628 4413 atquo

303 4422 437 4472 retentum
453 4436 467 4472 a
485 4422 578 4474 Lamb.
597 4423 741 4476 delendum
758 4428 868 4478 censuit.
894 4455 920 4463 —
948 4430 989 4478 ιι.
1007 4443 1125 4494 generum
1141 4431 1203 4481 VS:
1225 4431 1335 4495 gentium
1351 4429 1380 4480 0.
1402 4454 1429 4465 -
1455 4429 1496 4479 43.
1509 4427 1628 4492 proniore

305 4507 337 4546 ex
355 4495 494 4547 Hotomani
513 4499 581 4550 coni.
600 4499 634 4550 0:
650 4501 763 4563 proximi
779 4501 835 4551 VS.
851 4530 877 4538 —
897 4505 964 4554 acris
980 4505 1010 4554 V.
1025 4533 1052 4541 -
1072 4507 1112 4556 45,
1127 4504 1255 4570 parerem]
1270 4509 1385 4569 paterent
1398 4503 1492 4555 Lamb.
1507 4529 1534 4540 -
1554 4501 1628 4553 ies

305 4572 347 4634 qui
364 4573 394 4621 S:
413 4573 450 4622 bis
466 4575 509 4636 qut
525 4573 562 4632 V:
580 4575 602 4622 is
617 4574 678 4624 baec
695 4576 737 4637 qui
754 4576 773 4624 0
792 4589 853 4626 cum
871 4576 912 4628 ed.
932 4581 1042 4630 Iuntina.
1059 4609 1085 4620 -
1104 4580 1146 4631 ιο.
1164 4592 1221 4630 cum
1234 4581 1327 4644 populo
1346 4580 1383 4630 a.
1397 4579 1428 4642 S,
1447 4591 1504 4628 nem
1515 4577 1541 4628 P.
1553 4577 1582 4627 ii.
1593 4573 1625 4624 V.

306 4645 392 4696 «ilinc
413 4647 529 4698 Faernus
552 4647 629 4699 iecit:
656 4663 712 4699 cum
731 4656 860 4712 praetore,
886 4652 962 4716 prob.
983 4654 1056 4705 Nieb.
1075 4667 1225 4720 perperam.
1253 4655 1334 4705 Nimis
1357 4653 1428 4705 euim
1449 4650 1557 4716 languet
1576 4649 1627 4700 ista

305 4723 450 4783 sententia,
477 4737 538 4774 eum
560 4724 661 4776 iudices
682 4725 805 4777 omnibus
829 4727 853 4777 in
878 4731 964 4779 causis
985 4743 1038 4779 uua
1056 4743 1112 4779 cum
1129 4734 1247 4792 praetore
1264 4741 1372 4780 causam
1389 4729 1419 4779 nt
1436 4725 1628 4792 cognoscerent

306 4807 417 4847 necesse
435 4796 538 4850 tuerit.»
557 4801 657 4850 Oneum.
673 4830 699 4838 -
719 4801 758 4851 ιι.
778 4817 810 4853 ec
827 4805 887 4853 ante
905 4806 974 4869 apris
990 4805 1144 4866 Schuetzio,
1162 4818 1195 4855 cc
1212 4805 1271 4854 ante
1289 4805 1385 4854 decreto
1395 4803 1516 4855 Ernestio
1533 4812 1627 4865 snspe-

306 4871 379 4921 otum
396 4876 460 4922 erat.
482 4901 508 4910 -
532 4875 631 4938 Poinpei
648 4876 669 4925 V
691 4878 726 4940 (et
748 4877 786 4927 sic
803 4877 902 4943 ubique
920 4881 945 4930 ιιι
963 4881 1083 4944 genitivis
1099 4881 1198 4943 Pompei
1215 4881 1242 4930 et
1258 4879 1363 4944 Faciet:
1390 4877 1498 4941 Pompeii
1515 4875 1569 4927 SO.
1588 4873 1628 4937 tce

305 4945 341 4995 M.
359 4945 454 4997 amnti
470 4961 502 4998 ex
519 4950 625 5002 Hotom.
645 4953 713 5001 coni.
731 4951 762 5012 L;
783 4955 810 5003 at
826 4957 951 5006 uitaret.
970 4956 1003 5006 ad
1020 4955 1047 5006 b.
1060 4954 1088 5019 i.)
1108 4982 1135 4992 -
1154 4955 1195 5006 ιι.
1212 4969 1246 5006 sc
1262 4955 1317 5006 beiti
1332 4955 1406 5006 caede
1422 4952 1567 5016 Madvigius
1585 4947 1628 5014 iad

306 5019 356 5069 Cic.
375 5021 405 5070 ds
420 5021 475 5072 Fir.
494 5037 521 5088 p.
540 5025 622 5089 biii:
641 5040 673 5076 ec
690 5025 750 5077 betto
766 5030 936 5082 cecdeVSO.
954 5057 980 5066 —
1001 5030 1042 5081 ιι.
1060 5044 1085 5082 se
1098 5044 1145 5094 per
1162 5030 1237 5080 edd:
1256 5041 1351 5096 suuper
1366 5029 1423 5081 VS.
1437 5057 1465 5068 -
1482 5025 1629 5079 incolum

305 5095 341 5155 V;
358 5096 504 5150 incolomem
519 5101 546 5151 S.
567 5129 595 5137 -
614 5103 654 5152 it.
674 5104 765 5165 adfecit
780 5105 809 5153 V.
827 5132 854 5141 —
873 5105 913 5156 ιι.
927 5109 988 5169 aput
998 5106 1030 5156 V.
1044 5133 1072 5143 —
1091 5108 1131 5158 ι9.
1148 5107 1208 5171 quin
1219 5107 1246 5157 S:
1266 5109 1326 5170 quio
1337 5105 1368 5156 V.
1383 5132 1409 5140 -
1429 5103 1469 5156 3t.
1483 5101 1628 5166 oppam!

306 5168 332 5218 S.
353 5195 382 5209 -
399 5172 474 5224 veiint
490 5176 520 5225 S:
539 5176 596 5228 vetit
612 5178 642 5228 V.
662 5204 689 5215 -
707 5181 795 5230 statuit
810 5181 841 5230 V.
857 5208 882 5217 -
903 5180 943 5233 at.
954 5181 1048 5232 metitis
1061 5195 1096 5234 on
1112 5181 1180 5244 tsV;
1200 5195 1235 5234 aa
1249 5181 1401 5238 αᾱυιιιιιιιιι
1411 5181 1473 5247 (om.
1484 5171 1586 5239 matidii
1597 5172 1625 5230 S·
