3684 5862
1528 489 1554 540 V

231 640 323 708 narii
345 637 537 707 Parlslnl
559 658 645 705 num.
660 632 780 722 7774,
794 638 839 723 Α,
862 639 926 705 iam
947 637 990 706 ab
1005 637 1079 704 aliis
1095 623 1230 725 'saepius
1242 637 1411 728 usurpati,
1430 639 1553 708 lactio-

229 783 292 831 nes
312 765 408 831 tanta
422 761 597 852 diligentia
612 762 803 849 exscripsit,
823 765 861 828 ut
882 760 964 828 nihil
985 761 1170 848 perfectius
1182 760 1254 828 fieri
1271 763 1422 848 potuisse
1435 766 1552 830 nostro

230 888 319 972 iure,
348 886 403 973 qui
434 884 519 952 duas
546 885 632 952 allas
653 884 798 952 eiusdem
820 885 895 952 libri
917 884 1116 952 collationes
1138 883 1182 951 ad
1204 900 1320 951 nanus
1340 883 1554 970 habebamus,

231 1008 426 1098 praedicare
447 1009 619 1096 possimus

315 1253 410 1340 Quae
431 1255 582 1342 sequitur
603 1253 746 1322 oratio
769 1248 1129 1333 Fonteiana‚·haec
1143 1251 1178 1316 ln
1192 1267 1232 1318 ea
1252 1251 1367 1338 parte,
1389 1268 1474 1337 quae
1488 1252 1553 1318 iam

228 1384 308 1449 ante
339 1400 435 1468 quam
472 1377 674 1447 Niebuhrius
707 1394 797 1442 nova
823 1377 895 1440 eius
925 1373 1086 1440 orationis
1114 1373 1305 1464 fragmenta
1332 1376 1554 1461 repperisset,

227 1509 311 1571 nota
334 1506 423 1586 erat,
446 1501 511 1569 hoe
532 1501 658 1587 proprii
682 1499 798 1584 habet,
821 1495 1028 1584 quodetiam
1051 1515 1140 1564 nunc
1154 1495 1262 1563 codex
1276 1497 1333 1564 ille
1347 1495 1554 1585 archetypus

229 1630 361 1712 exstat,
391 1644 434 1692 ex
464 1643 529 1711 quo
556 1628 690 1691 ceteros
712 1638 841 1707 omnes,
869 1619 923 1705 qui
945 1619 1032 1687 hanc
1054 1622 1182 1706 partem
1203 1618 1346 1706 habent,
1374 1617 1554 1688 deduxisse

229 1750 439 1840 argumentis
460 1745 654 1814 certissimis
676 1744 925 1831 comprobatum
947 1745 1009 1809 est.
1051 1745 1088 1808 Is
1110 1741 1218 1810 codex
1241 1746 1294 1808 est
1317 1742 1553 1811 Vaticanus

230 1873 287 1938 ille
309 1870 548 1967 nobilissimus,
572 1868 605 1932 in
628 1887 691 1955 quo
714 1869 811 1932 etiam
834 1867 1006 1932 orationes
1024 1864 1231 1953 Philippicae
1245 1867 1393 1953 scriptae
1410 1868 1555 1933 exstant.

232 1992 297 2077 Qui
327 1995 438 2060 autem
466 1991 589 2058 iactum
618 1991 663 2056 sit
692 1993 729 2055 ut
756 2009 797 2056 ex
822 1988 884 2057 hoe
907 1987 1023 2056 codice
1045 1992 1124 2075 post
1145 1989 1309 2056 lectiones
1330 2007 1351 2056 a
1371 1987 1553 2058 Niebuhrlo

231 2117 265 2182 in
298 2111 504 2182 Orationem
530 2133 593 2202 pro
622 2107 674 2179 M.
699 2109 846 2179 Fonteio
874 2114 938 2178 cet
966 2111 1177 2200 fragmentis
1199 2130 1231 2198 p.
1255 2107 1335 2178 112
1368 2112 1556 2197 publicatas

230 2240 358 2325 aliquot
379 2255 486 2302 novas
507 2253 569 2304 nec
585 2233 849 2303 contemnendas
871 2235 968 2302 nobis
989 2235 1144 2321 proferre
1163 2236 1299 2318 liceret,
1321 2253 1354 2321 p.
1369 2229 1450 2302 462
1472 2219 1554 2304 bre-

228 2362 319 2429 viter
339 2358 518 2428 indicatum
542 2361 604 2426 est.
1439 2373 1462 2440 p

314 2601 466 2673 Oratio
488 2605 747 2672 Caecinlana
769 2604 822 2669 est
842 2621 910 2668 una
932 2621 975 2669 ex
997 2604 1058 2686 iis,
1087 2620 1169 2690 quas
1190 2601 1360 2693 Poggius,
1390 2605 1554 2689 utsupra

230 2727 388 2818 diximuS,
417 2729 542 2814 primus
563 2725 607 2794 ad
629 2727 810 2813 populares
831 2745 911 2792 suos
931 2728 1130 2812 reportavit.
1174 2721 1245 2794 Sed
1266 2726 1379 2816 gratia
1399 2724 1555 2794 habenda

230 2853 282 2917 est
304 2851 462 2922 fortunae
485 2851 699 2941 benignitati,
723 2847 810 2936 quod
832 2847 949 2915 eadem
968 2851 1074 2916 oratio
1097 2849 1195 2915 etiam
1217 2851 1251 2915 in
1273 2849 1442 2915 nonnullis
1456 2847 1554 2916 codd

229 2973 437 3043 Germanicis
463 2977 600 3040 servata
629 2979 691 3038 est.
732 2972 859 3038 Horum
886 2973 948 3037 iam
977 2975 1077 3039 antea
1105 2975 1205 3038 notus
1235 2977 1307 3039 erat
1334 2971 1554 3058 lllrturtensis,

229 3101 284 3185 qui
313 3102 471 3185 quantum
500 3095 699 3184 vulgaribus
725 3095 853 3162 Italicis
882 3099 1088 3181 praestaret,
1117 3113 1190 3163 cum
1212 3114 1255 3162 ex
1280 3096 1354 3180 ipsa
1374 3095 1553 3162 lectionum

229 3221 379 3287 bonitate
412 3219 511 3286 iacilc
544 3221 617 3284 erat
648 3218 837 3302 intellectu,
869 3224 935 3283 tnru
972 3217 1170 3308 fragmentis
1198 3216 1343 3285 eiusdem
1375 3218 1553 3305 orationis,

228 3362 314 3429 quae
336 3341 515 3428 Peyronus
531 3360 574 3406 ex
596 3342 812 3427 palimpsesto
828 3341 1025 3408 'laurinensi
1050 3342 1205 3428 protulit,
1226 3341 1475 3426 comprobatum
1490 3345 1553 3408 est.

227 3466 330 3531 Alter
351 3462 458 3531 codex
473 3463 618 3530 eiusdem
635 3464 779 3530 familiae
794 3463 984 3530 hlriurtensi
999 3467 1034 3529 et
1049 3466 1217 3529 vetustior
1236 3466 1270 3530 et
1284 3465 1318 3528 in
1332 3460 1422 3530 haud
1436 3467 1554 3550 paucis

227 3589 313 3655 locis
341 3588 456 3653 melior
483 3593 599 3653 nostra
622 3587 748 3653 demum
771 3591 883 3654 aetate
905 3587 948 3653 ad
969 3588 1193 3654 litteratorum
1216 3585 1379 3651 hominurn
1402 3590 1552 3654 notitiam

227 3711 395 3800 pervenit.
434 3709 470 3776 Is
492 3715 544 3777 est
564 3710 891 3799 'tegernseensis
914 3712 968 3776 ille
990 3711 1148 3798 inclytus,
1171 3729 1234 3795 quo
1251 3709 1413 3777 Garatoni
1429 3711 1554 3796 primus

226 3839 261 3902 in
285 3834 373 3902 curis
394 3833 552 3901 secundis
573 3833 616 3899 ad
638 3832 851 3899 Plancianum
875 3835 909 3899 et
931 3836 965 3898 ln
981 3833 1167 3900 Miloniana
1182 3852 1262 3898 ursus
1277 3834 1341 3898 est·
1370 3833 1552 3900 Lectiones

226 3959 326 4025 huius
347 3955 473 4026 codicis
494 3955 536 4021 ad
559 3954 792 4024 Caeelnianam
815 3957 951 4042 primum
973 3957 1100 4041 petitae
1122 3958 1200 4020 sunt
1222 3974 1265 4021 ex
1287 3954 1421 4022 schedis
1440 3955 1553 4025 Gara-

226 4082 375 4149 tonianis
403 4099 489 4167 quae
518 4079 705 4146 Ravennae
733 4082 969 4165 asservantur,
999 4079 1055 4144 ubi
1083 4077 1291 4144 Pnuononus
1318 4077 1553 4147 Monnsunrus

225 4205 440 4273 collationem
464 4200 605 4288 codicis,
628 4221 722 4288 quam
738 4201 900 4270 Garatoni
922 4203 964 4268 ab
978 4203 1107 4269 Ioanne
1121 4199 1363 4288 christophoro
1376 4203 1552 4270 Harlessio

224 4329 425 4411 acceperat,
447 4322 626 4410 descripsit
648 4329 775 4391 etcum
793 4324 926 4390 Halmio
948 4326 1211 4393 communicavit.
1247 4324 1303 4392 Ab
1326 4343 1366 4393 eo
1388 4327 1552 4394 lectiones

221 4447 394 4520 Iordanus
422 4451 554 4533 accepit
582 4453 617 4513 et
643 4449 677 4512 in
705 4437 981 4514 commentatione
1009 4447 1052 4514 de
1073 4449 1146 4516 cod.
1167 4447 1330 4537 Pegerns.
1353 4452 1418 4516 eet.
1441 4449 1549 4536 (hips.

225 4570 351 4644 1848)
374 4571 569 4658 publicavit·
597 4570 704 4639 Nobis
724 4572 867 4661 contigit
889 4574 926 4637 ut
948 4575 981 4636 in
1001 4571 1148 4640 editione
1168 4576 1286 4639 nostra
1300 4574 1464 4640 lectiones
1481 4572 1551 4640 'Pe-

222 4695 445 4788 gernscensis
478 4696 576 4780 paulo
609 4696 799 4762 accuratius
824 4695 953 4760 reterre
983 4714 1174 4781 possemus,
1209 4715 1281 4762 cum
1308 4714 1397 4763 anno
1423 4694 1549 4762 demum

224 4809 311 4880 t853
341 4819 523 4902 exemplum
553 4815 635 4883 illud
656 4816 811 4884 editionis
833 4817 1069 4903 lilrnestianae,
1098 4795 1132 4883 in
1155 4819 1248 4886 cuius
1271 4818 1474 4909 marginibus
1495 4818 1550 4884 ie-

224 4943 359 5012 ctiones
380 4939 506 5008 codicis
524 4940 790 5032 'Pegernseensis
813 4939 1003 5028 descriptae
1018 4944 1172 5016 exstant,
1195 4943 1237 5008 ab
1253 4941 1279 5008 1.
1293 4939 1371 5010 Chr.
1385 4941 1550 5006 llarlessii

224 5066 353 5154 nepote
367 5061 584 5130 Woldemaro
607 5065 777 5130 inventum
793 5067 893 5130 esset.
929 5061 1000 5132 Sed
1021 5066 1122 5151 paulo
1143 5067 1334 5150 postellam
1353 5064 1550 5154 benigniore
