3642 5868
377 359 380 371 ’
463 407 1278 496 nauemxxvm-xxmseee-u.
1476 409 1540 480 roo

220 583 260 651 ad
289 585 452 670 Sopatrum
480 585 582 659 veuit,
616 589 724 648 mouet
750 580 928 656 homiaem,
963 581 1125 646 nammis
1157 581 1274 648 iudicio
1303 583 1479 650 Sacerdotis
1509 594 1540 652 ot

220 699 333 746 musae
365 699 441 744 suae
474 676 625 743 confidat:
660 683 856 740 accusatores
885 674 1090 759 inimicosque
1122 676 1189 740 eius
1219 675 1337 742 habore
1369 679 1402 744 in
1435 681 1539 746 auimo

219 772 386 859 pecuniam
404 773 538 856 praetori
560 771 650 836 dare:
677 775 852 854 praetorem
874 775 978 834 tamen
999 768 1039 833 ob
1062 769 1194 834 salutem
1215 771 1309 834 malle
1330 773 1487 856 accipere,
1509 779 1541 838 et

220 864 313 930 simul
340 866 450 942 mallo,
482 865 603 930 silleri
631 870 752 948 posset,
784 883 851 926 rem
876 862 1042 928 iudicatam
1070 883 1134 927 uon
1160 863 1351 931 rescindere.
1401 866 1539 950 Sopater,

221 979 292 1024 cum
311 959 373 1024 boc
393 960 441 1025 illi
461 960 663 1044 impmvisum
684 964 778 1042 atquo
799 958 993 1042 inopinatum
1011 956 1185 1034 accidisset,
1207 967 1378 1026 commotum
1392 966 1441 1025 est
1454 971 1564 1038 sanet

220 1073 323 1137 neque
346 1054 574 1138 inpraesentia
601 1050 790 1116 Timarchidi
817 1051 894 1135 quid
921 1050 1127 1134 responderet
1152 1051 1261 1118 babuit
1287 1053 1350 1118 nisi
1379 1075 1414 1120 so
1438 1055 1541 1120 oonsi-

221 1145 413 1224 deratumm,
442 1146 518 1233 quid
547 1147 606 1210 sibi
632 1152 717 1209 esset
742 1144 937 1210 faciendum:
965 1151 996 1208 et
1023 1144 1115 1208 simul
1144 1147 1279 1211 ostendit
1305 1167 1340 1212 se
1365 1150 1399 1213 in
1420 1167 1541 1212 summa

221 1239 403 1304 difficultate
425 1262 495 1306 esse
518 1241 699 1304 nummaria.
741 1239 817 1302 Post
836 1238 878 1301 ad
899 1257 1014 1302 amroos
1035 1238 1168 1314 rettudit:
1190 1241 1245 1323 qui
1267 1262 1337 1306 cum
1358 1244 1389 1306 ei
1409 1241 1542 1306 luderent

221 1342 362 1400 auctores
384 1333 586 1398 redimendae
608 1332 726 1408 salutis,
749 1332 789 1396 ad
811 1331 1041 1396 Timarchidem
1062 1333 1158 1397 venit.
1192 1334 1351 1418 Expositis
1372 1336 1436 1398 suis
1458 1333 1541 1398 dilli-

221 1427 386 1494 cultatibus
406 1429 567 1492 hominem
588 1427 629 1490 ad
651 1426 711 1490 HS
726 1445 814 1490 nux
833 1425 977 1509 perducit
998 1445 1131 1509 eamque
1153 1427 1181 1490 ei
1202 1430 1367 1510 pecuniam
1388 1434 1577 1494 numeratio

220 1523 339 1588 XXIX
361 1519 412 1586 70.
434 1524 643 1605 Posteaquam
664 1520 704 1584 ad
727 1539 852 1588 causam
874 1518 1039 1584 dicendam
1060 1526 1188 1584 ventum
1209 1527 1267 1598 est,
1288 1527 1354 1586 tum
1375 1541 1449 1586 vero
1471 1522 1541 1586 siae

220 1623 316 1692 metu,
338 1616 406 1679 siue
428 1635 502 1680 cura
522 1634 632 1680 omnes
653 1621 751 1690 eraut,
775 1616 830 1698 qui
845 1614 1010 1697 Sopatrum
1026 1613 1245 1680 defendebant.
1283 1616 1406 1681 Crimen
1421 1615 1541 1680 nullum

221 1717 301 1775 erat:
323 1729 374 1772 res
397 1717 464 1773 erat
483 1708 634 1774 iudicata:
656 1710 770 1774 Verres
791 1726 935 1772 nummos
958 1714 1128 1792 acceperat.
1162 1707 1239 1784 Quis
1261 1716 1368 1794 posset
1389 1710 1541 1786 dubitare,

221 1803 372 1890 qmdnam
394 1810 478 1868 esset
497 1802 655 1867 iuturumt
688 1804 749 1867 lles
770 1802 825 1866 illo
847 1800 900 1864 die
921 1821 985 1864 uon
1006 1808 1184 1884 peroratur:
1206 1803 1370 1869 dimittitur
1383 1805 1540 1870 iudioium.

219 1901 337 1964 ltemm
350 1897 391 1961 ad
403 1898 568 1981 Sopamam
585 1895 798 1962 Timarchides
812 1895 914 1959 venit:
935 1896 978 1960 ait
991 1903 1185 1961 accusatores
1200 1899 1268 1962 eius
1281 1899 1378 1964 multo
1393 1901 1580 1964 maioremte

220 1993 385 2081 pecuniam
416 1991 552 2075 praetori
583 1989 742 2074 polliceri,
774 2009 868 2073 wem
898 1997 1047 2073 quautam
1078 1989 1131 2053 hio
1162 1991 1318 2057 dedisset:
1351 1994 1484 2077 proinde
1515 1991 1543 2056 si

221 2093 353 2173 saperet,
376 2085 506 2150 videret.
548 2085 662 2161 Homo,
685 2104 874 2169 quamquam
897 2092 963 2148 erat
984 2091 1016 2148 et
1037 2085 1159 2150 Siculus
1181 2093 1213 2149 et
1232 2107 1321 2164 reus,
1341 2087 1403 2154 boo
1425 2096 1490 2165 est,
1511 2096 1543 2154 et

220 2186 287 2249 iuro
308 2182 418 2266 iniquo
440 2187 471 2244 et
493 2187 631 2264 tempore
652 2178 795 2254 adverso,
817 2178 899 2242 ferre
922 2186 1026 2243 umen
1048 2185 1142 2264 atque
1163 2181 1271 2244 audire
1292 2179 1409 2246 diutius
1424 2184 1543 2248 Timar·

221 2276 345 2342 ebidem
367 2295 430 2340 non
451 2276 562 2360 potuit
598 2274 713 2348 Facite,
735 2273 849 2357 iuquit,
872 2271 957 2358 quod
978 2273 1056 2337 libet
1062 2295 1072 2350 ;
1095 2273 1222 2338 datums
1236 2295 1300 2339 non
1315 2297 1385 2342 sum
1399 2278 1541 2362 amplius.

221 2371 373 2454 Idemque
392 2369 453 2434 boo
474 2369 582 2432 amicis
604 2368 671 2430 eius
694 2374 726 2431 et
739 2367 955 2432 defensoribus
972 2367 1143 2444 videbatur,
1164 2377 1260 2454 atque
1274 2391 1313 2436 eo
1327 2373 1420 2436 etiam
1433 2371 1580 2453 magique

221 2465 306 2552 quod
328 2465 399 2540 iste,
422 2483 551 2548 quoquo
572 2459 666 2526 modo
687 2481 722 2525 se
744 2463 777 2524 in
799 2481 837 2526 ea
851 2463 1034 2546 quaestione
1048 2462 1226 2546 praebebat,
1247 2465 1281 2528 iu
1295 2466 1423 2530 consilio
1437 2472 1542 2528 tamen

219 2560 358 2626 babebat
375 2557 523 2621 homines
543 2556 695 2621 honestos
717 2577 735 2620 e
757 2564 914 2620 conventu
928 2557 1133 2640 Syracusano,
1155 2559 1211 2643 qui
1233 2559 1393 2624 Sacerdoti
1414 2578 1543 2643 quoque

222 2657 255 2719 in
277 2653 406 2718 consilio
427 2652 553 2716 fuerant
573 2659 649 2727 tum,
672 2673 743 2716 oum
757 2659 805 2716 est
818 2652 903 2716 idem
917 2650 969 2716 bio
984 2650 1116 2736 Sopater
1129 2651 1299 2718 absolutus.
1331 2655 1399 2719 lloc
1412 2653 1543 2720 rationis

219 2748 387 2824 habebant,
408 2747 511 2810 iacere
534 2767 589 2812 eos
611 2747 698 2811 nullo
720 2748 815 2810 modo
838 2766 941 2830 posse,
963 2753 998 2810 ut
1018 2746 1130 2810 eodem
1144 2748 1274 2812 crimine
1293 2749 1394 2815 isdem
1413 2751 1543 2816 testibus

221 2844 386 2926 Sopatrum
401 2840 646 2906 condemnarent
659 2841 753 2905 iidem
766 2841 920 2918 homiues,
943 2842 997 2925 qui
1012 2849 1105 2906 antea
1117 2841 1335 2908 absolvissent
1367 2841 1418 2909 7t.
1433 2847 1542 2932 ltaque
1551 2855 1580 2906 tt

218 2938 278 3004 bae
299 2955 363 3000 uua
390 2955 446 3020 spe
467 2934 508 3000 ad
530 2936 681 3001 iudicium
701 2937 833 3002 venitur.
873 2936 945 3011 Quo
966 2943 1170 3020 posteaquam
1190 2944 1319 3003 renuam
1341 2945 1398 3016 est,
1419 2959 1489 3004 oum
1509 2941 1543 3006 ia

221 3031 387 3097 consilium
411 3030 594 3115 frequentes
616 3032 836 3095 convenissent
862 3030 972 3107 iidem,
1002 3030 1058 3114 qui
1085 3030 1242 3109 solebant,
1270 3039 1302 3098 et
1321 3033 1382 3098 bac
1401 3054 1458 3118 spe
1478 3039 1544 3098 tota

221 3125 363 3190 defensio
386 3125 510 3209 Sopatri
531 3126 691 3200 niteretur,
713 3124 837 3188 consilii
857 3123 1035 3208 frequentia
1057 3130 1089 3188 et
1109 3125 1269 3206 dignitate,
1291 3135 1324 3191 et
1340 3127 1426 3212 quod
1444 3133 1542 3204 erant,

219 3228 255 3288 ut
281 3220 366 3294 dixi,
394 3219 509 3294 iidem,
538 3219 594 3303 qui
616 3226 708 3283 antea
730 3219 893 3303 Sopatrum
916 3217 1027 3280 codem
1048 3218 1102 3282 illo
1125 3220 1252 3284 erimine
1274 3221 1458 3287 liberarant:
1490 3243 1543 3287 co·

220 3316 361 3400 gnosoite
382 3313 518 3378 bominis
539 3321 679 3397 apertam
700 3333 737 3376 ao
751 3331 816 3376 non
830 3312 924 3376 modo
938 3331 1003 3374 uon
1017 3313 1147 3387 ratione,
1170 3313 1226 3377 sed
1240 3335 1281 3378 ne
1297 3314 1580 3382 dissimulationem

221 3410 350 3495 quidem
379 3413 494 3470 teotam
511 3406 757 3490 ¹improbitatem
783 3413 815 3468 et
840 3405 1015 3468 audaciam.
1058 3407 1100 3470 bl.
1122 3406 1286 3483 Petilium,
1314 3409 1454 3494 eQem
1481 3411 1543 3474 llo·
1658 3401 1704 3510 ζ

220 3521 359 3576 manum,
382 3521 477 3584 quem
499 3499 635 3565 babebat
655 3500 689 3564 in
712 3500 857 3576 consilio,
879 3499 968 3562 iubet
989 3519 1117 3582 operam
1132 3500 1217 3576 dare,
1240 3503 1327 3586 quod
1340 3504 1387 3566 rei
1402 3505 1543 3588 privatae

221 3597 320 3661 iudex
342 3602 435 3660 esset
472 3595 602 3659 Petilius
625 3593 802 3668 recusabat,
824 3594 911 3678 quod
933 3614 1009 3658 suos
1030 3593 1159 3668 amieos,
1181 3614 1262 3678 quos
1284 3596 1346 3660 sibi
1360 3598 1395 3661 in
1409 3597 1542 3662 oonsilio
1665 3667 1677 3691 Ι

222 3708 291 3756 esse
313 3689 418 3766 vellet,
440 3689 510 3773 ipso
524 3691 638 3754 Verres
658 3689 809 3754 retineret
829 3688 864 3752 in
885 3687 1031 3753 oonsilio.
1063 3688 1137 3773 Iste,
1158 3687 1255 3754 bomo
1276 3688 1426 3768 liberalis,
1448 3697 1545 3774 negat
1646 3698 1665 3748 4

221 3804 256 3848 se
277 3803 471 3869 quemquam
490 3783 628 3852 retinere
650 3802 772 3857 eorum,
794 3782 850 3866 qui
871 3782 986 3846 Petilio
1007 3780 1127 3846 vellent
1147 3781 1420 3868 adesse‘ltaque
1441 3785 1579 3852 disce-au

284 4063 421 4124 Sraoel.
434 4077 471 4127 cp:
490 4076 543 4116 om.
556 4065 602 4115 ott.
615 4063 644 4114 0.
657 4091 684 4101 -
698 4063 723 4114 3.
738 4061 1070 4128 etsuuentgaotet:
1088 4061 1317 4128 ammetattp.
1330 4074 1415 4128 mm:
1433 4064 1542 4120 obsolute

220 4141 284 4204 ott.;
306 4155 335 4194 eo
351 4139 462 4193 strumo
478 4137 511 4190 al.
525 4139 552 4190 iu
568 4151 652 4203 marg.
671 4137 750 4197 team
769 4137 801 4187 ob
816 4137 896 4188 :olm
913 4137 981 4188 coui.
994 4137 1056 4188 Era.
1070 4136 1100 4187 0.
1116 4163 1143 4174 ·-
1162 4138 1187 4187 e.
1205 4137 1331 4188 comblou
1346 4131 1381 4190 eet
1395 4152 1457 4190 :oue
1471 4139 1541 4206 Lgtt

219 4231 247 4283 p.
260 4229 296 4268 m.
307 4242 334 4254 -
348 4215 373 4266 t.
392 4214 517 4279 44444344
529 4229 555 4280 p.
568 4227 605 4266 m.
618 4216 657 4267 ll:
675 4213 722 4264 :ibt
738 4215 767 4266 de
778 4226 848 4264 eure
858 4214 903 4264 ott.
917 4212 978 4262 0.-
992 4211 1017 4264 7.
1029 4226 1146 4277 eoprerra
1157 4211 1225 4278 tgr:
1236 4225 1264 4278 p.
1277 4226 1346 4266 ιη.-
1360 4215 1400 4266 44.
1412 4217 1542 4268 :laeuum

220 4305 274 4344 om.
286 4289 355 4355 tata
366 4304 393 4355 p.
406 4303 479 4341 m.-
493 4290 533 4342 43.
547 4303 588 4341 rea
603 4294 659 4341 erat
672 4287 741 4353 egla
753 4301 781 4354 p.
791 4302 840 4339 m.:
858 4292 977 4340 erotem
991 4289 1038 4340 ott.
1051 4289 1114 4339 0.-
1132 4290 1187 4352 potr
1199 4293 1282 4351 postet
1291 4287 1370 4354 Lglt,
1387 4287 1478 4354 vulgo:
1497 4291 1541 4354 qai
1655 4291 1660 4306 ⁸

160 4407 169 4416 .
216 4367 294 4432 pout:
309 4364 404 4432 pleriq.
422 4365 500 4417 codd.
516 4393 543 4403 -
557 4367 597 4417 444.
615 4366 637 4416 :t
649 4364 755 4430 superet]
771 4368 870 4427 supere:
884 4360 953 4428 Lglt
964 4375 991 4428 p.
1004 4376 1040 4415 m.
1054 4366 1088 4417 44.
1106 4366 1140 4414 a:
1151 4364 1184 4416 et.
1197 4365 1239 4416 444.
1251 4363 1275 4428 5.
1290 4363 1330 4416 69.
1350 4366 1388 4418 «st
1404 4369 1538 4432 saperent,

219 4445 249 4494 ut
259 4442 460 4505 transigerent.»
475 4466 502 4476 -
516 4441 555 4491 47.
572 4439 667 4490 uident
682 4437 751 4503 Lgtt
766 4451 794 4504 p.
813 4451 850 4490 m.
868 4439 936 4490 Pil:
953 4439 1056 4503 cidara,
1074 4441 1135 4503 quid
1149 4440 1195 4490 :ibi
1211 4445 1271 4491 esset
1285 4439 1427 4503 ratbodem
1444 4443 1489 4492 ott.
1507 4442 1538 4494 0.

221 4517 315 4570 «Certe
337 4529 406 4580 quae
429 4514 463 4566 ab
486 4515 591 4581 optimis
608 4515 677 4568 llSS.
695 4513 807 4577 absunt,
832 4514 983 4566 necessaria
999 4528 1053 4565 uon
1069 4515 1139 4566 eunt.
1165 4515 1299 4580 Optimum
1320 4517 1363 4566 est
1378 4517 1497 4581 prolude,
1518 4518 1540 4568 :t

219 4595 326 4656 saperet,
341 4590 436 4642 uideret
450 4590 478 4642 h.
491 4602 516 4641 e.
534 4589 584 4642 sibi
597 4591 713 4648 caveret,
729 4590 792 4641 huic
803 4589 842 4641 rei
854 4589 1014 4654 provideret.
1027 4590 1061 4642 ct.
1074 4591 1170 4642 Victor.
1184 4589 1217 4641 ad
1228 4589 1260 4640 V.
1273 4589 1307 4640 ad
1317 4591 1369 4642 Ati.
1382 4590 1537 4644 t.x1v.at.

221 4667 311 4720 tleine.
324 4667 359 4717 ad
369 4664 434 4717 ovid
444 4667 464 4716 4.
476 4665 531 4718 brt.
543 4668 602 4720 Am.
614 4667 672 4718 eor.
690 4666 780 4717 Omnis
792 4663 956 4728 deliberatio,
975 4666 1070 4728 cautio,
1088 4666 1188 4716 eurotlo
1205 4665 1274 4716 inest
1290 4665 1316 4715 iu
1325 4663 1408 4716 verbo
1418 4665 1538 4717 oideret»

221 4743 309 4796 Garat.
326 4741 357 4792 ll.
381 4768 409 4777 —
432 4739 473 4792 49.
491 4741 548 4792 tibet
562 4741 632 4806 Lgtt
647 4753 674 4806 p.
693 4753 730 4792 m.
748 4741 785 4792 bl:
810 4741 878 4792 uobia
898 4741 955 4792 tibet
970 4742 1016 4792 ctt.
1034 4741 1063 4791 0.
1083 4767 1111 4778 -
1134 4740 1175 4792 et.
1192 4740 1221 4792 io
1240 4741 1342 4792 :mdia
1365 4744 1449 4792 were:
1469 4740 1538 4804 usta

221 4833 248 4883 p.
265 4830 318 4869 m.:
342 4821 426 4868 tamea
447 4817 474 4866 ie
495 4829 518 4867 o.
536 4819 580 4867 ott.
599 4817 628 4867 0.
648 4844 676 4853 -
700 4817 741 4868 22.
759 4817 888 4869 sacerdot
903 4813 972 4880 tata
988 4831 1012 4880 φ
1029 4817 1101 4868 Grut.
1121 4815 1162 4880 (ex
1177 4815 1243 4880 bl‘tl:
1261 4815 1403 4867 secem
1418 4813 1537 4880 plerique

222 4892 301 4948 codd.
321 4891 354 4944 et.
372 4891 397 4956 5.
415 4891 456 4943 8t.
477 4919 504 4929 —
523 4892 563 4944 23.
581 4897 616 4944 eat
632 4889 700 4956 egra
717 4904 743 4957 p.
762 4903 798 4942 m.
817 4891 848 4941 1²:
867 4895 926 4941 esset
943 4890 988 4941 ctt.
1006 4891 1035 4940 0.
1056 4916 1083 4927 -
1102 4887 1143 4941 st.
1161 4889 1251 4940 etstan
1266 4888 1335 4955 Lglt
1350 4903 1377 4954 p.
1391 4901 1427 4939 m.
1447 4914 1474 4926 ·-
1493 4889 1535 4940 46.

221 4975 256 5022 eet
270 4973 371 5020 oestuo
385 4965 468 5018 ABG
485 4966 546 5032 ng.
565 4968 671 5032 praeter
687 4966 711 5016 6.
731 4968 758 5017 et
773 4964 814 5017 te.
835 4991 862 5000 -
881 4965 923 5016 tt.
940 4965 1060 5016 omisserit
1075 4965 1152 5029 tgae.
1173 4991 1201 5002 -
1224 4978 1267 5028 epe
1283 4960 1351 5029 tgtt
1367 4975 1394 5028 p.
1413 4975 1463 5014 m.:
1483 4976 1537 5014 :mo

220 5058 264 5110 ape
279 5045 324 5096 ctt.
337 5044 367 5095 0.
382 5069 410 5080 -
422 5041 462 5094 34.
480 5040 585 5093 babebat
599 5039 625 5104 4,
643 5041 679 5092 a:
697 5040 768 5092 tabet
778 5039 827 5091 dtt
843 5065 870 5076 -
883 5037 924 5090 34.
936 5039 1088 5092 reticentia
1098 5039 1199 5092 consido
1209 5038 1278 5104 tgte
1288 5051 1316 5106 p.
1328 5051 1382 5091 m.:
1399 5037 1536 5090 iommillo

221 5133 275 5175 om.
293 5121 340 5174 ctt.
357 5119 387 5172 0.
404 5120 447 5172 sio
463 5117 529 5173 lutra
545 5118 570 5190 5.
587 5116 628 5172 44.
647 5129 701 5170 om.
719 5117 747 5168 te
762 5115 891 5170 comtos
907 5115 987 5170 codd.
1004 5115 1052 5170 dtt.
