3642 5868
285 349 346 420 l92
656 356 699 420 IN
720 355 887 422 VERREM
907 352 1029 422 ACTIO
1052 355 1237 423 SECUNDA

284 523 404 607 privata
424 524 508 587 bona
528 523 638 607 populi
659 525 786 591 nomine
814 547 871 611 per
892 545 1045 592 summam
1067 527 1213 592 iniuriam
1235 534 1357 612 erepta,
1384 549 1492 594 veram
1513 527 1608 592 etiam

283 618 344 701 ipsi
366 618 413 681 illi
435 624 577 682 auctores
599 619 730 682 iniuriae
753 627 785 681 et
806 640 847 682 ex
868 621 976 704 aliqua
1000 623 1150 705 particula
1171 622 1247 706 socii
1268 621 1405 706 praedae
1426 643 1463 686 ac
1484 624 1609 707 rapina·

155 671 194 764 Ῐ
266 731 352 774 ,rum
385 711 518 775 clamare
548 720 732 794 coeperunt,
766 713 826 776 sibi
854 723 888 778 ut
914 714 1045 780 haberet
1064 716 1282 780 hereditatem.
1327 718 1445 781 Tantus
1468 720 1501 780 in
1522 719 1608 780 curia

285 804 401 868 clamor
425 805 525 870 iactus
556 803 619 882 est,
638 802 683 869 'ul
702 807 838 891 populus
860 819 1068 874 concurreret.
1112 811 1184 873 xx.
1206 807 1257 875 48.
1279 812 1342 874 ltes
1363 812 1403 875 ab
1426 811 1512 874 omni
1534 831 1609 874 eon-

260 907 380 963 oventu
408 902 532 985 cognita
557 901 702 964 celeriter
726 902 781 964 isti
811 901 938 967 domum
965 909 1135 968 nuntiatur.
1178 906 1280 968 Homo
1301 905 1447 970 iuimicus
1467 907 1524 981 iis,
1552 905 1607 989 qui

172 991 224 1094 'J
283 995 479 1070 recitassent,
507 995 607 1059 hostis
628 996 789 1071 omnibus,
820 997 876 1080 qui
898 997 1137 1074 acclamassent,
1168 999 1285 1063 exarsit
1306 1000 1466 1063 iracundia
1487 1018 1524 1062 ac
1545 1006 1607 1062 sto·

283 1091 409 1153 macho:
441 1082 675 1155 uerum‘tamcn
695 1091 756 1153 luit
776 1099 841 1153 tum
863 1091 912 1154 sui
935 1090 1110 1156 dissimilis.
1142 1093 1248 1156 Nostis
1270 1113 1305 1156 os
1326 1092 1480 1168 hominis,
1507 1095 1606 1157 nostis

282 1184 461 1249 audaciam:
484 1191 588 1247 tamen
610 1190 675 1248 tum
697 1205 821 1248 rumore
843 1193 875 1250 et
897 1186 1031 1250 clamore
1052 1187 1160 1271 populi
1183 1194 1214 1250 et
1234 1186 1316 1250 furto
1334 1187 1500 1254 manifesto
1516 1207 1607 1272 gram

283 1281 332 1344 dis
353 1280 505 1365 pecuniae
526 1279 724 1363 perturbatus
746 1287 802 1342 est.
839 1280 897 1343 Ubi
921 1301 954 1344 se
977 1280 1117 1364 collegit,
1148 1289 1237 1345 vocat
1258 1280 1298 1344 ad
1320 1303 1354 1345 se
1377 1283 1605 1366 Syracusanos:

245 1378 339 1462 ioqui
370 1395 434 1438 non
464 1380 572 1457 posset
603 1392 719 1456 negare
748 1373 787 1436 ab
812 1373 877 1436 illis
898 1375 1063 1458 pecuniam
1085 1375 1205 1450 deum,
1237 1394 1301 1437 non
1323 1377 1480 1459 quaesivit
1498 1375 1606 1460 procul

281 1469 425 1536 alicunde
454 1464 569 1550 (neque
593 1469 675 1530 enim
697 1465 871 1553 probaret),
902 1468 958 1532 sed
980 1469 1176 1552 proximum,
1208 1487 1309 1552 paene
1336 1469 1467 1532 alterum
1494 1469 1604 1544 lilium,

282 1586 376 1651 quem
397 1563 482 1626 illam
504 1562 668 1645 pecuniam
690 1562 807 1624 diceret
827 1561 1016 1626 abstulisse:
1045 1562 1184 1625 ostendit
1204 1567 1245 1625 se*
1261 1561 1394 1626 reddere
1416 1569 1604 1626 coacturum.

282 1661 345 1738 Qui
373 1664 579 1742 posteaquam
611 1655 644 1718 id
666 1654 801 1729 audivit,
830 1655 939 1718 habuit
960 1663 991 1719 ct
1013 1655 1173 1738 dignitatis
1195 1657 1359 1720 etaetatis
1381 1663 1413 1719 et
1434 1655 1604 1719 nobilitatis

281 1775 356 1820 suae
378 1754 550 1817 rationem:
572 1750 668 1813 verba
690 1748 773 1832 apud
796 1755 938 1812 senatum
958 1748 1052 1814 fecit:
1080 1749 1187 1814 docuit
1208 1749 1248 1812 ad
1276 1771 1310 1814 se
1333 1750 1412 1813 nihil
1430 1753 1603 1835 pertinere:

244 1847 320 1913 tede
343 1849 420 1920 isto,
441 1845 474 1908 id
503 1844 588 1929 quod
615 1861 725 1908 omnes
753 1842 917 1918 videbant,
944 1863 985 1906 ne
1011 1844 1065 1908 ille
1095 1843 1223 1928 quidem
1250 1844 1381 1908 obscure
1402 1845 1524 1909 locutus
1546 1853 1602 1908 est.

280 1946 389 2027 ltaque
410 1940 458 2004 illi
479 1937 668 2023 Syracusani
689 1945 822 2001 statuam
843 1945 952 2022 postea
967 1945 1160 2002 staurerunt:
1183 1946 1215 2001 et
1229 1938 1271 2012 is,
1294 1947 1328 2002 ut
1343 1942 1477 2023 primum
1492 1941 1603 2024 potuit,

279 2038 372 2102 istum
395 2034 524 2117 reliquit
545 2032 585 2094 de
606 2031 830 2116 provinciaque
852 2033 996 2095 decessit.
1039 2029 1090 2094 iti.
1119 2033 1160 2094 Et
1181 2041 1286 2096 tamen
1307 2033 1396 2095 aiunt
1416 2053 1490 2098 eum
1512 2035 1603 2117 queri

280 2133 383 2196 solere
412 2145 651 2210 nonnumquam
680 2145 714 2190 se
746 2126 911 2202 miserum,
939 2127 1025 2210 quod
1045 2147 1110 2191 non
1132 2127 1213 2202 suis,
1242 2126 1299 2190 sed
1321 2147 1449 2192 suorum
1469 2129 1603 2212 peccatis

279 2223 525 2306 criminibusque
547 2225 716 2304 prematur.
753 2221 937 2285 Triennium
958 2220 1149 2306 provinciam
1169 2220 1349 2284 obtinuisti:
1371 2241 1482 2304 gener,
1504 2224 1603 2288 lectus

213 2320 480 2393 faoauoicscens,
501 2336 600 2379 unum
621 2333 739 2378 annum
762 2320 862 2380 tecum
884 2314 963 2379 fuit:
986 2315 1127 2404 sodales,
1148 2316 1206 2378 viri
1227 2315 1340 2390 fortes,
1362 2307 1457 2399 l'e'gati
1478 2319 1523 2381 tui
1540 2318 1603 2402 pri·

280 2436 331 2480 mo
352 2433 435 2477 anne
458 2417 488 2473 te
511 2410 722 2493 reliquerunt:
743 2430 825 2472 unus
847 2408 968 2492 legatus
990 2411 1024 2472 P.
1046 2409 1181 2484 Tadius,
1205 2411 1261 2493 qui
1277 2417 1344 2473 crat
1358 2411 1517 2495 reliquus,
1539 2432 1603 2476 non

279 2513 323 2575 ita
344 2506 475 2572 multum
497 2512 601 2568 tecum
622 2502 697 2565 fruit:
729 2504 784 2586 qui
806 2504 833 2565 si
855 2523 981 2586 semper
1001 2510 1104 2567 tecum
1125 2522 1188 2567 una
1208 2502 1335 2578 luisset,
1357 2511 1462 2568 umen
1484 2527 1604 2570 summa

279 2623 351 2668 cura
380 2621 450 2665 cum
478 2607 567 2673 tuac,
595 2605 661 2661 tum
689 2596 787 2661 multo
817 2599 912 2662 etiam
934 2598 1032 2681 magis
1055 2617 1130 2662 suae
1151 2596 1253 2662 lamae
1275 2600 1474 2683 pepercisset
1518 2598 1602 2674 Quid

279 2706 343 2772 cst,
365 2693 451 2780 quod
473 2701 508 2757 tu
528 2695 607 2757 alios
622 2695 771 2756 accuses?
794 2691 951 2776 quidest,
973 2711 1067 2777 quam
1082 2693 1203 2756 obrem
1224 2699 1318 2777 putes
1333 2701 1363 2756 te
1377 2702 1462 2758 tuam
1479 2693 1602 2776 culpam

240 2803 343 2855 arnon
369 2788 462 2853 modo
488 2787 631 2851 derivare
659 2787 692 2848 in
719 2785 880 2869 aliquem,
913 2786 968 2850 sed
1006 2787 1232 2851 communicare
1260 2809 1330 2852 cum
1356 2787 1454 2852 altero
1482 2789 1601 2871 posset

278 2884 329 2948 50.
356 2885 567 2948 Numerantur
592 2882 647 2945 illa
676 2879 736 2944 HS
759 2881 895 2944 ducenta
915 2879 1146 2964 quinquaginta
1168 2881 1382 2966 Syracusanis.
1424 2883 1470 2946 Ea
1492 2901 1600 2966 quem

277 2978 447 3043 admodum
474 2977 514 3040 ad
541 2976 637 3039 istum
658 2981 767 3059 postea
788 2995 845 3058 per
866 2973 1115 3059 pseudothyrum
1136 2982 1347 3052 revertantur,
1375 2975 1490 3040 tabulis
1510 2975 1600 3040 robis

277 3075 492 3156 testibusque,
514 3070 652 3145 iudices,
674 3069 802 3153 planum
823 3069 944 3132 faciam.

362 3168 449 3232 XXI.
470 3167 519 3229 Ex
539 3164 599 3230 hac
619 3163 786 3248 iniquitate
807 3164 898 3227 istius
921 3169 953 3226 ct
974 3162 1190 3245 improbitate,
1218 3163 1354 3239 iudices,
1377 3163 1464 3248 quod
1484 3164 1601 3246 praeda

125 3281 146 3364 3
239 3275 317 3330 toea
338 3263 400 3328 illis
421 3261 513 3326 bonis
536 3259 575 3323 ad
597 3259 712 3323 multos
732 3259 943 3342 Syracusanos
964 3257 1063 3344 invito
1084 3257 1201 3341 populo
1216 3264 1392 3341 senatuque
1408 3258 1600 3340 Syracusano

276 3365 421 3433 venerat,
443 3365 475 3420 et
494 3354 550 3418 illa
571 3353 706 3429 scelera,
729 3371 812 3436 quae
832 3369 890 3435 per
911 3350 1154 3416 Theomnastum
1177 3359 1210 3413 ct
1229 3351 1452 3416 Aeschrionem
1474 3359 1508 3415 et
1526 3351 1601 3414 llio-

342 3585 366 3634 t.
383 3579 486 3646 priuata
501 3577 567 3627 boue
583 3574 652 3640 ugia
669 3585 695 3640 p.
714 3587 769 3625 m:
794 3573 859 3625 bono
872 3573 977 3638 priuata
993 3578 1030 3635 li3
1051 3573 1116 3625 bona
1128 3575 1226 3639 pucati
1242 3577 1287 3626 ott.
1306 3576 1335 3626 0.
1362 3575 1528 3640 Quamquam
1546 3589 1599 3627 non

275 3663 345 3720 crat,
372 3669 421 3708 cur
438 3653 574 3718 Zumpttus
595 3652 620 3701 in
638 3648 769 3700 vocabulo
784 3650 879 3711 pucati
899 3649 937 3700 sie
954 3649 1109 3714 simpliciter
1124 3650 1195 3702 dictu
1212 3649 1361 3701 olieuderet
1377 3649 1444 3714 (coll.
1463 3649 1487 3714 5.
1505 3649 1546 3700 32.
1564 3649 1599 3700 de

275 3737 354 3798 Legg.
372 3732 415 3782 lli.
434 3729 457 3794 g.
476 3727 517 3779 ta.
536 3727 570 3778 de
586 3727 688 3778 invent.
707 3727 726 3776 1.
746 3724 771 3789 fi.
790 3724 841 3788 ab.)
859 3727 947 3775 tamen
964 3725 1021 3798 iure
1038 3725 1072 3778 ab
1089 3727 1181 3792 optimi
1198 3726 1297 3778 codicis
1313 3727 1468 3778 auctoritate
1485 3737 1538 3776 non
1554 3737 1598 3776 re·

274 3811 364 3864 cessit.
385 3809 452 3859 Nam
469 3806 498 3855 ut
514 3805 541 3856 h.
560 3801 577 3854 l.
593 3802 698 3865 privata
713 3801 786 3863 burc,
804 3801 843 3852 sic
860 3799 921 3852 alibi
938 3800 1062 3852 dicuntur
1077 3817 1117 3853 ras
1129 3803 1247 3866 priuatae
1264 3803 1299 3868 (p.
1318 3802 1404 3864 Quint.
1423 3801 1447 3866 5.
1467 3803 1506 3852 tt.
1524 3801 1597 3852 Brut.

274 3888 300 3953 fl.
312 3886 362 3950 id.)
380 3885 407 3935 et
423 3878 577 3945 simpliciter
590 3879 695 3942 privata
712 3876 769 3940 tou.
783 3879 801 3929 l.
821 3875 845 3942 5.
857 3877 924 3940 24.);
944 3880 971 3928 et
987 3879 1158 3943 oppositionis
1175 3891 1255 3928 causa
1273 3881 1346 3928 recte
1363 3875 1522 3927 adiectivum
1538 3875 1565 3926 h.
1579 3873 1597 3926 l.

274 3963 393 4027 priorem
415 3951 503 4007 locum
526 3952 636 4005 obtinet.
663 3951 743 4004 Paulo
763 3954 825 4018 post
841 3950 917 4004 valde
938 3950 1076 4018 pmbabile
1094 3953 1149 4015 est,
1172 3951 1244 4016 quod
1260 3950 1294 4002 de
1312 3952 1381 4002 ceni.
1400 3949 1473 4002 dedit
1489 3949 1595 4002 bamb:

273 4049 323 4088 erro
338 4037 441 4098 arepto,
459 4031 501 4080 vix
519 4029 590 4080 enim
607 4026 687 4079 latine
698 4027 807 4078 dicitur:
826 4026 957 4092 indignum
972 4028 1056 4079 visun
1072 4031 1107 4077 ert
1122 4025 1195 4077 bono
1206 4031 1306 4091 erepto.
1322 4053 1349 4064 -
1367 4028 1392 4077 o.
1405 4027 1445 4076 isti
1456 4025 1488 4078 l:
1506 4026 1551 4076 istc
1562 4027 1596 4088 ll;

273 4123 327 4161 om.
345 4107 424 4171 vulgo
441 4106 471 4156 0.
497 4107 526 4156 ln
543 4105 569 4155 u
586 4107 613 4155 ct
629 4099 697 4167 tata
715 4115 740 4168 p.
753 4115 790 4152 m.
809 4101 915 4153 additur
929 4107 1014 4154 mutet.
1034 4129 1062 4140 -
1080 4103 1112 4153 tis
1128 4104 1147 4153 L
1164 4103 1192 4152 et
1209 4101 1270 4153 edd.
1284 4103 1362 4153 vett:
1380 4101 1418 4152 bis
1434 4101 1513 4154 codd.
1532 4101 1595 4152 noti.

275 4210 298 4224 -
322 4184 347 4235 8.
369 4195 471 4233 murore
492 4184 516 4230 st
538 4178 646 4230 clamore
662 4191 723 4242 pop.
742 4176 810 4241 ugia
826 4189 854 4242 p.
873 4191 920 4229 m:
937 4191 1040 4228 curuare
1056 4177 1193 4240 populique
1208 4178 1317 4228 clamore
1332 4178 1371 4238 A;
1397 4189 1499 4228 summe
1512 4175 1620 4240 popull-

272 4265 296 4312 et
317 4261 426 4311 clamore
442 4259 489 4309 ctt.
508 4255 538 4308 0.
561 4281 588 4294 -
616 4255 655 4306 to.
675 4254 718 4318 qut
734 4267 784 4304 nou
800 4257 882 4315 parret
898 4252 967 4318 igit
983 4265 1010 4318 p.
1029 4267 1065 4304 m.
1084 4253 1126 4303 M:
1153 4252 1196 4316 qui
1211 4265 1262 4303 nou
1275 4256 1379 4314 posauut
1394 4253 1510 4317 bytom
1536 4253 1598 4316 prtia

272 4349 323 4386 ooo
335 4337 438 4397 poscunt
454 4333 483 4391 B;
502 4331 564 4396 puio
579 4343 629 4380 nou
642 4333 724 4392 posset
740 4330 786 4380 ott.
805 4329 834 4380 0.
854 4355 882 4364 -
901 4327 942 4379 43.
960 4333 984 4378 et
1000 4329 1067 4393 stipa.
1086 4325 1155 4392 ugia
1172 4341 1199 4392 p.
1217 4341 1253 4378 m.
1273 4342 1313 4390 p:
1340 4332 1365 4379 et
1380 4341 1434 4380 em.
1453 4331 1498 4380 ott.
1517 4328 1546 4379 0.
1567 4353 1593 4368 ·-

273 4411 313 4460 to.
331 4422 363 4460 ue
378 4408 419 4460 illc
436 4405 534 4470 quidem
550 4405 618 4470 Lgli
636 4417 662 4469 p.
682 4417 734 4454 m:
757 4416 836 4466 coquo
851 4403 892 4453 itta
908 4403 1006 4466 paidom
1024 4406 1069 4456 ctt.
1088 4404 1117 4454 0.
1136 4403 1212 4469 prob.
1232 4403 1350 4455 Dietsch.
1367 4401 1465 4454 Obsvv.
1483 4404 1551 4454 critt
1571 4403 1597 4454 in

272 4482 376 4536 Sallust.
389 4485 444 4547 lug.
457 4495 482 4550 p.
498 4482 537 4532 lt.
552 4509 580 4518 -
600 4479 639 4530 46.
652 4481 674 4530 is
685 4492 738 4529 om.
751 4478 820 4543 bgli
833 4490 873 4542 pr.
887 4491 922 4528 m.
938 4505 965 4515 —
983 4483 1012 4528 ut
1026 4492 1067 4541 pr.
1081 4477 1149 4542 Lglt
1161 4491 1187 4542 p.
1201 4491 1238 4529 m.
1250 4493 1289 4540 cp:
1307 4477 1350 4528 ubi
1356 4491 1399 4540 pr.
1412 4477 1457 4527 ctt.
1471 4477 1500 4526 0.
1513 4503 1541 4513 -
1554 4477 1595 4528 aa.

270 4573 374 4611 aarum
385 4557 453 4621 igit
470 4569 496 4621 p.
510 4569 546 4608 m.
560 4553 631 4606 rit:
650 4554 767 4605 comtum
783 4550 967 4616 rell.1.agg.—-
987 4553 1231 4616 accumulateque
1247 4552 1332 4618 bgit:
1350 4557 1374 4606 ct
1389 4552 1534 4602 cuminiaco
1549 4553 1595 4603 ott.

272 4637 302 4687 0.
322 4661 350 4670 -
369 4633 445 4684 loctau
461 4630 529 4695 Lgtt
545 4644 571 4697 p.
591 4642 642 4680 m.:
661 4629 749 4680 clectus
765 4631 811 4680 ott.
824 4626 853 4676 0.
874 4653 902 4664 -
920 4627 961 4678 22.
978 4628 1016 4678 tto
1032 4634 1112 4679 werna
1126 4630 1232 4680 multum
1245 4629 1371 4693 epten
1387 4627 1465 4693 prob.
1483 4625 1594 4678 Ellendt.

273 4709 326 4761 cic.
345 4707 379 4759 de
397 4707 467 4758 Orat.
485 4703 542 4755 Vol.
560 4705 592 4755 11.
614 4717 642 4769 p.
661 4701 700 4754 tl.
727 4730 755 4740 ·-
778 4708 858 4754 tecum
879 4716 933 4754 uec
949 4702 1030 4769 Lglt:
1054 4718 1108 4755 uua
1125 4706 1170 4756 ctt.
1188 4706 1217 4755 0.
1238 4731 1266 4742 -·
1289 4705 1330 4756 23.
1349 4717 1406 4754 cum
1422 4701 1454 4753 i:
1479 4707 1532 4753 tran
1549 4704 1593 4752 ctt.

271 4783 301 4834 0.
321 4804 349 4819 -
373 4783 414 4834 25.
437 4793 494 4832 cum
516 4780 595 4832 altaro
611 4777 676 4840 lap:
702 4791 759 4828 cum
778 4779 863 4842 atiquo
885 4779 932 4830 dtt.
949 4807 976 4817 -
1000 4778 1041 4830 27.
1057 4781 1261 4844 pscueoupuum
1275 4783 1311 4841 A,
1333 4779 1516 4843 pseudotburon
1532 4775 1593 4828 edd.

272 4861 333 4908 ante
350 4859 422 4908 Grut.
438 4883 465 4893 -
483 4857 524 4908 28.
542 4855 688 4918 malamque
698 4853 767 4918 ugia
779 4868 805 4920 p.
819 4867 870 4906 m.:
889 4861 913 4906 ct
928 4856 1027 4907 tutum
1039 4858 1083 4906 ctt.
1097 4856 1126 4906 0.
1141 4883 1168 4893 -
1187 4855 1228 4906 34.
1247 4859 1270 4906 ot
1285 4853 1331 4905 itio
1346 4853 1453 4914 melca,
1472 4865 1536 4916 quac
1549 4863 1596 4914 por

271 4933 350 4985 ΑΒΕ
367 4931 417 4984 al:
443 4931 519 4983 edun
534 4931 579 4982 illc
595 4931 688 4982 scama
703 4934 772 4993 aaut,
790 4933 951 4996 puerperi.
969 4930 1032 4983 teat
1050 4930 1091 4994 (ex
1108 4931 1156 4994 Fit
1173 4931 1245 4981 Grut.
1265 4930 1306 4994 (ex
1317 4928 1367 4993 lli)
1385 4928 1428 4988 0.;
1446 4931 1470 4977 et
1485 4926 1531 4976 iiic
1546 4937 1595 4976 aas·

271 5007 325 5059 iera
337 5021 385 5072 per
401 5009 494 5060 Graes.
524 5005 599 5058 Nulla
614 5005 727 5058 venetas
744 5018 778 5056 ex
793 5006 855 5072 ng.
874 5008 1010 5067 enotatur3
1034 5003 1082 5058 scd
1099 5004 1200 5056 babere
1218 5017 1278 5066 eos,
1295 5005 1326 5054 ut
1341 5004 1384 5056 est
1399 5002 1471 5069 apud
1487 5003 1593 5068 Graec,

272 5096 326 5136 non
343 5085 384 5136 est
400 5082 537 5138 credibile.
