3638 5868
461 414 529 478 ue.
550 413 604 478 nr.
638 411 713 477 oe.
734 355 1021 476 r'xxr-rxxu.
1050 405 1108 492 si·
1129 403 1320 474 roe-ms.
1489 409 1552 478 am

227 593 334 650 tamen
361 585 430 647 eius
458 582 640 647 testimonio
672 580 758 644 credi
791 585 961 663 oporteret.
1010 573 1082 641 tui.
1115 576 1298 642 Admiratus
1324 585 1356 642 et
1382 587 1552 663 exspectat,

228 680 381 764 quidnam
410 679 533 743 Vettius
562 676 701 740 dicturus
729 676 779 738 sit
830 671 916 736 Nihil
945 671 1030 734 dicet
1058 691 1099 734 ex
1128 678 1286 754 tempore,
1317 665 1398 736 nibil
1425 693 1467 736 ex
1497 693 1554 738 sua

226 774 402 848 voluntate,
423 772 515 846 nihil,
538 791 610 834 cum
631 770 785 833 utrumvis
807 767 936 831 licuisse
950 764 1106 830 videatur.
1128 767 1215 828 blisit
1228 765 1348 830 litteras
1362 766 1397 828 in
1413 767 1553 832 Siciliam

227 867 268 934 ad
290 866 520 950 Carpinatium,
543 885 613 928 cum
635 869 720 926 esset
740 863 888 944 magister
910 860 1084 944 scripturae
1106 867 1139 925 et
1158 879 1216 924 seu
1236 861 1452 943 publicorum,
1474 884 1554 947 quas

110 955 118 962 “
227 981 286 1044 ego
310 961 473 1044 Syracusis
494 956 580 1040 apud
603 957 820 1040 Carpinatium
847 956 881 1018 in
909 954 1084 1018 litterarum
1110 955 1277 1019 allatarum
1303 954 1409 1030 libris,
1437 957 1577 1021 Romaet

227 1056 261 1118 in
284 1054 459 1118 litterarum
490 1053 654 1115 missamm
681 1049 765 1132 apud
792 1048 977 1130 magistrum
998 1049 1034 1110 L.
1056 1048 1210 1123 Tullium,
1240 1047 1428 1134 femjfiarem
1454 1058 1554 1125 tuum,
1697 1050 1728 1132 6

227 1147 350 1212 inveni:
381 1147 497 1230 quibus
520 1165 562 1208 ex
582 1144 695 1209 litteris
717 1142 945 1226 impudentiam
966 1141 1172 1217 feneratoris,
1203 1161 1338 1226 quaeso,
1363 1144 1554 1225 cognoscite.

228 1244 390 1307 errsaau
429 1259 542 1304 urssnn
576 1239 609 1302 P.
639 1238 767 1311 Verrii,
804 1237 838 1300 P.
868 1235 1024 1310 Snnrnu,
1062 1235 1095 1299 C.
1127 1240 1285 1311 Anrrsru,
1320 1253 1554 1320 usarsrgonvu.
1689 1221 1720 1310 Ᾰ

226 1335 355 1398 Praesto
378 1335 423 1398 ait
444 1353 478 1397 se
505 1333 563 1396 tibi
593 1331 735 1395 futurum
757 1331 881 1395 Vettius
904 1337 936 1393 ot
957 1331 1213 1405 observaturum,
1246 1347 1341 1414 quem
1364 1330 1555 1395 admodum

227 1431 368 1492 rationes
389 1428 430 1491 ad
452 1427 607 1490 aerarium
630 1423 765 1499 referas,
793 1431 844 1498 ut,
874 1425 902 1486 si
928 1422 1011 1487 banc
1042 1445 1082 1487 ex
1109 1423 1218 1488 fenore
1246 1424 1412 1506 pecuniam
1433 1425 1591 1508 populoso

227 1541 293 1586 non
314 1521 487 1594 rettuleris,
510 1519 624 1582 reddas
647 1519 801 1583 societati.
844 1513 916 1580 l68.
939 1518 1109 1582 Possumus
1130 1517 1191 1581 boc
1213 1524 1310 1592 teste,
1331 1539 1499 1601 possumus
1521 1521 1554 1584 P.

228 1615 355 1678 Servilii
384 1622 417 1677 et
444 1614 477 1677 C.
505 1613 634 1676 Antistii
661 1613 882 1695 magistrorum
907 1610 1037 1687 litteris,
1069 1613 1242 1696 primorum
1254 1611 1433 1698 ,leoninum
1461 1619 1555 1695 atque
1664 1599 1691 1683 A

226 1707 539 1781 honestissimorum,
568 1727 736 1790 possumus
763 1707 949 1784 auctoritate
971 1705 1147 1780 societatis,
1180 1708 1272 1770 cuius
1294 1707 1405 1770 litteris
1427 1707 1556 1780 utimur,

227 1803 313 1886 quod
335 1800 470 1865 dicimus
492 1801 657 1865 obtinere?
680 1821 720 1864 an
742 1800 850 1882 aliqua
870 1795 1008 1863 firmiora
1029 1807 1085 1863 aut
1106 1801 1251 1882 graviora
1265 1798 1447 1883 quaerenda
1461 1800 1555 1861 eunti
1609 1872 1614 1893 ,

228 1894 358 1958 Lllllll.
381 1895 515 1969 Vettius,
537 1903 609 1959 tuus
630 1893 904 1981 familiarissimus,
926 1893 1060 1968 Vettius,
1082 1891 1289 1978 mum-llinis,
1312 1895 1402 1958 cuius
1416 1911 1556 1956 sororem
1564 1907 1592 1954 tt
1618 1939 1621 1959 ,
1691 1879 1720 1974 ζ

227 1987 325 2052 habes
347 1987 380 2051 in
403 1987 622 2062 matrimonio,
653 1996 725 2052 tuae
747 1989 857 2050 uxoris
877 1986 990 2061 frater,
1019 1989 1161 2062 Vettius,
1182 1988 1280 2052 frater
1302 1989 1354 2074 tqi
1359 1989 1556 2074 quaestoris,
1601 1980 1620 2073 s

227 2088 362 2146 testatur
382 2080 496 2144 litteris
512 2089 600 2144 tuum
615 2067 923 2163 impudentissimum
938 2080 1056 2144 furtum
1073 2081 1347 2165 certissimumque
1360 2083 1556 2166 peculatum3

228 2194 378 2257 namquo
393 2173 457 2238 alio
471 2175 600 2237 nomine
614 2176 769 2258 pecuniae
783 2174 927 2256 publicae
942 2173 1097 2238 feneratio
1113 2179 1162 2236 est
1175 2174 1386 2258 appellanda?
1416 2175 1556 2238 Scribam

229 2279 316 2334 tuum
339 2269 432 2344 dicit,
462 2270 592 2341 Verres,
621 2268 717 2330 huius
737 2268 979 2352 perscriptorem
1000 2268 1206 2332 fenerationis
1227 2268 1342 2332 fnisse:
1376 2269 1405 2331 ei
1427 2289 1556 2352 quoque

228 2363 369 2446 magistri
392 2364 552 2426 minantur
571 2362 606 2425 in
628 2361 760 2436 litteris,
790 2369 823 2426 et
844 2381 920 2425 casu
942 2363 1064 2427 scribae
1094 2370 1159 2426 tum
1182 2363 1245 2427 duo
1266 2364 1408 2444 magistri
1429 2363 1593 2428 fueruntne

228 2477 299 2521 cum
320 2457 435 2520 Vettio.
477 2455 573 2518 Binas
595 2456 783 2520 centesimas
805 2456 844 2518 ab
867 2476 937 2519 sese
959 2457 1080 2520 ablatas
1101 2456 1266 2520 ferendum
1288 2475 1353 2519 non
1374 2464 1503 2540 putant,
1525 2463 1558 2522 ct

227 2557 312 2616 recte
333 2570 398 2615 non
420 2555 542 2631 putant
587 2549 666 2624 Quis
689 2549 773 2612 enim
794 2549 855 2614 hoc
876 2549 953 2614 fecit
979 2553 1149 2633 umquam?
1172 2549 1243 2632 quis
1266 2549 1403 2633 denique
1426 2559 1556 2615 conatus

165 2659 167 2666 ’
228 2654 276 2710 est
298 2645 404 2710 facere
425 2649 482 2706 aut
501 2662 595 2726 posse
616 2639 685 2706 fieri
715 2642 880 2725 cogitavit,
908 2652 959 2719 ut,
991 2663 1063 2709 cum
1090 2653 1218 2708 senatus
1246 2662 1342 2708 usrua
1370 2643 1557 2726 publicanos

227 2759 321 2822 saepe
351 2737 499 2810 iuvisset,
527 2737 729 2819 magistratus
757 2756 776 2800 a
805 2739 984 2819 publicanis
1016 2739 1185 2821 pecuniam
1211 2758 1270 2824 pro
1301 2757 1397 2802 usura
1426 2738 1557 2802 auderet

226 2833 371 2896 auferret
415 2829 508 2894 Certe
529 2829 605 2894 huic
626 2831 749 2916 bomini
770 2852 843 2914 spes
865 2833 954 2896 nulla
975 2832 1085 2896 salutis
1110 2839 1210 2908 esset,
1243 2833 1270 2896 si
1292 2831 1468 2916 publicani,
1494 2832 1592 2915 ipo-cal
1687 2811 1717 2894 ί

226 2934 284 3000 est,
306 2927 335 2989 si
357 2926 482 3008 equites
504 2925 636 2988 Romani
659 2925 846 2990 iudicarent.
881 2921 953 2988 469.
976 2929 1079 2992 Minor
1101 2947 1170 2990 esse
1193 2945 1290 3003 nunc,
1311 2919 1444 3002 indices,
1465 2926 1555 2990 vobis

227 3019 477 3103 disceptantibus
500 3018 605 3094 debet,
627 3026 658 3082 et
675 3027 760 3083 tanto
782 3021 895 3094 minor,
917 3029 1036 3104 quanto
1057 3028 1105 3084 est
1125 3020 1290 3085 honestius
1306 3022 1418 3084 alienis
1432 3021 1556 3086 iniuriis

227 3134 322 3199 quam
350 3135 385 3178 re
415 3131 472 3176 sua
502 3114 702 3178 commoveri.
754 3112 840 3188 Quid
867 3113 908 3176 ad
935 3114 1016 3178 baec
1040 3114 1234 3197 respondere
1263 3115 1401 3197 cogitas?
1444 3115 1554 3180 Utrum

290 3387 315 3438 3.
333 3399 390 3436 crem
407 3385 485 3437 codd.
504 3387 558 3437 noli
577 3388 683 3451 praeter
694 3387 723 3446 Α,
743 3399 776 3436 ex
788 3399 842 3450 quo
855 3385 916 3438 nibil
929 3385 1089 3437 diversitatis
1100 3399 1115 3436 a
1127 3384 1232 3450 vulgata
1243 3391 1272 3436 ul
1283 3387 1314 3447 ci,
1332 3398 1428 3450 quaes
1440 3387 1555 3438 victorio

226 3463 276 3520 est,
295 3463 430 3513 enotatum
448 3463 497 3512 est.
519 3487 546 3498 -
565 3462 661 3512 litteras
677 3462 704 3511 in
720 3461 771 3512 Sic.
789 3461 875 3525 Lgli:
901 3463 929 3511 in
945 3462 995 3512 Sic.
1014 3461 1059 3510 litt.
1084 3459 1140 3511 rell.
1160 3461 1189 3511 0.
1210 3488 1237 3499 -
1255 3459 1280 3512 l.
1302 3465 1326 3510 ct
1340 3475 1386 3512 rea
1400 3461 1556 3524 publicorum

226 3535 304 3588 codd.
324 3539 431 3600 praeter
446 3535 506 3586 cod.
525 3537 581 3588 Urs.
601 3536 643 3600 (i),
668 3537 695 3586 in
716 3549 769 3599 quo
793 3537 845 3586 cius
860 3537 983 3586 soeielatir
996 3535 1189 3599 publicanorum
1205 3536 1286 3588 fuisse
1312 3535 1439 3586 traditur:
1465 3541 1488 3586 ct
1505 3536 1557 3590 cim

224 3613 349 3662 societatis
362 3610 554 3674 publicanorum
571 3611 604 3668 03
623 3615 646 3660 ot
661 3611 784 3660 societatis
797 3611 989 3673 publicanorum
1004 3613 1033 3662 L.
1058 3611 1150 3675 [Abest
1171 3624 1216 3662 sau
1238 3625 1253 3662 a
1276 3611 1375 3674 bagua
1398 3611 1556 3674 publicorum

225 3687 325 3738 babent
341 3699 451 3747 omnes,
470 3686 547 3749 lagg.
566 3687 673 3750 praeter
689 3687 818 3750 onufrii]
835 3713 860 3724 -
879 3688 904 3736 ti.
923 3687 1061 3736 allatarum
1079 3686 1096 3736 l.
1114 3687 1143 3735 ll.
1164 3686 1191 3734 ln
1207 3686 1350 3736 litterarum
1366 3699 1420 3736 om.
1438 3685 1507 3749 ugit
1522 3685 1554 3738 lb

224 3763 255 3814 N.
277 3789 304 3798 —
323 3761 347 3810 c.
366 3761 394 3812 L.
414 3761 520 3811 Tullium
535 3761 573 3810 N:
600 3761 629 3810 1..
646 3760 734 3810 Pulum
756 3760 837 3823 Lgtm
864 3763 892 3812 1..
910 3762 1008 3812 Puliun
1031 3775 1070 3824 φ;
1098 3761 1203 3812 Tullimu
1223 3759 1280 3812 rell.
1308 3787 1335 3798 -
1360 3761 1385 3811 7.
1407 3761 1556 3824 [marmoris

224 3839 286 3901 ng.
300 3848 404 3888 omnes.
422 3836 514 3899 ΝΒψ
529 3835 561 3885 Η.
580 3835 621 3898 (er
641 3835 694 3886 AC
716 3834 778 3886 nibil
805 3841 939 3886 enotolum
969 3837 1032 3898 esti:
1057 3836 1218 3899 fenerationis
1240 3837 1273 3898 0,
1300 3835 1372 3901 quod
1394 3837 1416 3886 si
1439 3835 1555 3902 aliquam

224 3927 238 3963 a
257 3910 394 3962 codicibus
411 3909 522 3962 baberet
539 3911 733 3970 auctoritatem,
753 3914 864 3975 propter
880 3912 905 3974 5.
925 3911 981 3961 tes.
1001 3911 1057 3960 ⁴70.
1077 3909 1250 3975 praeferrem.
1265 3939 1292 3948 -
1311 3911 1335 3964 8.
1354 3911 1555 3962 alirunas--

223 3987 455 4038 lllGleltOflllM
471 3998 525 4036 om.
544 3985 627 4048 Lagis
646 3985 678 4035 ab
695 3983 728 4036 ii
742 3989 765 4036 Α
783 3987 801 4034 Β
820 3987 854 4046 C,
881 3985 974 4036 relicto
992 3987 1080 4036 umen
1099 3985 1184 4049 spatio
1202 3997 1287 4034 vacuo
1304 3985 1330 4034 in
1346 3986 1415 4049 Lgil
1433 3987 1465 4036 itt
1482 3989 1553 4048 etl33

222 4061 342 4113 MISSAE
352 4073 405 4110 om.
416 4061 443 4110 F.
456 4087 483 4098 -
494 4061 522 4110 1..
536 4060 610 4110 Vectii
621 4059 685 4110 dell.
694 4061 755 4109 0.-
767 4060 793 4109 Ρ.
807 4060 877 4110 Suu.
891 4061 1001 4124 Zumpt:
1014 4061 1043 4110 l..
1054 4061 1125 4110 Sero.
1139 4058 1250 4109 codd-
1262 4059 1362 4111 Amulii
1373 4059 1493 4112 Ursinus:
1506 4063 1555 4112 dn·

223 4137 305 4186 aalide
316 4135 393 4186 codd.
404 4163 431 4172 -
446 4135 470 4185 9.
484 4135 521 4184 all
536 4147 562 4184 sc
579 4134 622 4183 tibi
639 4133 720 4197 Lgii:
739 4147 764 4184 re
783 4134 826 4184 libi
843 4134 879 4184 alt
890 4137 936 4184 cll.
949 4135 1010 4185 0.-
1025 4135 1066 4186 ⁴0.
1081 4147 1136 4197 pcc.
1151 4134 1245 4197 populo
1256 4134 1342 4198 ugit:
1356 4149 1417 4198 pop.
1428 4150 1482 4199 poc.
1496 4135 1552 4188 rell.

224 4213 253 4262 0.
275 4239 302 4248 -
321 4213 362 4262 ll.
380 4212 406 4261 P.
425 4211 496 4260 Seru.
515 4209 593 4260 codd.
612 4221 716 4258 omnes.
733 4235 758 4244 -
774 4209 813 4258 ts.
831 4209 921 4258 Antisti
938 4209 1006 4272 igis
1018 4208 1068 4267 it;
1085 4207 1195 4258 Antistiti
1210 4207 1266 4259 rell.
1283 4235 1310 4245 -
1324 4211 1364 4262 ta.
1381 4211 1470 4261 litteris
1486 4212 1554 4276 egli

223 4287 259 4336 N:
278 4298 331 4336 om.
350 4283 407 4336 rell.
429 4310 456 4321 -
475 4283 515 4335 tl.
534 4284 587 4347 cut]
605 4299 640 4333 cn
657 4284 672 4334 3
689 4285 764 4347 Lagg.
786 4282 851 4333 dett.
872 4312 900 4320 -
920 4285 960 4334 ⁴5.
978 4297 1036 4334 cam
1054 4284 1153 4344 Vettius,
1172 4289 1190 4334 t.
1208 4284 1227 4346 f.
1247 4285 1338 4335 Franc.
1358 4285 1407 4347 lest
1423 4287 1555 4350 scriptura

226 4360 317 4412 Vettius
332 4360 358 4410 b.
369 4358 386 4410 l.
400 4361 426 4410 in
440 4358 518 4422 ugia.
532 4358 583 4421 iu.)
597 4385 625 4396 -
646 4359 686 4409 lb.
699 4373 744 4409 ac.
757 4359 840 4422 Γναῖον
848 4359 935 4422 Lglb:
953 4359 987 4422 li.
1000 4372 1046 4408 aa.
1058 4355 1115 4407 rell.
1130 4358 1158 4408 0.
1177 4357 1244 4422 [tunc
1259 4358 1349 4408 rasoris
1363 4360 1454 4425 tiator]
1471 4359 1509 4413 lll.
1522 4371 1552 4399 ’-

226 4435 317 4486 Vettius
332 4435 413 4499 frater
429 4447 483 4484 om.
503 4431 580 4497 ugia.
597 4459 623 4470 -
638 4434 678 4484 ti.
698 4438 802 4484 testatam
818 4435 906 4485 litteris
917 4434 985 4498 igit
998 4448 1038 4498 φε
1057 4435 1194 4484 tutaturil
1207 4433 1242 4490 ος
1260 4435 1404 4496 utrumque
1421 4447 1480 4486 voc.
1499 4449 1553 4488 om.

225 4513 270 4560 cll.
292 4537 319 4548 -
341 4515 413 4560 tuum
429 4509 488 4570 inp.
507 4507 577 4572 Lglb
589 4509 611 4558 N
621 4523 661 4569 cp:
685 4510 747 4572 imp.
767 4515 784 4558 t.
803 4509 860 4560 rell.
880 4511 909 4561 0.
930 4537 958 4546 -
976 4509 1016 4560 l8.
1034 4508 1157 4570 Scribam]
1175 4509 1260 4559 Recita
1275 4509 1382 4571 reliqua.
1401 4510 1515 4562 mam
1534 4513 1554 4564 0

225 4596 287 4634 cunr
310 4583 388 4634 codd.
413 4583 477 4634 dett.
506 4583 611 4634 absunt
631 4583 671 4635 illa
689 4583 771 4635 verba
789 4585 823 4636 ab
840 4587 862 4635 A
877 4585 910 4646 u,
928 4583 1006 4648 igit,
1025 4586 1122 4636 iterna
1140 4585 1171 4634 27
1190 4587 1217 4634 et
1232 4585 1278 4646 29,
1305 4583 1355 4638 sed
1371 4587 1407 4635 ita
1424 4587 1453 4636 nt
1468 4587 1496 4636 in
1513 4586 1553 4638 bis

225 4657 330 4709 duobus
353 4657 444 4710 lacuna
467 4659 509 4710 sit.
537 4660 631 4716 120.
657 4661 745 4710 etenim
765 4674 827 4710 casu
851 4659 943 4712 ecod.
972 4657 1118 4724 (velanni.)
1140 4660 1293 4710 Hotomo.
1318 4688 1346 4700 -
1367 4660 1499 4712 noiomo
1520 4675 1554 4712 ex

224 4733 336 4784 Ernestii
358 4738 426 4785 sent.
446 4735 521 4785 uncis
544 4733 656 4786 inclusit.
677 4762 705 4772 -
723 4736 850 4799 affuerunt
873 4735 933 4787 cod.
953 4735 1059 4786 Hotom.
1074 4761 1101 4772 -
1120 4735 1161 4785 it.
1180 4747 1230 4786 sese
1253 4733 1340 4798 ugit:
1366 4749 1391 4785 aa
1408 4737 1453 4786 cll.
1472 4736 1502 4786 0.
1523 4761 1547 4774 -

223 4807 352 4872 tuendum
369 4808 417 4872 Lgl
432 4808 481 4860 ii:
498 4810 632 4872 scrandmu
648 4807 704 4860 rell.
723 4837 747 4846 -
764 4811 866 4872 putauit
877 4809 955 4874 Lgli.
971 4837 997 4846 -
1017 4815 1041 4860 cl
1055 4824 1078 4860 r.
1095 4824 1147 4860 non
1161 4815 1214 4873 put.
1233 4823 1286 4862 om.
1309 4810 1389 4862 idem.
1404 4837 1432 4847 -
1452 4812 1494 4862 ii.
1511 4811 1553 4860 ni-

225 4895 272 4945 que
293 4887 396 4932 conatus
416 4884 578 4934 ut--tosut
602 4884 626 4948 ἓ.
646 4884 693 4934 tit
712 4886 777 4934 eutr.
796 4884 878 4936 babel
894 4886 925 4935 V.
946 4911 973 4922 -
1000 4885 1040 4936 23.
1059 4898 1138 4935 usura
1150 4885 1220 4948 prol.
1238 4885 1307 4950 Lgli
1324 4887 1362 4936 V:
1387 4885 1455 4948 publ.
1473 4899 1553 4936 unua

224 4956 281 5009 rell.
300 4959 330 5018 03
351 4959 421 5022 publ.
438 4973 543 5010 ausura
560 4961 629 5010 coni.
646 4959 670 5010 J.
689 4960 716 5010 F.
730 4961 842 5010 Gronov.
862 4959 895 5009 de
914 4973 973 5023 pec.
992 4961 1044 5010 vel.
1063 4960 1105 5020 lv,
1125 4960 1148 5010 3.
1164 4987 1191 4997 -
1211 4960 1250 5012 tl.
1268 4961 1323 5023 pro]
1342 4962 1408 5023 quad
1424 4958 1501 5024 Lgli.
1521 4987 1548 4998 —

224 5047 304 5084 usura
322 5033 389 5097 ugit
401 5034 439 5083 V:
456 5036 540 5085 usuris
556 5038 601 5086 cll.
616 5035 644 5086 0.
659 5059 687 5072 -
706 5035 747 5086 it.
765 5035 840 5086 lodic.
859 5034 898 5086 sic
914 5033 1011 5098 ΗΒΓ.)
1025 5059 1052 5072 -·
1071 5046 1121 5085 cuc
1135 5034 1205 5099 ugia
1216 5050 1239 5099 φ
1251 5035 1285 5086 V:
1304 5048 1354 5086 case
1369 5048 1434 5087 curo
1448 5032 1505 5086 rell.
1520 5061 1547 5072 -

224 5107 266 5160 28.
283 5122 324 5161 res
338 5123 387 5161 auc
402 5110 438 5173 V;
456 5123 503 5162 sua
519 5123 573 5163 om.
591 5109 670 5178 igit.
