3638 5868
485 478 552 544 nn.
574 479 627 544 rv.
659 476 732 542 cn.
754 477 978 542 xum-xx.
1008 474 1065 560 §a
1086 471 1234 541 es-se.
1450 472 1513 540 aas

197 651 369 725 rationem,
382 627 425 742 (ei
446 648 627 726 liaecrafio
649 647 755 733 potius
784 667 880 732 quem
906 648 1043 712 amentia
1063 648 1255 712 nominanda
1275 654 1333 711 est.
1347 621 1515 733 lhpponit
1580 693 1598 744 ,r
1610 631 1705 760 ff&

197 743 237 807 de
259 745 325 808 suis
347 744 478 808 canibus
493 743 661 828 quendam,
684 745 740 828 qui
755 743 839 807 dicat
853 763 887 807 se
901 741 1075 805 Diodorum
1087 742 1283 806 Melitensem
1301 741 1349 806 nei
1370 741 1514 826 capitulis

197 857 287 900 reum
308 837 391 901 velle
413 837 525 904 facere.
559 839 662 902 Primo
685 839 799 902 mirum
820 836 966 902 omnibus
986 835 1088 900 rideri
1109 835 1281 900 Diodorum
1293 855 1393 912 reum,
1413 833 1515 920 homi·
1636 819 1656 916 6

195 951 270 995 nem
296 931 543 1015 quietissimum,
575 933 615 996 ab
636 933 724 996 omni
749 952 814 996 non
836 930 931 994 modo
951 929 1119 1004 facinoris,
1146 931 1372 994 verumetiam
1393 928 1516 994 minimi

197 1025 291 1090 errati
313 1025 494 1109 suspicione
516 1027 777 1090 remotissimum:
800 1027 914 1090 deinde
937 1045 1006 1090 esse
1024 1025 1237 1109 perspicuum,
1251 1022 1320 1090 fieri
1338 1025 1443 1089 omnia
1460 1021 1541 1085 illas

196 1125 329 1205 propter
349 1128 523 1202 argentum.
567 1122 630 1184 lste
651 1140 718 1184 non
738 1120 863 1184 dubitat
882 1120 992 1183 iubere
1013 1140 1129 1184 nomen
1151 1119 1282 1198 deferri,
1313 1129 1345 1184 et
1364 1127 1432 1184 tum
1452 1117 1518 1202 pri-

198 1235 294 1290 mum,
317 1221 352 1278 ut
374 1213 498 1296 opinor,
519 1214 617 1278 istum
639 1214 780 1278 absentis
801 1233 918 1277 nomen
938 1213 1108 1296 recepisse.
1150 1209 1202 1276 tl.
1222 1211 1285 1278 lies
1305 1215 1390 1280 olera
1410 1212 1519 1276 Sicilia

111 1385 114 1392 ¹
197 1315 273 1384 tota,
294 1315 427 1393 pmpter
441 1307 552 1372 caelati
575 1309 697 1391 argenti
718 1307 919 1390 cupiditatem
940 1327 1011 1371 reos
1032 1303 1101 1371 fieri
1122 1327 1227 1372 rerum
1248 1307 1441 1392 capitalium,
1462 1325 1518 1370 ne·

197 1421 261 1487 que
283 1401 387 1466 solum
408 1420 481 1465 reos
502 1401 592 1479 fieri,
622 1401 679 1466 sed
701 1402 796 1465 etiam
819 1403 974 1466 absentes.
1016 1401 1175 1467 Diodorus
1195 1404 1313 1467 Romae
1338 1401 1517 1476 sordidatus

197 1497 316 1562 circum
337 1503 491 1579 patronos
512 1503 609 1580 atque
631 1495 774 1578 hospites
796 1515 940 1560 cursare:
960 1515 1029 1560 rem
1050 1496 1197 1560 omnibns
1210 1515 1348 1560 namare.
1380 1495 1518 1560 Litterae
1527 1509 1555 1555 so

197 1591 366 1654 mittuntur
386 1590 440 1653 isti
460 1609 479 1654 a
500 1597 590 1673 patre
611 1585 830 1665 vehementes,
851 1590 891 1653 ab
912 1590 1021 1654 amicis
1042 1591 1133 1654 item:
1154 1589 1293 1666 rideret,
1314 1591 1392 1676 qnid
1413 1597 1519 1674 ageret

197 1683 237 1749 de
258 1685 408 1760 Diodoro,
428 1705 494 1769 quo
516 1684 777 1768 progrederetur:
799 1703 865 1748 rem
888 1683 1004 1748 claram
1025 1703 1095 1747 esse
1109 1684 1359 1748 etinridiosam:
1379 1685 1518 1749 insanire

196 1777 373 1842 hominem:
404 1779 580 1862 periturum
607 1778 668 1842 hoc
695 1798 761 1842 uno
790 1779 936 1854 crimine,
963 1777 1026 1841 nisi
1052 1777 1197 1841 cavisset.
1238 1778 1301 1842 Iste
1329 1778 1423 1842 etiem
1450 1784 1518 1852 tum

197 1879 332 1955 patrem,
353 1872 380 1936 si
401 1891 468 1934 non
488 1872 523 1934 in
543 1872 694 1955 parentis,
718 1880 751 1935 et
771 1873 805 1936 in
818 1873 982 1937 hominum
996 1891 1129 1936 numero
1144 1871 1290 1956 putabat:
1311 1871 1352 1936 ad
1365 1871 1518 1936 iudicium

197 1965 339 2030 nondum
362 1985 396 2030 se
419 1966 494 2029 satis
514 1965 724 2030 instruxerat:
753 1969 874 2051 primns
896 1986 998 2030 annus
1020 1971 1088 2029 erat
1107 1964 1303 2049 provinciae:
1324 1986 1405 2044 non,
1427 1973 1465 2030 ut
1484 1965 1555 2030 inst

199 2059 343 2134 Sthenio,
364 2059 428 2124 iam
448 2059 582 2124 refertus
602 2061 748 2144 pecunia.
780 2062 892 2145 ltaque
912 2060 1003 2123 fruor
1023 2060 1091 2124 eius
1113 2060 1280 2143 paululum
1300 2079 1365 2124 non
1384 2060 1518 2144 pudore,

199 2153 255 2218 sed
276 2162 360 2218 metu
389 2174 426 2220 so
455 2155 566 2219 timore
593 2175 757 2238 repressus
785 2163 844 2218 est.
888 2152 1106 2217 Condemnare
1127 2154 1302 2218 Diodorum
1329 2173 1395 2219 non
1422 2154 1519 2219 undet

134 2265 141 2276 ’
198 2249 378 2312 absentem:
408 2248 448 2312 de
469 2249 532 2313 reis
554 2249 675 2314 eximit
717 2248 878 2313 Diodorus
905 2249 1029 2312 interes
1049 2255 1195 2331 praetore
1217 2249 1279 2314 isto
1300 2267 1400 2334 prope
1420 2249 1519 2313 trien·

197 2343 286 2408 nium
306 2343 468 2426 provincia
489 2343 646 2428 domoque
669 2345 778 2407 caruit.
799 2339 851 2406 82.
874 2341 977 2407 Ceteri
1000 2361 1066 2405 non
1088 2341 1192 2406 solum
1213 2343 1323 2419 Siculi,
1345 2343 1519 2408 sedetiam

199 2437 284 2500 eires
305 2437 436 2500 Romani
461 2436 523 2500 hoc
552 2445 743 2502 statuerant:
771 2437 923 2521 quoniam
951 2439 1011 2501 iste
1038 2443 1159 2500 tantum
1187 2435 1360 2522 cupiditate
1387 2451 1555 2522 pregre-se

198 2530 341 2606 deretur,
371 2529 452 2594 nihil
474 2551 562 2606 esse,
589 2530 677 2616 quod
699 2531 869 2616 quisquam
889 2536 1016 2615 putaret
1035 2551 1085 2608 se,
1113 2531 1200 2615 quod
1220 2531 1274 2596 isti
1299 2533 1396 2616 paulo
1418 2532 1518 2616 magis

197 2627 352 2710 placeret,
380 2645 568 2690 conservare
596 2633 651 2689 eut
679 2625 764 2690 domi
784 2625 921 2690 retinere
941 2643 1053 2708 posse:
1080 2633 1192 2709 postea
1211 2645 1287 2690 vero
1309 2645 1405 2712 quam
1425 2628 1519 2692 intel-

197 2721 343 2784 lexerunt
357 2719 411 2783 isti
425 2719 528 2784 virum
541 2720 666 2795 fortem,
682 2739 778 2805 quem
791 2739 914 2783 summe
927 2718 1089 2804 provincia
1104 2719 1315 2803 exspectabat,
1331 2721 1371 2798 Q.
1381 2722 1518 2798 Arrium,
1593 2711 1618 2815 ζ,

197 2835 262 2880 non
285 2813 471 2890 mecedem,
500 2820 678 2877 statuerunt
698 2813 778 2876 nihil
801 2834 835 2878 se
857 2821 922 2876 tam
943 2814 1087 2877 clausum
1107 2833 1212 2897 neque
1233 2820 1298 2878 tam
1318 2813 1519 2879 reconditum

198 2929 292 2992 posse
312 2907 446 2983 habere,
476 2907 564 2992 quod
585 2927 649 2972 non
678 2907 770 2972 istius
793 2908 958 2992 cupiditati
980 2907 1213 2993 apertissimum
1233 2909 1556 2993 promptissimum-ss

243 3011 376 3068 cesset.
732 3041 738 3054 ·

198 3025 243 3088 qu
280 3097 353 3160 XX.
375 3096 456 3158 'lum
476 3097 536 3159 iste
557 3095 597 3158 ab
620 3094 727 3180 equite
742 3097 885 3160 Romano
907 3096 1078 3180 splendido
1098 3097 1291 3179 etgratioso,
1314 3096 1371 3162 Cn.
1386 3097 1518 3186 Cplidio,
1633 3095 1653 3166 l.

199 3190 289 3255 euius
309 3190 412 3254 filium
435 3187 553 3253 sciebat
574 3198 751 3253 senatorem
772 3191 884 3273 populi
905 3191 1038 3254 Romani
1065 3197 1098 3253 et
1117 3188 1256 3254 iudicem
1277 3209 1363 3268 esse,
1391 3194 1519 3258 eculeos

198 3291 365 3368 argenteos
387 3282 526 3358 nobiles,
557 3284 677 3367 quique
705 3284 836 3348 maximi
856 3284 997 3360 lucrant,
1020 3283 1133 3348 aufert
1175 3280 1227 3346 43.
1248 3283 1435 3368 hprudens
1455 3287 1519 3351 huc

198 3380 312 3455 incidi,
334 3377 472 3442 iudices:
502 3377 576 3441 emit
598 3377 700 3454 enim,
721 3397 788 3441 non
809 3377 956 3455 abstulit3
985 3377 1104 3441 nollem
1126 3377 1288 3441 dixissem.
1330 3379 1463 3444 lactabit
1484 3399 1518 3443 se
1526 3393 1557 3440 sc

198 3472 285 3537 etin
305 3471 356 3536 his
378 3471 531 3556 equitabit
553 3470 681 3535 eculeis.
696 3505 738 3518 -
762 3472 867 3535 rEmi:
897 3472 1066 3555 pecuniam
1089 3471 1198 3536 solvi.»
1219 3503 1261 3520 ·-
1283 3471 1402 3536 Credet
1425 3473 1519 3537 etism

198 3565 325 3630 tabulae
354 3563 563 3648 proferentur.
605 3567 662 3630 Est
689 3567 786 3642 tanti;
815 3565 894 3630 cedo
923 3565 1064 3628 tabulas:
1094 3565 1182 3629 dilue
1209 3585 1285 3630 sane
1313 3565 1431 3630 crimen
1459 3566 1520 3630 boc

200 3657 409 3734 Calidianum,
432 3657 508 3722 dum
529 3678 588 3742 ego
610 3659 734 3722 tabulas
747 3659 910 3743 adspicere
924 3660 1055 3743 possim.
1085 3660 1203 3724 Verum
1217 3667 1324 3724 tamen
1346 3659 1423 3745 quid
1445 3666 1522 3732 erat,

199 3751 287 3836 quod
310 3750 450 3818 Calidius
471 3753 590 3816 Romae
612 3760 798 3836 quereretur
818 3773 870 3830 se,
899 3774 971 3818 cum
999 3761 1048 3818 tot
1075 3773 1177 3818 annos
1196 3755 1231 3819 in
1252 3753 1361 3819 Sicilia
1380 3755 1522 3838 negotis·

265 4061 290 4114 8.
309 4059 381 4114 utos
395 4061 417 4114 ll
433 4058 514 4112 solus.
534 4087 562 4097 -
580 4059 606 4112 8.
622 4060 736 4125 {mooe
758 4059 823 4112 dett.
843 4085 870 4096 -
889 4059 966 4112 88888
980 4059 1046 4112 llll:
1073 4065 1097 4112 ct
1113 4059 1163 4120 ⁶33
1186 4073 1239 4112 om.
1258 4059 1324 4112 dett.
1344 4087 1373 4100 ·-
1391 4061 1416 4112 6.
1432 4059 1524 4126 ΝΜ

199 4135 229 4190 ll.
248 4161 275 4174 -
294 4137 319 4188 7.
336 4140 366 4188 st
382 4135 471 4199 opinor
486 4133 537 4196 Ra,
561 4135 596 4188 E:
622 4135 711 4199 optoor
727 4134 792 4186 dett.
821 4135 850 4186 0.
870 4133 909 4186 Cl.
926 4136 1006 4188 Peter
1022 4134 1057 4186 ad
1072 4135 1145 4188 Brut.
1164 4134 1189 4200 fl.
1208 4135 1265 4188 888.
1284 4162 1313 4175 -
1330 4149 1371 4188 res
1386 4136 1460 4187 claro
1475 4136 1522 4199 888,

200 4208 281 4264 cat
297 4209 340 4275 (ct.
358 4210 383 4276 fl.
395 4211 464 4276 ⁷7·l²
481 4209 604 4262 rmtoenot
619 4209 684 4262 dett.
703 4209 742 4262 Cl.
761 4207 878 4262 ‘tumebi
893 4207 959 4262 Adv.
978 4211 1044 4262 vul.
1062 4210 1103 4262 lt.
1118 4235 1146 4246 -
1158 4209 1184 4262 8.
1201 4209 1314 4272 maht,
1332 4205 1421 4273 cidi,
1438 4210 1522 4274 batt:

195 4289 415 4350 praemensus
436 4285 500 4336 dett.
530 4285 570 4336 Cl.
587 4284 674 4336 ltadv.
694 4298 722 4350 p.
740 4285 782 4337 88.
801 4309 828 4320 -
848 4285 873 4336 9.
897 4285 941 4335 sed
956 4289 981 4335 st
1002 4286 1035 4336 Gt
1055 4285 1080 4336 8.
1101 4310 1129 4323 -
1147 4283 1254 4338 comete
1268 4285 1304 4347 ll,
1330 4283 1429 4336 abente
1443 4285 1473 4336 Ε.
1493 4309 1520 4320 -

199 4359 241 4414 tl.
258 4372 391 4412 msam
406 4360 452 4414 88.
471 4387 499 4398 ·-
518 4361 559 4412 ld.
577 4361 692 4412 sltessto
708 4362 738 4412 lt.
758 4387 786 4398 -
804 4361 843 4412 tta
857 4360 887 4412 Ε.
901 4386 929 4396 -
940 4360 1109 4424 panacen
1126 4359 1163 4424 let
1178 4360 1219 4412 sic
1234 4359 1366 4424 sempsrl:
1381 4358 1524 4423 muudum

200 4433 491 4500 offenderamus
511 4462 539 4474 -
556 4436 716 4499 soopwore
737 4436 780 4488 red
801 4447 855 4488 om.
875 4434 907 4488 Ε.
925 4460 953 4472 -
972 4436 1129 4498 samm
1152 4433 1181 4486 Ε.
1201 4459 1228 4470 -
1247 4433 1474 4497 cooderupoorsll.
1493 4458 1522 4470 -

199 4510 290 4565 ardes:
307 4509 431 4564 omos
446 4513 477 4564 de
491 4511 541 4564 reb
557 4512 577 4562 0
594 4513 620 4563 in
637 4511 681 4563 ed.
698 4513 719 4562 l.
739 4511 863 4566 distinxit.
876 4539 904 4550 -
917 4513 957 4564 88.
976 4510 1083 4562 mlo
1098 4509 1128 4562 Ε.
1142 4535 1169 4546 -
1184 4509 1225 4560 lc.
1238 4510 1342 4572 domam
1360 4521 1426 4572 quoe
1441 4507 1526 4560 corat

199 4584 560 4651 ll,sedosoepunctetnm.
579 4611 606 4622 —
625 4588 762 4648 cateth,
780 4586 987 4652 etsleubiqne.
1008 4611 1035 4623 -
1053 4585 1095 4638 88.
1113 4584 1295 4646 sodomum
1321 4583 1525 4636 mammos

199 4657 1435 4728 thd.-9ossetR;posttll.-23.censn{ortemmmsis-memborum
1449 4657 1521 4710 ll.-

195 4735 343 4800 prootscs'os
366 4733 531 4800 accumbant
558 4736 590 4787 ot
614 4737 640 4787 8.
662 4761 690 4773 -
716 4735 758 4790 88.
784 4750 810 4789 re
829 4737 896 4790 nibil
921 4738 999 4801 legg.
1024 4735 1088 4787 dett.
1111 4735 1141 4786 0.
1166 4759 1194 4772 ·-
1222 4733 1264 4786 88.
1287 4732 1392 4785 codidie
1421 4731 1468 4786 nt.
1493 4753 1521 4766 ·-

199 4810 241 4864 88.
259 4810 354 4864 moos
367 4811 389 4864 lt
404 4807 422 4862 λ
437 4811 506 4876 ngas
524 4811 561 4876 (et
575 4811 614 4862 sic
630 4813 651 4863 a
667 4813 795 4878 semperp
814 4812 929 4878 socolecs
944 4813 972 4863 ο.
992 4836 1020 4848 -·
1038 4810 1079 4864 88.
1104 4810 1196 4875 ploce
1213 4807 1323 4860 meent
1338 4808 1385 4871 Gt,
1402 4807 1484 4860 Prisc.
1502 4804 1523 4854 1.

200 4899 227 4952 p.
238 4886 295 4938 t3'l.
319 4885 361 4952 (ul.
375 4897 400 4938 e.
419 4885 464 4950 qul
480 4887 596 4938 maruno
612 4888 698 4953 pretio
714 4885 856 4952 aliquando
872 4887 1058 4939 constiterant·
1075 4885 1121 4938 οι.
1129 4886 1150 4936 1.
1168 4883 1247 4951 prob.
1259 4882 1346 4936 lladr.
1357 4897 1385 4950 p.
1398 4881 1452 4945 etl:
1471 4877 1526 4942 otd-

200 4973 248 5023 oue
262 4963 374 5014 mosne
390 4963 426 5024 n;
443 4962 488 5024 orsi
504 4963 534 5026 0.
551 4963 661 5016 tiammo·
676 4963 754 5028 hngg.
773 4974 867 5015 omnes
885 4963 1001 5028 (praeter
1010 4960 1052 5023 88,
1070 4961 1116 5026 qnl
1133 4961 1163 5024 0.
1176 4959 1251 5024 om),
1269 4959 1290 5010 0
1306 4955 1383 5024 prob.
1396 4953 1482 5007 llalm.
1493 4977 1522 4988 -

199 5037 335 5101 omum
350 5037 380 5089 a.
405 5037 506 5089 bocum
522 5037 585 5089 citat
601 5037 688 5098 Quint.
704 5037 747 5089 lli.
764 5039 793 5101 8,
818 5039 859 5089 80.
877 5063 905 5074 -
924 5038 965 5089 30.
983 5035 1099 5086 dtntmsm
1114 5033 1234 5087 Hrlndns
1257 5029 1324 5098 (coll.
1341 5031 1373 5082 11.
1392 5029 1417 5094 s.
1435 5029 1475 5080 78.
1493 5039 1522 5093 p.

202 5109 304 5166 Cluent.
322 5113 347 5179 8.
359 5111 418 5166 888.
433 5126 462 5180 p.
473 5113 542 5166 sest
559 5112 585 5178 8.
603 5113 660 5166 888.
677 5112 713 5164 ad
728 5114 800 5166 Fam.
818 5113 872 5164 Vll.
890 5111 932 5174 48,
949 5112 974 5164 8.
993 5111 1028 5163 ed
1038 5112 1091 5162 stt.
1103 5110 1169 5162 Vlll.
1182 5111 1214 5161 11.
1227 5109 1259 5160 D.
1271 5107 1319 5172 bl:
1338 5099 1521 5157 dtotsoecodd.

202 5185 443 5245 o.-sr.o0m.
459 5187 722 5257 namuco-er.
741 5184 992 5252 spemn-es.
1011 5177 1490 5251 mammonam·
