3648 5888
250 373 312 440 llO
622 378 665 442 IN
686 377 854 443 VERREM
874 376 997 444 ACTIO
1021 377 1205 446 SECUNDA

249 554 305 610 aut
332 545 472 610 ablatum
502 565 522 608 a
551 547 706 630 quopiam
734 546 874 612 dicitur?
906 549 1021 612 Nonne
1041 555 1098 614 aut
1118 550 1152 614 in
1173 549 1290 614 tehulis
1311 551 1421 616 autin
1442 553 1577 620 testibus

249 640 353 704 omnis
381 639 577 722 exspectatio
605 640 748 703 iudicum
779 645 850 704 est‘l
892 643 966 705 Dixi
997 644 1100 727 prima
1128 645 1254 708 actione
1281 666 1332 710 me
1354 646 1483 730 planum
1506 667 1577 712 esse

247 733 423 808 facturum,
447 733 480 796 C.
495 735 625 798 Verrem
647 734 707 798 MS
730 735 990 819 quadringenties
1012 745 1123 803 contra
1143 739 1229 821 leges
1251 739 1430 805 abstulisse.
1466 741 1576 818 Quidl

247 825 310 892 hoc
343 825 470 910 plenius
505 829 656 912 egissem,
689 830 717 892 si
750 830 794 894 ita
826 850 1023 896 narrassem:
1054 833 1116 896 Dio
1145 833 1276 918 quidam
1304 833 1367 898 ruit
1395 835 1576 912 Halesinus,

225 920 322 1007 aqui,
345 941 418 984 cum
439 922 510 986 eius
531 919 598 986 filio
620 929 767 1006 praetore
790 924 961 989 Sacerdote
981 924 1143 990 hereditas
1165 947 1185 991 a
1205 928 1390 1013 propinquo
1405 949 1578 1013 permagna

248 1015 403 1090 venisset,
431 1015 511 1079 nihil
539 1017 653 1081 hahuit
680 1026 747 1082 turn
775 1039 881 1104 neque
903 1020 1023 1104 negotii
1045 1041 1150 1106 neque
1173 1023 1420 1087 controversiae.
1463 1024 1577 1088 Verres

172 1163 181 1192 ,
248 1109 381 1174 simulac
408 1111 512 1194 tetigit
538 1111 750 1194 provinciam,
781 1113 886 1178 statim
907 1114 1052 1178 Messana
1074 1115 1195 1180 litteras
1217 1115 1323 1192 dedit,
1345 1117 1480 1180 Dionem
1502 1136 1577 1182 evo·

169 1237 174 1250 ·
249 1204 347 1278 cavit,
369 1204 614 1270 calumniatores
635 1226 677 1270 ex
697 1207 771 1272 sinu
794 1229 853 1272 suo
875 1209 1041 1292 apposuit,
1063 1210 1120 1295 qui
1136 1210 1223 1274 illam
1237 1208 1445 1274 hereditatem
1461 1210 1576 1276 Veneri

247 1297 402 1383 Erycinae
426 1300 626 1364 commissam
647 1321 717 1366 esse
739 1302 891 1366 dicerent.
924 1303 991 1366 llac
1014 1304 1109 1368 dere
1132 1305 1272 1369 ostendit
1293 1325 1327 1368 se
1349 1305 1454 1387 ipsum
1469 1305 1577 1389 cogni·

212 1399 366 1460 loturum.
400 1387 451 1456 28.
473 1394 606 1456 Possum
628 1393 781 1477 deinceps
803 1402 902 1460 totam
923 1417 990 1460 rem
1005 1398 1182 1481 explicare,
1205 1399 1319 1463 deinde
1335 1398 1375 1463 ad
1389 1407 1576 1474 extremum,

248 1487 284 1551 id
308 1487 396 1572 quod
425 1487 557 1564 accidit,
586 1489 707 1565 dicere,
737 1491 873 1554 Dionem
902 1491 962 1556 HS
989 1491 1095 1556 decies
1118 1499 1253 1557 centena
1272 1493 1361 1556 milia
1382 1512 1575 1569 numerasse,

248 1589 287 1646 ut
307 1602 435 1646 causam
456 1584 665 1648 certissimam
687 1585 861 1662 obtineret3
888 1595 1053 1669 praeterea
1080 1607 1190 1672 greges
1213 1608 1368 1673 equarum
1389 1587 1458 1652 eius
1480 1587 1576 1652 istum

248 1676 421 1760 abigendos
444 1697 589 1756 curasse,
610 1681 733 1762 argenti
755 1682 918 1767 vestisque
940 1681 1099 1764 stragulae
1121 1682 1209 1767 quod
1230 1682 1341 1758 fuerit,
1372 1703 1499 1748 curasse
1520 1703 1576 1748 au·

247 1771 423 1837 ferendum.
460 1773 546 1838 Haec
568 1794 674 1859 neque
696 1796 768 1838 cum
790 1796 850 1860 ego
873 1778 1011 1841 dicerem
1032 1795 1139 1861 neque
1161 1797 1233 1840 cum
1248 1784 1283 1842 tu
1297 1797 1446 1862 negares,
1469 1778 1575 1860 magni

212 1882 239 1934 tt
249 1868 400 1932 momenti
423 1875 532 1931 nostra
552 1875 639 1932 esset
659 1869 772 1933 oratio.
816 1871 889 1948 Quo
919 1878 1062 1954 tempore
1084 1871 1183 1954 igitur
1204 1891 1298 1935 aures
1321 1873 1421 1936 iudex
1442 1873 1577 1956 erigeret

247 1963 454 2048 animumque
484 1963 686 2027 attenderet?
731 1963 809 2028 Cum
830 1967 891 2029 Dio
914 1966 983 2050 ipse
1006 1966 1162 2050 prodiret,
1193 1987 1266 2030 cum
1287 1968 1402 2042 ceteri,
1431 1967 1576 2052 quitum

246 2059 281 2122 in
303 2058 411 2122 Sicilia
433 2058 570 2143 negotiis
591 2057 703 2122 Dionis
725 2057 959 2137 interfuissent;
982 2082 1053 2125 cum
1068 2082 1126 2145 per
1140 2081 1196 2126 eos
1211 2061 1298 2144 ipsos
1313 2061 1400 2137 dies,
1422 2082 1481 2146 per
1495 2082 1575 2147 quos

247 2173 375 2218 causam
395 2154 457 2218 nio
481 2154 615 2228 diceret,
636 2153 832 2237 reperiretur
852 2155 1005 2237 pecunias
1020 2156 1194 2239 sumpsisse
1209 2162 1352 2230 mutuas,
1374 2156 1505 2220 nomina
1519 2177 1577 2221 sua

247 2250 408 2334 exegisse,
430 2249 562 2332 praedia
582 2247 782 2322 vendidisse3
812 2270 885 2312 curn
906 2249 1034 2313 tabulae
1055 2251 1196 2314 virorum
1216 2250 1376 2314 honorum
1397 2251 1576 2333 proferren-

209 2351 315 2421 rttur3
344 2365 433 2420 cum,
467 2344 523 2429 qui
544 2343 713 2426 pecuniam
735 2343 830 2408 Dioni
853 2344 1025 2418 dederunt,
1055 2345 1198 2408 dicerent
1219 2365 1253 2408 se
1274 2345 1338 2408 iam
1361 2352 1428 2410 tum
1450 2347 1577 2412 audisse

248 2458 304 2502 eos
332 2459 479 2502 nummos
510 2436 609 2512 sumi,
641 2443 678 2500 ut
698 2437 789 2500 Verri
818 2439 987 2514 darentur·;
1021 2461 1094 2503 curn
1115 2440 1224 2514 amici,
1258 2438 1418 2524 hospites,
1451 2441 1577 2522 patroni

128 2571 130 2579 =
246 2533 373 2607 Dionis,
394 2532 542 2596 homines
563 2530 798 2608 honestissimi,
819 2534 899 2598 haec
922 2534 1033 2598 cadem
1048 2555 1082 2596 se
1098 2533 1227 2598 audisse
1242 2533 1399 2597 dicerent:
1435 2531 1486 2598 29.
1509 2535 1577 2617 cpi-

247 2647 323 2702 nor,
346 2648 418 2690 cum
439 2626 518 2690 haec
539 2623 666 2701 fierent,
689 2634 756 2689 tum
778 2647 836 2690 vos
858 2629 1025 2704 audiretis,
1048 2629 1131 2717 sicut
1152 2628 1304 2703 audistis3
1326 2635 1394 2692 tum
1409 2647 1504 2692 causa
1526 2631 1578 2713 agi

247 2741 321 2786 vere
342 2721 512 2786 videretur.
557 2721 607 2784 Sic
629 2741 649 2784 a
670 2741 721 2783 me
742 2729 817 2784 sunt
838 2729 909 2800 ecta
930 2724 1039 2786 omnia
1060 2723 1167 2806 priore
1189 2724 1330 2798 actione,
1358 2729 1396 2785 ut
1416 2723 1450 2787 in
1473 2725 1578 2790 crimi-

210 2816 342 2882 t⁵nibus
365 2815 511 2878 omnibus
533 2815 657 2879 nullum
678 2822 778 2891 esset,
801 2816 835 2879 in
858 2836 923 2902 quo
939 2818 1111 2902 quisquam
1125 2824 1265 2881 vestrum
1282 2824 1470 2900 perpetuam
1485 2839 1577 2885 accu-
1607 2829 1609 2834 “

247 2911 403 2976 sationem
425 2912 611 2996 requireret.
653 2911 741 2994 Nego
764 2931 834 2974 esse
857 2910 1034 2996 quidquam
1054 2932 1074 2974 a
1095 2911 1228 2976 testibus
1251 2911 1388 2986 dictum,
1412 2913 1499 2997 quod
1521 2920 1577 2977 aut

247 3014 388 3069 vestrum
416 3005 556 3089 cuipiam
582 3012 668 3068 esset
693 3004 864 3069 obscurum
891 3013 947 3070 aut
975 3007 1164 3091 cuiusquam
1193 3005 1328 3069 oratoris
1360 3004 1575 3091 eloquentiam

248 3108 425 3186 quaereret.
467 3101 523 3164 Xl.
555 3099 682 3163 Etenim
710 3100 756 3162 sic
784 3120 834 3162 me
863 3099 969 3182 ipsum
996 3101 1099 3182 egisse
1128 3099 1281 3163 memoria
1309 3100 1442 3174 tenetis,
1478 3107 1516 3164 ut
1543 3102 1576 3164 in

122 3161 163 3246 f
247 3195 381 3260 testibus
403 3194 635 3278 interrogandis
655 3195 761 3258 omnia
777 3194 910 3256 crimina
923 3215 1135 3277 proponerem
1151 3201 1183 3257 et
1197 3195 1408 3277 explicarem,
1431 3201 1482 3269 ut,
1505 3216 1576 3260 cum

210 3306 316 3358 eorem
337 3296 435 3354 totam
455 3291 489 3352 in
511 3288 616 3352 medio
639 3281 925 3372 posuissem,tum
947 3289 1087 3374 denique
1109 3297 1222 3353 testem
1244 3289 1482 3371 interrogarem.
1515 3289 1577 3352 lta·

249 3404 312 3470 que
332 3405 398 3448 non
419 3385 516 3448 modo
538 3402 613 3458 vos,
636 3381 753 3467 quihus
777 3390 824 3445 est
845 3382 1065 3458 iudicandum,
1088 3390 1198 3446 nostra
1219 3383 1351 3446 crimina
1366 3383 1498 3457 tenetis,
1520 3385 1578 3448 sed

88 3489 105 3558 j>
249 3480 344 3542 etiam
372 3479 512 3562 populns
533 3479 695 3542 Romanus
720 3484 819 3569 totam
841 3477 1076 3542 accusationem
1099 3496 1290 3561 causamque
1313 3477 1472 3560 cognovit.
1516 3479 1576 3541 Ta·

248 3574 341 3637 metsi
369 3574 414 3636 ita
443 3573 482 3635 de
512 3593 582 3636 meo
611 3572 695 3636 facto
723 3561 855 3656 loquor,
890 3571 981 3656 quasi
1004 3590 1063 3654 ego
1091 3570 1172 3633 illud
1193 3591 1264 3634 mea
1285 3571 1447 3635 voluntate
1469 3572 1576 3654 potius

249 3690 345 3754 quam
373 3675 479 3732 vestra
508 3668 626 3732 iniuria
654 3667 810 3733 adductus
831 3666 971 3730 fecerim.
1015 3663 1066 3727 30.
1089 3666 1328 3749 lnterposuistis
1349 3671 1576 3740 accusatorem,

210 3765 323 3850 sequi,
345 3785 417 3828 cum
440 3783 499 3845 ego
521 3763 598 3826 mihi
621 3783 638 3828 c
662 3770 694 3826 et
713 3783 736 3826 x
757 3763 825 3825 dies
847 3760 934 3824 solos
956 3761 989 3823 in
1005 3759 1146 3823 Siciliam
1168 3760 1398 3843 postulassem,
1422 3779 1438 3824 c
1462 3768 1495 3824 et
1515 3779 1576 3826 vrrr

248 3859 311 3923 sibi
332 3860 367 3922 in
388 3858 538 3922 Achaiam
561 3859 746 3941 postularet
790 3859 916 3922 Menses
938 3855 1016 3918 mihi
1038 3861 1101 3918 tres
1124 3874 1197 3918 cum
1211 3855 1409 3937 eripuissetis
1424 3855 1465 3918 ad
1480 3874 1575 3938 agen·

248 3953 325 4016 dum
352 3953 488 4016 maxime
517 3953 699 4037 appositos,
729 3952 889 4036 reliquum
917 3969 1011 4013 omne
1038 3957 1163 4034 tempus
1189 3950 1286 4014 huius
1314 3949 1390 4012 anni
1412 3969 1463 4012 me
1484 3948 1575 4012 vohis

246 4047 453 4110 remissurum
481 4048 632 4131 putastis,
662 4054 720 4122 ut,¹
745 4066 816 4110 cum
841 4044 929 4108 horis
952 4044 1068 4108 nostris
1090 4063 1150 4106 nos
1173 4063 1314 4108 essemus
1336 4043 1402 4118 usi,
1433 4050 1469 4106 tu
1490 4042 1575 4106 binis

247 4141 331 4204 ludis
352 4140 548 4224 interpositis
571 4140 814 4226 quadragesimo
836 4147 911 4224 post
932 4139 983 4202 die
1005 4138 1234 4221 responderes;
1258 4137 1374 4202 deinde
1389 4137 1433 4200 ita
1448 4145 1574 4220 tempus

211 4234 432 4311 reduceretur,
453 4242 490 4299 ut
511 4237 595 4300 aM'.
606 4235 776 4299 Glabrione
799 4241 944 4318 praetore
967 4240 1000 4296 et
1020 4253 1039 4297 a
1059 4253 1173 4316 magna
1194 4239 1283 4315 parte
1304 4231 1418 4295 horum
1434 4232 1575 4296 iudicum

314 4434 338 4483 4.
361 4445 379 4481 a
399 4430 525 4494 quopiam]
547 4431 658 4493 cuipiam
675 4431 753 4481 Mein.
770 4438 808 4495 ψ.
828 4457 855 4466 -
881 4429 906 4480 3.
931 4429 995 4493 teges
1011 4431 1072 4480 649
1089 4429 1195 4492 Lg.29:
1224 4428 1302 4494 legem
1318 4429 1366 4480 dtt.
1385 4429 1414 4480 0.
1434 4455 1463 4466 -
1482 4430 1507 4480 6.
1524 4435 1578 4480 tum

249 4507 285 4558 69
295 4521 328 4568 g:
348 4519 402 4556 em.
421 4505 469 4556 dtt.
490 4533 517 4542 -
536 4505 560 4555 7.
579 4507 721 4556 Messanam
737 4507 804 4556 Non.
823 4519 849 4570 p.
863 4505 921 4556 393.
935 4509 962 4555 et
976 4504 1054 4555 codd.
1068 4507 1176 4569 praeter
1187 4504 1240 4554 duo
1252 4507 1335 4565 Parc,
1354 4518 1422 4568 quos
1433 4507 1492 4556 llot.
1505 4507 1574 4557 coni.

248 4585 366 4634 Messana
381 4580 488 4632 firmare
510 4579 590 4631 tradit
606 4579 668 4631 hall.
689 4580 722 4632 ct.
741 4582 772 4631 11.
792 4581 816 4646 5.
831 4581 871 4631 49.
891 4607 920 4618 -
939 4581 979 4632 49.
996 4581 1070 4630 ccctis
1087 4581 1118 4630 Gt
1131 4581 1181 4641 9ς.
1205 4579 1379 4643 «Asvndeton
1396 4581 1488 4644 aptum
1505 4579 1577 4654 cele-

249 4657 318 4708 ritati
342 4657 525 4707 narrationisn
557 4656 645 4708 Madv.
664 4657 683 4706 l.
702 4668 728 4719 p.
747 4655 804 4709 340.
831 4659 865 4707 rt
889 4655 1023 4720 vulgatam
1044 4659 1133 4706 tuetur
1149 4657 1180 4706 ll.
1205 4656 1230 4720 5.
1249 4656 1290 4705 90.
1311 4681 1338 4694 -
1357 4655 1398 4706 rt.
1416 4659 1477 4705 esset
1490 4660 1578 4706 costra

249 4735 295 4785 64.
315 4761 343 4771 -
362 4733 403 4784 49.
421 4731 543 4782 bononem
557 4732 671 4782 υἰνοηηη
688 4734 734 4783 69.
755 4757 782 4768 -
801 4733 843 4782 94.
861 4746 902 4783 eos
918 4735 950 4782 Gt
963 4729 1046 4792 erg:
1065 4745 1093 4782 eo
1110 4733 1155 4796 Lg.
1169 4733 1209 4782 99.
1226 4729 1259 4781 sl.
1273 4731 1303 4782 0.
1319 4759 1346 4770 -
1364 4731 1406 4782 99.
1423 4730 1529 4780 hominis
1540 4731 1572 4780 64

249 4811 286 4868 Η;
305 4821 359 4858 om.
378 4807 424 4858 69.
445 4833 472 4842 -
496 4805 537 4857 93.
559 4811 613 4856 turn
632 4807 684 4871 cos]
706 4820 763 4857 cum
784 4820 828 4857 cos
844 4808 890 4857 69.
911 4833 938 4843 -
965 4805 1006 4857 94.
1031 4819 1088 4856 uere
1105 4808 1137 4856 64
1150 4802 1216 4868 9ςλ
1232 4808 1278 4871 hg.
1290 4806 1332 4857 99.
1352 4803 1399 4856 al:
1425 4819 1478 4856 om.
1498 4807 1526 4856 0.
1547 4831 1575 4843 ·-

247 4883 420 4936 theoreticus
439 4895 494 4933 om.
513 4882 583 4943 ees.
605 4909 632 4920 -
655 4883 695 4933 27.
717 4885 836 4944 cuiquem
853 4883 921 4932 coni.
940 4880 1069 4932 Heindcrl
1084 4880 1118 4931 ed
1134 4883 1165 4932 N.
1183 4883 1216 4932 D.
1234 4895 1260 4948 p.
1279 4882 1336 4932 999.
1356 4882 1427 4932 Bake
1443 4880 1478 4932 ad
1496 4883 1574 4945 Legg.

249 4974 276 5026 p.
294 4959 351 5010 668.
370 4959 529 5024 [Siculique
546 4958 645 5022 tlagitct
660 4958 712 5009 iem
731 4961 797 5010 retto
814 4957 965 5022 rhetorice]
986 4985 1013 4994 -
1036 4957 1077 5008 30.
1094 4958 1230 5020 postcom
1246 4959 1278 5009 64
1292 4959 1334 5018 9ς
1350 4958 1396 5020 Lg.
1409 4957 1458 5006 99;
1480 4969 1577 5019 propo-

248 5036 349 5086 mtsrom
365 5034 413 5085 dtt.
433 5035 462 5085 0.
483 5062 510 5072 —
533 5033 576 5086 ³5.
595 5033 615 5085 6
630 5039 654 5085 et
669 5035 731 5084 XXtt
748 5035 799 5084 dics
815 5037 865 5096 Gl;
884 5035 903 5086 6
919 5039 942 5086 et
957 5035 982 5086 Χ
994 5060 1010 5073 -
1020 5058 1036 5072 -
1048 5035 1212 5099 postularem
1228 5047 1283 5086 om.
1296 5035 1343 5085 69.
1364 5057 1391 5070 -
1410 5031 1451 5083 38.
1470 5030 1505 5097 tu]
1523 5036 1577 5082 tum

250 5112 282 5166 64
294 5111 350 5175 iffi
368 5116 422 5166 tren
437 5116 465 5162 tu
481 5111 510 5164 L.
525 5135 551 5150 -
571 5109 612 5162 39.
628 5113 684 5175 post
700 5123 753 5162 om.
767 5111 803 5162 69
815 5109 862 5162 Ld.
