3578 5862
316 399 379 468 624
689 403 743 467 DE
765 401 871 468 LEGE
891 401 1068 470 AGRARIA
1089 403 1209 471 LIBER
1230 405 1270 470 Π.

316 573 406 637 terris
435 570 557 656 aliquid
589 571 681 635 etiam
711 592 795 637 nunc
817 573 965 638 molietur
986 581 1082 660 atque
1103 575 1143 638 ab
1164 575 1282 639 invicta
1304 573 1360 638 Cn.
1382 573 1535 657 Pompeii
1557 594 1650 638 mans

315 669 438 732 Maeote
461 671 492 729 et
512 665 576 728 illis
598 665 766 749 paludibus
788 675 819 731 et
840 667 986 733 itinerum
1008 669 1159 752 angustiis
1181 676 1275 753 atque
1297 667 1468 732 altitudine
1489 671 1652 730 montium

315 758 516 834 defendatur,
547 780 618 823 cum
640 759 811 843 imperator
831 761 865 824 in
886 762 969 826 hello
992 772 1149 838 versetur,
1177 763 1209 825 in
1231 762 1309 826 locis
1331 769 1437 826 autem
1461 761 1533 825 illis
1557 763 1651 826 etiam

314 874 399 916 nunc
420 853 496 916 belli
511 873 625 917 nomen
640 854 799 939 reliquum
816 855 873 930 sit,
896 875 952 919 eos
966 851 1349 941 agros‚·'quorumladhuc
1362 877 1463 939 penes
1480 855 1544 920 Cn.
1560 857 1653 920 Pom·

128 951 195 1073 d«
290 949 420 1032 speium
437 939 534 1024 burne
557 947 707 1012 iudicium
729 957 761 1012 et
781 957 919 1032 potestas
941 971 1028 1014 more
1051 951 1203 1014 maiorum
1225 949 1319 1044 delict
1339 931 1425 1042 csse)
1448 951 1513 1014 viri
1538 951 1653 1015 decem

313 1041 471 1106 vendenti
503 1039 554 1105 53.
576 1044 634 1118 Et,
658 1043 769 1118 credo,
792 1045 825 1106 P.
848 1044 958 1107 Rullus
979 1075 1021 1090 -
1043 1045 1069 1107 is
1091 1043 1173 1108 enim
1196 1043 1241 1107 sic
1264 1064 1297 1107 se
1320 1044 1413 1126 gerit,
1435 1053 1473 1108 ut
1495 1045 1566 1108 sibi
1589 1047 1653 1109 iam

315 1136 473 1200 decemvir
495 1134 677 1219 designatus
699 1157 769 1200 asse
792 1137 936 1201 rideatur
956 1169 998 1184 ···
1019 1137 1060 1200 ad
1075 1157 1144 1203 eam
1159 1138 1337 1201 auctionem
1351 1139 1561 1222 potissimum
1576 1160 1654 1223 pro·

313 1227 478 1294 liciscetur.
522 1231 593 1294 XX.
615 1232 646 1293 ls
668 1230 816 1294 videlicet
836 1239 1005 1316 antequam
1027 1234 1134 1296 veniat
1155 1232 1188 1294 in
1211 1233 1358 1307 Pontum,
1381 1233 1504 1296 litteras
1526 1233 1573 1296 ad
1594 1233 1653 1296 Cn.

312 1325 495 1408 Pompeium
517 1323 635 1400 mittet,
663 1345 796 1409 quarum
818 1345 876 1408 ego
897 1325 963 1422 iam,
983 1326 1162 1409 exemplum
1182 1324 1223 1389 ab
1244 1326 1313 1390 istis
1335 1327 1552 1410 compositum
1578 1347 1653 1390 esse

275 1434 303 1481 rc
312 1419 462 1483 arbitror:
491 1419 524 1482 P.
545 1419 711 1483 Ssnrrnrvs
739 1419 863 1484 liranus
892 1441 1040 1498 nrnrnqs
1061 1439 1170 1484 reuera
1192 1439 1352 1484 nucsuvrn
1373 1441 1399 1484 s.
1422 1441 1453 1484 n.
1476 1421 1535 1485 Cr.
1560 1423 1653 1486 Pou-

311 1533 385 1577 rnro
409 1511 461 1576 Cu.
486 1532 513 1575 r.
549 1514 620 1575 Non
642 1511 736 1576 credo
758 1513 988 1597 adscripturum
1010 1533 1080 1578 esse
1095 1515 1227 1579 Macro:
1250 1534 1314 1578 non
1341 1516 1424 1580 enim
1445 1515 1581 1580 videtur
1603 1517 1651 1590 id,

312 1607 398 1694 quod
427 1607 613 1672 imminuere
635 1606 704 1689 lega
727 1615 873 1682 conatur,
904 1627 1112 1671 concessurus
1133 1609 1240 1672 verbo.
1277 1611 1583 1676 revocemus
1606 1631 1651 1673 vr

311 1723 385 1767 arur
414 1701 549 1765 Sinonia
578 1720 716 1765 euasero
750 1721 794 1765 srs
822 1721 1038 1776 arxrervnovn
1060 1721 1217 1780 annvcss,
1248 1724 1312 1766 nvn
1339 1723 1397 1768 ros
1419 1723 1521 1768 annos
1561 1723 1648 1778 oros

311 1819 350 1861 rv
378 1815 438 1859 πο
468 1814 590 1859 nsaonn
614 1813 734 1859 cnrrsrr
767 1815 830 1860 eoo
852 1815 934 1861 cnon
957 1815 1023 1860 usa
1044 1817 1182 1862 mansu.
1216 1799 1265 1861 An
1287 1798 1470 1880 Pompeium
1492 1818 1564 1861 non
1588 1798 1647 1861 ad·

273 1890 455 1954 inhibebit?
488 1890 520 1952 in
549 1891 618 1953 eius
648 1890 809 1974 provincia
837 1889 953 1954 vendet
978 1893 1141 1955 manubias
1171 1893 1392 1975 imperatoris?
1427 1892 1543 1956 Ponite
1566 1901 1645 1956 ante

310 1984 420 2049 oculos
448 1983 538 2047 vobis
560 1983 687 2046 Rullum
708 1983 741 2047 in
764 1985 880 2059 Ponto,
909 1987 992 2048 inter
1017 1992 1124 2049 nostra
1145 1993 1240 2070 atque
1262 1985 1399 2050 hostium
1422 1993 1526 2049 castra
1548 1985 1646 2050 hasta

309 2079 427 2164 posite,
456 2095 528 2140 cum
556 2079 623 2141 suis
656 2077 802 2142 formosis
825 2074 1001 2142 finitoribus
1022 2079 1272 2144 auctionanteml
1315 2075 1365 2142 54.
1386 2080 1496 2163 Neque
1520 2081 1557 2142 in
1579 2079 1646 2142 hoc

309 2173 413 2238 solum
441 2172 525 2235 inest
553 2171 759 2246 contumelia,
792 2191 874 2256 quae
903 2171 1107 2236 vehementer
1133 2180 1165 2237 et
1192 2173 1325 2255 insignis
1347 2178 1396 2236 cst
1416 2181 1450 2236 et
1470 2192 1573 2248 nova,
1609 2181 1647 2235 ut

308 2268 374 2332 ullu
394 2287 444 2330 res
466 2273 556 2350 parta
576 2265 678 2341 bello,
700 2264 842 2330 nondum
863 2266 986 2350 legibus
1002 2266 1098 2342 datis,
1121 2269 1216 2332 etiam
1231 2273 1298 2330 tum
1312 2267 1502 2350 imperatore
1516 2266 1646 2330 bellum
1770 2299 1772 2316 ·

270 2377 299 2425 ac
308 2361 562 2436 administrante,
593 2379 658 2424 non
680 2359 775 2424 modo
797 2361 948 2436 venierit,
971 2381 1079 2424 verum
1101 2361 1202 2425 locata
1223 2363 1272 2425 sit
1316 2361 1389 2423 Plus
1411 2366 1561 2442 spectant
1582 2359 1647 2422 ho-
1760 2382 1765 2393 ·

308 2457 408 2520 mines
430 2462 513 2519 certe
538 2475 632 2539 quam
655 2455 894 2519 contumeliam:
925 2463 1067 2540 sperant,
1097 2457 1124 2519 si
1147 2474 1331 2519 concessum
1352 2455 1394 2518 sit
1413 2453 1556 2517 inimicis
1582 2454 1645 2518 Cn.
1771 2449 1773 2476 ¹

306 2551 446 2634 Pompeii
464 2568 536 2612 cum
552 2549 701 2634 imperio,
724 2569 795 2612 cum
815 2549 930 2614 iudicio
947 2551 1087 2614 omnium
1101 2569 1219 2623 rerum,
1235 2570 1314 2613 cum
1329 2548 1450 2612 infinita
1463 2553 1646 2631 potestate,

306 2666 377 2709 cum
399 2643 618 2707 innumerabili
640 2643 772 2726 pecunia
793 2664 857 2706 non
879 2644 981 2707 solum
1003 2643 1072 2706 aliis
1095 2643 1128 2705 in
1151 2642 1228 2705 locis
1250 2643 1372 2725 vagari,
1403 2663 1515 2707 verum
1537 2643 1644 2706 etiarn

305 2738 345 2802 ad
371 2738 472 2822 ipsius
499 2737 672 2799 exercitum
701 2737 882 2820 pervenire,
914 2735 1036 2820 aliquid
1058 2736 1105 2799 illi
1127 2735 1310 2799 insidiarum
1330 2735 1417 2811 lieri,
1444 2735 1573 2820 aliquid
1597 2738 1641 2799 de

269 2834 375 2896 ateius
404 2831 559 2905 exercitu,
589 2831 705 2912 copiis,
736 2830 836 2914 gloria
858 2829 981 2893 detrahi
1008 2849 1113 2913 posse.
1156 2831 1287 2905 Putant,
1320 2831 1346 2893 si
1369 2849 1465 2913 quam
1486 2849 1580 2913 spem
1603 2832 1640 2893 in

307 2928 362 2992 Cn.
384 2926 533 3009 Pompeio
562 2925 719 2988 exercitus
747 2923 863 2987 habeat
890 2931 943 2987 aut
971 2943 1115 3007 agrorum
1144 2929 1199 2987 aut
1227 2923 1359 2988 aliorum
1382 2923 1639 3004 commodorum,

305 3023 386 3085 hanc
407 3039 471 3084 non
492 3018 690 3094 habiturum,
713 3038 783 3082 cum
805 3017 943 3082 viderint
964 3037 1071 3081 earum
1092 3038 1198 3081 rerum
1219 3018 1357 3081 omnium
1379 3023 1569 3100 potestatem
1594 3019 1637 3082 ad

305 3116 499 3181 decemviros
528 3133 598 3176 esse
627 3113 818 3178 translatam.
861 3110 912 3174 55.
941 3113 1048 3176 Patior
1074 3131 1138 3175 non
1168 3112 1300 3175 moleste
1322 3119 1385 3174 tam
1407 3112 1521 3176 suillos
1544 3133 1636 3189 esse,

306 3211 361 3296 qui
382 3209 461 3273 haec
482 3214 624 3290 sperent,
647 3213 710 3270 tam
731 3206 946 3292 impudentes,
970 3207 1024 3290 qui
1037 3205 1117 3270 haec
1131 3213 1300 3270 conentur:
1322 3204 1402 3268 illud
1417 3225 1544 3289 queror,
1565 3215 1635 3270 tarn

267 3321 356 3371 acme
383 3303 424 3367 ab
451 3303 489 3366 iis
518 3321 587 3366 esse
618 3307 847 3386 contemptum,
875 3309 911 3364 nt
936 3302 1015 3366 haec
1036 3308 1183 3384 portenta
1204 3320 1254 3363 me
1276 3299 1407 3363 consule
1429 3302 1646 3398 potissimum·

305 3419 342 3463 co
364 3400 487 3463 iterent.

343 3419 363 3484 g
388 3494 491 3576 Atque
521 3491 554 3553 in
582 3490 727 3553 omnibus
754 3489 804 3553 lrie
831 3492 913 3574 agris
935 3485 1148 3571 aedificiisque
1170 3487 1343 3553 vendendis
1365 3487 1552 3572 permittitur
1574 3489 1634 3552 de·

305 3586 464 3660 cemriris,
492 3591 527 3649 ut
553 3583 692 3648 vendant
724 3583 977 3667 quibuscumque
1004 3585 1036 3646 in
1064 3582 1141 3646 locis
1171 3581 1323 3646 videatur.
1357 3580 1384 3644 Ο
1413 3581 1631 3665 perturbatam

303 3679 474 3744 rationem!
504 3698 523 3741 o
551 3675 715 3740 libidinem
743 3677 943 3741 effrenatam!
971 3697 989 3740 o
1019 3677 1150 3740 consilia
1178 3676 1331 3740 dissoluta
1360 3683 1456 3760 atque
1483 3675 1630 3759 perdital

268 3773 390 3848 cxxi.
413 3769 585 3855 Vectigalia
606 3770 711 3833 locare
733 3789 888 3853 nusquam
910 3771 983 3834 licet
1003 3770 1066 3834 nisi
1089 3773 1120 3833 in
1138 3770 1198 3833 bac
1211 3769 1305 3844 urbe,
1326 3769 1387 3832 hoc
1402 3790 1443 3832 ex
1457 3770 1543 3844 loco,
1567 3769 1630 3834 hac

303 3875 443 3934 vestrum
456 3865 644 3949 frequentia.
666 3865 782 3928 Venire
805 3871 928 3928 nostras
952 3885 1002 3929 res
1024 3864 1167 3948 proprias
1183 3864 1261 3928 etin
1280 3869 1464 3948 perpetuum
1476 3864 1517 3928 ab
1530 3863 1628 3927 uobis

369 4214 392 4262 t.
411 4211 493 4276 utque]
511 4210 602 4275 ubsque
619 4213 674 4263 EF.
693 4238 721 4248 -
736 4213 836 4276 ponpa
852 4213 907 4263 ΕΡ.
927 4237 954 4248 -
974 4214 998 4263 2.
1017 4212 1192 4264 Maeote-ET:
1216 4215 1308 4261 macte
1324 4211 1356 4270 F;
1374 4211 1478 4261 mantio
1493 4212 1526 4271 P;
1544 4213 1627 4266 lteote

303 4288 363 4346 GA;
384 4287 507 4339 Maeotide
523 4299 586 4339 cum
602 4286 646 4338 ed.
665 4287 827 4350 Henagiena
843 4285 926 4339 uto.
948 4315 974 4322 —
997 4289 1022 4339 5.
1039 4289 1089 4338 utra·
1105 4287 1187 4338 wem
1210 4285 1328 4336 EFPA:
1351 4285 1482 4336 dcem
1498 4297 1561 4337 cum
1578 4288 1624 4339 ed.

303 4361 394 4413 Aldina
411 4360 495 4416 ΗΟ.
516 4389 543 4399 -
563 4362 603 4413 ld.
622 4361 666 4413 Cn.
685 4363 746 4413 ante
762 4375 788 4411 v.
806 4363 919 4425 Poctpeto
936 4376 988 4414 om.
1008 4363 1121 4413 EFAL.
1144 4359 1251 4412 Addidit
1267 4361 1295 4411 P.
1314 4360 1452 4412 Manutius.
1473 4387 1500 4395 —
1519 4360 1562 4410 lt.
1580 4377 1627 4414 na-

301 4438 422 4502 ecrtptum
437 4439 466 4489 T.
486 4463 513 4474 -
539 4437 578 4488 43.
597 4437 705 4500 Sinopae
722 4437 756 4487 E:
781 4435 872 4500 Sinope
892 4435 1035 4491 riute.
1060 4463 1087 4474 -
1112 4449 1173 4499 quos
1188 4441 1216 4486 to
1232 4441 1274 4486 too
1291 4435 1446 4486 taureduno
1462 4437 1571 4488 auctora
1589 4440 1623 4489 L:

301 4526 362 4576 quos
377 4517 420 4564 tuo
437 4514 527 4564 ceteri.
548 4539 575 4549 -
601 4511 640 4563 ll.
659 4512 711 4578 leae
726 4525 783 4564 osec
798 4513 831 4563 E:
854 4526 912 4564 meo
932 4514 985 4578 ispe
1001 4509 1138 4565 PALPO.
1163 4537 1189 4546 -
1215 4509 1514 4574 turquemannos
1531 4511 1562 4562 de
1575 4514 1622 4578 M.

300 4592 360 4639 mot.
380 4587 403 4652 s.
422 4587 470 4638 ⁴3:
486 4589 572 4638 Ponite
587 4593 645 4638 ante
661 4588 744 4639 oculos
761 4587 823 4650 (om.
839 4588 914 4651 ectu)
931 4589 1029 4640 fluum
1044 4589 1117 4638 toste
1131 4587 1214 4649 posito
1229 4587 1256 4636 tc
1271 4587 1379 4649 Pompeii
1394 4586 1484 4636 corate
1498 4599 1556 4636 cum
1570 4590 1626 4640 suta

298 4663 413 4726 sonuerit
427 4661 567 4726 finitoribus
582 4664 773 4714 auctionantem.
798 4689 825 4700 -
849 4663 890 4715 to.
908 4667 995 4714 nostro
1011 4663 1098 4714 EFP:
1121 4665 1204 4712 vestra
1225 4658 1337 4714 ΑΗΘ.
1359 4687 1386 4697 -
1409 4662 1448 4712 47.
1467 4661 1624 4716 auctuum

301 4738 358 4788 EF.
379 4763 406 4774 -
425 4736 466 4786 20.
485 4737 581 4788 onore
596 4738 625 4787 E.
642 4765 669 4774 -
687 4737 782 4802 ceum]
799 4750 886 4788 cm
901 4740 976 4790 diem
993 4751 1055 4790 cum
1072 4737 1114 4789 ed.
1127 4735 1220 4787 Aldina
1237 4733 1290 4790 [Β.
1305 4761 1332 4772 -
1351 4737 1392 4787 tt.
1410 4737 1505 4788 immid
1520 4739 1578 4789 EF.
1591 4765 1622 4777 ·-

299 4811 341 4861 22.
353 4809 451 4874 peropus*
462 4809 514 4860 EF.
526 4837 552 4848 -
566 4812 609 4862 25.
621 4812 696 4877 man]
707 4825 761 4864 reto
773 4813 830 4863 F.—
849 4813 891 4864 27.
901 4815 1008 4866 oidctct
1024 4813 1143 4864 EFPA:
1161 4812 1250 4862 videt-it
1266 4823 1327 4862 curn
1339 4811 1382 4862 ed.
1395 4811 1488 4862 Aldina
1499 4811 1619 4868 1020.-

299 4885 341 4936 29.
359 4885 575 4948 quitocaperont
590 4887 618 4937 T.
638 4913 666 4923 -
685 4888 727 4950 qut
743 4889 938 4940 laocoonectur
955 4891 987 4941 E:
1006 4889 1184 4952 polemio
1201 4885 1342 4942 ΜΗΘ.
1362 4913 1389 4922 -
1412 4886 1481 4952 illud]
1497 4888 1526 4937 td
1542 4888 1570 4939 F.
1590 4912 1619 4926 -

299 4958 340 5011 el.
358 4962 507 5024 ammentum
523 4975 585 5014 nos:
603 4963 757 5027 refrenatum
773 4963 832 5025 FP3
849 4966 1026 5030 refrenandum
1043 4964 1133 5016 ceteri.
1145 4991 1172 5002 -
1191 4963 1231 5015 35.
1249 4963 1295 5013 hoc
1310 4961 1351 5028 ec]
1368 4963 1412 5014 loc
1428 4966 1512 5012 notan
1527 4962 1571 5013 illo
1587 4975 1623 5014 ee·

299 5036 332 5098 E3
355 5035 401 5087 ltcc
416 5041 462 5088 cut
476 5037 520 5089 illo
536 5051 569 5090 ec
585 5039 728 5090 FGPTA.
750 5039 907 5092 Emendavit
922 5039 1066 5104 Naugerius
1083 5042 1110 5091 in
1126 5040 1170 5091 ed.
1188 5037 1290 5090 Aldina.
1308 5065 1336 5076 -·
1355 5037 1394 5090 36.
1412 5043 1511 5089 coatras
1525 5038 1619 5090 EFP:

298 5117 394 5166 cunae
408 5112 524 5169 ΑΗΘ.
544 5139 571 5152 -
590 5112 623 5167 od
637 5113 707 5167 cetu
724 5114 765 5168 ed.
785 5116 900 5168 Iuntina:
919 5115 950 5168 ot
966 5114 1035 5168 cotta
1051 5116 1113 5179 131³,
1131 5115 1231 5168 oootts
1247 5109 1385 5167 Falto.
1441 5157 1442 5160 ,
