3644 5874
565 383 638 450 on.
660 385 984 453 xxxrr-xxxrv.
1012 385 1068 472 55.
1091 382 1239 454 oo-to.
1499 385 1562 454 ns

241 556 357 630 issent,
379 555 406 618 si
428 553 577 619 conducti
599 561 809 632 sectarentur,
831 557 858 620 si
880 556 1106 640 gladiatoribus
1128 558 1224 640 vulgo
1246 557 1335 622 locus
1357 558 1508 634 tributus,
1531 567 1563 624 et

241 648 318 716 item
336 648 470 731 prandia
492 649 519 711 si
540 649 635 732 vulgo
658 659 765 714 essent
786 650 874 725 data,
897 657 1006 714 contra
1030 650 1132 734 legem
1155 650 1356 734 Calpurniam
1377 650 1494 716 iactum
1515 653 1562 716 vi·
1615 685 1616 688 ¹

242 741 338 806 deri.»
375 742 459 825 Ergo
488 742 533 806 ita
560 748 688 806 senatus
716 744 745 807 si
764 745 898 820 iudicat,
928 750 1036 808 contra
1058 744 1160 827 legem
1181 744 1264 809 facta
1284 745 1364 808 baec
1384 743 1501 822 videri,
1533 747 1562 812 si

238 834 321 898 iacta
343 834 423 910 sint,
445 835 601 911 decernit,
633 837 720 921 quod
740 837 820 902 nihil
841 857 921 921 opus
944 843 1011 912 est,
1035 838 1109 901 dum
1131 838 1308 901 candidatis
1330 857 1449 902 morem
1470 839 1561 922 gerit.

239 928 319 990 Nam
339 926 454 992 factum
476 929 518 994 sit
538 950 656 1004 necne,
679 930 880 994 vehementer
901 931 1083 1013 quaeritur:
1107 932 1134 994 si
1147 930 1264 995 iactum
1279 938 1337 1008 est,
1360 932 1438 1016 quin
1452 939 1585 996 contrat

237 1020 341 1102 legem
361 1021 403 1084 sit
425 1021 568 1088 dubitare
590 1044 682 1087 nemo
704 1032 819 1107 potest.
862 1022 913 1087 68.
935 1025 993 1090 Est
1013 1025 1111 1108 igitur
1131 1024 1316 1101 ridiculum,
1338 1025 1425 1112 quod
1441 1032 1489 1090 est
1503 1025 1562 1089 du-

237 1113 341 1188 bium,
362 1113 396 1176 id
418 1116 599 1201 relinquere
620 1117 791 1182 incertum:
821 1118 908 1202 quod
929 1119 1049 1182 nemini
1071 1119 1200 1182 dubium
1222 1127 1434 1203 potestesse,
1456 1119 1489 1183 id
1511 1119 1561 1184 iu-

239 1208 353 1270 dicare.
391 1209 496 1293 Atque
524 1210 558 1273 id
586 1212 765 1276 decernitur
793 1213 939 1277 omnibus
968 1213 1202 1296 postulantibus
1229 1214 1423 1278 candidatis:
1455 1220 1492 1277 ut
1519 1234 1561 1278 cx

238 1308 365 1364 senatus
387 1304 549 1379 consulto,
580 1325 684 1388 neque
706 1307 796 1370 cuius
817 1307 942 1370 intersit
963 1327 1068 1391 neque
1091 1314 1317 1392 contraquam
1339 1308 1395 1382 sit,
1426 1307 1560 1391 intelligi

237 1395 348 1478 possit.
385 1396 492 1471 Quare
514 1399 592 1463 doce
614 1400 653 1463 ab
675 1401 710 1462 Ι..
733 1402 864 1465 Murena
887 1400 943 1464 illa
965 1420 1034 1465 esse
1054 1402 1239 1477 commissa,
1269 1407 1335 1466 tum
1358 1409 1482 1486 egomet
1503 1401 1598 1465 libito

237 1496 346 1554 contra
367 1490 469 1573 legem
491 1494 657 1558 commissa
679 1515 748 1558 esse
771 1494 954 1558 concedam.

321 1584 467 1648 xxxlll.
492 1587 607 1651 ohlulti
629 1588 754 1652 obviam
776 1589 962 1672 prodierunt
977 1589 1016 1652 de
1029 1586 1196 1672 provincia
1210 1589 1393 1666 decedenti,
1415 1588 1560 1654 consula·

237 1687 304 1744 tum
323 1680 474 1762 petenti»
512 1681 601 1744 Solet
622 1679 698 1746 lieri.
733 1681 830 1745 Eccui
852 1689 957 1746 autem
977 1703 1044 1747 non
1064 1682 1209 1766 proditur
1229 1686 1426 1749 revertenti?
1451 1685 1560 1760 «Quae
1670 1699 1691 1764 4¹

235 1775 296 1838 luit
316 1773 376 1838 ista
399 1775 617 1839 multitudotr
654 1776 808 1851 Primum,
831 1776 858 1838 si
881 1776 937 1839 tibi
958 1777 1052 1840 istam
1072 1778 1229 1841 rationem
1250 1799 1315 1842 non
1336 1798 1468 1862 possum
1489 1779 1560 1842 red-

237 1869 326 1944 dere,
349 1867 426 1952 quid
448 1868 545 1932 habet
565 1870 781 1933 admirationis
804 1870 859 1934 oli
881 1871 948 1934 vtro
970 1871 1169 1948 advenienti,
1199 1872 1598 1960 cmdidgto,oonsulo1=i,rs
1682 1883 1704 1971 g

236 1964 360 2028 obviam
380 1963 524 2046 prodisse
547 1964 683 2028 multost
705 1964 792 2050 quod
813 1963 876 2027 nisi
899 1971 984 2026 esset
1002 1964 1137 2040 factum,
1160 1967 1259 2050 magis
1279 1966 1458 2031 mirandum
1471 1968 1560 2032 vide-

235 2066 331 2124 retur.
374 2055 425 2120 69.
449 2057 555 2133 Quidi
584 2059 612 2122 si
634 2059 728 2122 etiam
757 2057 838 2121 illud
860 2057 988 2132 addam,
1018 2059 1104 2142 quod
1126 2080 1145 2123 a
1167 2062 1397 2125 consuetudine
1418 2083 1484 2127 uon
1505 2064 1560 2128 ab·

234 2156 356 2229 horret,
378 2159 506 2236 rogatos
527 2172 597 2218 esse
619 2152 752 2227 multos,
775 2173 852 2216 num
875 2162 929 2217 aut
943 2151 1147 2216 criminosum
1163 2153 1204 2217 sit
1218 2162 1272 2218 aut
1286 2155 1474 2234 mirandum,
1496 2180 1560 2244 qua

235 2251 268 2314 in
296 2248 422 2313 civitate
453 2247 555 2330 rogati
584 2247 763 2310 infimorum
791 2246 956 2309 hominum
984 2243 1065 2309 filios
1086 2267 1186 2332 prope
1209 2248 1248 2311 dc
1270 2257 1363 2314 nocte
1385 2271 1427 2315 ex
1447 2253 1559 2317 ultima

234 2361 329 2428 saepe
349 2341 427 2406 mbo
451 2341 622 2404 deductum
644 2342 752 2404 venire
774 2341 950 2415 soleamus,
973 2341 1007 2403 in
1029 2360 1066 2403 ea
1087 2361 1153 2404 non
1167 2361 1238 2405 esse
1254 2350 1400 2426 gravatos
1415 2345 1596 2413 hominesat

231 2436 361 2522 prodire
388 2435 469 2498 hora
498 2435 591 2498 tertia
618 2435 652 2497 in
681 2453 826 2518 campum
851 2433 1016 2509 Martium,
1046 2435 1232 2518 praesertim
1254 2436 1327 2501 talis
1348 2437 1409 2502 viri
1429 2442 1558 2505 nomine

233 2532 384 2614 rogatos?
415 2528 522 2604 Quidi
544 2529 572 2591 si
595 2547 704 2591 omnes
726 2529 893 2592 societates
915 2535 1086 2603 venerunt,
1110 2549 1244 2612 quarum
1266 2551 1307 2594 ex
1321 2552 1454 2598 numero
1468 2535 1558 2598 multi

232 2625 285 2688 hie
307 2622 419 2686 sedent
439 2623 580 2698 iudices,
609 2623 709 2706 quidi
740 2624 766 2685 si
788 2623 878 2686 multi
898 2623 1045 2686 homines
1066 2623 1166 2686 nostri
1189 2624 1310 2689 ordinis
1331 2625 1557 2706 honestissimi,

233 2717 331 2802 quidi
354 2716 381 2780 si
403 2717 458 2781 illa
480 2714 726 2791 officiosissima,
749 2737 831 2801 quae
853 2716 1012 2780 neminem
1034 2717 1152 2800 patitur
1170 2738 1235 2782 non
1249 2719 1383 2784 honeste
1397 2720 1432 2784 in
1445 2722 1557 2786 urbem

231 2812 380 2886 introire,
403 2817 468 2875 tota
488 2812 575 2875 natio
591 2811 845 2886 candidatorum,
867 2811 895 2873 si
910 2811 1049 2894 deniquo
1064 2811 1134 2894 ipsc
1149 2821 1312 2877 accusator
1325 2821 1433 2880 noster
1447 2816 1481 2880 Ρ.
1496 2818 1556 2881 Ρο-
1566 2829 1595 2879 at

232 2905 365 2970 stumius
388 2905 513 2968 obviam
534 2925 606 2971 oum
628 2905 709 2968 bene
731 2925 845 2988 magna
866 2912 991 2968 caterva
1005 2924 1062 2968 sua
1076 2907 1179 2981 venit,
1202 2905 1280 2990 quid
1295 2906 1390 2972 habet
1402 2909 1463 2974 ista
1476 2911 1558 2975 mul·

232 2998 332 3065 titudo
354 2998 597 3063 admirationis?
623 2998 741 3063 Omitto
764 2999 910 3077 clientes,
932 2998 1071 3076 vicinos,
1093 3000 1242 3077 tribules,
1265 3001 1441 3066 exercitum
1455 3009 1556 3068 totum

233 3093 371 3168 Luculli,
393 3094 448 3176 qui
469 3095 510 3157 ad
531 3093 725 3177 triumphum
746 3113 802 3178 per
825 3112 880 3156 eos
903 3092 969 3155 dies
984 3099 1130 3156 venerat:
1154 3094 1216 3157 hoo
1231 3095 1321 3170 dico,
1342 3093 1554 3177 frequentiam

232 3189 264 3252 in
285 3188 348 3252 isto
370 3183 473 3251 officio
495 3189 661 3270 gratuitam
683 3208 747 3250 non
770 3188 865 3250 modo
888 3186 1033 3269 dignitati
1053 3186 1151 3250 ullius
1174 3207 1344 3272 umquam,
1366 3188 1422 3252 sed
1444 3210 1485 3253 ne
1499 3211 1554 3255 vo·

231 3282 345 3346 luntati
377 3280 508 3364 quidem
539 3281 686 3345 defuisse.
729 3279 780 3344 70.
806 3284 863 3344 «At
891 3279 1092 3344 sectabantur
1120 3280 1240 3344 molti.»
1283 3282 1370 3345 Doce
1398 3283 1590 3362 mercedest

232 3376 403 3440 concedam
425 3394 493 3439 esse
515 3377 650 3439 odmen:
672 3376 733 3439 hoc
755 3374 884 3460 quidem
900 3381 1038 3448 remoto,
1061 3373 1139 3457 quid
1153 3374 1380 3458 reprehendis?
1406 3376 1552 3442 xxxiv.

234 3469 337 3547 «Quid
359 3490 439 3553 opus
462 3475 526 3546 est,
547 3469 668 3554 inquit,
691 3469 943 3533 sectatoribusto
978 3467 1077 3530 hmo
1098 3473 1132 3530 tu
1154 3467 1188 3530 id
1211 3468 1352 3552 quaeris,
1374 3469 1452 3554 quid
1470 3490 1552 3555 opus

295 3826 319 3874 4.
337 3827 414 3875 comt
428 3823 488 3874 EG.
509 3849 536 3859 -
554 3822 622 3872 locres
635 3821 710 3886 capo
726 3823 765 3884 II,
789 3821 839 3873 sed
856 3834 917 3872 oum
934 3821 1015 3884 signis
1034 3819 1253 3886 transpositionis.
1273 3847 1300 3857 —
1324 3821 1429 3874 44464444
1444 3825 1506 3888 Lag.
1525 3826 1549 3878 9.

229 3905 288 3953 Par.
306 3901 335 3962 7,
353 3911 385 3948 v:
403 3897 507 3950 4446444444
521 3899 555 3958 6;
573 3897 692 3948 tributam
707 3897 769 3958 EI,
788 3896 899 3946 tribsoim
914 3896 1046 3948 lILO.-
1059 3901 1083 3946 ct
1097 3896 1162 3946 idem
1179 3897 1208 3946 G.
1222 3921 1250 3932 ·-
1264 3895 1288 3947 6.
1306 3903 1406 3949 motus
1420 3899 1442 3948 44·
1457 3899 1552 3953 iudicat

229 3977 321 4036 llvx:
340 3979 452 4026 44444444
467 3973 562 4024 iudica
577 3975 636 4023 Par.
654 3972 679 4024 l.
698 3974 726 4023 et
740 3974 774 4033 6,
792 3977 891 4024 cccmus
906 3971 1001 4022 iudicat
1016 3973 1081 4034 EO,
1100 3970 1156 4022 rell.
1176 3971 1240 4022 noti.
1255 3998 1283 4007 -
1301 3972 1344 4023 bec
1359 3972 1404 4025 tibi
1418 3975 1498 4026 videri
1514 3979 1548 4041 ht,

228 4053 289 4101 baec
306 4062 359 4099 om.
378 4061 406 4108 κ.
432 4073 460 4084 -
484 4049 590 4112 attacta
606 4061 659 4099 om.
679 4051 708 4099 G.
733 4074 761 4084 -
788 4046 813 4098 t.
831 4052 889 4098 mot
904 4061 930 4098 v.
950 4073 977 4084 -
996 4047 1112 4098 6444444444
1128 4048 1157 4097 6.
1177 4072 1204 4082 -
1223 4046 1372 4098 candidatio
1388 4048 1430 4100 ed.
1449 4051 1547 4103 Manut.

228 4127 262 4177 At
277 4137 303 4174 v.
322 4121 386 4174 Gnil.
409 4124 492 4175 holuit
514 4129 609 4187 444444.
628 4123 690 4174 Issit.
717 4123 834 4188 (Isenaci
851 4120 924 4173 4844.
941 4120 976 4186 l.)
994 4136 1021 4188 p.
1040 4122 1056 4171 6
1072 4134 1125 4185 sq,
1143 4121 1189 4185 qui
1205 4119 1257 4171 loct
1272 4123 1430 4174 sententiam
1447 4123 1550 4176 subob-

227 4211 333 4251 scuram
350 4196 497 4250 luculenter
514 4198 646 4264 explicuit.
665 4199 705 4249 Cl.
718 4200 797 4250 otiam
815 4199 844 4248 C.
861 4197 981 4248 Peterin
997 4197 1061 4247 Aoo.
1076 4196 1162 4259 ptttot.
1175 4196 1245 4247 noch
1260 4195 1318 4247 Vol.
1331 4197 1441 4250 XXXIII.
1454 4201 1546 4264 pilli.

228 4301 256 4311 -
267 4275 291 4325 5.
300 4273 431 4337 oisoctum
441 4275 470 4324 G.
485 4299 512 4308 -
523 4272 662 4324 catXlotz.:
675 4275 706 4324 ait
714 4273 792 4324 codd.
804 4298 831 4308 —
843 4273 868 4323 6.
878 4273 955 4337 legno
962 4271 1057 4335 scotres
1064 4272 1096 4321 ait
1103 4284 1176 4337 susp.
1187 4271 1279 4323 hamb.
1293 4275 1397 4334 -qood
1405 4274 1548 4328 atdatbiaon

226 4363 280 4400 om.
293 4349 323 4400 Ε.
334 4373 361 4386 -
381 4348 405 4398 4.
420 4353 501 4410 posset
512 4350 541 4399 G.
554 4375 581 4386 -
591 4349 682 4400 idom
696 4352 725 4400 6.
736 4375 763 4385 -
774 4349 799 4400 8.
813 4348 883 4411 utqui
894 4359 1035 4413 perperam
1048 4345 1139 4397 maluit
1148 4346 1333 4411 Pantagathus.
1348 4375 1375 4384 -
1387 4350 1427 4400 46.
1440 4349 1472 4399 ob
1483 4363 1545 4402 nos:
1665 4353 1667 4356 ’

227 4428 298 4486 446;
317 4439 334 4474 a
345 4421 401 4474 rell.
415 4425 442 4474 ct
453 4421 514 4473 cdd.
530 4449 557 4459 -
575 4436 620 4487 eqo
636 4435 681 4474 occ
698 4423 741 4474 tibi
758 4424 787 4475 E.
800 4451 827 4460 -
839 4423 879 4473 42.
897 4421 1008 4472 monimo
1024 4423 1053 4471 G.
1065 4447 1092 4458 —
1104 4419 1144 4471 43.
1157 4421 1225 4472 scaci
1241 4420 1284 4472 ed.
1302 4423 1362 4474 Asc.
1376 4423 1455 4475 tart:
1473 4426 1548 4476 444444

157 4533 159 4538 ,
227 4501 289 4552 mel.
302 4526 329 4537 -
342 4504 436 4551 44444.
448 4525 476 4535 -
489 4498 530 4551 44.
546 4512 645 4562 posnan
662 4500 730 4562 mei,
747 4499 852 4551 torn:
868 4497 962 4560 possim
977 4496 1019 4548 ed.
1033 4497 1094 4547 Asc.
1107 4495 1164 4546 h0.
1179 4521 1206 4533 -
1222 4497 1262 4548 46.
1280 4495 1378 4547 obviam
1392 4497 1464 4549 444444
1479 4498 1544 4565 Εψ.

198 4633 200 4638 ,
229 4603 256 4612 -
273 4576 372 4627 cidem
387 4577 445 4627 Gl'.
465 4601 493 4612 -
517 4575 557 4627 ll.
576 4575 643 4638 quod
663 4575 732 4634 aiv;
751 4575 973 4638 quid--ropctos
988 4585 1042 4623 om.
1060 4572 1119 4624 EC.
1138 4597 1165 4608 —
1190 4571 1231 4624 te.
1248 4574 1333 4638 rogati
1348 4574 1386 4625 Il:
1406 4575 1509 4639 moreti
1525 4579 1546 4627 G

226 4649 398 4710 Elaion.
418 4673 447 4687 -
470 4650 700 4714 inmundo.
721 4676 748 4687 -
772 4650 812 4700 24.
832 4649 980 4712 Μάνη
1004 4647 1282 4712 qaid--iudicesom
1301 4662 1329 4709 χ.
1351 4675 1377 4683 -
1397 4649 1541 4703 tibica:

226 4739 259 4776 oa
275 4724 335 4788 (slot
354 4723 404 4775 sed
420 4737 453 4774 oo
469 4723 633 4789 punctatum)
650 4726 689 4785 lI;
707 4725 746 4775 bic
762 4737 815 4776 om.
834 4725 1015 4788 recuso.
1030 4749 1057 4763 -
1077 4723 1118 4774 24.
1136 4722 1195 4788 ooo]
1211 4724 1260 4773 oiri
1275 4737 1303 4784 χ,
1317 4749 1344 4760 -
1364 4725 1405 4775 at.
1417 4729 1545 4777 noster--

225 4804 328 4850 cmo
336 4811 390 4849 om.
401 4801 465 4849 6.-
476 4801 502 4850 Ρ.
513 4800 611 4851 addidi.
622 4827 648 4838 -
656 4801 811 4863 potamion
821 4801 846 4851 II
855 4813 870 4848 v
879 4806 914 4863 ψ.
924 4821 952 4836 -
960 4799 1002 4848 66.
1012 4797 1353 4860 quibnbetittomamltitado
1361 4799 1545 4851 admirationis

226 4877 255 4924 6.
266 4899 293 4910 -
304 4874 346 4924 27.
363 4873 460 4926 44664444
475 4877 537 4926 met.
549 4901 576 4912 -
586 4877 672 4941 mium]
684 4882 778 4926 motam
795 4878 816 4926 G
823 4889 851 4936 χ.
863 4901 891 4912 -
901 4875 942 4926 28.
960 4875 995 4924 od
1010 4873 1147 4937 triunpbor
1154 4874 1316 4936 4446446444
1325 4889 1350 4925 v.
1363 4901 1390 4911 -
1400 4876 1542 4941 mmo,

224 4955 343 5000 44444444
352 4951 388 5002 II.
403 4977 431 4988 ··
449 4951 490 5000 69.
507 4965 558 5000 ooo
573 4951 655 5016 modo]
671 4949 761 5001 malim
777 4964 828 5000 noo
843 4951 916 5000 modo
925 4963 990 5008 non,
1008 4961 1106 5000 vereor
1116 4949 1188 5000 enim
1200 4952 1241 5011 ut,
1260 4961 1321 5000 oum
1332 4954 1460 5015 sequatur
1469 4951 1544 5003 attins

223 5037 357 5088 tanquam,
376 5026 480 5090 negatio
496 5025 592 5076 deesse
612 5026 703 5091 possit.
718 5051 746 5062 -
758 5039 791 5076 oc
806 5025 921 5090 6494444444
936 5024 1058 5075 volomtati
1073 5025 1110 5086 ll,
1134 5023 1184 5075 sed
1200 5024 1317 5089 dignitati
1331 5027 1496 5091 panoniam.
1511 5051 1539 5066 -

224 5099 264 5152 36.
282 5099 440 5152 mutusne
456 5102 486 5150 G.
506 5127 533 5135 —
552 5099 593 5154 ³2.
611 5100 715 5166 inquom
730 5114 763 5162 χ,
781 5099 862 5164 inquit
876 5103 934 5150 coto
950 5112 976 5149 v.
996 5125 1024 5136 -
1043 5103 1071 5150 tu
1085 5097 1182 5150 idom
1199 5104 1236 5165 ψ.
