3610 5860
392 459 1304 547 ommmmmmfflqm
1443 459 1505 525 m

195 641 310 699 starem
331 634 421 700 aliter
440 637 596 700 neminem
617 634 764 699 solvisse:
785 633 870 697 lrunc
891 633 1031 698 omnium
1052 633 1263 716 superiorum,
1284 631 1379 696 liuius
1401 637 1506 696 autem

195 749 320 804 omnes,
342 730 398 814 qui
418 736 527 813 postea
547 727 679 802 fuerim,
700 729 917 792 auctoritatem
933 727 1003 790 dico
1018 734 1152 791 secutos.
1175 726 1259 802 Quid
1274 745 1414 801 accusas,
1428 727 1506 810 quid

193 823 421 908 reprehendis?
456 820 486 887 2.
507 825 586 886 Nam
608 822 694 906 quod
715 823 748 885 in
769 823 882 885 tabulis
904 820 1112 886 dodrantariis
1127 815 1159 885 et
1172 820 1413 906 quadrantariis,
1428 841 1506 904 quas

193 918 238 980 ait
258 917 297 980 alr
318 917 472 980 Hirtuleio
492 918 667 991 institutas,
687 916 797 980 Fontei
818 913 952 979 officium
970 914 1143 991 desiderat,
1163 937 1227 980 nou
1248 935 1376 1000 possum
1398 916 1508 979 existi·

193 1031 292 1085 mare,
320 1019 424 1074 utrum
453 1011 523 1094 ipse
549 1017 631 1074 erret
657 1030 697 1072 an
718 1031 773 1074 vos
795 1011 827 1072 in
850 1029 987 1072 emonem
1009 1008 1124 1072 ducere
1145 1008 1230 1074 velit.
1275 1009 1400 1084 Quaero
1424 1010 1528 1072 enims

192 1105 247 1168 alrs
268 1112 318 1180 te,
339 1107 381 1169 li.
402 1105 551 1178 Plaetori,
573 1104 712 1188 possitne
732 1104 789 1166 tibi
810 1105 869 1186 ipsi
891 1103 1020 1186 probata
1047 1123 1116 1166 essa
1130 1110 1237 1166 nostra
1251 1123 1357 1178 causa,
1380 1105 1423 1179 si,
1445 1123 1508 1188 qua

191 1199 224 1261 in
245 1217 280 1262 re
302 1199 357 1262 abs
378 1206 409 1261 te
431 1201 473 1263 ld.
494 1198 643 1260 Fonteius
664 1203 844 1272 accusatur,
866 1203 1022 1259 auctorem
1042 1195 1137 1259 hahet
1158 1217 1244 1271 eum,
1271 1217 1365 1281 quem
1385 1206 1420 1261 tu
1442 1219 1507 1262 ma·

190 1293 276 1356 xime
296 1292 423 1368 laudas,
451 1289 657 1381 llirtqleium':
685 1291 802 1374 quain
823 1310 858 1355 re
879 1299 982 1354 autem
1003 1290 1111 1354 laudas
1132 1291 1338 1367 Hirtuleium,
1360 1293 1507 1356 Fonteius
1650 1277 1673 1359 ί

191 1385 274 1450 idem
295 1385 410 1450 fecisse
431 1385 594 1470 reperitur.
636 1384 853 1466 Reprehendis
874 1385 1039 1448 solutionis
1062 1405 1178 1468 genust
1201 1385 1312 1449 eodem
1328 1386 1422 1449 modo
1437 1387 1509 1449 Hir-

189 1479 320 1544 lrdeium
342 1479 527 1543 dissolvisse
547 1477 691 1562 publicae
712 1478 837 1540 mbulae
859 1485 1041 1560 coarguunt.
1069 1479 1194 1542 Laudas
1215 1479 1322 1552 illum,
1344 1480 1431 1563 quod
1452 1480 1544 1544 do·t⁰

190 1572 363 1636 drantarias
384 1572 505 1636 tabum
527 1571 713 1634 instituerit:
737 1572 863 1634 easdem
880 1571 1030 1634 Fonteius
1052 1572 1187 1636 instituit
1207 1580 1240 1635 et
1260 1572 1372 1636 eodem
1394 1593 1507 1656 genere

189 1667 352 1749 pecuniae.
395 1669 474 1730 Nam
495 1685 536 1729 ne
557 1665 640 1728 iorte
662 1665 705 1727 sis
726 1666 852 1729 nescius
875 1671 907 1728 et
927 1664 1004 1728 istas
1025 1665 1147 1728 tabulas
1170 1665 1330 1732 existimes
1351 1667 1392 1730 od
1413 1668 1509 1731 diaer-

189 1779 255 1822 aom
275 1761 384 1824 ueteris
406 1760 484 1822 ceris
506 1759 602 1822 alieni
623 1760 777 1821 rationem
797 1759 971 1842 pertinere,
997 1759 1037 1822 ob
1064 1778 1160 1821 unam
1188 1779 1314 1823 causam
1336 1771 1368 1826 et
1391 1765 1423 1826 in
1444 1783 1509 1826 uuo

190 1874 305 1936 genera
328 1860 400 1918 sunt
420 1855 590 1918 institutae.
619 1853 698 1914 Nam
713 1872 783 1916 cum
797 1841 1068 1936 publicanis,('qui
1081 1851 1232 1927 Africam,
1255 1855 1311 1936 qui
1324 1856 1508 1941 Aquilieuse

189 1949 358 2031 portorium
378 1949 521 2032 cuadueio
541 1925 800 2038 wlodomirus*
1518 1960 1547 2009 io

125 2111 127 2116 ,
275 2041 313 2104 ΙΙ.
336 2037 366 2103 3.
395 2041 513 2104 *scite
535 2065 608 2104 *ss
629 2041 744 2114 Nemo,
775 2058 885 2113 nemo,
907 2041 1052 2122 inquam,
1074 2039 1210 2116 iudices,
1241 2043 1431 2126 reperietur,
1453 2045 1509 2128 qui

189 2155 287 2198 unum
310 2154 343 2198 se
365 2135 398 2197 iu
420 2138 588 2218 quaestura
609 2135 650 2197 ll.
672 2133 804 2196 Fonteio
825 2153 988 2196 nummum
1003 2132 1128 2197 dedisse
1150 2143 1203 2198 aut
1222 2135 1312 2198 illum
1334 2157 1374 2200 ex
1396 2159 1433 2202 ea
1453 2159 1510 2222 pe-

189 2230 297 2302 cunia,
327 2248 410 2312 quae
437 2247 495 2310 pro
517 2227 638 2290 aerario
661 2227 851 2298 solveretur,
880 2224 1055 2289 detraxisse
1078 2227 1175 2290 dicat:
1197 2229 1315 2292 nullius
1337 2231 1371 2293 in
1392 2233 1507 2296 tabulis

186 2323 253 2386 ulla
271 2322 364 2386 liuius
381 2321 454 2384 firrti
467 2321 663 2404 significatio,
678 2320 799 2386 nullum
815 2319 848 2382 in
863 2320 902 2382 iis
917 2321 1095 2383 nominibus
1110 2321 1329 2386 intertrimenti
1343 2331 1398 2388 aut
1412 2326 1510 2389 demi·

186 2417 326 2480 nutiouis
346 2415 515 2497 vestigium
529 2416 710 2498 reperietur.
733 2412 829 2496 Atqui
845 2413 1005 2488 homines,
1027 2414 1055 2477 si
1078 2415 1133 2498 qui
1156 2424 1290 2478 teneatur
1310 2417 1372 2480 hoe
1394 2429 1546 2501 generoso

187 2509 396 2592 quaestionis,
425 2515 586 2572 accusatos
616 2515 648 2571 et
674 2507 885 2590 reprehensos
912 2506 1056 2570 ridemus
1086 2508 1223 2590 primum
1245 2510 1395 2574 testibus:
1428 2511 1510 2577 diffi-

186 2602 247 2666 cile
278 2611 325 2665 est
351 2604 433 2666 enim
461 2621 548 2676 eum,
579 2603 633 2685 qui
663 2600 856 2683 magistratui
881 2601 1047 2683 pecuniam
1070 2602 1210 2677 dederit,
1241 2623 1305 2667 non
1327 2614 1382 2669 aut
1403 2607 1509 2672 induci

185 2694 260 2758 odio
282 2701 317 2759 ut
338 2696 437 2770 dicat,
460 2703 515 2757 aut
536 2695 605 2778 cogi
629 2695 796 2775 reliqione:
819 2692 935 2756 deinde
957 2695 983 2756 si
1000 2715 1062 2778 qua
1077 2696 1176 2778 gratia
1190 2703 1287 2760 testes
1304 2698 1509 2778 deterrentur,

183 2789 313 2852 tabulae
340 2787 467 2872 quidem
498 2795 581 2852 certe
608 2788 806 2871 incorruptae
835 2795 930 2870 atque
960 2789 1099 2870 integrae
1126 2797 1264 2854 manent.
1311 2794 1371 2858 Fac
1399 2816 1509 2860 omnes

181 2882 392 2946 amicissimos
419 2882 551 2946 Fonteio
580 2881 693 2945 luisse:
721 2887 841 2944 tantum
869 2878 1031 2943 hominum
1054 2901 1220 2946 numerum
1243 2885 1547 2967 ignotissimorumas

178 2985 282 3060 atque
302 2975 564 3040 alienissimorum
585 2976 763 3059 pepercisse
777 2975 872 3041 huius
891 2978 1001 3062 capiti,
1023 2981 1220 3045 consuluisse
1235 2975 1375 3055 samaeas
1375 3004 1427 3047 res
1440 2987 1510 3068 ipsa

177 3079 288 3134 tamen
310 3089 346 3132 ac
368 3070 448 3132 ratio
469 3069 641 3132 litterarum
664 3068 882 3154 confectioque
904 3071 1080 3135 tabularum
1100 3073 1196 3166 halet
1215 3073 1297 3138 hanc
1319 3076 1398 3157 vimi
1420 3087 1455 3142 ut
1469 3099 1510 3142 ex
1612 3017 1684 3110 ᾧ

176 3163 321 3252 acceptis
343 3170 375 3226 et
395 3162 475 3227 datis
498 3162 654 3246 quidquid
678 3159 812 3246 fingatur
833 3171 888 3228 aut
910 3164 1096 3248 surripiatur
1117 3174 1171 3231 aut
1192 3189 1256 3232 non
1272 3179 1394 3234 constet
1415 3192 1510 3256 appa-

176 3385 285 3441 l'lreod.
303 3384 494 3438 llommsenius
511 3383 627 3444 monuit,
647 3397 744 3434 nomen
756 3385 919 3448 quaestoris,
938 3387 983 3450 qui
1000 3389 1102 3452 primus
1119 3388 1267 3440 secundum
1279 3389 1366 3454 legem
1376 3391 1509 3446 Valeriam

180 3460 312 3515 dissolvit.
332 3487 359 3496 —
378 3473 472 3522 auqrroe
488 3461 516 3508 P.
537 3484 563 3492 -
584 3459 664 3507 litam
681 3460 715 3507 P:
737 3458 762 3508 T.
775 3461 805 3510 0.
820 3487 847 3494 -
868 3465 1021 3522 quaestores
1032 3461 1209 3514 Niebuhrius:
1229 3465 1293 3527 QVE
1309 3468 1337 3517 P.
1353 3495 1380 3505 -
1393 3469 1418 3519 2.
1432 3473 1511 3521 omnis

179 3541 210 3590 P.
234 3565 260 3573 -
280 3535 340 3597 qaid
357 3548 472 3586 accussat
489 3533 548 3596 quid
564 3533 710 3596 reproendis
726 3535 754 3583 P.
776 3559 802 3570 -
822 3533 846 3584 3.
866 3537 1026 3586 dodrantaris
1043 3539 1071 3598 P,
1090 3538 1139 3590 sed
1156 3539 1244 3590 statim
1261 3542 1459 3602 qoodroatcrtir.
1479 3574 1507 3582 -

180 3613 206 3665 l.
220 3611 316 3661 Fonteii
328 3611 357 3660 0.
373 3637 400 3647 -
419 3610 585 3661 aestumare
596 3611 623 3658 P.
640 3635 664 3645 -
687 3609 711 3658 o.
723 3609 775 3674 tibi]
794 3609 858 3660 Tli'l
872 3611 900 3661 P.
912 3637 940 3648 -
959 3614 1099 3663 consecret
1116 3627 1167 3677 quo
1183 3614 1211 3664 P.
1226 3641 1253 3650 -
1271 3615 1295 3664 7.
1313 3629 1433 3668 mameae
1443 3619 1506 3670 P.-

181 3689 206 3739 9.
219 3685 394 3750 repraeteadis
410 3686 437 3735 P.
452 3712 480 3720 —
500 3684 539 3736 lt).
553 3683 647 3734 oisso
662 3685 666 3742 Ι
680 3685 792 3735 LVlSSF
802 3688 831 3748 P,
851 3685 884 3736 de
896 3701 947 3752 qua
960 3685 1122 3750 syllabarum
1134 3701 1182 3753 per
1193 3685 1261 3738 duos
1277 3701 1372 3741 versus
1384 3691 1510 3744 distribu-

181 3763 254 3814 tione
271 3776 297 3812 ν.
310 3761 386 3812 Nieb.
400 3762 489 3811 notam
506 3773 532 3824 p.
546 3759 586 3810 58.
598 3788 625 3797 —
645 3758 685 3809 li.
698 3764 843 3813 musianus
853 3764 881 3814 P.
896 3790 923 3798 -
943 3764 983 3815 43.
997 3765 1089 3814 oiioeui
1100 3765 1127 3814 P.
1144 3791 1171 3800 —
1190 3777 1306 3816 cucusam
1317 3767 1345 3818 P.
1360 3795 1386 3804 -
1408 3769 1447 3821 ti.
1462 3785 1509 3834 pe.

182 3837 300 3888 brucosa
316 3837 344 3887 P.
364 3863 392 3872 -
410 3836 561 3899 Aquileiense
578 3835 727 3900 suspicatur
743 3839 942 3889 Mommsenius.
964 3865 990 3873 —-
1010 3837 1050 3888 to.
1070 3837 1149 3903 cira]
1168 3838 1234 3889 «Aut
1249 3840 1332 3891 recitet
1348 3845 1395 3894 aut
1409 3845 1511 3897 recitent

183 3914 230 3964 aut
246 3913 381 3963 radiemur
396 3911 523 3976 scriptum
541 3909 621 3961 luisse
640 3911 747 3962 minime
765 3911 875 3963 dubium
893 3914 946 3975 est,
970 3913 1015 3964 ubi
1033 3912 1101 3963 oculi
1118 3911 1181 3963 nihil
1205 3917 1312 3978 praeter
1329 3918 1453 3982 quattuor
1468 3912 1511 3972 iii-

184 3991 255 4039 teras
273 3989 466 4052 assequuntur:
495 3998 557 4036 nam
575 3983 675 4048 syllaba
693 4000 721 4038 re
738 3999 799 4038 cum
816 3985 864 4038 alia
882 3989 975 4052 pagina
992 3989 1079 4054 periit.
1105 3989 1188 4038 Huius
1206 3991 1295 4041 autem
1314 3993 1424 4056 paginae
1441 3993 1510 4048 latus

183 4063 338 4114 universum
356 4061 427 4125 quod
445 4074 504 4126 pag.
523 4059 564 4112 ie.
583 4063 795 4125 repraesentari,
814 4063 848 4111 ita
866 4075 972 4114 erasum
991 4065 1045 4124 est,
1064 4065 1093 4112 ut
1110 4064 1178 4130 inter
1195 4076 1226 4113 ea
1244 4077 1327 4129 quae,
1346 4067 1425 4119 modo
1443 4073 1511 4122 assi.

184 4135 265 4186 duam
289 4148 398 4200 operam
420 4132 597 4199 impenderis,
621 4131 672 4197 legi
695 4136 782 4186 umen
805 4140 929 4200 possunt,
954 4136 1016 4188 nihil
1036 4136 1166 4189 difficilius
1183 4151 1324 4191 occurrere
1342 4143 1422 4195 credo
1441 4143 1511 4210 [ore-

184 4208 301 4273 dam‘l].s
319 4210 440 4260 Nrnruna.
455 4236 482 4244 -
503 4209 542 4259 ⁴8.
556 4209 623 4258 auat
634 4211 666 4258 P:
685 4211 765 4260 ἀεῖσαι
781 4211 856 4262 Nieb.
872 4240 899 4248 -
919 4213 958 4262 i9.
976 4213 1052 4276 furui
1067 4215 1094 4263 P.
1110 4241 1137 4249 —
1156 4212 1195 4278 iia]
1212 4213 1256 4264 teis
1266 4217 1300 4278 P,
1319 4218 1367 4268 sed
1379 4223 1511 4285 posterior

182 4285 192 4334 i
204 4297 263 4348 sup.
273 4281 318 4334 lin.
333 4311 360 4320 -
379 4283 419 4333 20.
431 4281 507 4342 Atqui
517 4309 554 4319 --
565 4283 671 4348 tortitiis]
689 4285 731 4335 Sic
743 4288 838 4352 scripsi
850 4287 985 4338 admonitu
997 4289 1162 4339 llommsenii
1179 4294 1292 4340 mentm
1302 4292 1417 4346 addens:
1435 4297 1511 4360 Atqui

183 4369 266 4408 omues
282 4357 316 4419 ti,
335 4369 395 4420 quos
412 4356 439 4405 ia
454 4357 500 4406 hoc
515 4370 604 4472 qanere
615 4359 785 4424 --oidcmus,
800 4367 950 4424 premuntur
966 4363 1065 4413 testibus
1081 4375 1143 4413 cum
1159 4363 1303 4416 Niebuhric
1321 4369 1350 4419 0.
1371 4369 1400 4420 ln
1417 4373 1436 4420 P
1454 4373 1507 4424 est:

181 4489 279 4550 ATQVI
292 4488 377 4538 ΗΟΜΙ
389 4491 393 4546 Ι
407 4488 700 4550 NESSEIQHOGGFNF
714 4496 718 4548 Ι
732 4477 985 4554 isovassrioivis
998 4498 1002 4552 Ι
1016 4493 1279 4547 ΑΟΟνεΑΤοδΕΤΕΕ
1292 4501 1297 4554 Ι
1310 4499 1510 4554 PRAEHENSO·

183 4564 236 4614 SVl
250 4567 255 4621 Ι
268 4563 532 4614 DEMVSPlililllVlt
544 4566 549 4620 Ι
565 4564 714 4616 TESTIBVS
724 4569 776 4616 cet.
795 4569 833 4618 De
847 4567 933 4618 littera
946 4571 966 4631 Q
982 4571 1042 4634 post
1058 4571 1113 4620 Slil
1127 4570 1178 4621 huc
1189 4570 1324 4623 adnotavit
1333 4575 1506 4630 Niebuhrius:

184 4639 234 4687 «lu
255 4636 348 4688 litteris
370 4637 506 4700 quadratis
524 4640 615 4690 contra
632 4653 737 4692 morem
754 4645 794 4693 est
810 4642 947 4706 singularis
964 4641 1050 4693 littera
1062 4645 1095 4706 Q,
1115 4645 1190 4696 cuius
1203 4645 1298 4698 dumus
1313 4653 1403 4702 rectus
1413 4650 1508 4704 lineola

184 4715 336 4764 transversa
353 4710 524 4762 decussatur:
543 4726 612 4777 quae
629 4715 709 4780 siglae
726 4716 784 4767 vice
802 4717 928 4782 iungitur,
948 4719 975 4766 ei
990 4731 1052 4780 quos
1067 4719 1217 4783 exprimere
1234 4723 1341 4773 omuino
1357 4722 1465 4776 debet.»
1479 4755 1505 4764 -

184 4789 226 4839 24.
239 4787 359 4852 difficilest
375 4789 403 4836 P.
420 4813 448 4823 -
465 4786 507 4836 23.
525 4792 554 4838 ut
569 4789 649 4839 mmai
665 4794 710 4840 ora
725 4791 794 4854 coqei
808 4793 835 4842 P.
857 4790 933 4851 Quod
950 4791 1046 4918 deive
1061 4791 1219 4846 Niebuhrius
1236 4795 1368 4861 supplevit
1379 4799 1507 4864 reitqioae,

186 4860 213 4914 id
233 4863 314 4912 etiam
331 4861 454 4925 reieqioae
472 4863 601 4927 scriptum
618 4877 678 4916 esse
695 4867 808 4930 poterat.
829 4893 856 4902 -
878 4866 989 4930 rosa*
1032 4906 1038 4928 ,
1056 4869 1074 4918 i.
1093 4883 1117 4920 e.
1135 4871 1178 4920 sei.
1198 4897 1225 4906 -
1244 4873 1457 4926 curtisolva
1473 4879 1507 4938 P;

187 4940 301 4990 current
316 4936 394 4988 Nieb.
405 4962 433 4972 -
451 4935 493 4988 at.
513 4938 615 4990 cuuis
629 4940 806 4992 dlllGlSSVll
817 4944 823 4999 Ι
836 4939 903 4991 llis
919 4941 947 4991 P.
961 4967 988 5004 ·,·
1007 4944 1047 4994 at.
1065 4945 1283 5007 iqsrotuarmoraan
1298 4953 1392 5011 atquae
1407 4951 1509 5002 adcau-

187 5025 314 5064 aumorom
323 5015 352 5063 P.
366 5037 394 5047 -
412 5011 453 5062 26.
465 5011 533 5076 {aare
543 5014 571 5064 P.
586 5040 613 5050 -
631 5015 672 5066 27.
690 5015 867 5075 literarium
887 5016 913 5064 at
925 5014 1020 5067 desunt
1035 5019 1093 5069 inP
1109 5021 1164 5071 tres
1180 5019 1291 5085 litterae,
1309 5024 1426 5089 itemque
1444 5026 1507 5078 alias

189 5088 215 5138 in
226 5099 258 5137 eo
269 5100 377 5153 semper
387 5088 470 5139 littero
482 5090 609 5154 scriptum
621 5094 669 5141 est.
691 5118 717 5130 -
736 5091 778 5142 28.
796 5091 959 5154 miuus
968 5095 996 5143 P.
1015 5093 1054 5144 ct.
1067 5095 1198 5147 liitschelii
1214 5098 1326 5163 haeqq.
1344 5102 1379 5150 cd
1393 5102 1508 5154 Picum

189 5173 215 5225 p.
232 5162 307 5215 xcv.
326 5166 354 5214 et
368 5162 567 5216 Fleckeisenum
583 5165 610 5216 in
626 5165 725 5217 amoti.
739 5167 825 5231 philol
844 5169 988 5235 upoadaq.
1004 5171 1075 5222 reu
1090 5171 1147 5226 Vol.
1165 5173 1216 5225 Lx.
1233 5185 1261 5239 p.
1278 5172 1323 5226 itt
1343 5187 1403 5240 sqq.

589 5436 608 5496 s,
