3684 5862
331 429 373 498 52
625 436 777 504 ORATIO
799 436 879 505 PRO
901 438 990 506 SEX.
1012 440 1159 508 ROSCIO
1181 442 1364 511 AblElllNO

328 616 498 697 propterea
513 609 601 695 quod
615 609 681 673 ruri
695 607 856 685 assiduus,
878 611 1144 694 quemadmodum
1159 619 1226 678 tute
1241 611 1408 691 confiteris,
1423 613 1493 679 tuit
1519 611 1570 680 82.
1585 617 1650 680 Ve-

327 725 401 770 reor
428 725 468 768 no
495 712 552 769 aut
573 704 725 767 molestus
747 705 805 767 sim
826 704 934 779 robis,
955 705 1091 782 iudices,
1113 714 1169 771 aut
1189 728 1230 772 ne
1251 710 1386 793 ingeniis
1407 710 1519 774 vestris
1540 711 1650 775 ridear

328 797 487 877 diffidere,
510 801 537 863 si
559 798 600 863 de
621 806 686 863 tam
707 799 882 882 perspicuis
903 800 998 863 rebus
1020 799 1138 865 diutius
1160 801 1321 866 disseram.
1350 804 1457 868 Eruoii
1472 804 1648 868 criminatio

325 901 409 970 tota,
436 900 472 958 ut
499 894 647 969 arbitror,
677 893 830 956 dissoluta
859 900 922 956 est:
952 895 1013 958 nisi
1038 894 1120 958 torte
1142 899 1346 980 exspectatis,
1375 905 1412 960 ut
1432 897 1486 960 illa
1512 896 1648 974 diluam,

303 995 410 1072 bquae
432 989 471 1052 de
493 988 642 1071 peculatu
663 1008 699 1052 ae
722 988 762 1050 de
784 987 939 1052 eiusmodi
960 988 1054 1052 rebus
1069 992 1295 1054 commenticiis
1312 991 1454 1055 inaudita
1468 993 1559 1058 nobis
1573 1003 1649 1059 ante

325 1084 387 1147 boc
414 1091 539 1167 tempus
560 1103 700 1148 aenove
721 1082 852 1146 obiecit:
882 1102 964 1166 quae
996 1082 1071 1146 mibi
1101 1086 1161 1147 iate
1182 1086 1269 1148 visus
1291 1091 1400 1149 estex
1421 1085 1483 1149 alia
1504 1091 1649 1153 oratione

325 1179 517 1253 declamare,
548 1197 644 1262 quem
672 1179 706 1241 in
734 1176 831 1241 alium
852 1196 942 1239 reum
964 1185 1244 1256 commentaretur;
1273 1181 1318 1242 ita
1339 1199 1443 1263 neque
1465 1180 1506 1243 ad
1528 1184 1648 1246 crimen

324 1273 485 1359 parricidii
505 1293 610 1357 neque
632 1272 672 1335 ad
694 1291 783 1346 eum,
805 1272 861 1354 qui
883 1290 1009 1334 oausam
1028 1271 1118 1348 dicit,
1139 1274 1356 1356 pertinebant:
1380 1273 1550 1358 dequibus
1566 1296 1648 1361 quo·

324 1370 410 1432 niam
430 1366 526 1430 verbo
548 1367 666 1449 arguit,
688 1365 785 1430 verbo
807 1365 883 1428 satis
906 1371 954 1428 est
974 1386 1101 1450 negare.
1140 1367 1172 1431 Si
1194 1369 1271 1452 quid
1293 1375 1357 1443 est,
1381 1367 1466 1453 quod
1488 1370 1529 1433 ad
1550 1375 1647 1436 testes

286 1471 315 1519 ⁴⁰
323 1469 479 1538 reservet,
507 1460 551 1525 ibi
579 1479 709 1545 quoque
738 1479 814 1535 nos,
840 1466 877 1522 ut
904 1461 936 1522 in
966 1461 1036 1545 ipsa
1057 1481 1170 1538 causa,
1197 1463 1370 1545 paratiores
1391 1464 1528 1546 reperiet
1549 1483 1645 1549 quam

324 1558 465 1642 putabat.

407 1652 510 1715 XXX.
532 1647 583 1713 83.
611 1649 713 1714 Venio
735 1667 821 1710 nuno
843 1667 898 1722 eo,
926 1667 989 1731 quo
1012 1669 1061 1711 me
1083 1669 1149 1712 non
1171 1651 1326 1733 cupiditas
1349 1652 1455 1726 ducit,
1477 1650 1533 1716 sed
1555 1648 1644 1717 fides.

322 1747 402 1810 Nam
424 1747 450 1810 si
471 1745 548 1809 mibi
569 1744 682 1807 liberet
703 1760 868 1817 accusare,
891 1760 1072 1805 accusarem
1088 1743 1168 1808 alios
1187 1747 1309 1829 potius,
1332 1766 1372 1809 ex
1387 1745 1502 1831 quibus
1516 1764 1646 1829 possem

322 1861 478 1905 crescere:
507 1838 594 1925 quod
622 1844 743 1900 certum
766 1843 815 1900 est
840 1836 1045 1912 nonfacere,
1075 1838 1150 1901 dum
1171 1841 1325 1904 utrumvis
1346 1841 1463 1904 licebit.
1505 1841 1536 1903 la
1558 1842 1645 1904 enim

283 1936 398 2000 remini
426 1936 552 2000 ridetur
578 1930 806 2014 amplissimus,
836 1931 892 2015 qui
919 1950 977 1995 sua
999 1932 1114 1994 virtute
1136 1932 1170 1994 in
1191 1932 1334 1997 altiorem
1356 1934 1461 1997 locum
1482 1937 1645 2018 pervenit,

321 2052 386 2096 non
408 2033 464 2116 qui
486 2027 629 2094 ascendit
656 2045 714 2109 per
734 2025 864 2089 alterius
886 2025 1120 2089 incommodum
1144 2034 1175 2090 et
1196 2027 1413 2092 calamitatem.
1455 2031 1645 2094 Desinemus

320 2125 493 2212 aliquando
516 2143 554 2188 ea
575 2120 728 2194 scrutari,
750 2139 833 2203 quae
855 2126 928 2183 sunt
950 2119 1072 2182 inania:
1095 2141 1284 2204 quaeramus
1303 2124 1347 2186 ibi
1361 2120 1565 2200 maleficium,
1587 2124 1644 2186 ubi

321 2228 353 2285 et
378 2228 427 2285 est
453 2227 486 2283 et
505 2217 646 2282 inveniri
666 2219 781 2298 potest.
824 2214 890 2276 Iam
919 2213 1091 2295 intelliges,
1122 2216 1234 2293 Eruci,
1265 2224 1385 2281 certum
1407 2219 1525 2282 crimen
1546 2238 1645 2302 quam

319 2315 442 2379 multis·
458 2309 693 2396 suspicionibus
722 2315 927 2391 coarguatur:
953 2309 1078 2371 tametsi
1102 2328 1206 2394 neque
1229 2313 1335 2375 omnia
1356 2312 1457 2376 dicam
1479 2319 1512 2376 et
1532 2313 1645 2376 leviter

281 2408 565 2492 acunumquidque
587 2409 724 2486 tangam.
767 2405 878 2488 Neque
907 2403 990 2466 enim
1011 2402 1044 2465 id
1064 2401 1218 2480 facerem,
1246 2408 1307 2470 nisi
1328 2426 1458 2471 necesse
1480 2414 1578 2472 esset:
1609 2414 1645 2470 et

320 2505 353 2568 id
376 2505 436 2568 erit
456 2501 538 2585 signi
552 2517 603 2562 me
616 2498 749 2562 inritum
763 2497 883 2571 lacere,
906 2495 1072 2580 quodt'non
1091 2518 1266 2584 persequar
1278 2501 1420 2585 longius,
1445 2522 1541 2586 quam
1556 2501 1642 2565 selus

319 2597 416 2662 buius
438 2603 470 2660 et
490 2589 659 2660 meavfides
680 2591 884 2679 postulabit)
906 2587 957 2653 84.
981 2591 1114 2656 Causam
1136 2600 1170 2657 tu
1192 2595 1310 2659 nullam
1324 2596 1504 2680 reperiebas
1517 2599 1551 2661 in
1567 2597 1640 2659 Sex.

320 2691 453 2756 Roscio:
475 2697 509 2754 at
529 2707 588 2771 ego
609 2688 643 2751 in
664 2687 700 2750 Τ.
715 2686 830 2749 Roscio
845 2687 980 2769 reperio.
1013 2687 1131 2750 Tecum
1146 2690 1230 2752 enim
1245 2691 1321 2754 mibi
1334 2711 1385 2755 res
1400 2697 1463 2763 est,
1485 2692 1520 2752 T.
1536 2690 1639 2766 Rosci,

320 2787 472 2871 quoniam
492 2786 564 2848 istic
584 2782 675 2846 sedes
697 2801 734 2844 ac
754 2789 786 2844 te
803 2779 908 2864 palam
925 2779 1139 2845 adversarium
1154 2802 1223 2846 csse
1237 2781 1403 2866 profiteris.
1424 2785 1471 2848 De
1487 2784 1639 2867 Capitone

281 2887 394 2964 aspost
413 2878 600 2953 viderimus,
622 2877 665 2951 si,
688 2874 955 2959 quemadmodum
976 2883 1120 2959 paratum
1143 2897 1212 2942 esse
1227 2879 1338 2954 audio,
1360 2881 1449 2942 testis
1470 2878 1637 2961 prodierit3

319 2982 387 3039 tum
405 2975 484 3040 alias
507 2992 637 3058 quoque
659 2989 732 3034 suas
754 2968 874 3052 palmas
896 2976 1081 3052 cognoscet,
1103 2969 1143 3032 de
1166 2971 1281 3054 quibus
1300 2992 1350 3036 me
1365 2993 1406 3036 ne
1420 2973 1547 3038 audisse
1569 2974 1639 3056 qui·

318 3070 390 3133 dem
411 3068 599 3151 suspicatum.
641 3065 676 3128 L.
701 3064 826 3127 Cassius
847 3063 918 3137 ille,
941 3084 1036 3147 quem
1058 3064 1196 3147 populus
1217 3066 1378 3130 Romanus
1392 3069 1592 3132 verissimum
1607 3074 1640 3130 et

198 3157 201 3165 ’
318 3164 583 3250 sapientissimum
610 3157 749 3224 iudicem
774 3158 923 3241 putabat,
952 3158 1124 3222 identidem
1146 3160 1179 3221 in
1201 3161 1304 3223 causis
1326 3181 1478 3245 quaerere
1501 3161 1638 3237 solebat,

319 3261 396 3324 acui
418 3260 502 3323 bono
523 3255 665 3320 fuisset»)
712 3253 763 3317 Sic
783 3253 848 3316 vite
868 3253 1032 3317 bominum
1054 3260 1117 3328 est,
1139 3261 1175 3317 ut
1197 3252 1237 3316 ad
1259 3251 1447 3318 maleficium
1469 3275 1562 3319 nemo
1585 3276 1638 3319 co·

279 3361 410 3418 tenetur
438 3354 506 3416 sine
536 3371 593 3434 spe
622 3356 718 3433 etque
741 3346 953 3412 emolumento
976 3348 1136 3412 accedere.
1180 3344 1231 3408 85.
1253 3348 1345 3412 Hunc
1367 3351 1578 3434 quaesitorem
1599 3369 1637 3413 ao

316 3449 453 3514 iudicem
474 3445 637 3530 firgiebant
658 3449 753 3526 atque
774 3442 946 3506 horrebant
966 3443 1005 3517 ii,
1029 3443 1143 3526 quibus
1165 3442 1343 3525 periculum
1361 3444 1541 3519 creabatur,
1562 3443 1636 3507 ideo

317 3542 420 3628 quod,
441 3541 565 3606 tametsi
586 3537 726 3602 veritatis
749 3541 816 3599 erat
836 3537 973 3611 amicus,
996 3542 1101 3599 tamen
1118 3545 1231 3600 natura
1244 3557 1308 3600 non
1323 3545 1388 3602 tam
1402 3557 1579 3622 propensus
1595 3537 1636 3600 ad

315 3635 563 3702 misericordiam
589 3652 685 3718 quem
713 3631 892 3715 implicatus
914 3629 955 3694 ad
977 3633 1176 3696 severitatem
1197 3631 1371 3698 videbatur.
1413 3635 1497 3718 Ego,
1525 3651 1636 3719 quam·

381 3882 405 3932 4.
423 3879 564 3944 quodam
580 3890 613 3938 v;
633 3876 698 3939 quod
715 3874 758 3938 qut
773 3887 842 3926 ronse
859 3876 888 3926 G.
908 3899 936 3910 -
954 3875 978 3925 2.
997 3879 1042 3924 out
1057 3875 1162 3940 tepentis
1177 3873 1195 3930 8
1212 3877 1239 3928 in
1256 3889 1339 3941 marg.
1356 3903 1383 3915 —
1402 3877 1426 3929 3.
1445 3879 1475 3930 de
1491 3890 1545 3930 om.
1559 3879 1588 3930 G.
1604 3904 1633 3916 -

314 3957 383 4008 mccl
399 3958 428 4008 G.
449 3983 476 3993 -
495 3953 518 4006 4.
537 3958 565 4005 ut
581 3952 633 4017 itta]
652 3953 712 4002 dum
726 3951 773 4001 tlte
789 3949 866 4002 lectio
881 3951 955 4002 varie
972 3950 1043 4016 apud
1059 3949 1152 4002 bamb.
1173 3978 1200 3987 -
1219 3953 1243 4003 8.
1257 3951 1415 4014 pertinebunt
1431 3952 1464 4017 b,
1483 3953 1562 4006 codd.
1579 3952 1635 4019 ple·

313 4033 405 4098 rique,
423 4030 584 4082 utvidetur:
599 4027 740 4092 pertinebat
756 4028 920 4088 Gblxvec.
942 4047 970 4062 -
989 4026 1108 4090 quonum
1124 4027 1182 4079 lli:
1201 4040 1278 4090 quam
1294 4027 1406 4088 Txvc;
1425 4031 1547 4091 quonwco
1563 4030 1628 4082 (llll

314 4107 435 4172 ΟΗψε.
455 4133 483 4143 -
501 4106 526 4157 9.
545 4105 579 4155 cd
594 4117 678 4155 servor
693 4102 732 4154 vel
748 4107 817 4154 testes
832 4117 857 4154 v.
879 4129 906 4140 -
925 4102 965 4153 lo.
983 4101 1018 4152 tbi
1035 4114 1132 4164 quoque
1146 4115 1192 4152 coa
1209 4103 1275 4153 Gbll
1297 4105 1323 4154 et
1339 4105 1369 4166 2,
1390 4105 1420 4154 ut
1436 4104 1522 4157 Madv.
1541 4106 1634 4158 conie-

313 4182 365 4234 cit:
391 4181 425 4232 rot
444 4194 490 4232 uos
508 4193 605 4243 quoque
621 4180 725 4229 Orac.
747 4205 774 4214 —
799 4176 886 4242 ccmo]
910 4182 962 4228 tom
979 4179 1008 4228 G.
1029 4201 1057 4214 -
1075 4178 1196 4240 reperiret
1211 4178 1245 4229 bt.
1266 4203 1293 4212 —
1318 4178 1358 4229 42.
1376 4192 1443 4229 cuce
1459 4193 1513 4232 om.
1531 4181 1582 4233 tlt.
1603 4205 1631 4216 -

311 4270 362 4306 uon
379 4270 427 4320 quo
443 4269 484 4307 me
498 4257 528 4306 G.
548 4283 576 4293 —-
595 4254 635 4306 43.
654 4255 738 4304 liceret
754 4266 780 4303 v.
794 4279 823 4291 -
842 4254 882 4304 45.
897 4253 1011 4315 pepecit
1027 4265 1080 4304 om.
1094 4255 1123 4304 G.
1138 4277 1166 4288 -
1185 4253 1224 4303 ll.
1244 4265 1331 4316 quaer.
1350 4251 1385 4303 tbt
1400 4253 1484 4319 molas.
1496 4254 1539 4305 obt
1550 4255 1634 4308 Stein-

311 4333 398 4383 metz:
424 4344 511 4394 peocr.
528 4329 571 4381 ebt
586 4329 648 4380 mot.
666 4328 709 4380 obl
724 4330 782 4380 l’ar.
800 4329 824 4378 4.
843 4327 867 4380 l.
890 4329 926 4391 8.,
943 4342 973 4390 v,
1000 4329 1073 4391 Ora,
1092 4329 1122 4378 ut
1136 4326 1255 4389 videtum
1274 4340 1360 4390 queo.
1378 4327 1421 4379 ubi
1436 4329 1521 4394 metes.
1540 4330 1631 4392 G0c;

311 4419 399 4469 quaer.
422 4405 482 4456 mal.
503 4405 546 4455 obi
562 4407 625 4467 lta,
647 4407 706 4456 Per.
725 4404 749 4454 9.
769 4430 797 4440 -
822 4403 862 4454 48.
881 4408 904 4454 et
920 4403 963 4469 est]
989 4415 1042 4454 om.
1061 4407 1085 4454 et
1100 4405 1129 4454 T.
1150 4430 1177 4440 -
1199 4403 1320 4454 incertum
1336 4405 1429 4456 mmm
1445 4404 1538 4458 Lemb.
1557 4417 1631 4471 susp.

310 4483 344 4534 nt
365 4482 406 4534 est
426 4485 520 4532 cotom
542 4481 635 4531 mmor
656 4479 819 4542 criminatio,
846 4491 914 4543 queo
938 4476 1026 4530 multis
1043 4477 1238 4543 suspicionibus
1255 4480 1471 4544 argumentisque
1487 4477 1631 4545 probabilis

309 4557 368 4609 fleri
384 4558 480 4622 possit,
499 4554 605 4621 qualem
622 4556 675 4606 iam
693 4555 746 4606 Cic.
765 4556 822 4619 ipse
840 4555 867 4605 in
884 4556 912 4605 T.
928 4555 1052 4606 Roscium
1068 4552 1188 4604 intendit.
1207 4552 1245 4604 Cl.
1259 4553 1282 4617 5.
1296 4553 1336 4604 88.
1349 4561 1431 4606 certio
1446 4559 1589 4606 moseten
1601 4581 1629 4593 -

308 4633 349 4685 20.
367 4633 553 4696 onunqothoo
568 4629 736 4694 Wesenberg
753 4628 796 4694 (ad
812 4631 880 4680 sest.
899 4642 926 4694 p.
946 4629 976 4679 42
993 4629 1075 4692 nott:
1093 4628 1285 4691 unumquodque
1301 4628 1379 4681 codd.
1396 4631 1463 4682 eto.
1490 4631 1529 4684 Gt.
1542 4629 1629 4684 bledv.

308 4708 343 4760 ad
361 4708 411 4760 Cio.
428 4709 458 4759 de
473 4708 546 4758 Fine.
565 4720 592 4771 p.
611 4706 662 4768 39,
681 4719 697 4756 e
714 4717 767 4769 quo
784 4707 874 4756 temen
891 4703 1012 4755 dissentit
1027 4703 1125 4754 Jordan
1142 4702 1159 4754 l.
1173 4715 1196 4754 c.
1217 4730 1244 4740 -
1262 4703 1303 4754 24.
1321 4705 1460 4770 εῖαειιεπνς
1478 4707 1548 4770 cipro
1560 4704 1629 4756 conl.

252 4843 255 4848 ,
307 4783 430 4843 Weiske;
448 4783 476 4833 at
490 4795 516 4832 v.
535 4782 577 4832 Os.
597 4782 625 4831 et
640 4778 721 4830 Klotz.
740 4780 766 4830 in
777 4779 868 4831 Acuol.
884 4779 969 4842 pbttot.
987 4779 1057 4830 novis
1066 4777 1123 4830 Vol.
1135 4778 1168 4829 22
1185 4791 1211 4843 p.
1225 4778 1272 4829 473
1283 4791 1324 4844 sq.
1339 4779 1430 4844 (4838.)
1448 4808 1476 4819 -
1491 4793 1631 4844 possesor

307 4859 327 4910 L
344 4871 407 4910 cum
419 4857 479 4910 cod.
493 4859 521 4922 (t)
534 4855 634 4911 Ursini:
649 4868 791 4919 prosequor
807 4853 885 4907 codd.
900 4855 954 4906 noti
969 4855 996 4906 et
1007 4855 1035 4905 0.
1053 4882 1080 4892 -
1099 4853 1139 4905 28.
1153 4857 1182 4903 ot
1197 4855 1363 4917 epo--mes
1379 4867 1433 4905 om.
1446 4856 1476 4906 G.
1491 4881 1519 4893 -
1537 4855 1579 4907 24.
1592 4859 1631 4905 ot

307 4948 354 4998 qaae
370 4939 394 4985 te
410 4947 434 4984 a.
455 4945 484 4970 -·
499 4931 643 4996 profitearis
659 4929 804 4990 thCSx.
825 4956 854 4970 -
871 4930 912 4982 26.
931 4929 1104 4993 acospctmoa
1120 4941 1217 4990 quoque
1232 4942 1257 4980 v.
1273 4955 1300 4965 —
1318 4929 1360 4982 27.
1376 4930 1540 4994 comantem]
1557 4928 1577 4984 8
1593 4929 1630 4980 ait

306 5009 334 5059 in
354 5020 438 5071 marg.
457 5004 522 5059 allos
538 5003 628 5071 legere
645 5005 837 5068 emereamur,
865 5008 896 5056 ut
915 5005 980 5057 item
1003 5005 1139 5070 Zumptius
1160 5003 1195 5054 ad
1211 5004 1286 5056 verr.
1305 5019 1332 5071 p.
1351 5005 1407 5056 888.
1426 5004 1532 5067 maluit;
1558 5007 1586 5056 at
1600 5017 1628 5057 v.

307 5081 397 5134 adnot.
420 5095 511 5136 meam
536 5081 571 5133 ad
593 5082 669 5133 verr.
688 5079 730 5131 IV.
750 5079 774 5144 ἕ.
793 5080 850 5131 ata.
868 5094 896 5146 p.
915 5081 962 5132 427
981 5078 1023 5131 ed.
1042 5080 1112 5145 Lips.
1133 5107 1160 5117 -
1178 5081 1219 5132 28.
1234 5079 1349 5146 potabat]
1365 5079 1531 5144 proedbobot
1546 5081 1577 5131 H.
1599 5105 1628 5117 -·

307 5156 347 5210 ³0.
366 5157 513 5213 ettodtcem
529 5159 559 5210 tl.
579 5183 608 5196 -
626 5155 666 5210 82.
685 5159 770 5208 tomos
786 5167 840 5208 om.
859 5157 889 5207 G.
906 5181 935 5193 -
953 5154 994 5208 ³3.
1010 5154 1153 5221 implicates
1163 5155 1287 5210 codices:
1304 5154 1439 5208 tocltacm
1455 5156 1523 5210 cont.
1534 5155 1630 5212 Menu-
