3684 5862
302 415 343 485 44
597 422 748 488 ORATIO
769 422 849 488 PRO
871 423 961 492 SEX.
982 422 1129 489 ROSCIO
1151 423 1334 488 maluo

301 590 479 675 intelligere
500 609 627 674 posses,
660 593 716 678 qui
738 594 862 660 animus
884 594 1006 679 patrius
1028 594 1062 656 in
1084 593 1201 658 lihcros
1223 602 1321 671 esset,
1348 601 1382 659 at
1402 600 1515 660 natura
1536 604 1623 662 certo

302 685 406 760 dedit,
427 693 464 750 ut
484 686 690 751 humanitatis
705 708 769 751 non
784 707 895 770 parum
910 688 1053 752 hchcres.
1085 688 1131 750 Eo
1146 689 1279 752 accessit
1293 689 1433 752 studium
1449 690 1623 768 doctrinae,

302 786 339 841 ut
360 801 400 844 nc
421 779 575 846 alitteris
598 781 726 866 quidem
748 782 871 846 alienus
901 801 996 846 esses.
1038 781 1163 866 Ecquid
1185 782 1312 846 tandem
1333 783 1391 846 tihi
1413 785 1557 861 videtur,
1585 794 1624 852 ut

302 874 343 936 ad
361 874 487 939 dahulas
513 877 694 951 veniamus,
723 897 822 940 senex
849 877 903 940 ille
926 876 1124 940 Caecilianus
1156 877 1287 941 minoris
1308 877 1412 942 lacere
1433 881 1621 964 Eutychum,

277 964 403 1031 antium
417 970 586 1045 rusticum,
610 991 704 1055 mam
719 970 810 1033 illum
825 971 975 1046 alterum,
992 971 1269 1036 Chaerestratumi
1282 1005 1324 1022 -·
1338 993 1427 1047 uam,
1448 980 1485 1037 ut
1497 975 1623 1058 opinor,

300 1062 364 1126 hoc
384 1064 514 1126 nornine
536 1073 601 1129 est:
623 1099 665 1112 -
687 1065 821 1129 alterum
842 1067 875 1129 in
899 1066 976 1131 urhe
999 1086 1107 1130 secum
1127 1066 1261 1130 honoris
1282 1087 1378 1130 causa
1392 1068 1523 1144 hahere,
1546 1069 1624 1134 alte-

300 1175 372 1220 rum
393 1177 449 1220 rus
471 1160 622 1242 supplicii
645 1180 740 1224 causa
762 1160 942 1242 relegasset
985 1158 1036 1224 47.
1059 1161 1144 1236 Quid
1166 1160 1205 1224 ad
1221 1161 1298 1226 istas
1312 1161 1449 1245 ineptias
1463 1162 1553 1226 ahist
1575 1164 1624 1228 in·

302 1251 404 1335 quies.
439 1251 539 1327 Quasi
559 1273 635 1316 vero
657 1253 736 1316 rnihi
758 1250 887 1316 difficile
913 1255 955 1316 sit
977 1255 1123 1339 quamvis
1138 1255 1254 1317 multos
1269 1255 1455 1319 nominatim
1469 1255 1622 1338 prolerre,

301 1365 342 1410 ne
364 1346 491 1430 longius
512 1345 638 1423 cheam,
661 1347 711 1410 vel
733 1347 866 1410 tribules
887 1349 939 1412 vel
954 1349 1077 1412 vicinos
1096 1367 1200 1422 meos,
1224 1348 1280 1432 qui
1296 1368 1372 1412 suos
1387 1349 1518 1426 liberos,
1541 1372 1623 1435 quos

264 1451 292 1502 to
300 1440 429 1524 plurimi
450 1440 589 1516 faciunt,
610 1440 765 1523 agricolas
787 1441 934 1505 assiduos
956 1463 1026 1506 esse
1048 1441 1191 1524 cupiunt
1223 1443 1341 1505 Verum
1362 1442 1507 1506 homines
1528 1453 1623 1510 notos

301 1554 426 1598 sumere
448 1534 594 1598 odiosum
609 1542 674 1610 est,
696 1555 769 1598 cum
784 1541 816 1597 et
830 1535 909 1598 illud
925 1537 1080 1599 incertum
1096 1535 1154 1609 sit,
1176 1535 1316 1600 velintne
1331 1537 1354 1600 ii
1369 1557 1439 1600 sese
1454 1539 1621 1616 nominari,

300 1635 333 1693 et
354 1648 447 1691 nemo
468 1629 559 1692 vohis
580 1631 680 1712 magis
701 1637 798 1692 notus
819 1626 948 1693 futurus
969 1630 1025 1705 sit,
1049 1649 1144 1714 quam
1160 1637 1209 1692 est
1221 1629 1274 1692 hic
1289 1631 1469 1713 Eutychus,
1492 1640 1525 1698 et
1538 1643 1622 1697 certe

301 1723 340 1788 ad
363 1744 429 1789 rem
450 1723 530 1787 nihil
551 1724 692 1798 intersit,
719 1729 826 1786 utrmn
854 1723 941 1786 hunc
963 1743 1022 1807 ego
1045 1723 1202 1787 comicum
1224 1725 1473 1802 adolescentem,
1503 1748 1543 1791 an
1566 1728 1623 1792 ali·

302 1839 398 1904 quem
420 1839 460 1882 ex
481 1837 556 1901 agro
578 1819 711 1882 Veiente
734 1818 904 1882 nominem.
946 1818 1073 1882 Etenim
1094 1817 1173 1880 haec
1196 1814 1331 1881 conficta
1352 1817 1488 1884 arbitror
1511 1841 1580 1886 esse
1603 1842 1623 1886 a

263 1915 421 2001 inpolitis,
444 1921 480 1977 ut
501 1911 623 1978 effictos
645 1921 772 1978 nostros
792 1935 897 1978 mores
918 1914 952 1976 in
974 1913 1086 1978 alienis
1107 1913 1253 1995 personis
1276 1932 1523 1998 expressamque
1545 1916 1623 1980 ima-

299 2009 405 2093 ginem
430 2005 580 2094 [nostrae]
604 2009 688 2073 vitae
711 2009 916 2093 quotidianae
937 2007 1127 2071 videremus.
1170 2002 1221 2068 l8.
1242 2008 1309 2089 Age
1331 2027 1430 2082 nunc,
1452 2007 1535 2073 scier
1555 2013 1624 2074 ani·

301 2125 387 2168 mum
415 2105 459 2169 sis
486 2103 527 2168 ad
548 2105 713 2167 veritatem
738 2112 770 2167 et
792 2101 975 2174 considera,
1004 2121 1069 2164 non
1091 2100 1186 2163 modo
1206 2101 1241 2164 in
1264 2100 1391 2164 Umhria
1411 2108 1508 2186 atque
1530 2105 1563 2167 in
1585 2125 1624 2169 ea

298 2199 475 2274 vicinitate,
500 2198 555 2262 sed
576 2198 611 2260 in
632 2197 683 2260 his
705 2198 865 2262 veteribus
887 2195 1089 2278 municipiis,
1111 2214 1194 2279 quae
1216 2196 1322 2260 studia
1342 2197 1519 2279 apatrihus
1532 2199 1624 2262 fami·

298 2293 357 2356 lias
379 2293 516 2355 maxime
537 2292 722 2355 laudentur:
745 2293 808 2356 iam
830 2291 973 2378 profecto
995 2298 1027 2353 te
1049 2290 1207 2373 intelliges
1228 2291 1338 2373 inopia
1357 2290 1523 2354 criminum
1538 2314 1624 2357 sum·

260 2397 382 2452 tomam
403 2385 531 2449 laudem
554 2387 626 2449 Sex.
649 2386 765 2450 Roscio
789 2386 865 2450 vitio
889 2394 921 2450 et
942 2387 1054 2468 culpae
1073 2385 1210 2450 dedisse.
1254 2386 1505 2450 xvl1.Acnon
1527 2386 1621 2451 modo

83 2495 186 2586 ,ΓΞ-*ιτ
297 2483 360 2548 hoc
382 2490 509 2564 patrum
530 2482 695 2546 voluntate
716 2482 810 2545 liberi
831 2480 966 2556 faciunt,
989 2467 1242 2565 sedt'permultos
1265 2487 1296 2544 et
1319 2500 1378 2563 ego
1400 2482 1474 2566 pori
1490 2489 1537 2556 et,
1559 2481 1622 2545 nisi

118 2568 174 2596 ‘¹
299 2598 350 2642 nne
370 2576 453 2640 fallit
473 2578 614 2652 animus,
635 2598 720 2641 unus
744 2578 883 2662 quisque
904 2576 1062 2659 vestrum)
1084 2577 1139 2660 qui
1156 2582 1188 2638 et
1201 2575 1263 2657 ipsi
1278 2575 1399 2638 incensi
1415 2584 1490 2639 sunt
1504 2575 1622 2652 studio,

300 2670 388 2754 quod
418 2671 457 2733 ad
484 2690 595 2755 agrum
623 2672 792 2735 colendum
820 2674 949 2747 attinet,
981 2672 1144 2755 vitamque
1168 2671 1251 2733 hanc
1271 2670 1438 2744 rusticam,
1469 2690 1564 2753 quam
1586 2676 1622 2734 tu

298 2766 416 2849 prohro
439 2774 470 2830 ct
491 2767 614 2829 crimini
635 2774 731 2850 putas
754 2788 823 2831 esse
845 2775 1009 2850 oportere,
1032 2773 1065 2830 et
1084 2763 1340 2829 honestissimam
1356 2770 1389 2826 et
1402 2764 1622 2828 suavissimam

261 2869 369 2924 ncesse
391 2860 592 2924 arbitrantur.
636 2857 687 2922 49.
710 2860 797 2936 Quid
820 2879 931 2924 censes
953 2860 1039 2922 hunc
1061 2860 1166 2941 ipsum
1189 2859 1263 2921 Sex.
1277 2859 1443 2934 Roscium,
1468 2879 1532 2943 quo
1557 2867 1624 2922 stu·

299 2955 353 3018 dio
386 2961 418 3017 et
444 2975 509 3038 qua
537 2953 761 3037 intelligenda¹
777 2975 846 3019 esse
868 2954 902 3017 in
923 2953 1051 3016 rusticis
1072 2953 1189 3016 rehus‘l
1233 2953 1273 3016 Ut
1295 2973 1335 3016 ex
1357 2952 1407 3016 his
1429 2954 1622 3038 propinquis

299 3049 384 3124 eius,
406 3048 589 3112 hominihus
610 3048 860 3124 honestissimis,
882 3050 995 3124 audio,
1018 3069 1082 3113 non
1098 3057 1132 3113 tu
1149 3050 1182 3112 in
1198 3049 1259 3111 isto
1274 3044 1407 3112 artificio
1423 3049 1621 3112 accusatorio

299 3133 502 3207 callidior‘es
526 3163 624 3228 quam
644 3144 697 3208 hic
718 3146 752 3208 in
775 3166 844 3209 suo.
887 3146 1023 3219 Verum,
1055 3152 1092 3208 ut
1122 3145 1252 3228 opinor,
1285 3143 1437 3227 quoniam
1458 3143 1502 3207 ita
1526 3141 1624 3227 Chry-

299 3258 421 3321 sogono
443 3239 586 3315 videtur,
616 3239 672 3324 qui
694 3239 771 3303 huic
793 3241 917 3304 nullum
939 3241 1104 3324 praedium
1126 3239 1272 3323 reliquit,
1301 3243 1332 3300 et
1353 3233 1521 3301 artificium
1543 3238 1624 3302 ohli-

260 3333 439 3396 aoviscatur
460 3340 492 3396 et
514 3332 655 3398 studium
677 3334 818 3417 deponat
839 3335 956 3399 licehit.
989 3334 1084 3411 Quod
1107 3333 1231 3397 tametsi
1247 3332 1398 3395 miserum
1411 3338 1445 3394 et
1458 3331 1622 3415 indignum

299 3425 363 3492 est,
384 3417 464 3482 feret
485 3426 591 3482 tamm
612 3439 717 3503 aequo
732 3421 856 3495 animo,
879 3419 1019 3494 iudices,
1042 3420 1068 3482 si
1083 3440 1142 3502 per
1155 3438 1212 3482 vos
1227 3417 1324 3480 vitam
1340 3425 1371 3480 et
1385 3416 1500 3480 famam
1514 3423 1623 3498 potest

299 3512 453 3576 obtinere.
496 3514 564 3576 Hoc
586 3532 662 3577 vero
685 3521 746 3590 est,
769 3516 857 3599 quod
879 3515 954 3578 ferri
978 3533 1041 3577 non
1064 3520 1186 3596 potest,
1209 3512 1237 3575 si
1259 3519 1291 3574 et
1311 3512 1344 3575 in
1365 3511 1448 3574 hanc
1463 3510 1622 3574 calamita·

299 3613 364 3670 tem
385 3607 473 3670 venit
493 3613 626 3690 proptor
646 3607 849 3691 praediorum
870 3607 1044 3672 honitatem
1067 3615 1099 3671 et
1119 3607 1371 3679 multitudinem,
1400 3611 1447 3679 et,
1476 3605 1562 3689 quod
1585 3624 1622 3668 ea

147 3082 165 3168 t'

365 3791 389 3841 4.
403 3793 485 3854 possis
501 3795 531 3843 G.
552 3818 579 3829 -
598 3791 622 3842 3.
641 3793 729 3854 ecquid
745 3791 788 3843 ed.
807 3793 867 3843 Car.
886 3792 1028 3857 Stephani:
1048 3793 1108 3853 quid
1125 3793 1150 3843 ll
1159 3806 1198 3842 va
1208 3804 1237 3854 c,
1256 3793 1271 3842 7
1288 3793 1368 3853 Oxx.;
1386 3797 1447 3843 essct
1462 3792 1522 3854 quta
1533 3793 1553 3840 G
1566 3791 1621 3857 (pro

299 3879 361 3918 mser
376 3868 483 3932 ecpald).
503 3895 531 3904 -
549 3867 575 3919 4.
594 3867 757 3936 coactiones]
776 3867 929 3932 «Significat
946 3866 1050 3918 Caecilii
1072 3867 1145 3918 Statii
1167 3866 1421 3932 Hypobottmceum
1444 3881 1470 3918 v.
1488 3869 1566 3921 hlein.
1587 3867 1622 3918 od

299 3941 435 3996 llenandr.
454 3955 481 4007 p.
501 3943 556 3994 ⁴72.
577 3942 660 4006 [Com.
679 3943 771 4008 fragm.
789 3943 832 3994 lv.
851 3956 877 4008 p.
896 3943 965 4006 446.]
989 3945 1016 3994 et
1032 3941 1152 4008 Spengel.
1171 3944 1198 3994 in
1215 3942 1322 3994 Caecilii
1339 3943 1431 4007 fragm.
1449 3955 1475 4008 p.
1493 3944 1549 4004 44,
1576 3944 1621 4005 qut

299 4029 349 4082 pro
366 4017 505 4079 conchen
523 4043 550 4054 -
562 4019 689 4081 nummos
708 4017 765 4070 vult
787 4019 934 4070 Aescttown
946 4045 972 4055 -
985 4017 1141 4069 secusne.»
1158 4019 1202 4068 On.
1221 4017 1246 4070 4.
1271 4021 1305 4069 At
1320 4031 1346 4067 v.
1364 4018 1495 4072 liitscholii
1510 4021 1622 4084 mpo

298 4093 380 4144 Ptout
398 4093 417 4143 1.
437 4107 463 4159 p.
485 4093 532 4145 435
550 4095 604 4144 not.
625 4120 653 4131 -
676 4099 791 4157 cutpccm
806 4095 863 4154 um
886 4093 1015 4156 caducum
1031 4107 1063 4152 v;
1087 4093 1210 4144 mutum
1226 4095 1247 4143 G
1264 4093 1299 4156 (et
1315 4093 1354 4144 sic
1370 4093 1454 4158 inho).
1474 4121 1502 4134 -
1520 4096 1544 4146 4.
1562 4107 1622 4145 coo·

300 4172 436 4220 mtrotmn
453 4170 515 4220 Gll.
537 4194 564 4204 -
583 4169 608 4220 6.
625 4182 715 4220 omnm
730 4183 755 4220 v.
777 4197 805 4207 -
823 4169 848 4220 e.
866 4169 898 4220 stt
917 4182 971 4220 om.
996 4169 1046 4221 444.
1067 4195 1094 4204 -
1114 4169 1229 4232 prolerre
1245 4169 1371 4221 Ghlvc:
1396 4169 1512 4233 prosam
1531 4171 1622 4233 poesim

300 4243 446 4306 Ηῦχψα.
467 4269 495 4280 -
514 4244 538 4295 9.
556 4243 840 4297 tetbultsllclivac.
860 4273 889 4286 -
909 4245 949 4295 to.
965 4245 1104 4306 plurimum
1119 4245 1169 4295 444.
1185 4269 1212 4280 -
1232 4245 1272 4295 tl.
1291 4244 1397 4294 ctldv.
1413 4271 1438 4282 -
1458 4243 1486 4308 44]
1503 4244 1542 4295 sic
1558 4245 1622 4296 scri-

299 4318 358 4383 psi:
381 4317 407 4368 44
422 4315 510 4382 vulgo.
532 4345 559 4356 -
583 4317 623 4370 43.
642 4320 776 4371 mom.
795 4321 906 4371 CllSa.
927 4345 954 4356 —
976 4332 1020 4384 opo
1037 4331 1091 4370 om.
1110 4321 1139 4369 G.
1159 4345 1188 4354 -
1207 4318 1247 4371 44.
1268 4319 1438 4370 Vacunae:
1460 4319 1619 4380 coniectati,

299 4393 435 4444 ominem
450 4394 514 4455 hlv,
541 4394 636 4445 3011.
656 4421 684 4430 -
706 4394 774 4460 hoec]
798 4395 864 4446 heret
884 4398 913 4446 G.
935 4423 962 4433 -
984 4408 1034 4446 esse
1050 4409 1068 4444 o
1087 4397 1168 4458 poetic
1184 4395 1276 4445 Ghlv:
1303 4395 1412 4457 opoctt's
1427 4406 1477 4445 cccc
1493 4395 1570 4445 Oac.
1590 4418 1619 4431 -

302 4470 342 4520 tti.
360 4474 461 4520 nocuae
477 4470 617 4520 Hotomani
633 4468 692 4521 lihrl
708 4472 826 4522 veteres:
850 4475 964 4521 noemam
980 4471 1122 4529 Gllvcc;
1149 4467 1247 4520 delevit
1266 4473 1367 4520 costroe
1382 4467 1468 4522 Madv.
1487 4470 1582 4533 opusc.
1600 4469 1620 4518 4.

302 4558 330 4610 p.
351 4545 406 4596 484.
430 4569 459 4582 -
482 4545 621 4596 ctdcrcmau
642 4559 672 4596 c:
697 4546 832 4596 4443444444
852 4546 978 4600 (44408.
1001 4545 1130 4596 videamus
1149 4557 1200 4595 va.
1226 4569 1254 4580 -
1276 4544 1343 4607 refer
1369 4546 1404 4594 od
1426 4544 1539 4594 calmem
1559 4543 1619 4596 Sch.

303 4647 331 4657 -
345 4620 385 4671 48.
399 4619 637 4683 patribusfamilias
648 4622 692 4673 Lc
704 4635 710 4672 :
726 4621 840 4685 ponthus
848 4620 1018 4684 somtlttstlhl
1027 4621 1046 4671 C
1056 4621 1076 4671 Τ
1084 4632 1153 4680 xva
1165 4621 1198 4682 (v.
1209 4619 1312 4683 Zumpt.
1322 4619 1441 4670 achrr.
1454 4634 1480 4686 p.
1494 4621 1542 4672 648
1553 4622 1619 4685 sq.);

299 4694 415 4758 patribus
429 4695 543 4759 familiae
559 4695 636 4748 codd.
656 4697 767 4748 Gruteri.
788 4725 816 4734 -
835 4696 876 4746 49.
894 4701 918 4747 tc
933 4707 987 4746 om.
1006 4710 1031 4746 v.
1051 4721 1079 4732 -
1098 4696 1139 4746 20.
1158 4695 1189 4756 ct]
1207 4699 1282 4756 utque
1298 4697 1327 4744 G.
1345 4722 1370 4733 --
1388 4695 1429 4746 20.
1448 4709 1479 4746 oc
1494 4709 1545 4746 nco
1560 4697 1621 4756 htv,

302 4774 331 4822 ut
348 4771 417 4823 coni.
436 4771 598 4835 Heusinger:
617 4777 645 4822 ot
659 4787 710 4824 ooo
726 4773 838 4834 GOac,
857 4770 935 4822 codd.
953 4769 1010 4822 rell.
1029 4771 1093 4821 noti.
1120 4768 1159 4820 Cl.
1172 4768 1292 4831 Madvigii
1308 4770 1379 4832 optat.
1390 4770 1426 4820 od
1436 4770 1510 4821 orell.
1524 4783 1550 4835 p.
1564 4770 1620 4820 444.

304 4873 332 4884 -
351 4849 392 4898 tl.
410 4847 456 4898 hcc
472 4859 526 4897 om.
543 4859 569 4898 v.
590 4873 617 4883 -
636 4853 659 4898 ct
675 4847 728 4912 ogo]
745 4860 799 4898 om.
819 4852 842 4898 ct
858 4846 933 4906 Sch.;
959 4852 987 4896 ot
1003 4859 1047 4909 opo
1065 4846 1093 4896 C.
1116 4871 1142 4882 -
1160 4844 1218 4893 noct
1234 4855 1288 4894 cm.
1305 4847 1334 4894 G.
1355 4871 1382 4880 —
1401 4845 1442 4896 23.
1460 4846 1527 4906 qood
1542 4845 1576 4894 od
1591 4857 1620 4894 o:

303 4923 369 4987 pcod
385 4925 421 4984 G;
439 4935 487 4986 quo
504 4921 539 4971 cd
554 4919 596 4972 vel
614 4924 697 4984 quood
712 4923 893 4986 llclluaeva.
915 4948 941 4958 -
960 4920 1001 4972 34.
1020 4925 1043 4970 ot
1059 4933 1128 4971 mco.
1148 4924 1171 4970 ct
1186 4919 1277 4968 honest.
1295 4932 1320 4970 v.
1341 4945 1369 4956 -
1387 4920 1428 4971 46.
1446 4920 1484 4970 lu'c
1500 4922 1527 4970 et
1542 4919 1623 4970 mms-

302 4997 373 5049 44444
391 5011 444 5050 om.
463 4999 492 5047 G.
512 5021 541 5034 -
565 4997 606 5048 444.
626 5009 650 5047 cs
666 5010 719 5048 om.
738 4998 798 5050 Sch.
818 4999 845 5048 et
860 5010 886 5048 v.
907 5023 933 5033 -
957 4997 997 5048 30.
1016 4995 1103 5060 licebit]
1126 4993 1200 5045 libero
1215 4993 1295 5044 licebit
1311 4994 1364 5046 Tv.
1385 5021 1413 5030 -
1431 4993 1472 5045 34.
1489 4994 1567 5058 [mot
1582 4993 1623 5044 hta

304 5075 358 5126 Cll
367 5089 421 5135 χν.
440 5099 469 5112 -
486 5071 574 5140 potest]
592 5073 684 5138 poterit
699 5074 728 5128 1..
749 5098 776 5109 -
799 5072 841 5126 34.
860 5071 970 5138 optinere
987 5073 1042 5124 (lv.
1063 5097 1090 5106 -
1111 5069 1175 5133 sori
1190 5069 1258 5122 nullo
1273 5070 1346 5122 modo
1359 5073 1439 5134 potest
1454 5069 1515 5120 Sch.
1535 5093 1562 5106 -
1581 5067 1621 5118 33.

302 5151 396 5202 ament
412 5163 438 5202 v.
