3684 5862
580 425 654 496 cu.
675 427 877 494 xux-r.
904 424 962 512 ee.
984 423 1182 496 ree-ue.
1504 370 1546 499 oe

304 597 377 668 443.
398 602 517 667 Verum
537 599 618 670 haec
640 595 1024 686 omnissoratio,)ut1am
1045 607 1119 666 aute
1136 601 1204 666 dixi
1211 599 1314 678 ,fmea
1328 610 1394 682 est,
1416 625 1504 716 qua
1494 625 1546 672 me

218 699 266 766 uti
292 715 343 768 res
370 696 499 780 publica
527 702 560 760 et
581 695 673 760 dolor
694 715 783 758 meus
807 701 839 758 et
859 695 994 759 istorum
1015 695 1132 760 iniuria
1153 697 1280 784 oodgit)
1313 698 1387 764 Sex.
1410 673 1545 765 Roscius

217 795 332 863 horum
353 791 434 856 nihil
455 791 620 874 indignum
641 797 750 873 putat;
772 789 933 853 neminem
954 796 1098 867 accusat,
1120 790 1201 854 nihil
1223 793 1263 856 de
1277 812 1336 858 suo
1351 794 1544 904 patrimonio

218 889 377 974 queritur,
399 891 492 970 putat
511 885 607 952 homo
629 884 796 968 imperitus
813 901 953 958 morum,
974 884 1113 970 agricola
1129 891 1161 948 et
1173 887 1328 963 rusticus,
1350 889 1412 953 ista
1427 889 1544 966 omnia,

218 1002 301 1068 quae
321 1002 379 1047 ros
401 1002 459 1066 per
480 979 601 1044 Sullam
622 985 710 1062 gesta
733 977 944 1054 4444644464,
967 997 1070 1052 more,
1092 977 1180 1061 lege,
1201 980 1272 1044 iure
1287 981 1429 1064 gentium
1443 981 1543 1049 iacta:
1566 995 1582 1043 o

218 1079 312 1162 culpa
324 1077 476 1141 liberatus
491 1081 524 1138 et
538 1073 670 1138 crimine
687 1071 810 1136 nefario
826 1072 951 1136 solutus
966 1072 1055 1154 cupit
1068 1091 1089 1136 a
1101 1072 1194 1136 vobis
1211 1074 1386 1140 discedere.
1420 1072 1493 1141 tlt.
1504 1078 1544 1141 vSi

216 1172 276 1238 hac
307 1172 438 1254 indigna
469 1168 652 1251 suspicione
685 1173 805 1242 carcat,
838 1165 945 1229 animo
975 1185 1079 1250 aequo
1109 1187 1143 1230 se
1173 1187 1280 1234 carere
1304 1170 1372 1235 suis
1394 1171 1544 1235 omnihus

217 1267 393 1333 commodis
414 1265 507 1340 dicit;
529 1268 621 1345 rogat
635 1268 769 1345 oratque
784 1267 833 1337 te,
857 1259 1078 1344 chrysogone,
1101 1261 1129 1324 si
1143 1262 1224 1325 nihil
1238 1264 1277 1326 de
1292 1265 1392 1348 patris
1405 1265 1543 1330 fortunis

216 1361 420 1446 amplissimis
441 1359 476 1422 in
498 1376 588 1422 suam
608 1375 675 1419 rem
697 1355 869 1430 convertit,
900 1353 928 1416 si
948 1354 1037 1417 nulla
1058 1354 1093 1416 in
1115 1375 1149 1419 re
1172 1363 1203 1420 te
1225 1356 1402 1438 fraudavit,
1433 1361 1461 1425 si
1483 1361 1543 1425 tihi

216 1458 336 1541 optima
356 1451 419 1520 lide
439 1471 498 1519 sua
524 1451 632 1514 omnia
658 1448 832 1524 concessit,
862 1449 1099 1524 annumeravit,
1128 1451 1297 1535 appendit,
1328 1453 1356 1518 si
1377 1455 1541 1531 verutum,
1551 1469 1580 1518 44

215 1571 280 1636 quo
313 1550 384 1633 ipse
413 1553 514 1612 tectus
542 1549 626 1618 erat,
658 1543 855 1627 anulumque
885 1542 925 1605 de
951 1543 1051 1624 digito
1078 1563 1170 1608 suum
1192 1545 1249 1608 tihi
1271 1547 1419 1624 tradidit,
1450 1549 1479 1613 si
1501 1569 1544 1614 ex

216 1644 363 1710 omnihus
385 1642 481 1706 rebus
502 1659 537 1702 se
558 1638 663 1720 ipsum
685 1637 806 1700 nudum
827 1655 932 1720 neque
955 1643 1119 1719 praeterea
1142 1639 1319 1724 quidquam
1341 1643 1484 1726 excepit,
1506 1649 1543 1707 ut

215 1739 277 1803 sihi
298 1756 358 1820 per
387 1742 419 1799 te
441 1734 537 1797 liceat
562 1732 725 1795 innocenti
747 1731 920 1794 amicorum
943 1731 1058 1813 opibus
1079 1733 1177 1796 vitam
1198 1734 1233 1796 in
1254 1743 1395 1818 egestate
1416 1737 1541 1820 degere.

215 1834 251 1896 L.
274 1829 346 1894 446.
368 1828 501 1893 Ptaedia
523 1846 594 1890 mea
609 1833 644 1888 tu
657 1826 820 1909 possides,
843 1843 902 1907 ego
918 1825 1023 1890 aliena
1036 1825 1256 1894 misericordia
1270 1829 1361 1894 vivo:
1383 1831 1540 1906 concedo,

216 1935 249 1992 et
269 1926 358 2010 quod
379 1923 505 1987 animus
526 1939 649 2004 aequus
671 1925 720 1982 est
741 1927 774 1982 et
794 1917 872 2002 quia
893 1938 1024 1984 necesse
1046 1926 1104 1984 est.
1134 1923 1206 1988 Mea
1227 1922 1343 1988 domus
1363 1923 1423 1988 tihi
1443 1930 1579 2008 patetis

215 2021 293 2086 mihi
315 2020 424 2083 clausa
445 2023 512 2080 est:
533 2014 612 2077 iero.
640 2014 774 2078 Familia
794 2032 865 2076 mea
879 2015 1018 2078 maxima
1032 2019 1066 2078 tu
1081 2016 1199 2092 uteris,
1222 2036 1281 2100 ego
1297 2037 1423 2084 servum
1436 2017 1541 2082 haheo

214 2115 354 2178 nullum:
377 2111 482 2196 patior
503 2116 536 2174 et
555 2108 721 2172 serendum
743 2114 831 2190 puto.
876 2107 1032 2184 Quidvis
1054 2110 1216 2193 amplius?
1239 2112 1318 2197 quid
1339 2113 1540 2198 insequeris?

215 2208 293 2295 quid
315 2199 503 2291 oppugnas?
525 2223 589 2289 qua
609 2204 643 2266 in
664 2222 699 2264 re
720 2209 807 2266 tuam
828 2201 1025 2266 voluntatem
1046 2203 1130 2268 laedi
1153 2225 1172 2268 a
1190 2225 1240 2270 me
1261 2210 1377 2290 puteat
1398 2208 1454 2272 uhi
1476 2208 1541 2272 tuis

214 2301 390 2368 commodis
419 2295 549 2364 officio‘l
577 2296 656 2381 quid
684 2295 743 2359 tihi
772 2296 887 2360 ohsto‘t
921 2297 956 2359 Si
986 2297 1163 2380 spoliorum
1191 2319 1287 2366 causa
1307 2302 1356 2367 vis
1376 2301 1540 2367 hominem

214 2396 372 2469 occidere,
402 2391 566 2476 spoliasti3
595 2390 673 2475 quid
695 2391 822 2474 4444444
844 2390 1003 2473 amplius?
1032 2393 1061 2456 si
1082 2393 1337 2473 inimicitiarum,
1360 2416 1444 2482 quae
1465 2403 1578 2464 sumac

213 2492 270 2558 tihi
299 2487 484 2553 inimicitiae
512 2505 584 2549 cum
614 2504 669 2559 eo,
702 2484 794 2548 cuius
823 2491 896 2549 ante
925 2486 1056 2570 praedia
1082 2487 1273 2570 possedisti,
1306 2510 1402 2574 quam
1432 2491 1540 2576 ipsum

212 2583 412 2670 cognovisti?
435 2580 463 2644 si
484 2586 604 2654 metus,
627 2579 666 2643 ah
689 2599 771 2643 eone
792 2579 916 2664 aliquid
938 2580 1067 2656 metuis,
1090 2601 1187 2667 quem
1202 2583 1294 2647 rides
1315 2585 1421 2668 ipsum
1443 2587 1482 2651 ah
1504 2606 1540 2650 se

211 2691 276 2748 tam
305 2687 445 2744 atrocem
473 2674 623 2739 iniuriam
650 2674 837 2757 propulsare
866 2693 932 2737 non
959 2678 1079 2758 posset
1108 2677 1175 2755 sin,
1210 2677 1296 2763 quod
1323 2679 1422 2758 hona,
1455 2699 1540 2766 quae

212 2773 320 2841 Roscii
340 2772 485 2845 luerunt,
509 2775 564 2833 tua
584 2768 668 2832 iacta
689 2775 778 2842 sunt,
800 2767 919 2832 idcirco
940 2768 1027 2832 huno
1049 2769 1137 2834 illius
1155 2767 1257 2836 lilium
1271 2774 1380 2839 studes
1394 2776 1538 2859 perdere,

212 2888 319 2936 nonne
351 2865 493 2932 ostendis
521 2863 555 2926 id
582 2868 614 2926 to
635 2863 753 2937 vereri,
776 2863 865 2947 quod
886 2870 1012 2947 praeter
1032 2872 1155 2930 ceteros
1176 2870 1212 2930 tu
1233 2873 1374 2933 metuere
1394 2889 1462 2934 non
1482 2869 1576 2936 64-44

210 2966 304 3039 heae,
325 2983 367 3026 ne
384 2960 513 3045 quaudo
528 2957 637 3022 liberis
650 2959 901 3066 proscriptorum
915 2958 1000 3023 hona
1013 2959 1117 3042 patria
1130 2961 1326 3026 reddantur?
1359 2960 1431 3027 446.
1446 2963 1538 3028 Facis

210 3058 376 3132 iniuriam,
400 3053 621 3162 Chrysogono,
643 3053 671 3115 si
692 3052 844 3117 maiorem
866 3073 957 3135 spem
978 3053 1148 3136 emptionis
1170 3057 1275 3122 tuse
1265 3077 1299 3121 rn
1317 3057 1415 3122 huius
1437 3056 1537 3137 exitio
1604 3123 1607 3131 ,

211 3153 307 3239 ponis
329 3169 425 3235 quam
446 3148 481 3210 in
502 3147 542 3210 iis
564 3146 677 3222 rebus,
700 3147 838 3230 quasL.
861 3147 968 3210 Sulla
965 3145 1080 3229 gessit
1115 3147 1250 3223 Quod
1225 3170 1252 3214 sr
1266 3150 1325 3214 tihi
1339 3171 1436 3217 causa
1449 3152 1539 3217 nulla

213 3254 274 3324 est,
308 3265 365 3308 cur
391 3242 477 3307 hunc
507 3241 657 3304 mismum
680 3246 766 3305 tanta
787 3240 964 3305 calamitate
986 3238 1068 3305 allici
1090 3242 1189 3318 velis,
1221 3245 1250 3308 si
1270 3244 1329 3308 tihi
1352 3246 1460 3310 omnia
1480 3265 1539 3310 sua

211 3346 338 3427 praeter
369 3337 507 3402 animam
539 3335 684 3412 tradidit,
716 3355 776 3398 nec
805 3335 866 3399 sihi
889 3335 1066 3419 quidquam
1086 3343 1255 3419 paternum
1275 3358 1317 3402 ne
1339 3340 1576 3412 mouumentiso

213 3433 344 3521 quidem
372 3450 468 3495 causa
500 3430 581 3495 clam
608 3429 797 3504 reservarit,
826 3450 885 3513 per
911 3430 989 3494 deos
1017 3431 1227 3507 immortales,
1240 3429 1340 3520 (quae
1367 3433 1431 3498 ista
1449 3440 1538 3501 tanta

1624 686 1765 799 ..ι

1668 869 1678 909 l

1664 923 1683 970 0

212 3526 383 3593 cmdelitas
404 3526 473 3588 esti
497 3543 580 3618 quae
602 3529 667 3588 tam
687 3522 755 3587 iera
768 3524 984 3608 immanisque
998 3517 1142 3624 naturay
1155 3525 1236 3601 Quis
1250 3546 1404 3611 umquam
1417 3529 1537 3612 praedo
1614 3579 1638 3599 .,
1659 3517 1692 3590 ΓΞ,
1715 3544 1721 3555 ·

277 3732 301 3782 4.
318 3731 387 3782 rotie
404 3731 432 3780 o.
448 3755 476 3767 -
494 3730 519 3780 4.
538 3729 598 3781 Sec.
611 3729 713 3780 44444444
728 3729 832 3795 iladvig
844 3730 899 3795 (Op.
912 3731 932 3782 l.
945 3744 972 3796 p.
986 3730 1067 3794 l38.):
1084 3730 1128 3781 446
1144 3731 1246 3783 Roscius
1256 3731 1347 3797 codd,
1364 3733 1394 3784 0.
1409 3759 1437 3770 -
1455 3731 1480 3784 4.
1492 3733 1540 3783 4444-

207 3808 306 3872 perttur
319 3817 420 3856 44444444
435 3804 546 3855 4444444444
562 3819 593 3865 ις
611 3805 741 3868 impertias
755 3818 842 3856 rerem
857 3819 913 3856 var.
931 3805 1010 3857 lectio
1026 3807 1054 3856 in
1070 3818 1155 3871 marg.
1169 3806 1274 3872 Lamia,
1292 3821 1362 3873 quae
1378 3808 1471 3873 utique
1487 3807 1540 3860 tre·

212 3884 335 3950 quentior
351 3881 448 3933 locutio
466 3883 516 3932 est.
531 3908 558 3916 -
577 3881 626 3931 4444
643 3881 736 3945 4444444]
753 3882 838 3932 emoto
853 3881 899 3931 4444
915 3883 953 3943 (4;
972 3894 1025 3934 om.
1044 3881 1093 3932 4444
1105 3882 1136 3932 Η.
1151 3908 1179 3918 -
1199 3883 1223 3934 6.
1236 3895 1254 3933 4
1266 3883 1337 3933 444444
1347 3883 1377 3934 (l.
1392 3909 1420 3918 -
1438 3881 1480 3932 40.
1494 3883 1540 3932 46-

210 3957 352 4012 moret
368 3958 446 4007 (444.
467 3982 495 3992 -
513 3957 631 4020 46444644
647 3958 676 4007 (4.
698 3984 725 3993 -
744 3958 784 4008 44.
803 3957 955 4018 semenque
971 3957 1001 4008 64
1016 3955 1094 4022 444444
1111 3969 1185 4008 amm
1200 3957 1245 4008 4444
1260 3957 1365 4010 44464644
1379 3958 1409 4009 s.
1427 3957 1540 4009 4444444-

211 4048 291 4088 ι4444
308 4035 335 4085 44
345 4031 454 4085 Lamb.:
472 4032 624 4096 4444444444
640 4033 706 4084 dedit
721 4046 749 4083 44
763 4045 836 4083 4444444
852 4031 896 4082 4444
911 4033 1017 4084 44464644
1028 4032 1171 4096 (illuso,
1190 4032 1269 4085 codd.
1287 4030 1346 4084 rell.
1359 4057 1387 4070 -
1408 4031 1448 4083 44.
1465 4030 1540 4082 reduc

211 4125 265 4164 om.
284 4111 313 4162 C.
334 4134 361 4146 -
381 4109 423 4162 43.
438 4121 486 4172 per
500 4107 533 4173 te]
551 4113 635 4172 petere
651 4109 702 4160 444.
723 4135 751 4146 -
767 4107 796 4157 ie
811 4112 943 4172 egestatem
959 4107 1095 4168 Gsi'xv.
1116 4134 1145 4146 -
1169 4107 1210 4158 40.
1228 4112 1263 4160 444
1277 4113 1303 4160 44
1318 4121 1350 4160 c:
1376 4112 1437 4160 44444
1453 4109 1537 4161 (4440

211 4189 301 4248 ilva,
319 4184 507 4248 4444444Τψ;
529 4185 606 4235 ests.
628 4209 656 4220 -
675 4182 744 4247 quta]
762 4196 842 4246 quere
857 4197 883 4233 v.
904 4209 931 4220 -
955 4176 995 4233 40.
1013 4183 1168 4234 4444444444.
1188 4209 1217 4220 -
1235 4182 1440 4236 mauricelii
1462 4183 1536 4234 eti:

107 4293 112 4300 -
211 4275 265 4313 om.
282 4266 311 4312 444
325 4273 404 4322 vac,
431 4258 510 4310 codd.
529 4256 586 4310 rell.
604 4260 673 4320 noti,
692 4258 721 4311 0.
741 4284 769 4294 —
786 4259 893 4321 4444444]
914 4260 1043 4322 4444446
1060 4258 1338 4327 (enumerantem).
1358 4285 1387 4297 -
1413 4258 1455 4309 40.
1472 4258 1539 4309 44464

211 4342 281 4388 tuero
295 4335 391 4387 4444444
409 4347 477 4385 4
448 4339 570 4398 -putus
585 4347 639 4386 om
653 4336 726 4385 G
745 4333 786 4385 40.
799 4333 1043 4396 potestativo:
1062 4346 1117 4384 om.
1129 4333 1320 4400 GHSqeae·
1291 4333 1379 4385 -4.4
1398 4333 1535 4384 eetetill:

210 4417 286 4465 44444
301 4413 448 4464 Orac-
467 4411 508 4462 44.
527 4411 663 4476 4444444444
674 4410 789 4460 (44444
807 4409 917 4474 cognosti
933 4409 1020 4460 4404.
1047 4407 1117 4459 Vera
1129 4407 1236 4460 videtur
1253 4406 1356 4474 plenior
1372 4406 1457 4460 lorma
1472 4420 1539 4494 pro-

210 4490 270 4553 pter
285 4485 570 4538 homoeoteleuton.
587 4486 610 4536 44
624 4491 703 4537 oseae
714 4484 817 4549 iladvig
834 4485 889 4550 (Op.
902 4485 923 4535 l.
942 4497 968 4549 p.
981 4482 1065 4548 4444.
1081 4484 1121 4534 sto
1136 4484 1225 4535 44444444
1240 4482 1538 4544 mouumentum

210 4563 359 4628 Heusinger
382 4562 546 4622 coniecerat;
572 4561 607 4613 64
627 4563 650 4612 44
671 4563 762 4612 autem
777 4573 803 4610 v.
821 4560 856 4612 44
874 4558 996 4622 Scyllerti
1017 4562 1088 4621 spur.
1105 4559 1222 4610 4444444444
1236 4572 1264 4625 p
1283 4559 1307 4610 0.
1327 4549 1538 4624 (Brandenburgl

210 4636 342 4700 4840-4
368 4637 465 4700 etquid
481 4643 579 4689 4444444
595 4637 673 4701 (iud,
697 4637 804 4696 444444
830 4634 880 4687 446
901 4633 990 4685 firmat
1006 4633 1178 4686 indicativum
1194 4635 1271 4686 aros.
1289 4634 1369 4686 44444.
1387 4645 1415 4697 p
1427 4629 1534 4682 444.-

209 4711 402 4763 obsedllll:
420 4713 583 4774 oaeCTv;
602 4712 842 4764 4444440444-
860 4710 901 4762 43.
919 4711 1090 4773 4444444644
1108 4722 1161 4761 om.
1181 4711 1382 4774 quodtillva,
1399 4706 1534 4759 lon.-

208 4788 251 4839 40.
269 4791 362 4837 tecm
379 4798 406 4836 ι.
426 4811 454 4822 -
472 4785 575 4838 6444444
590 4788 659 4838 coni.
677 4787 834 4851 Heusinger.
854 4812 882 4822 -
900 4786 942 4837 40.
959 4785 1023 4850 44444
1038 4785 1161 4836 4444444444
1176 4787 1205 4837 4..
1223 4785 1320 4849 844444,
1339 4785 1494 4846 0444444444
1504 4782 1533 4832 4..

211 4891 240 4900 -
257 4861 298 4914 44.
317 4859 476 4912 amotos-em
493 4874 546 4913 om.
564 4875 590 4912 u.
611 4889 639 4900 -·
657 4863 698 4914 48.
716 4863 748 4913 444
765 4862 833 4914 CL:
852 4861 1015 4913 tlrllvec.
1036 4862 1174 4912 —a'om
1192 4875 1219 4914 v.
1239 4887 1268 4901 -
1285 4861 1533 4912 4464444444.-

209 4937 251 4989 49.
270 4935 346 5001 46444
362 4937 392 4985 s.
412 4962 440 4973 -
458 4935 499 4986 30.
514 4936 625 5001 praeter]
639 4943 744 5002 propter
761 4938 794 4989 44.
809 4961 837 4974 -
855 4949 887 4986 ee
901 4936 1020 4987 4444444444
1035 4950 1059 5000 q.
1073 4939 1102 4988 G.
1117 4962 1144 4973 -
1163 4936 1204 4988 34.
1222 4949 1302 4988 coece
1316 4935 1384 4986 44444
1398 4929 1536 4984 4444644444

209 5009 263 5064 Pal.
283 5011 307 5062 4.
326 5011 354 5062 44
368 5017 413 5075 sp:
432 5023 511 5061 44444
526 5011 595 5063 olore
609 5014 718 5066 44444444
734 5011 879 5074 004444,
897 5010 952 5064 Pal.
966 5011 1004 5072 3.;
1023 5024 1102 5064 cauae
1119 5013 1181 5064 6444
1196 5012 1305 5064 semovit
1320 5012 1380 5072 Τχ,
1398 5009 1435 5059 St.
1453 5005 1531 5063 Viat,

209 5085 263 5138 Pal.
281 5088 320 5148 8.;
347 5099 426 5138 44444
448 5088 728 5160 removit—Mac,
755 5088 828 5153 quod
849 5087 966 5152 praelert
982 5089 1069 5140 Garat.
1089 5087 1136 5153 (44,
1158 5088 1204 5154 qul
1221 5089 1324 5140 ceterae
1340 5081 1482 5136 vametatee
1499 5091 1533 5130 ex

206 5161 382 5228 dittographia
397 5173 456 5215 voc.
474 5175 554 5216 44444
569 5161 620 5230 (cc)
637 5165 708 5215 ortes
724 5164 865 5218 existimat.
