3638 5868
308 395 372 464 278
677 405 720 468 IN
740 401 907 469 VERREM
927 402 1051 468 ACTIO
1073 402 1257 469 SECUNDA

308 577 546 647 remanserunt,
575 571 632 637 sed
654 573 763 649 444444,
783 580 821 637 ut
841 574 987 658 permulti
1008 573 1183 658 locupletes
1203 573 1360 650 homines,
1380 574 1485 658 magni
1506 579 1539 640 et
1558 575 1639 638 navi

309 675 459 740 aratores,
480 685 574 749 agros
595 667 675 731 latos
697 687 734 730 ac
754 667 874 732 fertiles
896 669 1078 732 desererent
1097 674 1245 752 totasque
1259 670 1416 732 arationes
1431 667 1637 752 derelinqua-

309 767 390 825 rent.
425 761 462 822 ld
478 759 558 824 adeo
573 761 646 824 sciri
660 760 809 826 facillime
823 767 928 846 potest
941 782 982 827 ex
996 763 1108 826 litteris
1122 762 1256 846 publicis
1271 763 1443 837 civitatum,
1463 768 1638 846 propterea

310 854 398 941 quod
412 855 483 938 lege
494 855 663 918 Hieronica
674 875 824 920 numerus
839 863 997 921 aratorum
1013 858 1182 940 quotannis
1197 855 1281 940 apud
1296 857 1494 940 magistratus
1506 855 1635 939 publice

287 948 525 1018 esubscrihitur.
566 950 674 1013 llecita
694 948 838 1025 tandem,
861 957 941 1034 quot
961 953 1118 1033 acceperit
1138 957 1277 1014 aratores
1299 951 1365 1033 agri
1385 950 1533 1014 Leontini
1554 950 1636 1013 Ver·

310 1065 372 1109 res.
392 1075 434 1092 -·
456 1060 603 1108 auxius.
624 1077 667 1092 -
689 1049 871 1127 quotenne
893 1043 987 1107 tertio
1009 1044 1232 1127 profiteantur:
1258 1077 1301 1094 -
1321 1063 1425 1108 xxxu.
1445 1045 1579 1107 -Duo
1601 1047 1636 1106 et

311 1139 544 1224 quinquaginta
564 1145 704 1202 aratores
725 1138 771 1201 ita
791 1139 884 1203 uideo
901 1139 1050 1213 deiectos,
1070 1138 1171 1201 uthis
1185 1158 1226 1200 ne
1240 1138 1350 1202 vicarii
1364 1139 1494 1222 quidem
1509 1157 1636 1202 sucees-

310 1234 420 1298 serint.
464 1232 551 1308 Quot
570 1239 710 1295 aratores
732 1231 920 1296 adveniente
941 1239 973 1295 te
987 1232 1117 1295 fuerunt
1129 1233 1197 1315 agri
1210 1233 1427 1315 Mutycensis?
1462 1230 1634 1294 Videamus

311 1347 352 1390 ex
373 1326 485 1390 litteris
507 1325 654 1411 publicis.
674 1359 716 1373 -
739 1344 902 1390 ccxxxvrr.
915 1359 958 1374 —
980 1326 1064 1402 Quid
1087 1345 1171 1390 anno
1194 1327 1309 1390 tertio‘I
1342 1342 1476 1390 nxxxvr.
1500 1325 1634 1388 Centum

275 1428 343 1490 soet
352 1440 452 1484 unum
466 1428 605 1485 aratores
618 1441 702 1484 unus
717 1439 793 1504 ager
806 1421 897 1483 istius
911 1420 1030 1483 iniuria
1044 1420 1212 1494 desiderat,
1226 1428 1323 1505 atque
1338 1419 1419 1483 adeo
1434 1419 1633 1504 respublica,

312 1518 463 1603 quoniam
489 1516 545 1578 illa
571 1513 682 1600 populi
711 1515 843 1578 Romani
869 1514 1035 1596 uectigalia
1057 1522 1147 1590 sunt,
1176 1515 1262 1577 hunc
1282 1520 1330 1578 tot
1350 1521 1475 1597 patrum
1498 1512 1634 1576 familias

309 1632 476 1678 numerum
505 1609 664 1673 desiderat
691 1616 723 1672 et
751 1608 899 1692 reposcit.
948 1610 1032 1690 Ager
1058 1608 1255 1672 Herbitensis
1282 1609 1384 1693 primo
1414 1628 1498 1672 anno
1523 1606 1635 1671 hebuit

309 1716 449 1773 aratores
478 1724 578 1779 cenis,
606 1703 702 1767 tertio
724 1721 799 1766 cxx.
839 1703 922 1766 Hinc
952 1723 1061 1767 cxxxu
1089 1710 1195 1788 patres
1223 1701 1359 1766 familias
1387 1711 1530 1767 extorres
1559 1723 1634 1785 pro·

308 1804 467 1886 fugerunt.
499 1797 705 1882 Agyrinensis
720 1815 805 1880 ager,
828 1816 964 1880 quorum
977 1796 1157 1860 hominuml
1181 1817 1277 1880 quam
1291 1797 1514 1861 honestoruml
1537 1817 1633 1880 quam
1721 1835 1726 1842 -
1796 1757 1797 1792 ἶ

271 1910 301 1957 44
309 1891 530 1979 locupletium!
553 1892 708 1955 ducentos
723 1889 956 1983 quinquaginta
972 1897 1112 1954 aratores
1126 1890 1239 1953 habuit
1251 1891 1353 1975 primo
1368 1911 1452 1955 anno
1467 1901 1632 1977 praeturae

307 1999 391 2056 tues.
424 1987 509 2064 Quid
523 1986 617 2049 tertio
631 1987 738 2048 annot
759 2004 857 2058 cxxx,
880 2003 976 2068 quem
991 1983 1031 2046 ad
1046 1985 1175 2048 modum
1191 1984 1311 2067 legatos
1325 1987 1539 2070 Agyrinenses
1554 1985 1633 2049 reci·

307 2091 375 2148 tare
397 2102 439 2145 ex
460 2080 573 2144 litteris
593 2078 731 2163 publicis
756 2077 900 2141 audistis.
952 2079 1018 2141 Lll.
1047 2073 1118 2141 tel.
1148 2080 1208 2142 Pro
1239 2080 1271 2142 di
1300 2079 1509 2144 immortales!
1542 2080 1571 2143 si
1592 2099 1634 2142 ex

307 2173 471 2266 prouincia
499 2181 566 2237 tota
592 2192 676 2236 ccxx
697 2171 862 2247 eiecisses,
892 2191 1046 2253 possesne
1075 2173 1194 2236 seueris
1221 2173 1381 2238 iudicibus
1406 2174 1513 2238 salsus
1541 2175 1633 2237 esset

307 2272 395 2335 Unus
415 2288 492 2353 ager
504 2266 711 2350 Agyrinensis
734 2281 821 2330 ccxx
841 2266 1018 2329 aratoribus
1039 2267 1165 2330 inanior
1187 2287 1259 2330 cum
1276 2267 1326 2341 sit,
1347 2287 1405 2332 vos
1419 2267 1635 2332 coniecturam

269 2367 404 2433 rototius
431 2361 612 2448 prouinciae
640 2379 748 2423 nonne
780 2359 926 2422 facietis?
972 2361 1078 2444 Atque
1106 2359 1168 2423 hoc
1196 2379 1355 2445 peraeque
1383 2363 1417 2425 in
1444 2361 1530 2423 omni
1558 2380 1634 2444 egro

307 2461 483 2522 decumano
506 2454 687 2539 reperietis:
715 2454 834 2538 quibus
856 2451 978 2537 aliquid
1002 2461 1107 2517 tamen
1128 2454 1244 2539 reliqui
1264 2455 1361 2519 fuerit
1382 2475 1422 2518 ex
1445 2474 1558 2538 magno
1579 2475 1635 2540 pa-

305 2550 464 2623 trimonio,
486 2567 542 2612 eos
564 2548 597 2611 in
616 2549 700 2631 egris
715 2549 838 2612 minore
852 2549 1072 2622 instrumento,
1096 2549 1200 2612 minus
1215 2549 1322 2612 multis
1338 2549 1421 2632 iugis
1435 2553 1633 2626 remansisse,

306 2646 393 2730 quod
415 2643 607 2716 metuebant,
630 2642 657 2706 si
680 2640 909 2716 discessissent,
931 2661 971 2703 ne
993 2640 1132 2723 reliquas
1154 2642 1297 2706 fortunas
1313 2663 1423 2708 omnes
1439 2645 1633 2708 amitterent:

306 2737 423 2824 quihus
444 2744 550 2800 eutem
572 2736 632 2800 iste
654 2735 735 2799 nihil
756 2735 883 2819 reliqui,
906 2735 993 2818 quod
1014 2735 1199 2819 perderent,
1220 2737 1354 2812 fecerat,
1376 2757 1431 2801 ecs
1453 2738 1547 2822 plane
1568 2759 1634 2801 non

268 2832 410 2900 saeclum
442 2851 483 2896 ex
511 2831 612 2914 agris,
641 2849 750 2894 verum
778 2849 820 2893 ex
845 2829 1025 2892 civitatibus
1054 2829 1120 2893 suis
1149 2831 1338 2913 profugisse.
1390 2831 1440 2895 llli
1469 2833 1550 2916 ipsi,
1577 2833 1632 2916 qui

306 2934 531 2999 remanserant,
553 2925 609 2991 vix
630 2924 764 3016 decuma
785 2943 857 3009 pars
873 2932 1043 2998 aratorum,
1066 2924 1203 3007 relicturi
1218 2945 1310 3008 egros
1326 2946 1436 2989 omnes
1451 2933 1549 3017 mant,
1571 2927 1633 2988 nisi

306 3020 346 3086 ed
369 3040 424 3086 eos
445 3018 591 3084 Metellus
612 3021 713 3082 Roma
734 3018 855 3081 litteras
879 3018 1025 3092 misisset,
1048 3038 1082 3082 se
1105 3018 1253 3082 decumus
1275 3019 1345 3102 lege
1367 3020 1536 3084 Hieronica
1558 3039 1634 3084 ven-

306 3115 455 3189 diturum,
478 3121 509 3176 et
529 3113 592 3176 nisi
614 3112 653 3176 ab
674 3113 716 3176 iis
736 3112 798 3175 hoe
820 3112 993 3195 petivisset,
1014 3121 1050 3176 ut
1072 3121 1212 3176 sererent
1232 3113 1524 3197 quamplurimum,
1547 3116 1634 3200 quod

307 3209 353 3273 illi
376 3227 501 3292 semper
521 3207 571 3270 sui
593 3227 688 3271 causa
708 3206 859 3279 fecerent,
882 3226 954 3268 cum
976 3226 1032 3269 ecs
1054 3225 1147 3270 nemo
1170 3214 1304 3289 rogaret,
1328 3227 1423 3291 quam
1442 3205 1496 3271 diu
1519 3209 1635 3273 intelli·

268 3305 423 3388 scgehnnt
444 3322 514 3367 sese
536 3301 596 3365 sihi
619 3309 651 3364 et
671 3300 791 3384 populo
813 3302 965 3374 Romano,
986 3319 1052 3363 non
1066 3301 1156 3363 Vemi
1175 3309 1207 3364 et
1220 3302 1360 3385 Apronio
1376 3320 1490 3376 serere,
1512 3302 1635 3384 impen-

306 3398 390 3473 dere,
411 3397 564 3460 laborare.
609 3389 680 3458 tii.
703 3396 770 3458 lam
791 3413 877 3467 vero,
899 3395 1033 3468 iudices,
1055 3395 1082 3458 si
1098 3394 1277 3458 Siculorum
1297 3395 1442 3460 fortunas
1466 3394 1634 3478 negligitis,

307 3494 342 3568 si,
364 3488 658 3577 quemadmodum
678 3489 758 3553 socii
780 3487 892 3571 populi
914 3489 1048 3552 Romani
1069 3509 1087 3552 a
1109 3489 1343 3571 magistratibus
1364 3489 1480 3554 nostris
1501 3496 1636 3554 tracten-

373 3763 397 3812 4.
414 3759 502 3826 tornaci
517 3756 601 3822 4344ς
619 3755 696 3821 ancos·
713 3755 728 3806 6
745 3755 810 3807 dett.
826 3784 853 3793 -
866 3757 891 3808 2.
910 3755 987 3806 laetos
1003 3753 1036 3806 al.
1056 3757 1083 3806 iu
1100 3769 1184 3820 marg.
1203 3756 1277 3808 4484.
1295 3755 1328 3808 cl.
1347 3759 1460 3812 Gronov.
1478 3759 1513 3812 sd
1524 3761 1579 3814 le.
1591 3759 1634 3823 44,

307 3835 348 3890 ld.
369 3836 582 3898 -relinquerent
602 3830 680 3896 Lgli.
703 3829 736 3882 cl.
754 3831 856 3882 lluehn.
882 3831 916 3882 ad
932 3831 1010 3882 Tusc.
1029 3832 1059 3881 ll.
1085 3832 1126 3893 ll,
1152 3831 1192 3884 33.
1214 3859 1240 3870 -
1260 3831 1284 3884 l.
1304 3835 1443 3894 qnodonnis
1463 3835 1584 3899 434944.
1605 3863 1632 3872 -

306 3912 484 3978 mantuano
500 3908 569 3974 4344
580 3907 621 3961 44.
641 3934 669 3945 -
686 3909 712 3958 c.
731 3909 788 3972 4344
805 3908 844 3970 4.]
861 3909 987 3972 43444444
1004 3908 1081 3972 4344.
1103 3934 1131 3944 -
1149 3908 1173 3959 6.
1191 3909 1323 3959 LXXXIIII
1338 3910 1421 3974 igit:
1439 3911 1561 3962 LXXXIII
1575 3908 1632 3962 rell.

308 3987 478 4038 0.-XXXII.
491 3982 758 4047 aunonensem
765 3984 791 4032 II
797 3988 819 4033 et
828 3985 913 4048 quinq.
926 3983 1009 4047 4344ς
1020 3981 1130 4033 IOIXIII
1139 3987 1162 4032 et
1173 3997 1197 4045 q.
1210 3983 1353 4047 agrem
1366 3985 1462 4036 XXIIII.
1475 3998 1553 4036 44444
1568 3991 1592 4053 et
1608 3999 1632 4047 q.

308 4061 371 4114 dett.
386 4063 415 4113 0.
430 4089 458 4101 -·
470 4061 494 4111 7.
513 4060 602 4111 deletos
617 4056 645 4116 l;
658 4058 745 4107 eiectos
756 4069 828 4123 susp.
842 4057 945 4118 lamb„
964 4071 1033 4122 quae
1045 4058 1155 4122 quidem
1172 4057 1293 4108 firmatur
1304 4059 1457 4110 conlectum
1469 4060 1493 4125 g.
1507 4063 1563 4112 ⁴22.
1576 4061 1631 4112 447.

308 4136 365 4188 448.
384 4137 417 4188 At
428 4134 451 4200 5.
467 4135 515 4186 448
526 4135 579 4185 duo
591 4134 684 4199 optimi
702 4132 780 4184 codd.
794 4135 904 4194 44444444,
923 4132 966 4184 alli
982 4132 1045 4184 boni
1062 4134 1165 4184 delectos
1180 4131 1294 4194 habent;
1313 4137 1341 4184 et
1357 4139 1399 4187 est
1414 4148 1479 4187 sane
1497 4138 1635 4200 exiguusc

308 4209 412 4264 subtilis
424 4211 519 4261 horum
531 4205 675 4260 verborum
688 4207 846 4270 differentia,
860 4213 889 4260 ut
900 4208 990 4260 multis
1000 4209 1090 4260 verbis
1102 4209 1182 4260 docet
1190 4208 1287 4260 Tullius
1298 4211 1323 4260 ln
1333 4224 1372 4261 or.
1382 4224 1409 4276 p.
1420 4213 1499 4263 Caec.
1511 4235 1537 4247 ·-
1548 4208 1636 4261 Malim

307 4287 347 4336 iis.
359 4286 428 4336 llnrr.
440 4309 467 4322 -
480 4283 505 4336 8.
517 4285 654 4345 Aetnensis
664 4282 748 4347 4344ς
767 4285 909 4335 italicensis
919 4285 988 4347 4349
999 4285 1020 4336 A
1031 4285 1065 4344 li;
1079 4285 1225 4334 Mutinensis
1235 4283 1299 4334 dett.
1315 4311 1347 4356 -·
1356 4285 1380 4334 9.
1394 4285 1542 4336 CLXXXVII
1550 4283 1633 4349 egle:

309 4361 481 4421 CLXXXVIII,
495 4359 635 4411 CLXXXIII
642 4361 672 4420 A,
686 4359 849 4411 CLXXXVIII
857 4359 914 4411 rell.
925 4361 986 4410 0.-
996 4359 1063 4423 quid]
1073 4364 1132 4421 quot
1140 4357 1233 4409 Lami).
1243 4359 1402 4410 -LXXXVI
1412 4361 1515 4412 Centum
1525 4365 1548 4410 et
1558 4372 1637 4410 unum

309 4436 392 4500 egle:
411 4435 449 4487 cI.
468 4435 599 4486 LXXXVII
612 4433 706 4500 pleriq.
727 4435 756 4486 0.
771 4461 799 4474 ·-
813 4436 841 4486 ln
857 4437 877 4487 li
895 4436 982 4486 im
996 4441 1019 4486 et
1037 4436 1080 4485 VII
1094 4439 1221 4493 orowrcs3
1246 4435 1273 4484 in
1289 4437 1311 4485 A
1327 4435 1414 4485 LXXX
1426 4441 1449 4486 et
1462 4436 1512 4485 IIII
1523 4441 1591 4486 orat.
1606 4463 1634 4474 -

309 4514 350 4563 40.
368 4523 409 4568 ees
421 4525 449 4574 p.
473 4508 555 4574 egle:
584 4515 671 4562 nostro
691 4524 732 4561 res
747 4524 775 4573 p.
793 4509 850 4561 rell.
869 4512 898 4562 0.
920 4537 946 4548 -·
967 4511 1006 4561 44.
1029 4516 1065 4562 444
1080 4523 1134 4561 om.
1152 4508 1295 4573 4349444.
1316 4537 1344 4548 -
1363 4511 1403 4561 44.
1424 4511 1530 4572 moscii
1544 4515 1568 4560 44
1584 4511 1634 4561 der.

310 4587 387 4651 eges.
402 4611 431 4624 -
443 4585 568 4638 4444444444
578 4585 656 4649 4344.
671 4612 697 4622 -
712 4586 752 4636 43.
765 4584 974 4649 cunilagine:
994 4585 1098 4638 CCIVII
1106 4581 1162 4634 rell.
1176 4585 1205 4635 0.
1221 4611 1248 4622 -
1262 4584 1448 4648 omingin
1459 4598 1497 4648 cp:
1509 4585 1638 4638 CXXXVII

310 4661 366 4714 rell.
386 4663 415 4714 0.
435 4688 462 4697 -
480 4661 591 4726 familias
607 4675 633 4712 ne
649 4666 700 4712 emt.
718 4659 797 4725 4344.
812 4687 840 4698 -
854 4659 895 4712 tl.
912 4661 1138 4712 4444444444444444
1154 4659 1231 4722 ugni.
1247 4685 1273 4696 -
1288 4662 1328 4711 44.
1347 4661 1505 4724 emptorem
1520 4662 1543 4712 N
1560 4663 1587 4712 et
1603 4661 1633 4712 l:

310 4739 457 4801 ncnptenn
473 4737 538 4788 dett.
553 4763 581 4774 -
595 4738 636 4788 le.
654 4737 723 4801 quid]
741 4741 801 4797 quot
816 4736 844 4786 L.
860 4765 887 4774 -
902 4738 941 4787 47.
961 4737 996 4787 lit.
1012 4735 1081 4798 publ.
1100 4734 1182 4799 Lgli:
1198 4734 1266 4797 pull.
1286 4735 1391 4787 4444414.
1405 4737 1434 4786 0.
1450 4736 1532 4787 -·l8.
1545 4735 1635 4801 CLXX]

311 4814 373 4867 CIX
387 4812 470 4876 4344ς
489 4811 591 4864 GGLXII
605 4812 683 4877 agen,
702 4811 751 4862 sed
767 4811 811 4862 hic
821 4809 904 4862 altero
916 4809 983 4871 loco,
1002 4810 1049 4861 ubi
1059 4823 1154 4862 verum
1165 4822 1306 4861 numerum
1324 4809 1356 4862 ln
1372 4809 1463 4870 hebet,
1481 4809 1591 4861 CLXXX.
1605 4837 1634 4847 -

310 4887 359 4940 40.Ι
369 4901 450 4938 nonne
466 4885 495 4939 l:
513 4901 564 4936 non
580 4886 645 4937 dett.
663 4886 693 4936 0.
712 4886 744 4937 cl.
763 4886 849 4937 Hense
867 4887 900 4937 ad
916 4887 1006 4950 4444443.
1028 4886 1117 4936 Vorles.
1136 4899 1162 4950 p.
1176 4882 1233 4936 474).
1249 4887 1303 4936 not.
1318 4913 1346 4923 -
1359 4887 1400 4938 44.
1412 4886 1478 4950 iupis
1488 4884 1556 4949 4344
1567 4885 1585 4936 I
1596 4885 1632 4936 N:

311 4965 371 5015 locis
391 4960 448 5013 rell.
468 4987 496 4998 -
515 4963 623 5014 44444444
643 4962 791 5012 4444444444
812 4962 877 5013 dett.
901 4987 929 4998 -
955 4961 995 5012 43.
1018 4962 1180 5012 discessissent
1201 4958 1283 5024 Lgltr
1304 4962 1457 5012 receserunt
1477 4960 1533 5012 rell.
1556 4961 1585 5012 0.
1605 4985 1633 4998 -·

310 5038 352 5092 nl.
369 5037 471 5100 retiqsstt
486 5037 551 5088 dett.
572 5064 600 5074 -
618 5049 659 5088 eos
675 5049 728 5088 om.
748 5036 812 5088 dett.
832 5063 859 5073 -
878 5036 919 5086 27.
938 5049 963 5086 se
975 5035 1043 5099 4344
1055 5051 1092 5098 co:
1110 5048 1165 5087 cm.
1178 5034 1233 5086 rell.
1248 5059 1277 5072 -
1289 5035 1330 5087 48.
1348 5035 1381 5086 od
1395 5037 1434 5087 nis
1449 5036 1518 5103 4349
1528 5040 1550 5088 Α
1560 5035 1590 5088 Β.
1604 5060 1633 5076 -

311 5110 600 5179 reconstruere:
618 5125 667 5164 444
681 5109 739 5163 rell.
757 5112 787 5162 0.
807 5136 835 5150 -
854 5111 894 5164 34.
911 5111 1004 5167 tanton
1018 5111 1041 5166 si
1057 5113 1078 5168 ll
1096 5114 1123 5168 et
1138 5110 1167 5168 l:
1186 5123 1239 5166 om.
1258 5110 1323 5167 cen.
