3710 5858
293 436 344 486 xl!

295 590 481 658 invenisset
508 589 606 657 nobis
635 589 804 676 impertire
826 591 939 658 vellet.
983 589 1078 674 Quae
1099 611 1179 679 spes
1199 611 1272 662 cum
1294 612 1361 660 non
1383 593 1561 660 fefellisset
1583 597 1618 661 et

294 713 494 805 Madvigius
523 716 654 800 priores
681 732 761 780 suas
787 713 1037 782 emendationes
1063 717 1162 781 novis
1188 717 1336 806 egregiis
1357 716 1523 802 auxisset,
1549 733 1616 781 non

294 837 517 903 dubitavimus
544 837 657 905 folium
681 832 734 903 72
756 841 892 905 nostrae
922 836 1077 906 editionis
1104 839 1222 906 iterum
1248 841 1341 926 typis
1363 837 1616 906 exscribendum

294 978 429 1044 curare,
457 963 495 1025 ut
524 962 631 1027 oratio
662 964 818 1048 quantum
847 961 918 1028 fieri
945 964 1079 1045 poterat
1101 960 1275 1028 emendata
1304 961 1540 1047 publicaretur.
1575 962 1616 1028 ln

294 1084 526 1170 supplemento
549 1089 658 1150 autem
681 1083 836 1150 editionis
857 1088 1068 1174 argumenta,
1100 1085 1219 1171 qulbus
1239 1083 1437 1174 Madvigius
1457 1083 1617 1151 emenda-

294 1208 406 1272 tiones
427 1205 635 1274 confirmavit
652 1189 698 1274 'et
721 1224 806 1293 quae
828 1205 869 1274 de
897 1207 1025 1292 aliquot
1046 1208 1131 1274 locis
1152 1207 1289 1273 aliarum
1311 1207 1495 1273 orationum
1516 1207 1616 1292 plane

294 1329 450 1419 egregie,
478 1332 517 1395 ut
537 1329 687 1415 adsolet,
713 1333 953 1398 commentatus
983 1338 1035 1398 est
1056 1330 1243 1413 attulimus,
1273 1331 1428 1421 religioni
1456 1329 1617 1398 ducentes

294 1450 470 1539 quidquam
497 1456 763 1538 praetermittere
792 1473 904 1520 eorum
927 1471 1012 1540 quae
1033 1455 1087 1520 vir
1108 1473 1252 1520 summus
1273 1455 1444 1522 nobiscum
1466 1472 1617 1521 commu-

294 1576 478 1642 dicaverat.

377 1819 435 1887 Ad
468 1825 703 1888 orationem
734 1822 1014 1890 Milonianam
1046 1823 1223 1912 Peyronus
1255 1823 1288 1889 in
1323 1818 1395 1891 Cic·
1429 1825 1527 1889 orati.
1555 1841 1615 1909 pro

293 1936 424 2010 Scauro
447 1946 511 2010 cet
536 1943 734 2035 fragmentis
749 1940 1000 2036 (Stuttgardiae
1021 1949 1057 2011 et
1075 1945 1250 2037 'lubingae
1274 1944 1390 2013 1824.
1404 1945 1454 2019 4.)
1474 1947 1615 2033 amplum

295 2069 492 2152 apparatum
513 2068 663 2135 criticum
686 2069 840 2156 collegit,
861 2069 1061 2136 lectionibus
1082 2067 1232 2136 codicum
1247 2070 1616 2159 Lagomarsinianarum

294 2189 444 2256 omnibus
466 2209 498 2275 p·
521 2185 602 2256 232
624 2208 697 2275 sqq.
719 2190 916 2276 descriptis3
938 2211 1001 2258 nos
1022 2195 1134 2260 tumen
1156 2194 1240 2259 satis
1261 2192 1433 2260 habuimus
1453 2191 1617 2257 lectiones

293 2310 445 2379 codicum
467 2309 756 2396 Germanicorum,
779 2332 823 2379 ex
845 2313 963 2399 quibus
985 2314 1329 2406 tegernseensis
1350 2317 1451 2379 antea
1471 2309 1615 2377 noudum

292 2437 377 2500 satis
405 2437 563 2525 cognitus
591 2437 681 2526 erat,
711 2438 862 2526 integras
891 2437 1077 2519 rettulisse,
1106 2439 1258 2525 quoniam
1280 2455 1323 2502 ne
1345 2436 1380 2500 in
1400 2434 1463 2501 hac
1485 2432 1615 2521 quidem

295 2559 447 2625 oratione
470 2559 680 2647 interpolatis
702 2558 874 2628 codicibus
894 2561 1111 2628 ltalicisulla
1135 2559 1216 2628 tides
1237 2559 1352 2626 haberi
1374 2561 1497 2642 potest.

377 2805 416 2870 ln
447 2806 554 2872 tribus
582 2805 788 2873 orationibus
815 2825 901 2893 quae
922 2808 1124 2891 sequuntur,
1154 2823 1237 2891 quas
1257 2805 1463 2895 grammatici
1484 2805 1616 2870 nomine

292 2922 647 2996 Caesarionarum
682 2931 858 3015 complecti
891 2932 1018 3014 solent,
1050 2930 1228 3016 pleraeque
1255 2929 1419 2996 lectiones
1448 2927 1615 2993 meliorum

293 3050 442 3118 codicum
472 3055 534 3117 iam
560 3056 640 3119 ante
668 3071 731 3118 nus
761 3053 919 3142 cognitae
947 3054 1053 3117 erant.
1095 3051 1260 3118 Auximus
1287 3057 1399 3116 tannen
1419 3053 1629 3138 apparatum·

292 3175 460 3258 criticum,
483 3174 609 3260 aliquot
632 3173 817 3258 codicibus,
845 3195 980 3262 quorum
1002 3175 1166 3241 lectiones
1188 3173 1307 3240 alierre
1331 3176 1614 3260 operaepretium

292 3298 399 3362 visum
428 3300 480 3362 est
509 3327 550 3340 -
572 3315 648 3362 uam
673 3317 716 3365 ex
746 3299 895 3384 pluribus
916 3300 1079 3365 lectiones
1100 3299 1289 3382 exscriptas
1310 3297 1468 3364 habemus
1491 3335 1530 3346 -
1551 3295 1615 3362 ad-

293 3417 422 3504 hibitis,
452 3421 486 3485 in
517 3422 635 3506 quibus
657 3424 710 3486 est
736 3423 879 3506 optimus
909 3421 1248 3506 Gemblaceusis,
1276 3439 1364 3487 nunc
1385 3419 1616 3486 Bruxeliensis

293 3562 379 3608 num.
403 3537 520 3608 5345.
562 3539 634 3610 Sed
655 3547 709 3610 est
730 3545 865 3630 saepius
886 3547 920 3610 in
943 3543 995 3610 his
1021 3545 1227 3612 orationibus
1250 3542 1392 3609 difficilis
1414 3545 1506 3627 aptio
1529 3545 1616 3607 inter

292 3666 478 3751 scripturas
500 3665 637 3733 duarum
659 3667 870 3754 familiarum,
901 3669 1050 3733 velutin
1072 3668 1307 3751 Deiotariana,
1336 3669 1368 3731 in
1391 3685 1455 3752 qua
1476 3667 1615 3731 alterius

292 3787 437 3854 familiae
451 3791 516 3854 iam
530 3791 614 3855 satis
629 3791 853 3874 interpolatae
872 3807 992 3877 agmen
1008 3788 1099 3856 ducit
1114 3788 1223 3856 codex
1237 3788 1410 3857 Gudianus
1423 3805 1509 3852 num.
1523 3783 1615 3871 335,

293 3928 358 3996 quo
379 3909 526 3976 nondum
547 3906 715 3979 vetustior
736 3911 832 3977 huius
860 3914 1021 3978 orationis
1042 3915 1199 3978 inventus
1221 3917 1283 3978 est.
1325 3910 1406 3977 Nam
1429 3912 1458 3975 sl
1479 3912 1615 3975 veteres

292 4037 528 4123 grammaticos
558 4037 592 4100 et
622 4033 790 4118 rhetores,
821 4037 875 4121 qui
897 4033 986 4100 haud
1009 4052 1133 4120 paucos
1154 4054 1199 4100 cx
1221 4033 1272 4101 his
1295 4034 1500 4100 orationibus
1519 4033 1614 4098 locus

292 4155 453 4239 afferunt,
474 4156 642 4241 audimus,
664 4157 697 4221 in
720 4155 795 4221 aliis
815 4156 899 4223 locis
915 4157 1053 4223 alterius
1068 4159 1174 4222 utrius
1188 4157 1331 4222 familiae
1353 4157 1515 4222 lectiones
1529 4172 1615 4222 con-

294 4278 441 4346 firmatos
462 4278 623 4346 videmus.
664 4278 737 4346 Nos
759 4277 886 4364 quidem
909 4279 1083 4363 familiam,
1105 4281 1198 4345 cuius
1220 4280 1389 4365 principes
1410 4281 1489 4344 sunt
1510 4275 1615 4346 Gem-

293 4403 460 4469 blacensls
483 4409 516 4469 et
539 4402 768 4486 Erfurteusis,
791 4402 839 4466 ita
860 4403 968 4468 secuti
989 4421 1101 4468 summ
1116 4404 1153 4466 ut
1168 4401 1197 4466 ci
1217 4419 1280 4466 nos
1295 4418 1362 4466 non
1376 4399 1615 4484 addiceremus,

292 4527 322 4591 si
342 4527 430 4593 ratio
452 4527 536 4592 olias
556 4526 720 4592 lectiones
742 4522 982 4608 praeferendas
1005 4541 1080 4588 csse
1103 4521 1331 4608 persuaderet

377 4768 499 4836 liestat
532 4772 569 4833 ut
599 4767 676 4854 quid
706 4769 739 4830 in
769 4767 976 4833 orationibus
1011 4764 1282 4851 Philippicis
1316 4762 1546 4838 emendandis,
1580 4767 1612 4830 in

293 4893 411 4977 quibus
438 4893 585 4981 egreglis
614 4889 770 4957 subsidiis
791 4887 895 4954 adiuti
918 4907 1066 4974 eramus,
1096 4887 1316 4969 effecerimus,
1346 4891 1461 4974 paucis
1482 4887 1612 4977 signifi-

292 5031 414 5082 cemus.
449 5013 591 5081 Pn'mum
614 5015 698 5079 enim
722 5012 818 5078 nobis
840 5031 931 5077 nova
951 5010 1085 5077 collatio
1108 5009 1234 5079 codicis
1257 5011 1402 5097 primarii
1420 5010 1608 5078 Vaticani
