3644 5874
356 452 419 522 raa
765 428 1258 526 omrrornonuuanm

354 625 469 690 fretum
498 625 539 691 ad
568 625 749 692 consulatus
777 627 963 711 petitionem
984 627 1112 712 aggredi
1137 649 1194 713 par
1214 635 1271 694 est.
1313 628 1405 692 Paria
1426 647 1587 711 cognosco
1608 647 1667 692 esse
1774 589 1783 638 ,¹

356 721 418 784 ista
437 721 471 784 in
491 721 527 785 L.
542 722 671 786 Ilurena
693 729 787 805 atque
809 723 852 786 ita
873 723 977 805 paria,
1001 731 1037 785 ut
1056 743 1161 806 neque
1182 723 1251 806 ipse
1265 721 1417 805 dignitate
1431 722 1518 786 rinei
1540 722 1668 806 potuerit

357 832 463 897 neque
483 823 515 878 te
536 815 688 898 dignitate
710 816 872 899 superarit
918 809 1138 898 Contempsisti
1161 817 1196 879 L.
1218 817 1367 881 Murenae
1390 835 1514 898 genus,
1539 813 1668 878 extulisti

190 901 214 1010 p
357 914 453 971 tuum.
482 907 555 984 Quo
577 909 647 972 loco
669 909 695 972 si
717 908 780 972 tibi·
795 908 857 972 boc
879 911 991 984 sumis,
1014 910 1074 973 nisi
1097 911 1152 994 qui
1173 910 1320 993 patricius
1335 909 1393 983 sit,
1415 910 1582 972 nemiuem
1594 909 1668 972 bono

332 1009 427 1066 besse
450 1021 564 1084 genere
586 1009 710 1076 natum,
732 1001 809 1066 facis
831 1010 866 1083 ut
887 1023 995 1066 rursus
1017 1003 1125 1086 plebes
1148 1005 1180 1066 in
1195 1003 1383 1066 Aventinum
1404 1001 1589 1066 sevocanda
1609 1020 1668 1064 erse

356 1094 509 1159 videatur.
546 1095 601 1160 Sin
622 1104 727 1159 autern
748 1105 822 1160 suut
842 1095 966 1178 amplae
988 1104 1021 1160 et
1039 1097 1191 1161 honestae
1205 1096 1341 1160 familiae
1355 1095 1577 1180 plebeiae,(et
1588 1114 1668 1180 pror·

214 1248 216 1254 ,
356 1209 414 1252 vus
442 1189 477 1251 L.
499 1190 649 1254 Murenae
679 1198 710 1253 et
736 1210 812 1253 avus
840 1197 967 1272 praetor
993 1185 1077 1270 suit)
1103 1197 1135 1252 et
1162 1197 1250 1272 pater
1271 1210 1340 1254 cum
1361 1191 1562 1272 amplissime
1583 1197 1667 1273 atquc

99 1267 208 1328 Η
355 1281 576 1348 honestissime
599 1303 640 1347 ex
660 1292 805 1367 praetura
828 1276 1065 1366 triumphasset,
1086 1283 1148 1347 hoc
1169 1283 1340 1347 faciliorem
1362 1283 1436 1346 huic
1451 1284 1589 1366 gradum
1603 1301 1669 1346 cen-

355 1375 477 1441 sulatus
497 1376 693 1460 adipiscendi
715 1377 862 1459 reliquit,
885 1376 970 1461 quod
992 1377 1018 1440 is
1040 1377 1102 1440 iam
1124 1376 1203 1459 patri
1225 1376 1348 1440 debitus
1368 1396 1388 1439 a
1409 1373 1476 1441 lilio
1500 1378 1668 1461 petebatur.

319 1465 405 1534 ⁴⁰l6.
428 1471 495 1535 Tua
516 1491 590 1534 vere
611 1471 775 1544 nobilitas,
799 1471 885 1533 Servi
909 1470 1043 1552 Sulpici,
1069 1471 1193 1534 tametsi
1215 1490 1335 1532 summa
1357 1477 1420 1546 est,
1442 1479 1556 1535 tamen
1576 1468 1668 1534 boni·

354 1564 447 1629 nibus
476 1564 621 1628 litteratis
648 1572 680 1626 et
705 1563 864 1628 historicis
893 1572 939 1627 est
968 1564 1087 1641 notior,
1120 1563 1241 1646 populo
1263 1583 1336 1628 vero
1359 1571 1392 1628 et
1414 1563 1667 1647 suffragatoribus

353 1657 528 1722 obscruior.
571 1659 663 1722 Pater
683 1658 768 1720 euim
788 1655 848 1720 fuit
868 1659 1005 1741 equestri
1028 1657 1114 1732 loco,
1135 1676 1213 1720 avus
1234 1656 1322 1720 nulla
1342 1657 1457 1722 illustri
1479 1657 1580 1721 laude
1596 1655 1669 1718 cele·

353 1751 472 1816 bratus.
515 1752 626 1834 Itaque
649 1769 714 1814 nou
736 1769 777 1812 ex
798 1769 943 1813 sermone
963 1751 1128 1815 bominum
1149 1750 1287 1825 receuti,
1309 1750 1366 1814 sed
1388 1771 1429 1815 ex
1442 1752 1668 1816 annaliumre·

353 1852 469 1909 testate
498 1845 636 1908 eruenda
664 1843 815 1907 memoria
837 1850 885 1905 est
913 1843 1084 1908 nobilitatis
1105 1853 1188 1908 tuae.
1232 1843 1337 1919 Quare
1359 1865 1417 1927 ego
1440 1853 1473 1908 te
1495 1861 1623 1926 semper
1640 1842 1667 1904 in

318 1945 494 2004 ronosuum
516 1957 682 2000 nnmerum
704 1955 872 2018 aggregare
894 1936 998 2010 solco,
1022 1939 1107 2022 quod
1129 1938 1241 2002 virtute
1263 1937 1481 2021 industriaque
1504 1933 1668 2020 perfecisti,

353 2038 404 2108 ut,
432 2052 504 2098 cum
526 2030 642 2116 equitis
664 2030 795 2094 Romani
817 2049 905 2093 esses
926 2026 1027 2104 lilius,
1061 2049 1182 2095 summa
1204 2039 1308 2094 tamen
1329 2030 1668 2116 amplitudinedIgnus
1790 2041 1791 2044 ’

199 2101 227 2206 ps
352 2133 514 2211 putorcre:
536 2145 595 2188 nec
617 2123 695 2188 mihi
717 2143 868 2208 umquam
891 2125 993 2187 minus
1016 2124 1049 2186 in
1065 2125 1103 2200 Q.
1119 2124 1287 2207 Pompeio,
1308 2124 1540 2208 noro-lumine
1562 2131 1593 2184 ct
1612 2119 1667 2200 for·

352 2219 477 2306 tissime
504 2219 588 2294 viro,
617 2218 742 2282 virtutis
771 2237 840 2281 esse
870 2218 971 2281 visum
994 2227 1043 2282 est
1064 2237 1158 2302 quam
1186 2218 1218 2280 iu
1239 2218 1368 2282 horuIne
1389 2217 1606 2290 nobilissimo,
1631 2213 1666 2275 II.

235 2322 267 2421 s
352 2313 496 2394 Aemilio.
538 2312 665 2377 Etenim
695 2309 836 2375 eiusdem
863 2311 960 2375 animi
990 2320 1087 2396 atque
1109 2312 1227 2394 ingenii
1249 2319 1297 2376 est
1317 2311 1451 2396 posteris
1472 2313 1562 2386 suis,
1590 2303 1664 2392 quod

244 2408 248 2416 '
316 2408 521 2491 20Pompeius
542 2407 629 2481 fecit,
650 2406 891 2490 amplitudinem
912 2407 1063 2481 nominis,
1085 2426 1180 2490 quam
1196 2425 1260 2468 nou
1275 2406 1449 2488 acceperit,
1473 2406 1612 2476 tradere,
1631 2407 1666 2479 et,

353 2506 388 2563 ut
409 2499 563 2576 Scaurus,
587 2499 770 2564 memoriam
791 2518 891 2583 prope
914 2499 1150 2564 intermortuam
1172 2500 1297 2581 generis
1319 2501 1368 2562 sui
1382 2499 1498 2564 virtute
1514 2512 1664 2564 renovare·

352 2593 434 2657 VIII.
457 2589 507 2656 ll.
531 2594 729 2678 Quamquam
752 2613 810 2675 ego
833 2594 896 2656 iam
917 2594 1081 2676 putabam,
1104 2593 1242 2668 iudices,
1265 2593 1371 2656 multis
1392 2593 1467 2655 viris
1485 2592 1619 2658 fortibus
1632 2603 1665 2648 ue

352 2687 533 2770 ignobilitas
554 2688 678 2770 generis
694 2687 894 2761 obiiceretur,
910 2706 980 2748 meo
997 2685 1106 2749 labore
1121 2706 1190 2750 esse
1205 2685 1392 2769 perfectum:
1415 2685 1471 2768 qui
1494 2685 1562 2750 n'on
1582 2677 1664 2746 modo
1787 2730 1790 2739 .

173 2779 203 2886 ί
354 2780 467 2855 Curiis,
480 2780 660 2854 Catonibus,
675 2780 832 2861 Pompeis,
847 2780 988 2868 antiquis
1004 2779 1066 2842 illis
1080 2779 1259 2844 fortissimis
1273 2779 1360 2854 viris,
1374 2775 1665 2866 novis-nominibus,

315 2872 409 2936 444444
430 2873 480 2937 bis
500 2873 696 2948 recentibus,
719 2874 824 2936 Mariis
847 2881 878 2936 et
898 2865 998 2935 Didiis
1021 2879 1054 2936 et
1076 2873 1190 2936 Caeliis
1212 2873 1495 2936 commemorandis
1519 2871 1662 2938 Iacebant

354 2963 431 3030 Cum
446 2986 520 3031 vero
536 2986 594 3050 ego
609 2973 695 3029 tanto
710 2966 875 3030 intervallo
889 2966 1024 3029 claustra
1037 2965 1098 3029 ista
1112 2965 1285 3029 nobilitatis
1300 2965 1509 3048 refregissem,
1519 2973 1557 3029 ut
1569 2963 1663 3027 aditus

353 3059 392 3122 ad
407 3059 601 3122 consulatum
625 3057 766 3143 posthac,
789 3061 868 3124 sicut
889 3058 973 3144 apud
989 3061 1121 3123 manres
1136 3067 1260 3122 nostros
1274 3057 1344 3133 fuit,
1364 3080 1428 3122 non
1443 3061 1544 3144 magis
1559 3052 1663 3122 nobili-

353 3153 409 3217 tati
431 3171 525 3235 quam
542 3153 649 3215 virtuti
662 3159 799 3236 pateret:
823 3174 886 3216 nou
902 3151 1091 3228 arbitrabar,
1114 3174 1185 3217 cum
1203 3173 1242 3230 ex
1256 3153 1375 3216 familia
1388 3160 1495 3218 vetere
1510 3163 1544 3220 et
1557 3143 1662 3214 illustri

211 3262 235 3332 τί
326 3245 464 3311 ¹consul
494 3245 675 3327 desIgnatus
703 3245 742 3310 ab
772 3247 887 3332 equitis
909 3249 1042 3312 Romani
1071 3248 1154 3324 lilio,
1183 3250 1329 3336 cousule,
1360 3249 1598 3316 defenderetur,
1629 3237 1662 3300 de

315 3340 477 3422 eugenetis
498 3341 637 3403 novitate
658 3349 857 3404 accusatores
880 3362 949 3405 esse
972 3344 1122 3406 dicturos.
1158 3343 1283 3406 EtenIm
1304 3341 1381 3406 milri
1402 3342 1464 3425 ipsi
1485 3337 1615 3409 accidit,
1634 3337 1663 3392 ul

353 3455 423 3497 cum
452 3433 575 3498 duobus
603 3433 759 3516 patriciis,
790 3433 889 3520 altero
922 3436 1153 3518 improbissimo
1186 3445 1281 3520 atque
1312 3434 1542 3508 audacissimo,
1572 3429 1660 3510 altejo

352 3525 584 3590 modestissimo
606 3532 703 3609 atquc
724 3527 845 3610 optimo
868 3529 951 3602 viro,
972 3537 1129 3612 peterem:
1151 3529 1298 3612 superavi
1321 3537 1424 3592 tamen
1445 3528 1597 3612 dignitate
1612 3519 1662 3582 Ca-

350 3618 489 3694 tiIInam,
518 3619 617 3703 gratia
645 3619 785 3682 Galbam.
819 3614 912 3696 Quod
942 3622 969 3686 si
995 3621 1027 3684 id
1050 3623 1167 3686 crimen
1190 3622 1311 3686 homini
1332 3641 1415 3686 novo
1437 3641 1508 3685 esse
1531 3617 1660 3684 deberet

351 3711 492 3794 profecto
514 3711 592 3776 mibi
614 3731 718 3796 neque
739 3713 876 3789 inimici,
899 3734 1003 3798 neque
1024 3716 1124 3780 invidi
1147 3713 1330 3780 defuissent.
1363 3714 1554 3780 Omittamus
1574 3707 1661 3792 igitur

314 3804 391 3868 ade
413 3825 528 3890 genere
550 3807 671 3882 dicere,
695 3807 786 3872 culus
809 3818 858 3874 cst
878 3829 991 3892 magna
1008 3810 1041 3873 iu
1056 3816 1190 3892 utroque
1204 3807 1359 3892 dignitas:
1381 3807 1543 3876 videamus
1557 3809 1660 3870 cetera·

416 4029 587 4092 efretum.
609 4057 635 4067 -
654 4031 943 4094 coesmperoeenc.
964 4058 990 4067 -
1010 4033 1083 4096 odor.
1103 4035 1132 4082 G.
1153 4060 1179 4068 -
1198 4033 1223 4082 2.
1242 4031 1482 4094 itoeruportox.
1502 4029 1660 4082 ΛΜΝ

320 4110 404 4162 ’χιι
425 4128 453 4140 -
471 4106 496 4155 o.
513 4105 550 4166 ct]
567 4119 598 4156 uo
614 4107 643 4156 G.
658 4132 685 4141 -
700 4105 783 4170 plotae
799 4107 900 4172 ch:
916 4107 993 4170 plebis
1010 4107 1042 4168 E,
1057 4107 1126 4168 plebs
1141 4107 1200 4158 llv.
1215 4131 1242 4141 -
1261 4107 1285 4156 7.
1300 4111 1405 4170 praetor
1419 4105 1469 4168 fuit
1485 4103 1658 4163 GMIIW.

351 4179 436 4227 Pare:
451 4184 583 4241 praetores
598 4179 700 4243 [44444444
716 4181 773 4232 LO.
793 4183 873 4244 (pore
887 4181 936 4244 suit
952 4186 975 4231 et
989 4187 1093 4242 praetor
1108 4182 1146 4247 E.)
1159 4207 1186 4217 -
1202 4181 1284 4244 poter]
1302 4183 1449 4244 sequuntur
1464 4179 1560 4233 deinde
1576 4179 1601 4228 in
1615 4172 1658 4225 EG

350 4251 476 4315 Μχψν,
493 4253 571 4317 Legg.
586 4254 710 4306 omuibus
731 4256 911 4320 (praeteriti.)
930 4254 1013 4306 verba
1027 4255 1116 4306 etenim
1136 4256 1196 4306 mili
1214 4256 1261 4317 ipsi
1283 4257 1375 4306 occidil
1390 4255 1416 4318 ἓ.
1432 4257 1471 4307 ti.
1487 4270 1514 4307 v.
1525 4257 1566 4308 3⁰.
1581 4259 1657 4313 usque

351 4324 384 4375 od
400 4326 484 4376 mauis
496 4329 632 4392 4441444444
648 4331 673 4394 5.
688 4331 727 4380 49.
742 4334 807 4382 ertr.
827 4331 864 4383 Cf.
878 4330 1051 4382 Niebuhrium
1061 4331 1146 4382 Ktetnc
1160 4332 1245 4382 turm.
1257 4345 1283 4381 u.
1293 4331 1378 4394 pbilol.
1391 4331 1512 4396 844444444
1522 4333 1553 4382 lI.
1570 4342 1596 4394 p.
1607 4321 1657 4374 222·

353 4427 379 4437 -
398 4405 422 4452 44
436 4402 493 4454 bon.
512 4405 542 4453 G.
558 4427 584 4440 -
604 4405 628 4455 8.
645 4406 710 4456 bunc
725 4407 834 4470 pradum
850 4407 884 4456 ad
900 4419 966 4456 coris.
986 4409 1015 4455 G.
1031 4433 1057 4442 —
1078 4409 1117 4456 t0.
1136 4408 1207 4458 Serui
1224 4408 1316 4458 Eblv:
1336 4407 1390 4457 Ser.
1403 4408 1432 4456 0.
1446 4433 1474 4442 -
1493 4405 1535 4472 cat]
1552 4395 1656 4456 ΜΕ·

352 4499 378 4508 -
393 4475 433 4524 44.
452 4479 576 4540 aporiato
592 4494 620 4539 χ.
635 4507 662 4516 -
681 4494 738 4532 orere
755 4496 779 4532 v.
799 4508 826 4516 -
846 4484 886 4532 42.
906 4487 940 4532 ert
955 4481 1083 4531 obscurior
1099 4495 1124 4532 v.
1140 4509 1166 4518 -
1186 4483 1272 4532 ordine
1287 4486 1311 4533 ct
1326 4481 1378 4532 loco
1395 4493 1420 4530 v.
1435 4507 1462 4517 -
1479 4480 1577 4532 iralrrstrr¹
1592 4477 1619 4526 G·
1633 4496 1656 4508 ⁹

350 4547 391 4600 tl.
408 4551 544 4602 mammea
560 4557 590 4604 G.
606 4582 632 4591 —
651 4569 724 4606 mem.
742 4562 777 4607 ert
793 4557 916 4608 EGIIL:
936 4562 970 4607 est
986 4569 1058 4607 men.
1078 4558 1132 4606 Ov.
1148 4583 1173 4592 -
1192 4558 1319 4606 uetustatis
1334 4571 1362 4616 χ.
1378 4583 1404 4592 -
1424 4557 1463 4606 tt.
1482 4557 1555 4621 odpr.
1568 4553 1656 4604 EG·-

350 4623 391 4673 46.
409 4636 471 4675 cuce
485 4638 524 4690 eq.
541 4629 610 4680 Rom.
629 4630 663 4681 II.
690 4657 717 4666 -
746 4631 785 4680 47.
803 4633 886 4682 minas
906 4645 959 4683 om.
978 4647 1010 4696 v,
1036 4633 1118 4684 habet
1138 4637 1200 4684 ante
1217 4634 1315 4684 etrtrtttr
1331 4634 1365 4683 M.
1391 4659 1418 4668 -
1445 4633 1472 4682 to
1488 4628 1614 4696 quintoli·
1631 4645 1654 4656 ··

350 4697 390 4750 49.
408 4701 460 4751 ruis
476 4715 529 4754 om.
543 4705 573 4754 G.
593 4729 620 4738 -
639 4705 681 4755 it.
698 4706 795 4769 pene-is
812 4719 864 4757 om.
883 4722 910 4767 χ.
926 4734 952 4743 -
971 4709 1012 4760 23.
1030 4707 1126 4773 penore
1142 4707 1279 4758 obiceretur
1295 4709 1389 4760 Gilv:
1408 4705 1479 4757 obiic.
1496 4694 1656 4780 9444444419·

351 4797 380 4809 -
398 4774 460 4840 mco]
477 4777 504 4827 tc
519 4790 548 4828 eo
565 4779 594 4828 G.
615 4805 642 4815 -
661 4783 736 4842 estp.
754 4780 788 4831 II.
808 4807 834 4818 -
853 4780 895 4833 ii.
912 4783 1022 4845 Pompeis
1037 4784 1072 4832 G:
1090 4781 1311 4847 Poepeibvulgo.
1331 4807 1357 4818 -
1376 4783 1418 4834 It.
1435 4780 1517 4832 mdiu
1532 4782 1565 4840 Gi
1582 4771 1657 4827 44444444

349 4845 408 4898 EC.
429 4877 457 4886 -
475 4851 588 4904 iacobum
604 4853 675 4916 IIH3
697 4853 811 4907 iacobum
827 4872 855 4917 χ.
876 4884 902 4893 -
921 4858 962 4909 26.
980 4871 1037 4908 cum
1051 4871 1110 4908 cero
1127 4871 1172 4922 epo
1188 4858 1296 4910 ucuv
1319 4856 1376 4921 (sed
1393 4858 1414 4906 G
1429 4855 1505 4918 turri:
1532 4852 1655 4916 4444444444

347 4925 1689 4996 omno-ramona-sospem„-rr.eeseapoco.-2aoomsx·-⁰t.

349 5000 400 5048 rore
415 5001 485 5050 mer:
503 5003 580 5053 veen
596 5001 676 5053 rme.
695 5002 748 5053 vu.
767 5005 797 5065 a,
815 5005 856 5056 oe.
874 5019 900 5073 p.
917 5006 973 5058 aaa.
992 5008 1035 5058 ur.
1057 5033 1083 5046 -
1102 5007 1203 5058 olom
1219 5010 1249 5058 o.
1267 5033 1295 5043 -
1314 5007 1354 5058 30.
1372 5006 1489 5072 44444444]
1505 4992 1652 5070 eeqrnurtn

350 5071 427 5123 codd.
443 5073 576 5142 plerisque
588 5077 653 5140 Quo
665 5079 774 5130 Murem
785 5079 808 5144 fi.
822 5081 863 5130 20.
877 5081 927 5141 in.;
945 5080 998 5133 vid.
1009 5095 1088 5148 supro
1100 5095 1127 5132 v.
1140 5082 1195 5133 7.-
1208 5082 1305 5146 44444444]
1322 5086 1346 5133 ct
1355 5083 1389 5134 II.
1402 5109 1429 5118 -
1442 5081 1483 5134 di.
1492 5083 1596 5144 94444444
1606 5075 1652 5118 ⁰¹¹¹·

350 5145 380 5196 G.
393 5171 420 5183 -
433 5147 602 5214 4494444444-
612 5152 724 5218 prctiom
735 5155 764 5204 G.
778 5180 805 5190 -
825 5153 866 5204 33.
884 5156 944 5218 quid
959 5157 980 5206 si
997 5157 1059 5208 II-
1073 5156 1113 5210 35.
1127 5157 1208 5210 dicem
1218 5157 1248 5210 do
1262 5169 1352 5222 perce
1362 5155 1422 5210 Ε.-
1434 5167 1527 5221 cauom
1538 5156 1564 5202 44-

1785 4293 1800 4488 4

1790 4708 1800 5041 ι

1780 5402 1798 5809 ,
