3578 5862
299 423 361 490 652
711 424 864 490 ortuo
886 425 965 491 PRO
989 425 1023 490 (1.
1044 424 1207 492 RABIRIO

299 617 369 662 esse
396 595 643 671 arbitrabantur,
672 615 758 660 arma
786 595 959 679 cepissent:
991 595 1068 680 quid
1089 595 1217 659 tandem
1241 595 1274 659 C.
1295 595 1422 661 Rabirio
1443 595 1630 663 faciendum

298 690 380 754 luit?
423 683 474 752 M.
495 691 542 752 De
565 689 698 773 teipso,
720 691 867 798 inquam,
888 690 1035 765 Labiene,
1057 709 1193 775 quaero:
1216 710 1286 753 cum
1308 689 1348 753 ad
1370 711 1455 797 mma
1476 693 1630 756 consules
1762 649 1786 954 ἱ

300 805 342 848 ex
371 790 499 846 senatus
526 784 670 848 consulto
698 792 913 858 vocavissent,
945 804 1014 847 cum
1041 793 1176 848 armatus
1206 787 1248 848 M.
1275 785 1445 860 Aemilius,
1477 787 1630 871 princeps

299 885 444 952 senabrs,
471 878 505 940 in
535 877 664 941 comitio
693 877 901 953 constitisset,
932 879 987 963 qui
1016 900 1087 943 cum
1116 879 1239 962 ingredi
1268 881 1322 944 rix
1341 886 1467 963 posset,
1496 898 1560 942 non
1580 880 1627 943 ad

277 970 532 1055 sinsequeudum
562 970 623 1034 sibi
652 972 830 1036 tarditatem
861 972 994 1054 pedum,
1027 973 1083 1036 sed
1114 973 1153 1037 ad
1183 972 1367 1055 fugierMum
1397 973 1627 1056 impedimento

297 1065 367 1129 lore
388 1064 534 1149 putabat;
562 1084 634 1126 cum
656 1064 795 1149 denique
823 1063 861 1142 Q.
884 1067 1052 1142 Scaevola,
1080 1066 1241 1131 confectus
1269 1074 1451 1143 senectute,
1479 1068 1625 1150 perditus

299 1158 426 1233 morbo,
452 1177 582 1222 mancus
605 1166 637 1222 et
657 1159 806 1224 membris
829 1161 974 1223 omnibus
997 1168 1107 1244 captus
1129 1181 1165 1224 ac
1187 1161 1317 1236 debilis,
1346 1161 1453 1225 hastili
1475 1163 1567 1225 nixus
1588 1171 1627 1224 et

297 1253 394 1316 animi
416 1255 479 1318 rim
510 1260 543 1316 et
568 1249 781 1316 infirmitatem
811 1255 953 1338 corporis
984 1254 1181 1331 ostenderet;
1197 1251 1282 1328 (cum
1304 1256 1339 1317 L.
1361 1256 1524 1330 Metellus,
1554 1258 1623 1319 Ser.

298 1347 415 1421 Galba,
448 1346 481 1408 C.
512 1347 682 1421 Serranus,
710 1348 744 1409 P.
773 1348 926 1424 Rutilius,
956 1348 989 1410 C.
1019 1350 1172 1424 Fimbria,
1203 1350 1242 1425 Q.
1273 1350 1404 1414 Catulus
1432 1371 1622 1600 omneffue,

300 1441 445 1526 quitum
484 1448 587 1514 erant,
618 1431 815 1598 consulares?
832 1462 889 1525 pro
919 1441 1021 1505 salute
1051 1445 1207 1506 communi
1222 1437 1323 1520 (arma
1351 1444 1523 1528 cepissent3
1552 1465 1622 1508 cum

78 1493 146 1616 >ri
262 1469 407 1654 (lomnes
433 1543 612 1618 praetores,
649 1542 763 1598 cuncta
811 1536 937 1599 obilitas
969 1556 1007 1599 ac
1035 1537 1180 1601 iuventus
1210 1523 1496 1613 accurreret,'‘Cn.
1546 1546 1558 1602 t
1585 1539 1620 1600 L.

181 1571 200 1694 M
210 1613 275 1726 ἐκ
297 1630 441 1705 Domitii,
469 1630 505 1692 L.
529 1627 676 1703 Crassus,
706 1628 746 1704 Q.
767 1629 906 1705 Mucius,
937 1629 970 1692 C.
993 1630 1158 1705 Claudius,
1188 1632 1230 1694 Μ.
1252 1613 1492 1787 Drususqpficum
1514 1652 1621 1696 omnes

123 1677 142 1766 3
268 1711 435 1799 coalui,
464 1723 599 1796 Metelli,
621 1723 712 1799 lulii,
736 1724 849 1799 Cassii,
874 1723 1024 1800 Catones,
1053 1726 1198 1808 Pompei,
1227 1745 1298 1788 cum
1320 1726 1356 1787 L.
1402 1724 1559 1809 bilippus,
1586 1726 1621 1790 L.

180 1845 183 1850 ·
299 1819 422 1902 Scipio,
452 1838 522 1882 cum
552 1819 593 1880 M.
624 1818 780 1902 Lepidus,
803 1839 873 1881 cum
900 1820 938 1880 l).
959 1820 1090 1893 Brutus,
1121 1839 1192 1881 cum
1219 1818 1272 1882 hic
1300 1819 1370 1901 ipse
1397 1820 1431 1882 P.
1459 1807 1620 1916 Servilius)

260 1923 364 1997 eoquo
387 1920 420 1976 tu
442 1912 649 1996 imperatore,
675 1911 832 1987 Labiene,
860 1910 1018 1987 meruisti;
1033 1919 1122 1999 (cum
1144 1912 1195 1975 bic
1218 1912 1256 1987 Q.
1281 1910 1431 1988 Catulus)
1455 1913 1622 1980 admodum

180 2031 183 2036 ’
299 2016 365 2071 tum
388 2006 592 2080 adolescens,
607 1998 694 2082 (cum
716 2007 769 2070 bic
792 2007 835 2070 C.
848 2006 961 2079 Curio,
991 2026 1061 2069 cum
1083 2005 1221 2089 denique
1244 2024 1354 2068 omnes
1375 2004 1542 2070 clarissimi
1564 2008 1621 2071 riri

84 2130 167 2208 W
298 2123 369 2166 cum
392 2100 575 2164 consulibus
597 2089 723 2194 essent)
743 2100 820 2186 quid
842 2100 969 2164 taudem
988 2099 1022 2162 C.
1036 2099 1197 2163 Rabirium
1210 2097 1314 2161 iacere
1330 2100 1497 2163 convenit?
1518 2107 1621 2164 utrum

257 2249 260 2256 ,
298 2197 454 2261 inclusum
483 2201 579 2278 atque
613 2183 754 2260 abditum
782 2196 881 2259 latere
910 2194 944 2257 in
973 2193 1098 2256 occulto
1128 2201 1224 2276 atque
1249 2192 1406 2274 ignaviam
1427 2214 1517 2258 suam
1537 2202 1622 2258 tene·

297 2293 423 2355 bramm
446 2309 482 2354 ac
505 2291 659 2372 parietum
682 2288 835 2353 custodiis
864 2297 986 2372 tegere,
1018 2307 1058 2349 an
1086 2287 1121 2350 in
1151 2286 1341 2371 Capitolium
1370 2306 1502 2370 pergere
1528 2298 1622 2373 atque

260 2386 343 2452 soibi
366 2405 400 2448 se
423 2405 495 2448 cum
518 2391 572 2448 tuo
594 2391 709 2466 patruo
732 2391 763 2447 et
785 2383 898 2446 ceteris
920 2382 960 2446 ad
982 2389 1114 2445 mortem
1142 2387 1272 2466 propter
1291 2381 1375 2444 vitae
1396 2382 1622 2465 turpitudinem

298 2477 551 2562 confugientibus
581 2480 792 2560 congregaret
825 2498 865 2541 an
899 2497 968 2540 cum
999 2477 1117 2550 Mario,
1153 2475 1287 2548 Scauro,
1324 2475 1450 2551 Catulo,
1483 2476 1622 2549 Metello,

299 2571 467 2647 Scaevola,
495 2592 568 2635 cum
589 2572 683 2635 bonis
712 2572 851 2656 denique
874 2570 1020 2634 omnibus
1043 2570 1128 2632 coire
1152 2589 1218 2632 non
1239 2569 1336 2633 modo
1358 2569 1486 2645 salutis,
1516 2589 1623 2633 vemm

299 2669 391 2731 etiam
413 2665 546 2751 periculi
569 2667 773 2729 societatem?
803 2667 886 2729 Vlll.
908 2661 960 2726 22.
982 2667 1030 2727 Tu
1053 2663 1206 2748 denique,
1228 2663 1383 2739 Labiene,
1406 2663 1484 2748 quid
1504 2663 1622 2727 faceres

298 2761 353 2824 tali
374 2761 407 2823 in
430 2781 464 2823 re
486 2780 523 2823 ec
544 2764 705 2843 tempore‘t
721 2752 807 2824 (euml
821 2759 963 2841 ignaviae
985 2757 1067 2820 ratio
1091 2765 1123 2821 te
1144 2759 1177 2821 in
1199 2757 1303 2840 fugam
1326 2765 1421 2841 atque
1439 2759 1473 2822 iu
1487 2759 1622 2824 latebras

261 2854 508 2938 saimpelleret,
523 2852 705 2937 improbitas
735 2861 767 2916 et
794 2852 883 2916 furor
908 2853 944 2915 L.
967 2851 1127 2915 Salamini
1159 2852 1193 2913 in
1222 2851 1411 2933 Capitolium
1440 2843 1623 2951 arces-sere&

299 2949 446 3012 consules
468 2947 508 3012 ad
528 2946 650 3029 patriae
673 2947 806 3010 salutem
827 2966 863 3009 ac
884 2945 1062 3009 libertatem
1077 2955 1242 3009 vocarent:
1265 2965 1359 3030 wem
1374 2946 1500 3011 tandem
1515 2955 1623 3010 aucto-

298 3042 439 3119 ritatem,
468 3061 563 3126 quam
584 3060 713 3116 rocem,
740 3040 827 3104 cuius
849 3047 967 3105 sectam
989 3041 1096 3123 sequi,
1126 3040 1215 3102 cuius
1236 3040 1372 3124 imperio
1394 3061 1504 3125 parere
1524 3041 1623 3124 potis·

298 3137 413 3200 simum
434 3136 557 3200 velles‘l
579 3169 622 3180 -—
643 3135 793 3210 Patruus,
815 3134 936 3220 inquit,
965 3155 1054 3198 meus
1076 3155 1147 3196 cum
1170 3135 1340 3198 Saturnino
1361 3135 1430 3199 luit
1453 3167 1495 3182 -
1516 3134 1622 3210 Quid?

297 3237 387 3316 pater
408 3231 557 3314 quicum?
586 3228 686 3313 quid?
713 3230 885 3314 propinqui
916 3230 1029 3304 vestri,
1057 3230 1180 3312 equites
1209 3229 1362 3292 Romanii
1391 3230 1492 3314 quidt
1521 3229 1623 3293 omnis

259 3359 288 3406 30
297 3324 503 3409 praefectura,
524 3323 624 3406 regio,
645 3323 792 3386 vicinitas
808 3327 935 3387 vestra?
958 3323 1061 3407 quidt
1083 3342 1158 3405 ager
1171 3323 1306 3386 Picenus
1320 3324 1497 3397 universus,
1518 3331 1623 3386 utrum

297 3419 499 3483 tribunicium
520 3418 659 3482 furorem
680 3437 720 3482 an
743 3418 941 3481 consularem
963 3417 1181 3480 auctoritatem
1204 3424 1331 3480 secutus
1347 3421 1417 3481 estt
1451 3414 1503 3481 23.
1527 3418 1623 3501 Equi-

298 3514 370 3577 dem
397 3513 459 3576 boo
486 3511 626 3586 affirmo,
663 3511 749 3595 quod
779 3519 813 3574 tu
842 3532 927 3574 nunc
957 3511 996 3573 de
1026 3519 1083 3574 tuo
1110 3517 1224 3593 patruo
1253 3513 1430 3595 praedicas,
1464 3512 1623 3576 neminem

298 3627 447 3692 umquam
469 3607 571 3670 adhuc
593 3606 633 3670 de
655 3625 690 3669 se
712 3626 782 3669 esse
805 3605 1001 3670 confessum:
1024 3624 1118 3668 nemo
1141 3611 1204 3678 est,
1225 3605 1369 3688 inquam,
1391 3607 1539 3670 inventus
1561 3613 1622 3670 tam

298 3703 497 3785 profligatus,
518 3708 582 3763 tam
603 3700 764 3785 perditus,
787 3708 850 3764 tam
872 3701 911 3762 ab
935 3699 1020 3762 omni
1042 3718 1106 3761 non
1128 3698 1222 3762 modo
1244 3698 1426 3775 honestate,
1448 3700 1622 3763 sedetiam

259 3794 500 3865 assimulatione
521 3794 696 3858 bonestatis
717 3793 866 3868 relictus,
888 3794 942 3878 qui
964 3803 998 3858 se
1020 3795 1054 3857 in
1070 3793 1225 3878 Capitolio
1247 3792 1345 3858 luisse
1368 3815 1439 3858 cum
1454 3795 1622 3859 Saturnino

297 3888 457 3952 fateretur.
471 3922 514 3933 -
529 3890 571 3953 At
590 3889 652 3952 luit
672 3898 776 3953 vester
789 3896 929 3974 patruus.
944 3887 1124 3963 -Fuerit,
1148 3894 1179 3951 et
1192 3886 1288 3952 suerit
1301 3889 1389 3954 nulla
1403 3889 1622 3972 desperatione

298 4003 403 4046 rerum
425 4003 571 4059 suarum,
601 3983 697 4047 nullis
724 3983 907 4047 domesticis
929 3982 1112 4047 vulneribus
1134 3990 1280 4058 coactus;
1310 3983 1472 4049 induxerit
1493 4003 1565 4048 eum
1586 3985 1622 4046 L.

299 4076 461 4141 Saturnini
483 4075 698 4154 familiaritas,
720 4085 756 4140 ut
777 4078 944 4143 amicitiam
966 4077 1085 4160 patriae
1107 4083 1333 4160 praeponeret:
1355 4077 1515 4142 idcircone
1531 4097 1623 4160 opor-

364 4396 387 4446 d.
403 4395 517 4459 perditus
534 4394 612 4446 codd.
630 4395 683 4446 mei
701 4397 728 4446 et
745 4393 838 4459 reliqui
852 4396 905 4445 noti
918 4407 1026 4446 omnes:
1042 4392 1349 4458 ommittendum,
1368 4395 1426 4445 LO.
1445 4395 1501 4445 lloc
1512 4395 1623 4446 Graevio

297 4471 407 4536 aliisque
423 4469 507 4522 levius
524 4470 642 4531 videtur,
666 4473 756 4521 contra
773 4468 830 4520 aliis
843 4471 957 4533 perditos
973 4471 1092 4521 nimium.
1122 4469 1241 4521 Valerius
1258 4471 1386 4520 Maximus
1403 4471 1445 4520 lll.
1463 4471 1494 4532 i,
1513 4471 1558 4532 ts,
1577 4477 1622 4534 qui

298 4563 345 4600 sua
363 4561 396 4598 ex
413 4547 465 4598 hoc
484 4544 542 4596 loco
566 4545 728 4610 desumpsit,
755 4544 852 4596 babet:
879 4544 971 4608 osidae
991 4545 1076 4596 altatis
1097 4546 1187 4595 sstttmu
1206 4549 1327 4594 senectute
1345 4545 1482 4606 consectum
1502 4549 1525 4596 et
1543 4557 1624 4607 paese

298 4625 422 4687 dilapsum
442 4635 533 4685 corpus
553 4621 634 4670 induit
655 4621 796 4683 spissaeque
816 4622 919 4670 isumus
940 4625 998 4672 oute
1019 4621 1085 4684 sores
1103 4622 1190 4671 curiae
1209 4621 1317 4670 constitu
1339 4624 1389 4670 ete.
1415 4645 1442 4656 —
1466 4619 1490 4669 9.
1513 4620 1624 4669 δοναηω

298 4699 365 4750 cll.
387 4723 412 4735 -·
433 4709 516 4746 omnea
532 4697 575 4758 qut
592 4695 738 4746 abcdoh
761 4699 788 4746 et
809 4693 825 4746 i
846 4696 947 4747 Oxonn.
973 4721 1000 4733 -
1025 4698 1064 4746 to.
1086 4710 1134 4759 pro
1156 4697 1235 4746 solete
1256 4695 1366 4746 omnimo
1389 4694 1569 4754 abcdebx.
1594 4721 1621 4730 -

299 4775 339 4824 tt.
358 4771 413 4837 Cra]
431 4772 457 4822 C.
477 4771 556 4822 codd.
575 4770 665 4822 iidem.
680 4797 707 4806 -
723 4771 763 4820 ti.
781 4771 885 4822 Domitii
902 4773 1046 4823 Manutius:
1064 4773 1188 4823 Domitius
1199 4771 1276 4822 codd.
1290 4773 1343 4822 mei
1354 4772 1381 4821 et
1392 4769 1453 4822 edd.
1466 4772 1581 4821 veteres.
1593 4797 1620 4805 —

298 4850 392 4901 Mutuo
409 4850 434 4898 s.
449 4873 475 4882 -
490 4847 530 4896 43.
549 4846 636 4896 Octavi
652 4845 875 4910 Saegiklmn.
891 4846 1013 4898 -Craeei
1029 4846 1150 4898 bcdet.
1166 4847 1304 4910 -Pompei
1321 4846 1405 4897 Ccd:
1423 4844 1620 4908 Pompeitcodd.

299 4923 355 4976 rell.
375 4925 431 4975 LO.
453 4949 478 4961 -
499 4923 539 4972 tt.
559 4923 588 4984 Q.
607 4921 719 4972 Metellos
735 4935 760 4971 e.
779 4948 806 4957 -
827 4923 867 4972 46.
886 4927 939 4972 two
955 4936 1008 4973 our.
1028 4924 1053 4972 S.
1068 4923 1149 4972 -at
1168 4937 1226 4973 cum
1244 4925 1276 4973 u.
1294 4924 1391 4972 &aare
1408 4921 1463 4972 SC.
1477 4947 1504 4957 -
1523 4921 1565 4971 25.
1583 4933 1623 4970 rs·

298 5000 397 5063 pelleret
413 5006 449 5063 ψ.
470 5025 498 5035 -
516 4998 557 5048 29.
577 4997 638 5060 quid
652 4997 729 5048 vieini
741 4998 878 5062 propinqui
893 4998 920 5048 k.
941 5025 968 5034 -
986 4999 1065 5049 nostri
1085 4997 1229 5048 abcdeb
1251 5000 1278 5048 et
1293 4997 1309 5048 l
1326 4999 1426 5048 Oronn.
1446 5023 1474 5032 -
1492 4996 1532 5047 33.
1550 4997 1581 5047 de
1596 5009 1622 5045 se

299 5073 523 5138 STlgiklmn,
542 5072 601 5123 cod.
621 5073 709 5123 Toru:
728 5074 757 5124 de
773 5085 824 5123 sese
840 5071 896 5124 rell.
915 5075 1004 5137 legg,
1022 5074 1079 5123 LO.
1099 5099 1126 5108 -
1145 5073 1185 5124 36.
1204 5078 1231 5123 ot
1247 5073 1296 5136 [att
1312 5071 1354 5123 ed.
1371 5070 1463 5123 Aldina
1482 5071 1560 5120 toto:
1583 5071 1622 5134 es-

297 5150 346 5214 futt
362 5149 441 5200 codd.
461 5175 488 5185 -
506 5149 583 5216 flacit
598 5148 671 5200 nollo
687 5148 713 5201 l:
730 5147 931 5214 Jtsottstnotlo
946 5145 1037 5209 illn;
1054 5147 1130 5212 [uait
1145 5149 1173 5200 to
1188 5147 1259 5198 osdto
1274 5147 1291 5197 S
1308 5150 1336 5199 et
1352 5143 1408 5198 rell.
1427 5147 1504 5210 Lagg.
