3578 5862
311 428 375 498 dil
680 433 734 498 llll
755 431 861 498 Leon
882 431 1060 498 AGRdeA
1081 433 1201 498 LIBER
1221 434 1261 497 Π.

312 597 364 665 47.
384 600 445 666 llic
467 619 602 686 quaero,
624 621 720 686 qnam
742 600 783 665 ob
805 621 933 666 cansam
954 602 1080 666 initium
1101 621 1206 666 rernm
1226 621 1263 666 ac
1284 601 1390 685 legum
1408 619 1567 666 suarum
1590 599 1670 664 bine

312 695 452 770 duxerit,
472 702 509 760 nt
529 695 669 779 populns
690 698 851 761 Romanus
872 696 1022 779 suffrngio
1044 697 1240 779 privaretur?
1270 696 1378 760 Toties
1399 695 1549 778 legibus
1574 713 1669 777 agra·

170 779 195 891 Ᾰ
311 789 367 852 riis
389 795 549 854 curatores
571 789 735 852 constituti
757 797 844 865 sunt,
873 790 1045 877 triumviri,
1067 790 1283 874 quinqueviri,
1304 790 1510 865 decemviri3
1538 809 1669 874 quaere

311 902 331 946 a
351 883 498 965 populari
524 882 650 947 tribuno
679 883 796 967 plebis:
824 885 991 968 ecquando
1021 884 1083 948 nisi
1109 904 1168 966 per
1187 904 1275 950 xxxv
1295 885 1398 949 tribur
1418 884 1542 946 creati
1567 884 1670 945 sunt?

185 1024 195 1044 .
287 977 437 1040 oRtenim
458 997 530 1042 eum
553 996 663 1066 ⁰¹.¹L¹¹⁰⁸
683 985 875 1060 potestates,
902 981 1051 1062 imperia,
1083 979 1260 1044 curationes
1281 979 1322 1042 ab
1343 980 1508 1043 universo
1534 976 1668 1060 populo

179 1064 185 1081 ¹
311 1073 453 1134 Romano
472 1067 627 1155 proficisci
649 1073 814 1148 convenit,
835 1079 903 1136 tum
925 1093 978 1136 eas
999 1072 1142 1157 proiecto
1165 1075 1314 1148 maxime,
1339 1093 1421 1158 quae
1435 1071 1669 1136 constituun-

311 1172 363 1228 tnr
383 1163 424 1229 ad
445 1166 554 1250 populi
574 1164 712 1230 b'netum
735 1166 873 1250 aliquem
895 1173 928 1230 et
948 1167 1166 1243 commodum,
1196 1170 1229 1232 in
1251 1187 1316 1253 quo
1339 1175 1372 1231 et
1391 1165 1558 1231 universi
1583 1163 1668 1228 deli·

311 1266 403 1343 gant,
425 1280 520 1344 qnem
541 1261 659 1345 populo
681 1263 823 1325 Romano
845 1262 981 1326 maxime
1003 1261 1221 1326 consulturum
1242 1268 1373 1345 putent,
1394 1267 1427 1324 et
1446 1280 1555 1324 unus
1572 1258 1668 1340 quis·

314 1375 379 1439 que
400 1355 505 1419 studio
524 1374 561 1419 ae
582 1355 732 1438 suffragio
754 1375 811 1418 suo
825 1357 909 1420 riam
929 1355 988 1420 sibi
1008 1355 1048 1419 ad
1060 1351 1249 1420 beneficium
1264 1355 1509 1438 impetrandum
1526 1353 1665 1416 munire

275 1449 420 1533 reposcit.
462 1448 532 1513 llos
553 1449 680 1512 tribuno
702 1449 804 1532 plebis
825 1450 1026 1532 potissimum
1048 1449 1134 1514 venit
1155 1450 1188 1512 in
1210 1455 1364 1524 mentem,
1394 1449 1575 1532 populum
1600 1448 1666 1508 Ro·

311 1564 438 1608 manum
458 1545 640 1608 uuiversum
662 1543 787 1626 privare
808 1544 983 1627 suffragiis,
1005 1564 1122 1628 paucas
1145 1544 1246 1608 tribus
1265 1562 1330 1606 nou
1345 1551 1431 1606 certa
1444 1541 1663 1606 condicione

308 1635 404 1712 iuris,
433 1636 489 1700 sed
515 1638 609 1701 sortis
637 1633 791 1701 beneficio
824 1636 955 1718 iqrtuitu
983 1639 1024 1703 ad
1053 1638 1269 1722 usurpandam
1301 1637 1486 1700 libertatem
1521 1654 1663 1699 vocare.

310 1726 361 1793 l8.
376 1731 473 1806 lrnnr,
494 1730 615 1814 inquit,
636 1751 747 1795 sonna
768 1751 873 1806 nono,
896 1733 998 1815 eapite
1012 1733 1128 1808 altero,
1150 1754 1190 1797 vr
1212 1749 1352 1796 couneus
1373 1749 1571 1796 ronrnrrcrs
1596 1748 1661 1792 rra·

309 1845 391 1888 xmr.
426 1827 472 1888 Ne
498 1825 559 1890 hoe
580 1823 710 1910 quidem
731 1826 828 1901 vidit,
858 1827 992 1890 maiores
1021 1835 1146 1892 nostros
1167 1834 1231 1892 tam
1256 1825 1355 1890 inisse
1376 1825 1584 1910 populares,
1607 1829 1659 1897 ut,

273 1919 397 2003 acquod
419 1939 476 2002 per
496 1918 650 2004 populum
672 1921 773 1983 creari
793 1919 841 1985 ias
863 1940 929 1983 non
950 1929 1017 1985 erat
1037 1930 1168 2005 propter
1189 1921 1375 2003 religionem
1397 1937 1594 1990 sacrorum,
1623 1915 1657 1977 in

309 2033 349 2077 eo
378 2019 485 2077 tamen
509 2018 641 2096 propter
668 2014 907 2096 amplitudinem
940 2015 1109 2104 sacerdotii
1130 2015 1288 2081 voluerint
1307 2013 1427 2096 populo
1450 2009 1657 2093 supplicari.

192 2137 210 2244 q
308 2105 413 2190 Atque
433 2107 494 2172 hoo
514 2106 599 2172 idem
621 2107 662 2171 de
683 2109 798 2171 ceteris
820 2107 1004 2173 sacerdotiis
1020 2108 1075 2172 Cn.
1089 2109 1262 2184 Domitius,
1283 2105 1582 2189 tribunusplebis,
1607 2102 1657 2166 vir

310 2200 520 2277 clarissimus,
541 2201 632 2265 tulitr
654 2201 742 2285 quod
763 2202 900 2286 populns
922 2223 979 2286 per
999 2203 1187 2286 religionem
1208 2187 1566 2268 sacerdotismandare
1585 2215 1655 2259 non

308 2302 450 2380 poterat,
477 2303 514 2361 nt
534 2297 638 2361 minor
659 2315 732 2380 pars
754 2296 867 2380 populi
889 2305 1067 2362 vocaretur:
1099 2298 1139 2361 ab
1161 2317 1200 2362 ea
1219 2305 1308 2382 parte
1330 2295 1385 2381 qui
1408 2301 1498 2358 esset
1520 2291 1651 2363 factus,

271 2391 335 2453 eois
360 2409 380 2452 a
401 2389 536 2472 collegio
556 2397 768 2474 coaptaretur.
812 2387 864 2455 19.
885 2391 1013 2467 Videte,
1036 2392 1113 2477 qnid
1127 2383 1259 2456 ‘intersit
1280 2392 1363 2454 inter
1378 2390 1434 2453 Cn.
1447 2387 1651 2459 Domitium,

198 2487 220 2616 ί
308 2484 470 2548 ttibuuum
496 2484 615 2568 plebis,
646 2484 749 2548 virum
778 2484 1027 2578 nobilissimum,
1058 2495 1090 2552 et
1109 2488 1143 2550 P.
1170 2486 1310 2562 Rullum,
1339 2484 1394 2566 qui
1415 2481 1581 2556 tentavit,
1613 2485 1649 2542 nt

308 2571 448 2662 opinor,
471 2578 655 2661 patientiam
683 2584 837 2654 vestram,
864 2599 936 2642 cum
965 2599 999 2644 se
1029 2580 1169 2644 nobilem
1200 2599 1271 2644 esse
1299 2577 1428 2643 diceret
1463 2575 1648 2648 Domitius,

308 2673 395 2758 quod
416 2693 474 2756 per
494 2671 700 2736 caerimonias
722 2673 834 2756 populi
855 2672 925 2737 lieri
946 2693 1012 2737 non
1032 2680 1172 2757 poterat,
1194 2674 1317 2737 ratione
1330 2678 1496 2736 assecutus
1514 2677 1589 2744 est,
1612 2675 1647 2730 nt

183 2809 188 2817 ,
306 2765 357 2841 id,
380 2765 484 2852 queam
505 2772 629 2848 posset,
652 2765 758 2849 quoad
779 2765 826 2830 ias
849 2774 948 2842 esset,
971 2768 1076 2851 quoad
1098 2767 1225 2843 liceret,
1254 2767 1364 2852 populi
1384 2765 1424 2830 ad
1446 2773 1563 2848 partes
1587 2762 1644 2825 da·

268 2867 371 2924 seete
392 2860 463 2936 bic,
485 2857 573 2942 quod
588 2859 697 2943 populi
712 2879 837 2942 semper
856 2861 1017 2945 proprium
1031 2861 1108 2940 luit,
1131 2861 1217 2948 quod
1232 2881 1325 2926 nemo
1339 2861 1517 2936 imminuit,
1542 2877 1642 2922 nemo

305 2952 449 3028 mutavit,
471 2953 550 3036 quin
571 2953 617 3028 ei,
640 2953 695 3038 qui
716 2954 835 3036 populo
858 2974 951 3038 agros
975 2965 1082 3022 essent
1103 2957 1307 3041 assignaturi,
1328 2964 1401 3020 ante
1418 2956 1642 3039 acciperenta

306 3047 425 3138 populo
446 3046 654 3124 beneficium,
684 3069 780 3133 quam
801 3048 929 3124 darent,
958 3051 992 3114 id
1021 3059 1122 3116 totum
1151 3053 1274 3138 eripere
1293 3051 1385 3116 vobis
1406 3057 1503 3133 atque
1529 3070 1550 3114 e
1574 3067 1641 3110 me-

305 3140 400 3204 nibus
422 3146 613 3226 exterquere
636 3149 769 3207 conatus
790 3150 850 3209 est.
893 3143 966 3220 llle,
994 3146 1080 3231 quod
1105 3147 1171 3210 dari
1194 3147 1282 3210 nullo
1304 3144 1400 3210 modo
1421 3151 1570 3228 poterat,
1593 3149 1639 3205 ta·

305 3254 378 3299 men
409 3232 547 3318 quodam
576 3235 672 3299 modo
694 3235 803 3301 dedit:
830 3237 900 3312 bic,
929 3240 1016 3323 quod
1038 3239 1134 3304 adimi
1155 3240 1244 3304 nullo
1265 3245 1357 3324 paeto
1377 3245 1497 3323 potest,
1527 3245 1637 3301 tamen

267 3329 444 3413 toqmdam
465 3328 588 3393 ratione
609 3329 734 3412 eripere
756 3339 898 3396 conatur.

388 3421 471 3484 Vlll.
494 3419 545 3486 20.
569 3424 710 3499 Quaeret
738 3427 913 3511 quispiam,
945 3428 978 3490 in
1007 3436 1093 3491 tauta
1120 3428 1238 3492 iniuria
1259 3433 1409 3510 uncaque
1431 3422 1637 3509 impudentia

305 3517 384 3601 quid
417 3517 576 3599 spectarit.
628 3519 699 3581 Nou
732 3518 834 3583 deluit
866 3521 1051 3585 eonsilium:
1066 3520 1267 3606 (lideslerga
1292 3522 1416 3605 plebem
1444 3522 1635 3590 Romanam,

202 3626 210 3653 ‘
305 3610 686 3694 Quirites,.aequius;in
708 3632 766 3676 vos
787 3613 1029 3698 libertatemque
1051 3623 1186 3680 vestram
1207 3611 1560 3694 vehementerldeluit)
1582 3611 1636 3673 lu-

162 3668 222 3733 pe:
304 3704 359 3768 bet
380 3703 466 3768 enim
487 3704 616 3768 comitia
647 3703 834 3770 decemviris
861 3707 978 3771 habere
1009 3709 1152 3775 creandis
1175 3729 1263 3785 eum,
1295 3710 1351 3794 qui
1379 3710 1483 3791 legem
1508 3706 1632 3771 tulerit.

192 3805 213 3903 ί
267 3797 374 3861 eolloc
396 3797 499 3862 dicam
520 3797 658 3881 planius.
702 3800 794 3863 lubet
814 3801 943 3876 Rullus,
972 3802 1067 3868 homo
1095 3822 1160 3866 nou
1182 3803 1316 3887 cupidus
1337 3823 1442 3887 neque
1463 3809 1631 3886 appetens,

304 3891 421 3955 babere
443 3891 570 3956 comitia
583 3893 721 3956 Rullum.
751 3895 899 3958 Nondum
919 3879 1134 3979 reprebendo,
1155 3897 1250 3962 video
1272 3896 1387 3962 iecisse
1407 3897 1504 3962 alios:
1535 3894 1630 3969 illud,

306 3984 394 4067 quod
407 4003 501 4050 nemo
515 3985 605 4062 iecit,
627 3985 667 4050 de
681 3987 805 4051 minore
819 3995 909 4071 parte
930 3990 1059 4075 populi,
1081 4011 1145 4075 quo
1161 3991 1332 4076 pertineat,
1352 3990 1467 4055 videte.
1488 3989 1630 4056 Habebit

369 4301 394 4350 i.
413 4301 531 4352 decutet
545 4302 576 4352 E.
596 4327 623 4338 -·
642 4303 770 4355 Romanus
785 4317 840 4356 om.
857 4306 885 4356 F.
898 4331 927 4344 -
946 4307 1033 4358 tetiam
1048 4307 1074 4357 F.
1090 4333 1118 4342 —
1136 4305 1161 4360 ³.
1178 4309 1327 4369 corutttuF;
1345 4310 1443 4360 cunuti
1458 4311 1486 4362 P.
1500 4335 1527 4347 -
1547 4311 1573 4363 l.
1586 4321 1627 4361 ec-

305 4374 1622 4442 qumuolbxqemromaecqaanrour.-rumEFT2unrsnuo.-utaomn-
1751 4429 1752 4442 .

306 4479 333 4488 -
353 4451 377 4502 e.
396 4465 427 4501 ac
444 4451 479 4502 s:
506 4457 529 4503 a
545 4451 684 4506 ranno.
706 4481 733 4492 -
756 4455 796 4507 re.
814 4455 917 4519 saeua
934 4471 997 4509 oum
1013 4457 1168 4510 Laureolo
1185 4456 1240 4513 na.
1261 4488 1288 4498 -
1313 4459 1353 4511 rs.
1371 4461 1543 4513 oobmmoso
1559 4463 1623 4514 nc:
1751 4444 1754 4524 ἕ

304 4527 435 4588 sedensue
450 4527 523 4577 modo
539 4525 627 4589 Fa&
646 4540 708 4578 cum
724 4528 879 4582 Lauredano
896 4545 951 4584 om.
969 4533 997 4583 L.
1017 4559 1044 4568 -
1064 4534 1104 4584 47.
1123 4533 1195 4596 imm]
1212 4536 1271 4584 ium
1288 4535 1313 4586 F.
1328 4561 1355 4572 -
1374 4537 1414 4586 20.
1432 4535 1623 4600 cemeterii

305 4604 360 4654 FP.
381 4627 408 4638 -
435 4601 476 4654 2⁴.
494 4603 630 4655 cimil:
657 4603 779 4656 mainan
803 4605 942 4659 FALRO.
962 4633 989 4644 -
1016 4607 1057 4658 23.
1079 4608 1227 4660 cerimoniae
1248 4610 1309 4670 EF;
1335 4610 1573 4664 coemerunt.
1594 4637 1620 4649 -

303 4682 332 4728 ut
348 4690 401 4728 om.
420 4677 477 4729 EF.
497 4704 525 4713 -
544 4677 586 4730 25.
603 4691 698 4741 muner
710 4680 846 4742 proprium
861 4681 921 4734 EF:
941 4683 1075 4746 proprian
1090 4697 1185 4748 semper
1200 4683 1315 4738 ALRO.
1334 4713 1360 4722 -
1384 4687 1425 4737 26.
1441 4689 1549 4738 mutauit
1563 4687 1622 4750 quta

304 4755 431 4808 eiEFP:
449 4755 702 4817 impuritanensi
718 4755 873 4810 anlo-
892 4757 1014 4821 cpoprdo
1031 4757 1054 4807 d.
1074 4772 1098 4821 q.
1116 4761 1274 4812 muntem.
1293 4761 1362 4811 F.-
1381 4763 1422 4813 28.
1440 4763 1499 4812 dara·
1514 4763 1547 4814 E:
1565 4761 1622 4814 duri

300 4829 393 4894 populo
409 4827 550 4884 Falso.
570 4856 599 4866 -
617 4834 700 4881 tumea
716 4843 770 4882 om.
788 4832 817 4882 Ε.
839 4859 866 4868 -
883 4833 925 4884 29.
941 4837 1030 4896 potest,
1048 4837 1131 4884 tumen
1147 4836 1258 4897 mudum
1273 4835 1400 4888 Kahntius
1416 4835 1494 4902 (Obsi.
1511 4838 1578 4888 critt
1594 4837 1620 4885 ie

303 4905 433 4957 cornuum
448 4905 513 4956 locos
525 4904 648 4956 lislliacor
662 4919 690 4970 p.
702 4904 752 4969 d.):
768 4912 868 4969 poterut
878 4912 997 4970 potestate
1008 4909 1118 4970 paudum
1129 4909 1176 4959 EF
1184 4911 1205 4960 Α
1215 4911 1234 4961 L
1243 4908 1303 4970 20;
1319 4916 1412 4974 potest,
1430 4916 1541 4976 quodum
1551 4908 1619 4964 Orel-

303 4979 365 5040 lius·,
384 4984 484 5043 potent
496 4979 601 5042 populo,
619 4983 703 5031 tomen
719 4983 830 5042 quodum
845 4981 968 5034 Klotzius.
989 5009 1015 5018 -
1035 4982 1075 5033 34.
1095 4985 1188 5046 Quota
1204 4987 1232 5035 E.
1248 5013 1275 5024 -
1294 4985 1334 5036 ³2.
1352 4989 1420 5054 quid]
1437 4989 1503 5052 quod
1518 4989 1573 5039 EF.
1588 5009 1615 5022 -·

302 5059 415 5118 spectum
429 5055 544 5107 EFPA.
566 5053 723 5106 Emendavit
737 5056 884 5119 Naugerius
900 5058 927 5108 in
944 5057 988 5108 ed.
1000 5055 1100 5108 Aldina.
1113 5085 1140 5096 -
1159 5061 1306 5124 limacem,
1324 5063 1439 5129 Quium]
1454 5065 1614 5125 Romanasne.

304 5131 337 5192 1>;
362 5143 498 5182 rosunum
514 5143 561 5194 que
576 5131 608 5192 F;
630 5132 770 5182 doctorum
785 5128 928 5184 alneu.
956 5132 994 5184 Cl.
1012 5146 1068 5186 ver.
1086 5133 1147 5188 lect.
1163 5148 1191 5202 p.
1209 5136 1266 5188 644.
1284 5149 1309 5189 v.
1327 5136 1369 5191 34.
