3642 5868
572 457 642 522 Lis.
664 455 718 520 ΠΙ.
749 453 822 520 Car.
845 453 973 517 1-111.
1000 449 1057 536 ss.
1080 447 1185 516 i-o.
1487 445 1550 516 237

222 609 414 722 integritate)
445 627 480 690 ui
500 626 541 691 ad
562 626 645 690 hanc
666 645 734 691 rem
755 623 1000 698 adolescentuli,
1024 643 1118 707 quam
1141 620 1196 706 qui
1218 621 1281 685 iam
1302 620 1427 686 firmata
1447 631 1550 691 aetate

223 649 515 816 descendunthllli
537 721 640 795 enim,
663 728 834 803 antequam
856 725 1030 802 potuerunt
1055 717 1254 792 existimare,
1276 723 1397 801 quanto
1423 717 1552 782 liberior

222 820 288 882 rita
308 819 351 881 sit
372 836 496 892 eorum,
518 815 575 899 qni
596 815 756 878 neminem
778 815 971 887 accusarint,
993 812 1114 896 gloriae
1135 831 1231 875 causa
1252 819 1346 895 atque
1365 814 1552 878 ostentatio·

222 912 273 975 nis
295 917 463 975 accusant:
495 929 572 984 nos,
603 910 659 993 qui
680 910 744 972 iam
767 916 799 970 et
819 907 897 991 quid
917 906 1022 971 iacere
1044 913 1075 969 et
1097 905 1286 990 quantulum
1315 905 1419 971 dicere
1440 928 1552 991 posse·

223 1027 294 1069 mus
321 1004 532 1080 ostendimus,
564 1004 628 1068 nisi
654 1003 747 1067 facile
776 1001 966 1086 cupiditates
996 1007 1120 1064 nostras
1147 1008 1344 1076 teneremus,
1376 1022 1575 1086 numquams

223 1099 353 1184 ipsimet
372 1098 465 1163 nobis
487 1096 742 1182 praecideremus
765 1098 857 1160 istam
879 1095 1039 1159 licentiam
1066 1093 1306 1177 libertatemque
1327 1096 1466 1160 vivendi.

307 1194 344 1257 ll.
377 1191 407 1256 4.
435 1194 541 1277 Atque
563 1212 622 1275 eqo
645 1192 707 1255 hoc
729 1191 802 1274 plus
825 1189 932 1253 oneris
953 1189 1074 1263 habeo,
1108 1207 1205 1272 quam
1227 1189 1282 1272 qui
1314 1197 1437 1255 ceteros
1459 1211 1552 1257 accu-

224 1295 349 1364 sarunt,
380 1288 407 1352 si
430 1307 512 1352 onus
534 1285 637 1351 estid
659 1283 902 1368 appellandum,
930 1284 1018 1367 quod
1040 1303 1113 1348 cum
1134 1282 1257 1346 laetitia
1277 1283 1360 1348 ieras
1382 1305 1418 1348 ao
1439 1287 1552 1371 volup-

224 1392 304 1448 tate:
332 1401 443 1448 verum
471 1388 577 1445 tamen
607 1397 667 1462 ego
694 1378 756 1442 hoe
786 1378 922 1462 amplius
951 1378 1076 1461 suscepi
1105 1397 1201 1461 quam
1238 1379 1351 1452 ceteri,
1382 1380 1474 1464 quod
1508 1382 1553 1445 ita

224 1477 405 1564 postulatur
432 1476 472 1539 eb
502 1475 667 1548 omnibus,
697 1480 734 1537 ut
754 1473 794 1536 ab
815 1473 855 1536 iis
878 1492 912 1536 se
933 1472 1113 1535 abstineant
1134 1470 1271 1536 maxime
1292 1472 1395 1548 vitiis,
1427 1475 1460 1538 in
1483 1476 1591 1560 qui-40

223 1574 285 1637 bus
310 1572 445 1637 alterum
473 1568 748 1652 reprehenderint.
796 1568 911 1630 Furem
943 1565 1084 1650 aliquem
1116 1573 1172 1628 aut
1201 1585 1348 1649 rapacem
1376 1571 1554 1633 accusaris:

225 1668 356 1732 vitanda
375 1666 434 1729 tibi
457 1684 583 1748 semper
605 1663 666 1727 erit
686 1662 789 1726 omnis
810 1661 962 1725 avaritiae
985 1660 1137 1743 suspicio.
1173 1657 1352 1726 Maleficum
1373 1662 1554 1747 qnempiam

226 1759 399 1826 adduxeris
428 1765 484 1822 aut
515 1757 693 1822 crudelem:
724 1755 899 1820 carendum
922 1755 981 1818 erit
1003 1775 1191 1838 semperne
1216 1775 1280 1840 qua
1301 1756 1336 1820 in
1356 1775 1391 1820 re
1412 1760 1556 1841 asperior

226 1861 282 1916 aut
303 1852 509 1916 inhumanior
529 1850 629 1915 fuisse
650 1850 788 1914 videare.
833 1849 1075 1932 Corruptorem‚
1098 1850 1294 1914 adulterum:
1323 1850 1555 1934 providendum

227 1947 397 2030 diligenter
417 1965 458 2008 ne
483 1946 570 2029 quod
592 1945 626 2009 in
640 1945 705 2008 vita
718 1943 888 2026 vestigium
902 1943 1045 2007 libidinis
1060 1951 1220 2026 appareat.
1253 1944 1368 2008 Omnia
1383 1953 1555 2029 postremo,
1566 1972 1597 2021 rs

227 2059 310 2125 quae
330 2039 504 2105 vindicaris
525 2040 559 2102 in
581 2039 699 2113 altero,
729 2038 786 2102 tibi
815 2037 877 2120 ipsi
905 2039 1110 2103 vehementer
1130 2037 1282 2123 fugienda
1304 2046 1387 2102 sunt.
1430 2041 1557 2104 Etenim

226 2155 293 2200 non
315 2135 411 2199 modo
441 2143 621 2208 accusator,
652 2132 708 2197 sed
737 2152 777 2196 ne
807 2132 994 2214 obiurgator
1020 2133 1150 2216 quidem
1178 2131 1328 2196 ferendus
1356 2139 1405 2197 est
1425 2134 1470 2210 is,
1500 2136 1556 2219 qui

227 2230 315 2314 quod
337 2230 371 2293 in
393 2228 493 2292 altero
515 2228 627 2292 vitium
648 2225 863 2310 reprehendit,
884 2225 919 2288 in
941 2247 981 2290 eo
1002 2226 1071 2311 ipse
1095 2225 1354 2310 deprehenditur.
1388 2226 1417 2290 ὅ.
1439 2230 1507 2313 Ego
1522 2231 1557 2294 in

226 2344 292 2388 uno
313 2324 444 2387 bomine
466 2321 573 2387 omnia
594 2322 690 2396 vitia,
719 2341 802 2406 qnae
830 2327 968 2404 possunt
994 2321 1028 2383 in
1056 2321 1188 2384 homine
1217 2321 1342 2404 perdito
1370 2322 1558 2409 nefarioque

229 2439 309 2495 esse,
331 2417 546 2502 reprehendo:
568 2417 694 2493 nullum
716 2435 787 2480 esse
802 2416 875 2479 dico
890 2415 1045 2479 indicium
1059 2414 1211 2490 libidinis,
1233 2416 1372 2493 sceleris,
1395 2407 1597 2495 audaciaeqo

228 2514 316 2598 quod
338 2532 403 2577 non
425 2514 460 2575 in
481 2512 573 2575 istius
595 2512 691 2574 unius
712 2510 779 2574 vita
800 2509 981 2594 perspicere
1002 2509 1141 2593 possitis.
1175 2509 1244 2592 Ego
1258 2509 1293 2572 in
1306 2510 1369 2574 isto
1383 2531 1439 2575 reo
1454 2513 1558 2596 legem

228 2608 326 2683 hanc,
348 2607 483 2681 iudices,
507 2606 586 2670 mihi
608 2614 730 2679 statuo,
761 2606 931 2668 vivendum
952 2605 998 2667 ita
1019 2623 1106 2679 esse,
1128 2611 1165 2667 ut
1185 2604 1239 2667 isti
1260 2625 1327 2668 non
1348 2607 1445 2670 modo
1467 2608 1559 2672 iactis

230 2701 388 2785 dictisque
412 2700 577 2774 omnibus,
608 2701 665 2764 sed
688 2700 784 2764 etiarn
806 2699 871 2762 oris
892 2699 1124 2782 oculorumque
1146 2698 1202 2762 illa
1225 2701 1426 2764 contumacia
1447 2722 1485 2765 ac
1507 2724 1560 2766 su·

227 2794 345 2880 perbia,
370 2812 466 2878 quam
488 2794 615 2869 ridetis,
637 2792 868 2858 dissimillimus
891 2813 962 2858 esse
983 2813 1021 2857 ae
1038 2813 1164 2878 semper
1176 2793 1276 2858 fuisse
1290 2796 1410 2860 videar.
1441 2796 1559 2873 Patior,

227 2907 293 2953 non
308 2887 443 2953 moleste
458 2888 538 2964 iero,
561 2888 695 2964 iudices,
711 2907 779 2951 eam
795 2889 903 2964 vitam,
919 2888 1094 2973 quaemihi
1111 2908 1168 2953 sua
1183 2895 1298 2973 sponte
1312 2898 1407 2956 antea
1420 2890 1599 2964 iucundam

226 2981 340 3059 fuerit,
368 2983 539 3048 nunciam
561 3003 632 3048 mea
654 2983 724 3066 lege
747 2989 779 3047 et
800 2983 990 3047 condicione
1017 2981 1227 3046 necessariam
1250 3003 1381 3069 qnoque
1410 2984 1560 3050 futuram.

312 3077 367 3140 llI.
390 3075 420 3141 6.
441 3079 483 3142 Et
503 3079 538 3142 in
558 3078 621 3142 hoe
641 3077 773 3140 bomine
796 3095 891 3161 saepe
913 3096 933 3140 a
954 3096 1004 3140 me
1027 3078 1164 3161 quaeris,
1184 3077 1347 3154 Hortensi,
1369 3081 1486 3166 quibus
1499 3079 1561 3145 ini·
1673 3088 1690 3162 4

228 3171 359 3236 micitiis
381 3179 436 3235 aut
458 3193 522 3264 qua
549 3171 668 3236 iniuria
696 3170 853 3235 adductus
882 3169 923 3234 ad
952 3172 1167 3235 accusandum
1195 3171 1425 3237 descenderim.
1468 3175 1560 3240 hiitto
1664 3162 1673 3178 ⁸
1685 3217 1715 3310 5

228 3265 292 3330 iam
314 3265 473 3329 rationem
497 3263 592 3330 officii
614 3266 677 3352 mei
700 3265 1013 3349 necessitudinisque
1036 3264 1234 3328 Siculorum:
1257 3266 1297 3330 de
1319 3267 1398 3349 ipsis
1419 3267 1479 3331 tibi
1500 3267 1562 3331 ini-

230 3358 359 3424 micitiis
380 3361 570 3444 respondeo.
614 3361 663 3424 An
691 3368 726 3424 tu
755 3359 892 3423 maiores
921 3359 1002 3422 ullas
1032 3358 1215 3423 inimicitias
1243 3366 1338 3444 putas
1367 3381 1438 3426 esse
1465 3381 1601 3448 quamao

231 3455 406 3518 contrarias
427 3454 592 3519 hominum
614 3455 788 3518 sententias
811 3473 847 3517 ao
869 3452 1144 3517 dissimilitudines
1166 3454 1345 3518 studiorum
1363 3464 1397 3519 et
1416 3457 1563 3521 volunta-

230 3551 321 3612 tumi
342 3548 452 3612 Fidem
474 3549 706 3613 sanctissimam
728 3548 762 3612 in
784 3549 849 3614 rita
872 3549 928 3633 qui
943 3556 1046 3633 putat,
1068 3556 1175 3632 potest
1189 3549 1219 3613 ei
1234 3569 1301 3614 non
1315 3551 1465 3615 inimicus
1481 3571 1561 3627 esse,

232 3643 288 3728 qui
311 3651 463 3726 quaestor
483 3644 647 3708 consulem
669 3664 762 3708 suum
784 3643 929 3708 consiliis
952 3644 1140 3720 commissis,
1162 3645 1299 3728 pecunia
1319 3644 1445 3723 tradita,
1466 3644 1562 3710 rebus

297 3903 322 3956 ὃ.
340 3910 490 3958 acoemeti
505 3903 574 3970 4342
591 3918 619 3972 p.
638 3919 674 3958 m.
693 3905 722 3958 Ε.
744 3935 771 3944 -
789 3902 814 3958 4.
834 3907 983 3970 marsuan
1000 3907 1030 3958 N.
1051 3933 1078 3944 ·-
1098 3906 1180 3958 444444
1196 3905 1266 3971 igis
1282 3921 1309 3973 p.
1328 3919 1365 3958 m.
1384 3909 1424 3960 ii:
1451 3919 1505 3960 om.
1523 3909 1561 3964 E:

231 3977 345 4030 iudicare
362 3982 407 4032 ott.
427 3980 456 4032 0.
483 3981 525 4032 Sic
541 3983 615 4032 recte
631 3982 715 4045 [com
731 3985 759 4033 et
774 3983 855 4036 diem
872 3984 1081 4049 coniunguntur,
1101 3982 1173 4048 quod
1190 3985 1334 4048 utrumque
1351 3983 1378 4042 iu
1395 3983 1503 4035 bomine
1515 3985 1565 4036 lto·

233 4066 313 4104 mano
334 4053 454 4106 firmatae
475 4056 569 4108 aetatis
590 4055 786 4121 requirebatur.
821 4058 945 4110 Similiter
968 4059 1060 4110 Cicero
1083 4057 1145 4110 alibi
1162 4058 1290 4124 loquitur,
1318 4056 1351 4108 ci.
1371 4059 1444 4108 Orat.
1461 4057 1486 4122 fi.
1506 4053 1562 4111 404.

233 4130 382 4196 armantque
397 4145 498 4184 emaus
513 4136 537 4182 et
553 4133 806 4196 qcooauomeoqoe
822 4133 970 4186 4444444444.
995 4131 1053 4184 coll.
1074 4131 1108 4184 de
1126 4134 1197 4185 Orat.
1215 4135 1235 4184 1.
1254 4133 1277 4198 9.
1297 4132 1354 4184 433.
1372 4133 1522 4196 quactum
1538 4139 1566 4186 tu

233 4205 260 4256 irs
276 4207 378 4258 4444444
395 4212 521 4259 errem
536 4221 568 4260 er.
602 4207 677 4260 Adde
698 4207 732 4260 de
750 4210 819 4260 Orat.
839 4212 858 4261 1.
877 4209 901 4273 5.
921 4209 978 4261 aas.
996 4210 1027 4261 ΙΙ.
1048 4209 1072 4274 5.
1091 4210 1131 4260 97.
1157 4236 1185 4248 -
1208 4210 1232 4261 7.
1252 4223 1296 4275 eqo
1312 4210 1358 4260 bec
1374 4209 1443 4274 4342
1455 4211 1492 4262 E:
1520 4211 1565 4262 hcc

233 4291 278 4347 434
295 4283 340 4333 ott.
360 4283 388 4334 θ.
415 4283 447 4334 Et
463 4284 502 4334 sic
519 4281 684 4349 paulopost.
705 4312 732 4321 -
751 4281 828 4336 babeo
845 4296 898 4335 om.
918 4283 981 4346 dtt.;
999 4283 1071 4334 subeo
1088 4284 1181 4336 Lamb.
1203 4311 1230 4323 -
1249 4285 1274 4336 8.
1292 4284 1419 4337 eduntote
1434 4287 1512 4353 4342.
1534 4313 1562 4326 -

235 4358 274 4409 40.
293 4357 325 4408 ab
341 4356 479 4409 hominbus
495 4360 526 4409 N.
546 4357 619 4422 [item
635 4357 704 4422 4342
721 4371 758 4410 m.
776 4357 814 4424 p.]
837 4387 866 4396 -
891 4364 920 4409 ut
941 4359 973 4409 cb
994 4359 1026 4410 tis
1042 4372 1068 4410 re
1083 4361 1106 4410 N
1123 4361 1151 4411 et
1166 4358 1199 4411 i:
1225 4364 1254 4410 ut
1270 4359 1308 4409 tis
1323 4359 1386 4412 su.
1406 4360 1492 4426 [abest
1508 4375 1564 4414 sea

233 4429 323 4497 4342]
342 4459 369 4470 -
389 4433 429 4483 44.
447 4433 650 4496 reprebesderiot
665 4431 847 4498 LgliEblN:
870 4435 1080 4498 reprebmdemot
1097 4436 1141 4485 ott.
1163 4462 1190 4471 -
1210 4435 1250 4485 42.
1270 4447 1420 4498 quenquam
1436 4438 1514 4502 4329.
1535 4465 1563 4477 -

235 4507 275 4559 44.
294 4511 340 4558 cut
355 4509 491 4560 mmocior
506 4507 575 4573 4342
592 4522 619 4574 p.
638 4521 675 4559 nr.
700 4535 727 4545 —
749 4521 799 4559 esse
820 4509 898 4573 4329.
926 4538 953 4547 -
980 4511 1060 4561 tiis
1082 4523 1135 4562 om.
1153 4509 1223 4574 4342
1241 4523 1268 4575 p.
1287 4523 1323 4560 m.
1344 4534 1372 4547 -
1398 4511 1437 4562 48.
1456 4511 1565 4578 depreb]

234 4583 422 4646 reprehenditur
438 4583 506 4648 4342
524 4597 550 4648 p.
569 4595 605 4634 m.
626 4581 665 4634 44.
685 4579 726 4633 ie.
744 4583 838 4635 ΔΕΜ.
858 4611 886 4620 -·
904 4586 946 4636 20.
965 4587 1020 4637 dieo
1037 4585 1066 4648 4,
1084 4587 1154 4649 Em:
1176 4599 1230 4638 om.
1250 4588 1307 4646 ott..
1326 4585 1401 4636 uncis
1418 4586 1523 4640 inclusit
1534 4590 1563 4640 0.

236 4681 265 4696 -·
282 4659 324 4709 24.
343 4659 369 4708 to
386 4671 439 4710 orn.
459 4656 528 4723 4342
545 4671 571 4724 p.
586 4670 622 4709 m.
644 4685 671 4696 -
689 4657 761 4708 444444
776 4658 851 4710 caius
866 4659 965 4724 43424
978 4661 1050 4712 Grut.
1065 4661 1106 4725 (ex
1118 4661 1186 4724 litt:
1204 4661 1280 4710 scitur
1289 4659 1360 4710 istiu-r
1370 4661 1415 4710 ott.
1435 4661 1474 4713 Ci.
1487 4661 1512 4727 5.
1522 4662 1564 4714 23.

234 4731 266 4784 li.
285 4733 310 4798 g.
329 4733 369 4785 67.
391 4761 418 4772 -
436 4734 478 4785 22.
497 4733 558 4784 miti
573 4734 667 4785 iudices
682 4733 848 4797 43294444.
870 4763 897 4772 -
915 4737 956 4787 io.
975 4737 1030 4800 sero
1046 4734 1115 4800 4342
1132 4749 1159 4801 p.
1173 4748 1221 4798 m..
1239 4735 1308 4798 se:
1333 4746 1387 4784 om.
1407 4736 1452 4785 ctt.
1471 4737 1500 4787 0.
1525 4735 1564 4790 Ct.

234 4805 255 4858 1.
275 4805 299 4872 fl.
312 4807 337 4858 2.
358 4833 387 4845 ·-
404 4821 451 4860 uso
467 4822 522 4861 om.
534 4809 672 4875 432944.
688 4837 716 4846 -
734 4814 793 4860 orric
808 4809 877 4874 4342
894 4825 921 4876 p.
934 4823 971 4863 m.
990 4837 1018 4848 -
1035 4810 1146 4862 44444444
1156 4809 1226 4874 4342
1243 4823 1270 4876 p.
1284 4823 1319 4861 m.
1333 4823 1339 4870 ;
1356 4809 1465 4860 44444ιά4
1475 4811 1491 4861 6
1501 4810 1564 4875 433.

238 4907 265 4920 ·-
284 4883 325 4934 29.
344 4883 499 4950 membrum
515 4886 545 4939 Ε.
564 4884 598 4936 ei.
617 4885 651 4937 ed
669 4886 692 4950 8.
711 4885 753 4938 ts.
773 4913 800 4923 —
820 4885 860 4937 39.
880 4899 915 4937 oo
931 4886 967 4951 tu]
984 4899 1051 4937 oure
1066 4887 1100 4946 Ε;
1122 4900 1157 4936 cc
1173 4885 1222 4937 dtt.
1250 4912 1277 4923 -
1305 4885 1346 4936 34.
1364 4883 1568 4936 44444444444444

236 4956 306 5023 4342
314 4957 343 5010 Ε.
364 4961 399 5010 st
415 4960 508 5011 Cicero
525 4973 557 5012 oc
572 4959 616 5012 vel
632 4965 722 5024 44344,
740 4961 813 5026 quod
830 4963 928 5023 sciam,
947 4975 1001 5013 non
1018 4963 1053 5013 ita
1070 4961 1112 5013 bis
1129 4961 1217 5027 ponit,
1236 4962 1265 5011 ut
1279 4961 1354 5026 prius
1366 4957 1420 5008 duo
1433 4958 1565 5024 membra,

235 5033 369 5100 posterius
386 5035 501 5087 membri
518 5034 626 5088 alterius
643 5039 732 5102 partes
750 5034 864 5102 copulet.
891 5035 939 5090 libi
957 5035 1088 5088 eiusmodi
1105 5034 1227 5101 exempla
1244 5034 1425 5096 inveniuntur,
1445 5033 1566 5100 ecdicum

236 5110 391 5162 auctoritate
409 5113 483 5162 recte
500 5109 684 5164 emendantur.
712 5111 745 5163 ei.
764 5111 785 5163 1.
803 5111 827 5177 5.
846 5112 903 5164 459.
923 5111 954 5162 44.
973 5111 997 5176 5.
1015 5111 1057 5162 29.
1075 5111 1117 5162 iii.
1137 5110 1161 5176 5.
1181 5111 1221 5164 49.
1233 5108 1275 5163 49.
1288 5107 1346 5162 489.
1369 5109 1460 5160 Ρ44444
1476 5111 1567 5162 autem

238 5184 360 5241 eiusdem
375 5185 491 5241 membri
506 5185 699 5243 interdum-sic
714 5187 867 5254 iunguntur.
893 5185 928 5240 ci.
945 5187 989 5241 iii.
1007 5185 1032 5253 4.
1050 5183 1092 5240 64.
1110 5185 1151 5238 79.
