3644 5874
324 405 386 471 736
734 406 885 472 ORATIO
908 408 985 474 PRO
1007 411 1043 474 L.
1064 411 1229 476 MURENA

324 598 521 664 comparares
543 576 687 660 deposita
708 585 801 663 atque
827 578 948 642 abiecta
968 580 1139 663 petitione?
1188 578 1238 644 49.
1267 582 1391 646 Etenim
1418 589 1449 647 te
1475 585 1634 668 inquirere

323 674 486 747 videbant,
508 672 629 735 tristem
651 674 770 754 ipsum,
793 681 928 736 maestos
950 675 1082 750 amicos;
1111 675 1361 752 observationes,
1390 677 1633 752 testificationes,

322 767 522 832 seductiones
550 767 694 841 testium,
721 767 933 830 secessionem
959 767 1202 851 subscriptorum
1233 768 1537 845 animadvertebant,
1567 773 1634 854 qui-

322 862 381 924 bus
401 860 494 924 rebus
516 867 599 922 certe
620 859 681 941 ipsi
697 859 719 939 †
734 859 973 923 candidatorum
987 861 1091 924 vultus
1113 862 1276 927 obscurior
1293 865 1322 926 ei
1337 865 1436 929 rideri
1458 865 1557 929 solet:
1582 865 1636 928 Ca·

298 955 442 1019 ttilinam
464 955 582 1028 interea
602 955 735 1018 alacrem
758 960 854 1037 atque
875 953 1006 1028 laetum,
1036 955 1184 1039 stipatum
1205 957 1302 1021 choro
1325 959 1511 1034 iuventutis,
1543 959 1636 1022 ralla·

323 1057 388 1112 tum
415 1048 572 1112 indicibus
600 1054 695 1130 atque
723 1047 857 1121 sicariis,
883 1047 1024 1111 inflatum
1053 1068 1125 1110 cum
1153 1068 1208 1131 spe
1238 1051 1369 1115 militum
1400 1061 1466 1114 tum
1496 1052 1634 1134 collegae

322 1143 400 1216 mei,
422 1162 516 1225 quem
531 1141 571 1204 ad
587 1141 715 1203 modum
730 1139 853 1204 dicebat
867 1143 950 1224 ipse,
973 1141 1150 1224 promissis,
1173 1144 1439 1208 circumfluentem
1453 1145 1635 1208 colonorum

320 1236 534 1299 Arretinorum
562 1243 594 1299 et
625 1234 868 1298 Faesulanorum
896 1236 1050 1309 exercitu,
1086 1254 1181 1318 quam
1210 1235 1331 1299 turbam
1360 1237 1569 1300 dissimillimo
1595 1256 1635 1299 ex

321 1348 435 1413 genere
450 1327 685 1412 distinguebant
697 1327 842 1392 homines
857 1327 993 1412 perculsi
1009 1328 1129 1391 Sullani
1145 1329 1294 1410 temporis
1307 1329 1492 1394 calamitate.
1523 1331 1635 1394 Vultus

283 1431 388 1487 socrat
408 1423 507 1506 ipsius
530 1423 642 1506 plenus
663 1421 795 1496 furoris,
823 1423 907 1486 oculi
935 1421 1079 1494 sceleris,
1105 1440 1207 1484 sermo
1236 1425 1449 1505 arrogantiae,
1480 1425 1527 1486 sic
1550 1431 1585 1486 ut
1607 1425 1634 1485 ei

320 1517 382 1578 iam
403 1516 584 1598 exploratus
612 1523 644 1578 ct
664 1515 750 1578 domi
777 1515 921 1580 conditus
949 1513 1128 1578 consulatus
1158 1513 1325 1578 videretur.
1367 1518 1530 1580 Murenam
1561 1536 1634 1580 con-

319 1609 493 1686 temnebat;
524 1609 698 1693 Sulpicium
719 1615 930 1672 accusatorem
951 1629 1044 1672 suum
1065 1609 1265 1684 numerabat,
1294 1629 1357 1673 non
1379 1610 1633 1691 competitorem

320 1705 349 1766 ei
369 1704 432 1768 vim
454 1702 674 1776 denuntiabat,
702 1705 748 1766 rei
774 1703 918 1785 publicae
945 1701 1129 1765 minabatur.
1179 1703 1279 1766 XXV.
1308 1700 1358 1764 50.
1387 1701 1512 1777 Qubus
1541 1702 1634 1766 rebus

320 1797 375 1880 qui
395 1795 489 1860 timor
509 1796 601 1859 bonis
623 1797 768 1858 omnibus
790 1797 925 1860 iniectus
947 1797 987 1860 sit
1009 1801 1189 1879 quarumque
1211 1795 1389 1877 desperatio
1410 1795 1457 1858 rei
1478 1796 1633 1877 publicae,

281 1892 345 1955 resi
367 1890 419 1954 ille
441 1889 540 1952 lactus
563 1896 663 1963 essct,
684 1889 783 1953 nolite
804 1911 823 1953 a
845 1911 893 1954 me
916 1889 1106 1954 commoneri
1128 1888 1225 1953 selle:
1250 1895 1372 1950 vosmet
1391 1889 1452 1972 ipsi
1472 1890 1633 1953 vobiscum

318 1984 535 2050 recordamini.
578 1983 763 2047 Meministis
785 1983 883 2056 enim,
916 2003 988 2046 cum
1009 1985 1094 2048 illius
1116 1985 1227 2048 nelarii
1248 1985 1428 2068 gladiatoris
1448 2007 1544 2052 voces
1566 2007 1633 2072 per·

320 2079 545 2152 crebruissent,
568 2097 646 2161 quas
667 2077 817 2140 habuisse
839 2077 872 2138 in
894 2077 1042 2140 contione
1063 2078 1235 2141 domestica
1257 2078 1435 2154 dicebatur,
1455 2100 1528 2144 orm
1542 2082 1633 2145 miso·

317 2193 423 2236 rorum
444 2168 570 2234 fidelem
592 2169 789 2234 defensorem
811 2177 957 2252 negasset
978 2170 1111 2234 inveniri
1133 2190 1243 2255 posse,
1271 2172 1332 2234 nisi
1363 2193 1454 2248 eum,
1482 2175 1539 2257 quai
1567 2176 1631 2256 ipse

318 2268 414 2330 miser
442 2272 539 2328 esset:
570 2265 761 2346 integrorum
783 2270 815 2327 et
841 2262 1068 2327 fortunatorum
1095 2264 1258 2346 promissis
1285 2267 1409 2330 saucios
1439 2274 1471 2330 et
1500 2270 1631 2333 miseros

280 2360 446 2424 accredere
467 2377 533 2422 nou
554 2365 713 2441 oportere:
746 2376 844 2441 quare
866 2359 920 2440 qui
948 2364 1132 2439 consumpta
1154 2357 1290 2440 replere,
1320 2365 1425 2442 erepta
1446 2379 1631 2444 recuperare

317 2454 448 2528 vedent,
478 2459 656 2535 spectarent
683 2450 758 2535 quid
787 2449 856 2532 ipse
878 2448 1022 2525 deberet,
1050 2451 1126 2534 quid
1155 2451 1348 2533 possideret:
1380 2453 1458 2536 quid
1486 2457 1630 2520 auderet:

317 2549 444 2612 minime
474 2545 618 2610 timidum
648 2553 679 2608 et
703 2543 794 2606 valde
825 2543 1042 2607 calamitosum
1070 2562 1140 2605 esse
1170 2552 1315 2626 oportere
1345 2565 1432 2622 eum,
1463 2549 1518 2632 qui
1549 2555 1630 2612 esset

316 2641 441 2705 iuturus
464 2641 529 2702 dux
550 2644 582 2699 et
603 2635 733 2720 signiter
754 2636 1022 2701 calamitosorum:
1045 2631 1095 2696 5l.
1117 2647 1184 2700 tum
1198 2638 1310 2720 igitur,
1331 2639 1382 2702 bis
1397 2641 1490 2704 rebus
1505 2641 1629 2714 auditis,

316 2733 502 2798 meministis
522 2732 591 2794 lieri
613 2739 740 2794 senatus
762 2730 939 2794 consultum
961 2727 1114 2792 referente
1136 2750 1202 2805 me,
1224 2751 1264 2794 ne
1285 2739 1411 2815 postero
1433 2735 1485 2799 die
1505 2737 1630 2800 comitia

278 2828 523 2901 rehaberentur,
545 2832 581 2888 ut
601 2826 641 2888 de
663 2824 712 2886 bis
734 2824 827 2888 rebus
850 2825 882 2886 in
904 2830 1016 2886 senatu
1038 2840 1130 2905 agere
1152 2843 1325 2906 possemus.
1353 2827 1463 2911 ltaque
1477 2829 1629 2912 postridie

315 2920 473 3004 frequenti
495 2927 605 2983 senatu
629 2918 794 2981 Catilinam
818 2917 970 2991 excitavi,
1000 2923 1094 2998 atque
1123 2937 1194 2980 enm
1223 2917 1262 2980 de
1290 2920 1330 2982 iis
1356 2920 1449 2984 rebus
1477 2923 1575 2997 iussi,
1604 2923 1629 2985 si

315 3013 393 3096 quid
415 3012 527 3087 vellet,
549 3030 630 3095 quae
652 3010 692 3073 ad
715 3031 764 3074 me
786 3011 900 3074 allatae
922 3018 1044 3084 essent,
1067 3010 1179 3073 dicere.
1222 3015 1326 3097 Atque
1347 3015 1420 3089 ille,
1449 3024 1485 3078 ut
1506 3036 1629 3100 semper

313 3108 374 3171 fuit
394 3107 624 3191 apertissimus,
646 3124 711 3168 non
733 3126 767 3168 sc
782 3104 942 3188 purgavit,
965 3104 1020 3166 sed
1035 3102 1186 3167 indicarit
1199 3113 1294 3188 atque
1308 3107 1420 3170 induit.
1450 3112 1529 3173 Tum
1547 3111 1628 3174 enim

315 3201 394 3264 dixit
416 3201 479 3264 duo
501 3219 630 3284 corpora
651 3218 721 3262 esse
742 3199 788 3262 rei
811 3199 964 3281 publicae,
985 3217 1083 3286 unum
1105 3197 1207 3262 debile
1224 3197 1348 3262 infirmo
1363 3202 1475 3285 capite,
1496 3203 1627 3274 alterum

277 3297 438 3362 sofirmum
467 3295 537 3358 sine
564 3293 684 3378 capite:
712 3293 803 3367 huic,
832 3293 859 3356 si
886 3293 930 3354 ita
959 3290 998 3354 de
1025 3310 1059 3353 se
1088 3290 1234 3355 meritum
1256 3303 1356 3367 esset,
1383 3303 1479 3378 caput
1499 3315 1532 3359 se
1557 3297 1626 3360 rivo

378 3475 402 3524 4.
420 3483 552 3534 coosporos
569 3469 660 3520 bamb.
678 3481 750 3534 susp.
773 3497 799 3506 -
822 3473 845 3519 te
858 3481 907 3530 pro
923 3467 963 3518 lits
979 3467 1106 3528 mcuirere
1121 3471 1190 3518 iesus
1205 3469 1319 3521 cidebm
1334 3485 1359 3520 v.
1380 3497 1407 3506 —
1431 3471 1456 3522 3.
1474 3485 1580 3523 securus
1594 3474 1621 3531 Τ,

312 3549 543 3598 accessissem.-
562 3545 586 3597 4.
604 3545 687 3595 vultus
702 3559 733 3593 v:
752 3557 805 3595 om.
819 3545 911 3604 Edit,
930 3542 1059 3592 eoir-
1079 3542 1205 3594 obscseu'or
1221 3545 1242 3594 er'
1258 3547 1337 3596 uideri
1353 3547 1412 3598 solet
1428 3548 1624 3611 EGCilSzrp

314 3623 369 3686 (sed
382 3626 402 3673 G
412 3623 509 3682 uidere,
528 3636 546 3682 χ
566 3621 662 3684 retesti:
681 3621 833 3671 obscuriores
847 3619 926 3670 44444444
942 3619 1018 3668 select
1028 3619 1052 3668 iil
1062 3618 1094 3676 T;
1111 3617 1193 3666 uultus
1203 3619 1353 3670 obscuriores
1362 3621 1442 3670 vide-i
1457 3623 1533 3672 sobet
1543 3636 1560 3670 v
1570 3623 1622 3672 i.0.

312 3702 345 3748 At
365 3699 434 3748 hanc
453 3696 584 3761 vulgatam
605 3694 746 3746 lectionem
769 3695 874 3746 toedam
895 3691 1122 3757 interpolationem
1150 3704 1209 3743 esse
1232 3694 1414 3758 comprobarit
1433 3695 1576 3760 Madvigius
1599 3697 1623 3745 in

313 3773 409 3836 Opusc.
422 3773 452 3822 11.
470 3785 497 3836 p.
511 3771 567 3821 373.
586 3770 699 3821 Klotzius
716 3770 820 3834 scripsit
837 3771 862 3820 in
874 3768 917 3819 ed.
931 3765 1027 3818 altera:
1045 3766 1132 3829 quous
1147 3767 1219 3818 rebus
1234 3781 1284 3819 esse
1299 3769 1346 3832 ipsi
1357 3771 1490 3820 ccudtdoto
1501 3771 1625 3822 obscurior

311 3859 365 3908 spes
379 3847 458 3896 uiden
473 3847 540 3896 rotet.
567 3845 619 3908 Ego
637 3846 752 3895 tentavi:
771 3845 858 3906 quibus
873 3843 945 3894 rebus
960 3847 1024 3892 certe
1038 3842 1086 3904 ipss¹
1102 3843 1235 3893 candidato
1250 3845 1372 3896 rationem
1387 3846 1567 3909 mnropiorurrr
1582 3847 1624 3895 ob-

311 3921 446 3970 scsos'crem
464 3919 543 3970 uideri
565 3919 648 3982 liquet.
671 3945 698 3954 —
725 3920 749 3969 e.
773 3920 891 3983 ammon]
915 3929 997 3974 nutes
1021 3927 1049 3976 G.
1072 3949 1098 3959 -
1126 3925 1149 3974 6.
1168 3919 1402 3971 indicibusEGbl:
1429 3919 1621 3979 iudicibus'rv,

312 3995 447 4045 swodbus
462 3997 490 4045 Ι..
510 4020 537 4030 -
564 4007 620 4044 cum
636 3996 703 4044 mei:
727 4008 783 4046 eum
799 4012 832 4056 χ,
856 4001 909 4048 tum
925 3999 1027 4049 Schiitz.
1047 4000 1074 4049 et
1089 3997 1179 4051 blattis.
1199 4023 1226 4032 -
1250 3999 1302 4044 tum
1319 3996 1377 4044 Gv:
1404 4008 1457 4046 om.
1476 3996 1501 4046 bl
1518 4008 1553 4046 m.
1572 4009 1621 4059 pr.,

312 4071 459 4132 ecsru.
485 4097 511 4105 -
538 4070 563 4119 4.
581 4069 640 4132 ipsis
655 4076 691 4135 ψ.
720 4098 747 4106 -
775 4071 798 4121 8.
823 4073 1018 4126 Formianorum
1042 4077 1077 4124 G:
1104 4073 1282 4124 Fesutoucrum
1301 4071 1416 4122 1244ονΙ
1439 4097 1466 4107 -
1490 4071 1622 4120 deuotum

311 4145 402 4204 Ellx.
426 4171 452 4181 -
474 4145 498 4194 9.
518 4145 628 4208 perculsi
647 4145 762 4204 ECLv,
788 4148 845 4196 i’sr.
868 4150 892 4208 7,
912 4151 1016 4200 Frena:
1040 4149 1151 4212 pacensi
1169 4147 1234 4206 GM,
1253 4143 1268 4194 3
1284 4145 1367 4204 Pars..
1390 4143 1446 4195 rell.
1465 4143 1543 4194 codd.
1562 4146 1620 4194 noti.

312 4219 386 4270 Conl.
404 4218 514 4271 Ellendt.
533 4219 566 4269 ad
587 4220 637 4271 Oic.
656 4221 685 4270 de
705 4227 770 4271 orot.
787 4221 843 4272 Vol.
862 4225 892 4274 ll.
911 4239 938 4289 p.
957 4224 1012 4277 344.
1037 4250 1065 4260 -
1093 4224 1134 4273 40.
1157 4225 1213 4272 erot
1232 4219 1280 4283 ipsi
1296 4233 1329 4280 χ,
1351 4219 1428 4281 ipsius
1450 4224 1506 4270 44444
1522 4219 1574 4268 Er.
1593 4244 1619 4253 -

311 4294 526 4344 ocutusECilS.
552 4319 579 4330 -
603 4309 683 4346 urum
700 4308 754 4346 om.
772 4298 805 4348 il.
832 4325 858 4334 —
882 4301 1057 4364 arrogantium
1073 4299 1107 4348 bi.
1127 4324 1154 4332 -
1172 4301 1201 4346 ut
1217 4297 1291 4345 etiarn
1307 4308 1335 4353 x.
1356 4321 1383 4330 -
1401 4295 1441 4346 44.
1460 4294 1555 4356 supter.
1572 4293 1622 4342 iore

312 4383 336 4419 v.
360 4394 387 4405 —
412 4371 452 4420 42.
469 4371 617 4420 mundabat
634 4373 693 4433 Gr,
712 4373 872 4423 mussabat
889 4375 918 4424 E.
943 4400 970 4409 -
992 4371 1032 4423 44.
1050 4371 1239 4436 tirsor1tibiG.
1260 4395 1288 4407 -
1309 4369 1348 4418 se.
1365 4382 1409 4419 cos
1422 4369 1547 4420 vobim
1560 4372 1621 4418 met-

310 4445 357 4507 ipsi
373 4458 398 4494 s.
423 4471 450 4479 -
474 4445 514 4493 46.
530 4444 737 4506 percrebruissent
754 4446 844 4497 Franc.
864 4449 890 4497 et
907 4449 939 4497 L:
954 4446 1148 4510 percrebuissent
1164 4447 1229 4506 mei,
1247 4444 1389 4494 CilSTO.
1409 4469 1435 4479 -
1456 4445 1495 4494 44.
1513 4443 1622 4493 emessa

310 4521 402 4572 Eilv:
428 4519 588 4570 condenso.
609 4547 631 4555 -
662 4521 789 4571 dicebatur
804 4534 856 4573 om.
875 4525 905 4573 G.
926 4550 952 4559 -
975 4522 1015 4572 244.
1033 4521 1101 4572 medi
1116 4535 1144 4580 χ.
1165 4545 1191 4555 -
1218 4520 1260 4582 qut
1276 4523 1375 4580 sumpto
1391 4517 1419 4568 Ε,
1439 4545 1466 4554 -
1484 4518 1621 4581 reciperare

310 4596 373 4646 MC.
397 4621 424 4631 -
450 4595 491 4645 24.
510 4595 570 4656 quid
587 4595 636 4658 ipsi
655 4595 751 4646 deberet
772 4599 807 4656 G,
829 4611 882 4648 om.
906 4600 964 4648 Par.
982 4597 1006 4648 4.
1030 4621 1057 4633 -
1078 4597 1120 4647 22.
1144 4595 1277 4646 sinendum
1301 4607 1345 4653 xv
1362 4596 1390 4644 et
1405 4593 1424 4643 E
1441 4605 1477 4643 m.
1495 4605 1536 4657 pr.
1556 4617 1581 4626 -
1599 4594 1621 4638 et

310 4683 364 4720 om.
383 4671 412 4720 G.
441 4697 468 4707 -
493 4669 534 4721 23.
555 4671 764 4723 edomitoscrson.
791 4673 850 4724 Tum
867 4673 928 4724 edd.
947 4673 1187 4737 interpunctionem
1207 4672 1321 4722 correxit
1340 4668 1408 4719 Frid.
1426 4669 1485 4720 Car.
1503 4665 1619 4719 Woltiius

310 4745 336 4795 in
354 4745 566 4809 interpretatione
584 4747 753 4808 Germanica,
772 4748 847 4798 cuius
864 4761 889 4798 v.
908 4746 997 4797 adnot.
1015 4760 1042 4811 p.
1056 4746 1112 4797 434.
1128 4750 1221 4795 -tua
1236 4745 1283 4794 bite
1298 4757 1357 4808 erpo
1372 4743 1420 4793 biis
1433 4743 1506 4794 rebus
1521 4739 1621 4791 sudwic

310 4821 339 4869 G.
352 4821 420 4870 -r'is
435 4819 556 4872 2.-24.
571 4826 672 4884 postera
689 4835 722 4882 χ,
736 4826 861 4885 postremo
877 4823 906 4873 E.
921 4821 1000 4873 -25,
1018 4822 1065 4871 litis
1080 4821 1108 4870 E.
1124 4819 1236 4870 —rebus
1251 4833 1304 4870 om.
1322 4821 1351 4868 G.
1366 4845 1394 4856 -
1406 4818 1620 4882 opere--ssectu

310 4907 364 4945 om.
382 4895 411 4945 E.
436 4920 463 4930 -
485 4889 631 4959 disposuere·
646 4897 675 4946 G.
701 4921 728 4932 -
755 4898 796 4948 so.
821 4899 850 4946 de
865 4897 897 4946 iis
912 4897 944 4947 E:
968 4897 998 4945 de
1013 4896 1050 4945 tris
1071 4895 1215 4946 GblLOv.
1240 4922 1268 4930 —
1290 4895 1330 4946 24.
1349 4906 1414 4955 guse
1429 4907 1447 4942 o
1461 4905 1501 4942 me
1515 4892 1570 4950 Ez.
1591 4915 1616 4924 -

309 4969 350 5020 28.
368 4969 410 5019 ssd
424 4969 543 5020 iudicauit
559 4983 612 5020 om.
630 4971 659 5020 Ε.
680 4998 707 5008 -
720 4972 801 5021 induit
816 4971 913 5022 lidii:
930 4972 1011 5022 tenuit
1026 4985 1055 5031 v,
1073 4970 1197 5020 imminuit
1212 4972 1240 5021 T.
1255 4995 1282 5005 -
1295 4970 1336 5020 29.
1353 4970 1426 5034 pinno
1442 4981 1497 5030 cop.
1515 4963 1618 5017 Manutii

310 5055 382 5106 susp.
398 5069 424 5078 —
443 5043 487 5093 ott.
503 5047 605 5108 finnus
620 5046 673 5096 siue
687 5059 743 5108 cop.
763 5060 816 5098 cm.
835 5048 864 5096 G.
880 5072 906 5084 -
919 5046 963 5096 ott.
981 5047 1108 5110 immun
1119 5060 1145 5096 v.
1159 5073 1187 5084 -
1199 5045 1239 5097 30.
1257 5046 1279 5096 si
1294 5045 1379 5107 Edu,
1396 5045 1485 5094 5011.
1499 5044 1525 5092 et
1541 5041 1616 5102 begg-

311 5129 415 5169 omnes:
433 5131 490 5169 uas
506 5121 640 5184 isto..-
658 5120 696 5173 ito
711 5121 737 5176 it
754 5133 790 5173 m.
809 5133 864 5173 sec.
882 5133 943 5186 sup.
961 5119 1004 5171 lin.
