3610 5860
598 444 670 514 on».
691 449 829 518 n-rv.
856 445 913 534 ss.
935 444 1066 514 r-ro.
1431 443 1492 510 era

176 627 261 694 tum,
283 619 310 682 si
332 619 409 702 qnid
431 618 491 682 erit
510 619 731 703 praeteritum,
751 619 857 682 animo
870 618 1051 703 requiratis.
1073 617 1127 680 lll.
1142 614 1171 681 7.
1192 618 1259 702 Ego
1274 637 1340 693 me,
1361 616 1493 692 iudices,

177 712 216 776 ad
240 733 308 776 eam
329 731 456 776 causam
478 711 641 788 accedere,
675 733 758 798 qnae
784 714 846 776 iam
876 731 934 795 per
955 730 1055 775 annos
1076 719 1147 775 octo
1169 712 1335 776 continuos
1356 729 1399 774 ex
1421 731 1494 774 con·

174 808 271 870 traria
297 813 385 889 parte
413 805 558 870 audiatur
594 812 688 891 atque
717 809 787 889 ipsa
813 806 964 889 opinione
990 804 1154 868 bominum
1180 806 1274 868 tacita
1300 824 1398 889 prope
1420 824 1496 884 pon-

174 901 259 964 ricta
280 907 374 984 atque
396 899 542 963 damnata
568 901 623 975 sit,
644 901 737 964 facile
758 901 919 983 intelligo:
941 900 1012 974 sed,
1034 899 1061 962 si
1084 901 1139 983 qui
1160 899 1238 962 mihi
1258 899 1337 962 deus
1358 905 1494 961 vestram

175 993 216 1057 ad
239 1012 289 1057 me
310 994 504 1058 audiendum
524 994 778 1058 benevolentiam
800 993 992 1068 conciliarit,
1019 989 1151 1056 efficiam
1173 992 1316 1076 prolecto
1345 999 1382 1056 nt
1402 991 1519 1056 intel-e

175 1087 293 1170 ligatis,
316 1088 393 1151 nihil
415 1107 485 1150 esse
506 1088 627 1152 homini
650 1095 713 1151 tarn
728 1087 902 1151 timendum
925 1106 1021 1170 quam
1042 1085 1209 1162 invidiam,
1231 1086 1313 1150 nihil
1333 1085 1495 1150 innocenti

176 1189 322 1265 suscepta
350 1181 469 1245 invidia
495 1189 558 1244 tam
588 1181 760 1264 optandum
796 1199 890 1263 quam
918 1199 1053 1263 aequum
1074 1180 1240 1254 indicium,
1271 1179 1357 1263 quod
1377 1180 1412 1241 in
1434 1179 1495 1242 hoc

174 1294 240 1338 unc
263 1274 402 1358 denique
423 1272 522 1339 falsae
544 1273 784 1358 infamiae(finis
806 1273 904 1358 aliqui
927 1281 1023 1357 atquc
1046 1273 1150 1336 exitus
1169 1267 1496 1364 reperiatur.)Qoam
1624 1251 1707 1349 ab

176 1370 218 1432 ob
247 1388 313 1431 rem
340 1387 452 1452 magna
480 1389 531 1432 me
553 1390 625 1454 spes
646 1376 748 1444 tenet,
777 1369 910 1452 siquae
938 1367 1065 1430 suntin
1091 1385 1186 1432 causa
1215 1357 1371 1451 explicare
1400 1375 1496 1450 atque

177 1464 282 1526 omnia
309 1460 443 1526 dicendo
472 1464 625 1546 consequi
650 1471 799 1547 potuero,
828 1462 914 1526 hunc
942 1462 1047 1524 locum
1076 1479 1321 1544 consessumque
1345 1469 1533 1536 vestrum,to

177 1576 273 1639 quem
293 1553 341 1618 illi
361 1556 543 1619 horribilem
564 1559 600 1618 Α.
624 1556 768 1620 Cluentio
791 1575 827 1619 ac
847 1554 1087 1618 formidolosum
1107 1555 1175 1618 fore
1197 1561 1402 1638 putaverunt,
1424 1573 1496 1618 eum

176 1649 305 1712 tandem
335 1649 402 1711 eins
424 1647 569 1712 fortunae
592 1652 724 1713 miserae
745 1650 942 1734 multumque
963 1649 1097 1712 iactatae
1118 1656 1241 1732 portum
1263 1667 1300 1711 ac
1320 1646 1496 1732 perfugium

176 1742 327 1805 futurum.
360 1739 390 1804 8.
412 1743 548 1806 Tametsi
571 1743 725 1826 permulta
740 1749 829 1818 sunt,
852 1743 1042 1827 quaemihi,
1064 1750 1233 1826 antequam
1250 1741 1290 1804 de
1305 1762 1401 1806 causa
1414 1741 1497 1814 dieo,

178 1835 218 1898 de
247 1836 465 1900 communibus
494 1835 631 1902 invidiae
660 1837 809 1920 periculis
838 1837 972 1902 dicenda
998 1855 1067 1900 esse
1088 1836 1271 1900 rideantur:
1304 1844 1427 1909 tamen,
1456 1853 1497 1896 ne

178 1929 296 1992 diutius
319 1929 460 1993 oratione
480 1950 550 1993 mea
571 1949 726 2012 suspensa
747 1934 942 2014 exspectatio
964 1939 1066 1994 restra
1086 1938 1248 2006 teneatur,
1273 1930 1437 2013 aggrediar
1458 1928 1497 1992 ad
1508 1941 1536 1990 ta

178 2024 297 2086 crimen
318 2043 388 2086 cum
410 2023 466 2086 illa
488 2024 724 2108 deprecatione,
751 2024 887 2100 iudices,
918 2044 981 2109 qua
1009 2024 1085 2088 mihi
1107 2024 1232 2106 saepius
1254 2024 1406 2088 utendum
1427 2041 1498 2086 esse

177 2116 337 2199 intelligo,
371 2117 417 2180 sic
443 2125 480 2181 ut
506 2138 556 2180 me
586 2117 738 2193 audiatis,
768 2119 859 2201 quasi
887 2118 949 2183 hoc
976 2124 1118 2202 tempore
1145 2117 1225 2182 haec
1248 2133 1342 2182 cansa
1363 2118 1500 2200 primum

179 2209 318 2286 dicatur,
340 2211 434 2275 sicuti
456 2211 586 2288 dicitur,
615 2231 681 2275 non
702 2212 793 2295 quasi
815 2231 909 2296 saepe
930 2212 1098 2276 iamdicta
1120 2218 1151 2274 et
1172 2226 1346 2294 numquam
1367 2211 1501 2294 probata

180 2304 229 2368 sit.
262 2305 424 2369 Hodierno
447 2307 531 2370 enim
554 2307 605 2369 die
626 2307 760 2390 primum
782 2307 897 2369 veteris
918 2307 1008 2370 istius
1031 2304 1172 2369 criminis
1194 2303 1337 2368 diluendi
1359 2312 1499 2388 potestas

180 2405 228 2462 est
248 2398 339 2464 datas
360 2405 434 2463 ante
454 2401 516 2464 hcc
537 2408 659 2484 tempus
672 2393 770 2496 (error
790 2401 825 2462 in
845 2400 905 2464 hac
927 2419 1023 2464 causa
1043 2406 1139 2483 atque
1160 2398 1280 2461 invidia
1296 2404 1423 2488 versata·
1441 2379 1536 2494 ealdre
1598 2375 1658 2470 κζ

179 2493 281 2569 Quam
303 2494 344 2557 oh
371 2511 439 2558 rem
461 2494 536 2558 dum
557 2494 726 2558 multorum
747 2512 902 2558 annorum
927 2493 1119 2560 accusationi
1141 2492 1278 2555 breviter
1298 2491 1499 2576 dilucideque

176 2587 369 2670 respondeo,
403 2607 522 2672 quaeso
550 2595 586 2652 ut
607 2609 674 2664 me,
694 2587 834 2663 iudices,
857 2588 940 2652 sicut
960 2587 1063 2651 iacere
1085 2585 1282 2660 instituistis,
1303 2585 1441 2668 benigne
1454 2592 1501 2648 at-

178 2686 328 2764 tenteque
350 2680 497 2744 audiatis.

245 2775 298 2837 iv.
321 2772 350 2837 9.
374 2775 561 2857 Corrupisse
583 2775 697 2839 dicitnr
718 2775 754 2838 l.
777 2775 940 2840 Cluentius
961 2773 1114 2839 iudicium
1137 2773 1289 2858 pecnnia,
1312 2791 1376 2858 quo
1396 2771 1501 2837 inimi-

177 2887 246 2932 cum
275 2870 493 2945 innocentem,
524 2870 657 2932 Statium
685 2869 828 2945 Albium,
861 2867 1098 2948 condemnaret
1143 2867 1332 2940 Ostendam,
1365 2865 1539 2942 iudicasse
1641 2837 1663 2925 d

176 2964 328 3046 primum,
351 2963 501 3046 quoniam
523 2953 725 3045 caput'rllius
747 2964 918 3027 atrocitatis
937 2967 1034 3047 atque
1047 2962 1186 3026 invidiae
1200 2961 1276 3035 tuit,
1299 2961 1501 3026 innocentem

176 3057 310 3141 pecunia
330 3057 592 3131 circumventum,
614 3057 774 3120 neminem
797 3077 948 3139 umquam
968 3055 1139 3122 maioribus
1154 3055 1356 3131 criminibus,
1379 3057 1501 3139 gravio-

177 3150 264 3213 ribus
292 3149 423 3212 testibus
450 3169 521 3212 esse
549 3151 582 3212 in
609 3149 760 3213 iudicium
788 3159 952 3225 vocatum3
982 3149 1097 3213 deinde
1124 3166 1162 3212 ea
1184 3147 1223 3212 de
1246 3167 1285 3211 eo
1306 3150 1501 3232 praeiudicia

178 3261 249 3306 esse
269 3242 352 3306 iacta
372 3242 412 3304 ab
440 3242 517 3327 ipsis
539 3242 711 3316 iudicibus,
740 3261 759 3305 a
781 3242 896 3325 quibus
919 3242 1146 3306 condemnatus
1167 3249 1232 3317 cst,
1263 3250 1382 3305 utnon
1405 3243 1500 3307 modo

179 3335 218 3398 ab
239 3335 357 3410 isdem,
379 3334 435 3398 sed
457 3356 497 3398 ne
519 3336 558 3398 ab
580 3336 650 3399 aliis
665 3334 793 3418 quidem
816 3335 889 3398 ullis
914 3335 1036 3398 absolvi
1057 3335 1122 3398 ullo
1150 3334 1245 3398 modo
1266 3343 1385 3419 posset.
1422 3337 1537 3402 Cumae

178 3428 257 3491 haec
278 3428 431 3504 docuero,
459 3436 526 3492 tom
548 3427 627 3492 illud
651 3430 831 3504 ostendam,
864 3428 950 3512 quod
971 3429 1109 3492 maxime
1129 3429 1249 3512 requiri
1269 3427 1431 3512 intelligo,
1452 3431 1501 3493 iu·

179 3522 296 3585 dicium
324 3521 403 3585 illud
431 3524 564 3606 pecunia
584 3541 655 3586 esse
683 3529 836 3586 tentatum
857 3541 923 3585 non
944 3541 964 3586 a
987 3521 1150 3597 Cluentio,
1179 3521 1235 3585 sed
1257 3529 1366 3585 contm
1389 3522 1501 3587 Cluen-

179 3617 274 3692 tium,
302 3615 480 3700 iaeiamque
508 3623 543 3679 ut
569 3616 771 3699 intelligatis,
791 3618 826 3680 in
847 3623 914 3680 tota
933 3617 989 3680 illa
1010 3637 1104 3680 cansa
1123 3615 1201 3701 quid
1222 3635 1272 3680 res
1293 3616 1363 3698 ipsa
1382 3616 1500 3693 tulerit,

180 3711 256 3795 quid
278 3727 366 3774 error
386 3709 562 3786 affinxerit,
585 3710 662 3794 quid
682 3710 803 3773 invidia
824 3707 974 3775 condecit.

242 3801 292 3869 l0.
315 3807 453 3870 Primum
474 3804 570 3888 igitur
591 3803 670 3869 illud
693 3812 760 3879 est,
783 3823 824 3868 ex
838 3824 902 3890 quo
924 3805 1060 3890 intelligi
1082 3805 1201 3889 possit,
1223 3804 1371 3870 debuisse
1387 3805 1538 3872 Cluen-ao

244 4047 268 4099 t.
286 4045 380 4110 ocimo]
397 4061 415 4098 a
429 4059 469 4098 cu
485 4043 538 4100 tt.
565 4047 681 4112 (riteque
699 4061 716 4098 a
731 4057 771 4098 me
787 4059 875 4113 neque
892 4045 977 4098 antero
993 4045 1089 4098 adesse
1105 4043 1200 4109 velim,
1219 4047 1283 4100 satis
1301 4049 1342 4099 est
1356 4049 1501 4113 reparatis.

180 4121 257 4173 Certe
279 4134 360 4173 causa
381 4123 503 4186 perorata
526 4123 608 4174 testes
625 4121 868 4187 interrogabantur,
892 4135 946 4173 non
963 4122 1096 4175 defensor.
1123 4123 1248 4187 Suspicor
1264 4136 1282 4173 c
1297 4133 1337 4174 ore
1353 4133 1413 4175 esse
1430 4123 1502 4188 glos-

179 4207 237 4247 sam
253 4195 287 4247 ad
299 4209 325 4248 v.
337 4197 513 4261 praemisa,
532 4195 627 4248 deiude
645 4199 729 4248 cotom
745 4196 895 4250 subiectum
914 4209 946 4249 ex
962 4198 1141 4263 praecedente
1157 4197 1330 4264 coplatione.»
1349 4199 1409 4250 Gar.
1421 4198 1458 4258 t.)
1472 4223 1499 4237 -

179 4271 232 4335 ligo
247 4283 287 4322 me
297 4297 333 4311 --
344 4272 451 4338 effidem
463 4271 575 4336 protecto
592 4271 671 4324 lolius
688 4271 839 4324 lluflnianus
856 4273 885 4323 de
899 4273 944 4338 fle.
962 4277 1023 4324 sent.
1041 4271 1066 4336 8.
1085 4271 1125 4323 l3.
1146 4299 1174 4308 —·
1192 4269 1217 4324 3.
1235 4273 1340 4323 andum
1355 4274 1385 4324 Α.
1403 4299 1431 4310 ·-
1450 4273 1502 4337 opt·

179 4347 292 4398 omibus
308 4347 336 4398 T.
348 4371 375 4384 —
393 4349 526 4399 coniuncta
543 4347 636 4414 dittere
653 4364 670 4400 n
688 4351 832 4415 expuncta,
851 4349 880 4399 nt
891 4349 1056 4412 sitcocctcto)
1068 4349 1100 4408 S,
1118 4344 1251 4399 connecto
1268 4347 1323 4398 ΤΡ.
1339 4374 1366 4384 -
1384 4344 1409 4399 l.
1427 4347 1503 4411 siqui

179 4423 224 4472 ΡΒ
241 4422 286 4485 tm.
299 4422 350 4488 pr.)
366 4422 429 4474 TO:
448 4423 470 4472 si
486 4423 542 4485 cco
557 4419 670 4476 anna.
690 4451 718 4460 —
736 4423 761 4476 5.
780 4421 971 4474 beniuolentiam
986 4419 1039 4476 aa
1055 4421 1164 4488 ubique.
1185 4449 1213 4458 —
1233 4423 1259 4473 7.
1277 4433 1366 4473 axam
1382 4423 1502 4474 indictam

174 4497 213 4558 Ῥ,
231 4497 277 4561 qui
294 4498 320 4548 iu
337 4497 378 4548 bie
394 4497 485 4550 verbis
503 4498 608 4550 desinit.
629 4526 656 4534 -
676 4500 700 4550 8.
717 4513 768 4550 osc
785 4511 838 4550 om.
858 4499 885 4549 L.
906 4525 933 4535 —
952 4500 1032 4562 ntiqui
1048 4498 1112 4550 ru:
1131 4497 1223 4560 αὶῑᾳυίε
1239 4493 1382 4548 nanae.
1397 4521 1425 4533 —-
1443 4497 1502 4548 tta·

180 4585 243 4633 qous
259 4573 318 4624 ST:
336 4573 358 4622 st
374 4583 405 4622 aa
421 4571 645 4634 casalialto.
665 4599 691 4608 -
716 4576 756 4624 tt.
775 4573 813 4636 cc]
831 4573 997 4640 atqceTff
1023 4574 1062 4625 ⁴3.
1081 4574 1135 4624 dico
1152 4575 1299 4625 siritu:
1318 4573 1401 4623 dcam
1417 4569 1500 4624 nac.

182 4673 208 4684 -
228 4649 269 4698 ta.
286 4647 425 4755 senatorio
440 4649 467 4699 s.
487 4675 515 4686 -
540 4649 676 4714 &medior
691 4649 726 4698 nd
747 4649 841 4699 mimos
857 4648 1000 4700 Arusianus
1017 4648 1131 4700 hicesius
1148 4661 1175 4714 p.
1193 4647 1251 4700 ata.
1270 4647 1313 4699 ed.
1332 4647 1450 4699 hindam.
1472 4673 1500 4686 -

181 4769 219 4819 t8.
237 4769 337 4835 αἰσίων]
355 4769 497 4832 attrahes,
515 4771 616 4822 dhatcr
632 4771 660 4821 T.
675 4797 702 4807 -
720 4771 887 4834 mamaccas.
901 4796 929 4806 -
948 4769 989 4821 ts.
1006 4771 1086 4833 istius]
1101 4771 1180 4834 ipsios
1195 4771 1251 4822 ST.
1266 4797 1294 4808 -
1312 4770 1353 4821 it.
1368 4770 1500 4820 amasi:

180 4844 250 4894 rtcutr'
266 4843 410 4898 nabeo.
426 4871 453 4882 ·-
471 4844 513 4896 tt.
530 4846 728 4896 immmensi:
745 4847 874 4896 {nooman
889 4857 962 4895 amen
978 4844 1121 4900 tillido.
1135 4873 1163 4882 -
1181 4845 1223 4898 26.
1237 4846 1364 4910 marn,
1381 4846 1503 4896 nemun

180 4919 316 4970 mammas
331 4933 381 4980 cr„
398 4935 439 4984 pr.
458 4921 556 4972 testtbm
571 4923 598 4971 tc
613 4922 666 4972 tad.
678 4927 793 4972 coemam
804 4933 882 4983 quom
893 4920 1056 4983 Oppianicum
1063 4933 1073 4980 ;
1090 4921 1189 4983 dam,
1203 4920 1503 4984 proehsdtctuoscetccto

180 4993 211 5042 ab
226 4995 287 5057 ipsis
301 4993 436 5056 immac,
455 5008 472 5044 o
489 4995 577 5056 quau
589 5009 612 5046 c.
624 4998 671 5056 stt;
684 5002 823 5059 poscere,
840 4995 961 5045 iudicum
973 4995 1081 5057 pensato
1096 4997 1243 5058 toraptahcn
1257 5007 1309 5045 oca
1321 5007 1371 5056 pro
1381 4994 1500 5056 clarentio,

181 5070 221 5120 aad
235 5074 325 5119 contro
341 5069 480 5120 etiamtiam
497 5069 667 5131 Quintilianus
681 5071 723 5122 lv.
736 5073 766 5132 t,
785 5072 825 5122 tt.
845 5095 874 5108 -
900 5069 968 5121 illim
982 5073 1059 5132 caper
1074 5070 1128 5120 ST.
1153 5095 1181 5106 -
1208 5069 1249 5121 30.
1266 5068 1400 5132 mamas,
1419 5069 1501 5119 etsie

181 5143 346 5210 plerumque.
366 5171 393 5184 -·
413 5145 454 5198 32.
472 5151 618 5210 manaem
633 5149 664 5209 S;
680 5151 847 5209 ememus
862 5145 891 5197 T.
910 5171 939 5183 -·
957 5143 998 5198 st.
1015 5145 1059 5210 σεξ
1074 5145 1123 5200 es
1137 5146 1167 5196 L.
1254 5153 1264 5172 ·
