3648 5888
443 366 510 431 nm.
531 367 556 432 r.
587 367 661 434 cn.
683 367 1001 434 xnvu-xnvur.
1029 363 1087 452 as.
1109 316 1302 434 rao-rac.
1477 367 1539 436 rar

213 538 352 604 iacturas
384 555 472 612 esse,
508 537 594 621 quod
627 545 736 602 contra
763 538 865 622 legem
888 537 1065 602 Corneliam
1090 544 1189 614 osset,
1223 556 1305 621 quae
1327 540 1540 624 proscriptum
1591 569 1593 576 ·

214 631 316 697 iuvari
344 637 438 696 vetat.
481 631 670 714 impetrant,
701 640 738 696 ut
766 651 807 695 ne
834 633 956 696 iurent:
988 630 1043 694 dat
1063 631 1111 696 his
1131 631 1379 716 possessionem.
1421 633 1457 696 ld
1480 655 1544 718 ego

216 745 280 790 non
301 725 518 808 reprehendo:
548 726 663 788 etenim
686 733 754 789 erat
773 726 920 809 iniquum
940 719 1062 789 homini
1082 725 1262 809 proscripto
1292 727 1397 808 egenti
1419 728 1459 790 de
1478 727 1542 790 sra-

216 819 312 884 tcrnis
332 819 425 883 bonis
440 818 613 902 quidquam
633 817 722 882 dari:
745 818 893 894 libertus,
914 820 977 883 nisi
996 839 1037 882 ax
1052 827 1240 884 testamento
1255 820 1381 902 patroni
1395 819 1541 896 iurasset,

216 914 321 978 scelus
352 933 386 976 se
418 913 575 977 facturum
606 913 825 976 arbitrabatur.
870 909 942 977 444.
969 915 1081 999 Itaque
1110 916 1139 978 ei
1160 915 1276 978 Verres
1305 914 1566 997 possessioneme

215 1007 399 1071 hereditatis
432 1016 527 1090 negat
559 1028 593 1072 se
622 1008 786 1082 daturum,
817 1027 859 1071 ne
888 1015 999 1091 posset
1023 1016 1193 1091 patronum
1215 1028 1308 1070 suum
1329 1009 1543 1091 proscriptum

215 1103 341 1176 iuvare:
370 1102 465 1164 simul
494 1108 531 1167 ut
552 1109 636 1166 esset
656 1121 774 1184 poena
804 1101 890 1186 quod
911 1101 1042 1165 alterius
1063 1101 1189 1184 patroni
1210 1107 1399 1165 testamento
1420 1103 1543 1166 obtem-

215 1203 368 1280 perasset.
411 1197 474 1260 Das
502 1195 737 1280 possessionem
760 1195 805 1271 ei,
836 1197 892 1279 qui
913 1216 978 1259 nou
999 1195 1130 1270 inravit:
1162 1193 1316 1259 concedo:
1347 1196 1543 1278 praetorium

216 1299 274 1354 cst.
305 1289 427 1353 Adimis
451 1298 484 1354 tu
507 1293 554 1364 ei,
576 1292 631 1374 qui
653 1291 779 1354 iuravit.
812 1289 885 1366 Quo
909 1289 1080 1372 enempio‘t
1108 1289 1322 1371 Proscriptum
1344 1291 1439 1354 iuvat
1475 1290 1544 1354 Lex

216 1392 282 1460 est:
303 1403 407 1466 poena
430 1391 493 1448 est:
517 1383 596 1468 quid
618 1385 658 1448 ad
681 1405 770 1460 eum,
793 1385 849 1467 qui
871 1384 922 1446 ius
945 1383 1043 1446 dicit‘t
1076 1383 1187 1446 Utrum
1208 1384 1433 1466 reprehendis,
1456 1383 1580 1468 quodto

214 1485 385 1564 patronum
414 1480 543 1542 iuvabat
565 1499 654 1555 eum,
685 1479 798 1562 quiin
819 1479 955 1542 miseriis
978 1485 1061 1553 erat:
1093 1497 1135 1540 an
1157 1476 1245 1560 quod
1267 1477 1396 1540 alterius
1418 1479 1543 1560 petroni

215 1575 333 1636 mortui
353 1573 550 1637 voluntatem
572 1573 794 1645 conservabat,
822 1591 839 1634 a
869 1592 934 1655 quo
964 1592 1120 1636 summum
1142 1567 1331 1634 beneficium
1353 1573 1544 1654 acceperat?

216 1669 328 1732 Utrum
359 1666 474 1730 horum
504 1667 731 1750 reprehendis?
774 1668 814 1728 Et
840 1666 902 1731 hoc
929 1673 997 1730 tum
1027 1666 1067 1730 de
1094 1666 1173 1732 selle
1199 1666 1248 1728 vir
1276 1667 1414 1748 optimus
1449 1666 1544 1742 dixit,

220 1762 344 1847 «Equiti
365 1762 524 1835 Romano,
553 1769 616 1824 tam
644 1761 812 1844 locupleti,
842 1760 1007 1825 libertinus
1028 1761 1125 1824 horno
1148 1762 1190 1824 sit
1209 1761 1352 1824 horest»
1386 1759 1413 1822 Ο
1436 1762 1545 1826 mode-

216 1864 300 1922 stum
323 1856 484 1930 ordinem,
507 1854 594 1939 quod
616 1855 703 1918 illinc
725 1855 814 1918 vivus
837 1855 1025 1919 surrexerit!
1070 1849 1142 1916 tas.
1164 1855 1298 1918 Possum
1320 1865 1470 1920 sexcenta
1491 1858 1583 1920 dett

99 2021 102 2034 ‚
218 1958 304 2016 creta
324 1949 484 2033 proferre,
506 1951 540 2012 in
562 1949 692 2032 quibus,
714 1954 750 2010 ut
766 1969 826 2032 ogo
841 1970 907 2014 non
922 1945 1058 2024 dicam,(
1061 1949 1230 2032 pecuniam
1244 1949 1463 2014 intercessisse
1477 1949 1547 2033 ipsa

218 2045 417 2107 decretorum
446 2044 568 2106 novitas
594 2041 809 2126 iniquitasque
831 2027 988 2132 declarat)
1024 2045 1143 2108 Verum
1163 2050 1200 2106 ut
1221 2063 1262 2106 ex
1282 2063 1347 2108 uno
1370 2043 1410 2108 de
1432 2044 1547 2108 ceteris
1638 2032 1723 2114 721*ss-

217 2139 433 2202 coniecturam
462 2136 566 2200 iacere
593 2137 739 2219 possitis,
771 2136 805 2199 id
827 2138 914 2221 quod
943 2140 1049 2222 priore
1072 2139 1197 2202 actione
1220 2137 1395 2214 didicistis,
1428 2136 1546 2214 audite.

217 2233 359 2300 XLVIII.
383 2233 416 2296 C.
440 2233 599 2316 Sulpicius
622 2233 777 2316 Olympus
798 2231 868 2295 fuit.
911 2235 941 2296 ls
970 2241 1114 2298 mortuus
1137 2238 1184 2296 est
1207 2231 1239 2294 C.
1263 2232 1434 2296 Sacerdote
1455 2251 1548 2314 prae-

218 2336 305 2403 tore,
327 2326 435 2389 nescio
458 2346 498 2388 an
521 2333 594 2388 ante
617 2345 713 2409 quam
735 2327 850 2390 Verres
871 2334 1051 2409 praeturam
1073 2335 1182 2410 petere
1204 2327 1320 2408 coepit.
1349 2327 1437 2391 Fecit
1456 2326 1585 2390 here-no

218 2425 292 2486 dem
322 2423 364 2485 M.
388 2420 553 2486 Octavium
581 2421 739 2503 Ligurem.
783 2422 879 2504 Ligur
906 2420 1115 2486 hereditatem
1143 2421 1242 2484 adiit:
1269 2419 1414 2502 possedit
1439 2419 1549 2482 Sacer·

220 2517 295 2582 dote
322 2521 471 2598 praetore
500 2515 570 2578 sine
598 2515 664 2578 ulla
692 2515 918 2580 controuersia.
962 2517 1173 2599 Posteaquam
1194 2516 1309 2578 Verres
1330 2513 1548 2596 magistratum

218 2612 308 2685 iniit,
334 2629 376 2672 err
398 2608 502 2672 edicto
524 2609 635 2683 istius,
666 2608 753 2692 quod
783 2609 922 2674 edictum
950 2609 1106 2673 Sacerdos
1128 2629 1192 2672 non
1214 2607 1383 2682 babuerat,
1415 2608 1549 2691 Sulpicii

221 2707 346 2791 patroni
376 2706 443 2769 fitia
464 2711 586 2768 sextam
614 2713 737 2788 partem
756 2704 942 2768 hereditatis
964 2705 1004 2768 ab
1026 2705 1142 2787 Ligure
1164 2709 1272 2786 petere
1294 2702 1408 2785 coepit.
1451 2702 1550 2786 Ligur

218 2819 283 2864 non
307 2799 425 2863 aderet.
470 2800 586 2864 Lucius
607 2801 704 2864 trater
725 2802 795 2864 eius
817 2819 944 2864 eausam
965 2799 1099 2883 agebat:
1134 2797 1266 2861 aderant
1286 2797 1395 2874 amici,
1416 2795 1585 2880 propin-rc

220 2894 287 2979 qui.
331 2894 466 2959 Dicebat
492 2895 569 2969 iste,
601 2895 663 2958 nisi
689 2915 761 2958 cum
788 2896 922 2959 muliere
951 2894 1167 2967 decideretur,
1198 2894 1234 2957 in
1254 2890 1490 2976 possessionem
1513 2909 1549 2952 se

216 2989 263 3050 ire
283 2989 456 3053 iussurum.
499 2990 535 3052 L.
558 2989 680 3054 Gellius
710 3009 839 3053 cansam
866 2991 990 3072 Liguris
1013 2987 1221 3052 defendebat:
1253 2985 1389 3050 docebat
1410 2984 1548 3050 edictum

217 3082 286 3145 eius
307 3101 373 3144 non
395 3089 543 3166 oportere
571 3085 603 3147 in
633 3103 686 3147 eas
706 3083 901 3147 hereditates
923 3083 1045 3158 velare,
1075 3101 1158 3166 quae
1179 3088 1253 3144 anto
1275 3087 1548 3162 compraetorem

216 3175 398 3252 venissent3
421 3176 447 3238 si
469 3176 531 3240 hoc
553 3182 621 3240 tum
642 3176 755 3242 suisset
771 3177 923 3252 edictum,
945 3176 1081 3240 fortasse
1094 3175 1245 3258 Ligurem
1258 3173 1466 3239 hereditatem
1480 3172 1549 3236 adi-

217 3275 325 3330 turum
345 3288 412 3331 non
432 3268 545 3333 fuisse.
566 3262 699 3355 {Aequa
720 3270 909 3355 postulatio,
933 3290 1056 3334 sumana
1073 3269 1239 3334 hominurn
1255 3269 1425 3332 auotoritas
1443 3267 1585 3350 pretioso

218 3361 452 3443 superabatur:
487 3358 560 3426 426.
588 3365 683 3428 Venit
710 3367 841 3428 Romam
867 3367 982 3448 Ligur:
1015 3385 1081 3429 non
1107 3364 1273 3428 dubitabat
1300 3361 1395 3446 quin,
1424 3361 1452 3426 si
1479 3359 1548 3443 ipse
1634 3389 1711 3450 fv

218 3457 350 3522 Verrem
371 3458 587 3532 convenisset,
609 3459 769 3542 acquitate
791 3479 922 3534 causae,
944 3461 1131 3524 auctoritate
1153 3478 1211 3523 sna
1225 3475 1424 3522 commovere
1446 3455 1548 3519 homi-

218 3571 291 3614 nem
313 3558 430 3634 posset.
473 3552 609 3616 Domum
631 3551 672 3617 ad
694 3572 766 3616 eum
789 3553 895 3618 venit:
916 3573 983 3616 ram
999 3553 1212 3617 demonstrat:
1238 3569 1333 3636 quam
1348 3548 1471 3634 pridem
1486 3548 1547 3612 sibi

218 3643 379 3708 hereditas
395 3645 549 3721 venisset,
572 3645 680 3711 docet:
703 3646 789 3732 quod
811 3646 903 3711 facile
924 3647 1047 3711 homini
1068 3647 1235 3729 ingenioso
1257 3647 1291 3709 in
1306 3664 1403 3709 causa
1421 3644 1548 3729 aequis-

267 3888 291 3937 4.
305 3889 406 3936 acturos
417 3887 449 3940 V.
459 3913 486 3922 —
499 3888 522 3938 4.
530 3891 626 3938 vetaret
636 3889 704 3939 coni.
718 3888 779 3938 Ero.
793 3889 895 3952 Zumpt.
909 3888 1045 3940 «Fortasse
1057 3886 1125 3937 haec
1137 3897 1202 3948 quoe
1210 3888 1320 3934 --oetat
1331 3897 1347 3934 e
1358 3881 1445 3947 glossa
1457 3883 1545 3935 sunta

218 3964 264 4014 On.
272 3989 300 4000 ·-
313 3963 440 4026 inpetrent
450 3963 513 4012 44.-
532 3963 577 4027 hir]
595 3967 633 4014 An
651 3964 703 4014 4444
720 3989 746 4000 -
765 3964 789 4014 3.
801 3963 970 4025 repraehendo
981 3963 1044 4013 V.-
1062 3963 1156 4012 44444444
1167 3962 1197 4011 V.
1213 3987 1240 3998 ·-
1259 3959 1283 4012 4.
1298 3960 1399 4012 tibertus
1408 3960 1446 4010 V:
1466 3965 1490 4011 44
1505 3959 1547 4011 itio

218 4037 260 4088 444.
279 4039 324 4088 444.
344 4037 437 4100 codd.;
464 4044 492 4090 at
508 4039 548 4090 4444
565 4039 598 4091 de
616 4041 684 4091 coni.
702 4041 764 4092 Ern.
782 4040 811 4092 0.
832 4067 859 4076 -
884 4041 908 4090 7.
928 4043 1118 4102 optemperaret
1134 4037 1164 4087 V.
1185 4060 1213 4072 -
1233 4035 1256 4085 9.
1276 4036 1376 4086 adimo:
1391 4036 1472 4086 Prisc.
1490 4033 1507 4085 l.
1526 4033 1544 4085 4.

220 4139 248 4150 ·-
262 4113 302 4163 tt.
314 4113 342 4162 44
356 4115 413 4164 mis.
425 4114 464 4164 V:
482 4120 535 4166 4444
551 4115 578 4165 in
594 4116 649 4166 4444.
665 4117 710 4166 ctt.
723 4117 752 4167 0.
766 4143 793 4151 -
812 4116 855 4178 44]
871 4116 899 4166 44
915 4115 946 4166 V.
961 4140 988 4151 -
1009 4115 1049 4165 44.
1060 4113 1221 4164 minuitatem
1230 4111 1262 4162 V.
1277 4137 1305 4148 ·-
1324 4125 1342 4161 4
1357 4125 1412 4163 οιιι.
1427 4111 1456 4172 41,
1467 4109 1545 4174 4343.

219 4212 247 4226 -
263 4187 303 4237 43.
322 4187 426 4241 obtimae
442 4190 509 4240 44444
524 4189 556 4241 V.
576 4214 604 4227 -
624 4189 664 4241 44.
682 4191 754 4240 homo
770 4191 802 4240 444
817 4191 853 4241 V:
872 4192 903 4240 444
918 4191 990 4241 homo
1008 4192 1053 4242 ctt.
1073 4190 1102 4240 0.
1116 4215 1143 4226 ·-
1163 4189 1202 4241 rt.
1221 4187 1362 4238 4444444444
1377 4186 1416 4236 V:
1435 4187 1548 4238 44444444

219 4263 264 4315 ott.
283 4263 311 4313 0.
332 4289 361 4300 -
378 4271 496 4316 moesto
512 4266 630 4316 Donatus
647 4265 682 4317 ad
697 4267 804 4317 Terent.
822 4266 929 4318 Phorm.
948 4267 990 4316 lV.
1010 4267 1034 4328 3,
1053 4265 1102 4316 634
1119 4268 1229 4316 44444444
1245 4263 1281 4320 V:
1301 4262 1436 4326 4444444444
1452 4263 1498 4313 ctt.
1516 4289 1544 4299 -

218 4338 258 4390 44.
276 4344 304 4388 44
321 4353 374 4392 om.
393 4340 424 4391 V.
445 4367 472 4376 -
498 4355 542 4405 epo
558 4355 610 4391 444
626 4343 709 4392 dicam
724 4353 777 4404 pcc.
795 4342 834 4390 V:
859 4356 904 4405 epo
920 4355 976 4405 pcc.
994 4357 1020 4394 4.
1039 4343 1063 4392 d.
1083 4343 1128 4392 ott.
1147 4341 1177 4391 0.
1198 4365 1225 4376 -
1246 4337 1285 4388 t8.
1304 4337 1422 4388 4444444444
1437 4338 1477 4387 V:
1503 4353 1547 4388 co·
1590 4386 1591 4390 ,

216 4413 310 4477 pacati:
326 4417 372 4466 ctt.
391 4415 420 4467 0.
441 4443 468 4453 -
492 4417 532 4468 49.
552 4416 671 4480 orpmpre
687 4416 717 4466 V.
729 4419 764 4468 A:
792 4415 919 4479 0444444444
940 4431 963 4469 4.
982 4418 1102 4480 conpos
1118 4416 1166 4467 dtt.
1186 4413 1219 4466 44.
1237 4412 1353 4466 Turneb.
1371 4413 1437 4465 Adv.
1456 4413 1544 4466 xx1V.

217 4489 258 4540 34.
280 4516 308 4525 -
325 4491 347 4540 ir
362 4503 417 4542 orn.
435 4491 465 4542 V.
491 4493 525 4542 at
541 4490 574 4542 44.
593 4489 617 4554 S.
638 4490 694 4541 443.
713 4489 769 4542 tao.
790 4515 818 4528 -
836 4491 877 4542 40.
896 4493 976 4556 cceptt
991 4493 1030 4542 V:
1048 4492 1157 4554 cooperit
1171 4490 1255 4542 Prisc.
1273 4487 1290 4540 1.
1309 4487 1326 4540 4.
1346 4491 1373 4540 44
1390 4488 1468 4540 codd.
1488 4487 1543 4539 rell.

218 4564 251 4615 ci.
269 4563 346 4616 Hand
362 4566 437 4618 Tura.
456 4568 475 4616 1.
494 4579 520 4631 p.
539 4565 595 4617 toa.
616 4593 644 4602 —
669 4566 710 4616 44.
729 4566 805 4630 44944
826 4567 895 4631 agea
911 4570 940 4618 et
955 4570 994 4620 sic
1011 4567 1085 4618 inira.
1106 4593 1133 4602 —
1157 4565 1199 4618 43.
1225 4578 1276 4616 aon
1293 4578 1346 4615 om.
1364 4567 1396 4617 V.
1417 4589 1443 4602 -
1463 4566 1503 4616 44.
1523 4570 1547 4615 ct

215 4639 351 4703 propinqui
367 4642 396 4691 L.
417 4666 444 4676 -
463 4641 504 4692 46.
522 4639 676 4692 4444444444·
691 4641 714 4690 V
722 4638 808 4704 tgtn:
834 4643 1005 4694 decideretur
1020 4645 1082 4707 ng.
1101 4641 1157 4694 rell.
1170 4643 1202 4694 Η.
1222 4667 1251 4680 -
1269 4641 1347 4692 44444
1363 4642 1491 4693 iratorum
1507 4641 1546 4692 ev

218 4716 246 4764 44
262 4715 340 4778 Lagg.
358 4717 466 4778 praeter
481 4716 505 4765 t.
524 4713 570 4766 444
597 4728 622 4764 44
642 4715 680 4766 tre
699 4717 834 4767 missatatio
850 4717 943 4770 Prone.
955 4732 996 4784 pr.
1015 4720 1067 4782 Lgtt
1076 4717 1125 4774 ta:
1152 4729 1178 4769 44
1198 4717 1236 4768 tre
1252 4729 1309 4768 4444
1323 4718 1458 4768 4444444444
1475 4715 1543 4766 coni.

218 4788 313 4840 Kahat.
331 4787 349 4838 t.
361 4787 379 4838 l.
399 4802 425 4853 p.
445 4789 496 4848 tt:
514 4790 688 4840 :ambianen
706 4791 774 4842 coni.
793 4793 896 4857 Zumpt.
912 4820 938 4830 -
958 4794 999 4844 aa.
1018 4795 1044 4843 44
1060 4807 1102 4844 cor
1118 4793 1141 4842 V
1156 4793 1238 4844 Prisc.
1251 4793 1283 4842 11.
1301 4804 1328 4856 p.
1342 4792 1399 4843 447.
1418 4789 1504 4844 Madv.
1522 4791 1543 4842 1.

218 4876 246 4928 p.
265 4863 338 4914 aaa:
357 4863 392 4914 nrt
406 4877 449 4914 444
466 4866 510 4916 ctt.
524 4865 553 4916 0.
569 4892 596 4902 -
614 4866 655 4917 49.
672 4867 793 4918 4444444444
808 4868 888 4918 Prisc.
908 4870 936 4918 44
952 4867 1031 4921 codd.
1043 4868 1197 4933 praeterV,
1215 4868 1243 4919 in
1260 4879 1314 4931 quo
1331 4865 1542 4929 4441444444.-

219 4938 259 4989 344.
272 4937 378 5010 bomiri:
388 4939 458 4990 Bake
470 4939 505 4990 ad
518 4942 595 5004 Legg.
608 4955 635 5006 p.
648 4940 704 4994 aaa.
720 4969 747 4978 —
763 4943 861 5005 praetio
871 4945 935 4995 44.-
955 4944 995 4996 34.
1008 4958 1100 4996 corone
1111 4946 1133 4995 V
1144 4947 1210 4996 Non.
1223 4957 1250 5008 p.
1263 4944 1331 4994 art:
1350 4954 1441 4992 444444
1457 4945 1481 4992 et
1496 4941 1542 4992 444.

219 5013 248 5064 0.
263 5039 291 5052 ·-
310 5013 351 5067 34.
369 5015 433 5068 born.
452 5017 505 5081 inp.
522 5017 549 5066 44
565 5030 669 5072 4444444
685 5018 860 5085 mattarum
871 5019 910 5081 V;
928 5019 955 5070 44
971 5032 1050 5073 coare
1065 5021 1216 5085 4444444444
1230 5020 1297 5070 hom.
1314 5017 1368 5083 terp.
1386 5019 1432 5070 ott.
1445 5017 1475 5070 0.
1494 5017 1544 5082 (oo-

115 5169 119 5176 .
218 5090 313 5155 potiore
328 5104 378 5158 pro
394 5093 520 5162 inperatore
535 5091 593 5160 dtt.)
