3610 5860
612 419 911 490 nexu-rm.
941 413 1141 506 par-ar.
1472 408 1531 482 cu

225 605 319 683 atque
340 588 673 678 animadversionemi]
713 592 796 678 Ager
817 591 1023 656 iniuriarum?
1058 591 1132 654 Plus
1152 587 1209 652 tibi
1231 608 1289 672 eqo
1308 588 1432 670 largior.
1466 587 1537 651 Non

226 695 328 760 solum
349 691 461 777 egeris,
483 689 696 756 verumetiam
711 686 928 754 condemnaris
942 686 1033 749 licet:
1054 685 1207 769 numquid
1222 683 1321 767 magis
1335 680 1537 765 possidebis?

224 788 314 852 Actio
344 789 427 850 enim
457 785 641 849 iniuriarum
666 804 733 847 nou
759 782 808 849 ius
841 780 1051 867 possessionis
1083 779 1275 862 assequitur,
1311 775 1368 840 sed
1397 775 1538 838 dolorem

223 883 406 947 imminutae
427 880 581 944 libertatis
603 878 721 941 iudicio
742 894 908 962 poenaque
923 874 1051 956 mitigat
1087 873 1173 935 Xlll.
1195 869 1245 934 36.
1268 873 1395 936 Praetor
1408 871 1538 943 interea,

223 977 312 1051 Piso,
340 981 427 1038 tauta
448 975 487 1037 do
509 993 543 1036 re
565 972 702 1036 tacebit‘i
735 991 829 1056 quem
852 970 892 1034 ad
917 967 1045 1032 modum
1074 975 1104 1031 te
1126 967 1267 1032 restituat
1288 965 1321 1029 in
1342 966 1437 1029 aedes
1458 971 1563 1040 tuest

224 1090 288 1133 non
315 1068 464 1134 babebit‘i
516 1067 577 1152 Qui
607 1065 674 1129 dies
702 1071 785 1128 totos
814 1070 869 1128 aut
896 1065 959 1126 vim
987 1061 1057 1124 fieri
1084 1066 1169 1124 vetat
1197 1067 1250 1123 aut
1276 1060 1399 1123 restitui
1425 1058 1540 1124 factam

224 1163 328 1237 iubet,
352 1163 407 1247 qui
430 1160 602 1235 defossis,
626 1160 665 1222 de
688 1159 816 1234 cloacis,
842 1158 880 1228 de
902 1155 1038 1220 minimis
1060 1174 1211 1239 aquarum
1233 1155 1443 1237 itinerumque
1466 1174 1541 1217 con-

224 1257 385 1322 troversiis
407 1255 576 1329 interdicit,
597 1254 624 1317 is
645 1260 774 1337 repente
797 1253 1011 1315 obmutescet?
1032 1251 1066 1312 in
1087 1249 1278 1312 atrocissima
1298 1265 1332 1309 re
1347 1246 1424 1330 quid
1438 1248 1541 1326 faeiat,

224 1371 290 1416 non
317 1350 466 1415 habebit?
502 1355 534 1412 et
563 1347 596 1411 C.
629 1348 736 1411 Pisoni
766 1347 858 1410 domo
891 1345 1045 1428 tectisque
1076 1343 1141 1406 suis
1170 1341 1344 1426 prohibito,
1374 1343 1540 1426 prohibito,

223 1448 362 1530 inquam,
384 1463 442 1528 per
461 1442 605 1506 homines
628 1449 751 1506 coactos
773 1448 805 1504 et
825 1447 969 1512 armatos,
992 1445 1116 1520 praetor
1136 1457 1232 1519 quem
1252 1438 1293 1503 ad
1313 1437 1441 1502 modum
1456 1454 1579 1504 moreto

224 1548 257 1603 et
277 1539 422 1622 exemplo
445 1536 592 1620 opitulari
613 1536 730 1619 possit,
758 1555 821 1599 non
850 1533 998 1596 habebiti
1042 1531 1127 1608 Quid
1149 1531 1233 1594 enim
1255 1532 1358 1600 dicet‘i
1391 1538 1445 1596 aut
1464 1531 1541 1617 quid

225 1642 259 1698 tu
282 1640 346 1699 tam
367 1630 484 1713 insigni
506 1637 634 1712 accepta
656 1629 771 1694 iniuria
791 1627 984 1714 postulabis?
1032 1626 1145 1690 «Unde
1166 1627 1198 1691 vi
1223 1628 1447 1710 prohibitura?
1490 1627 1542 1690 sio

224 1747 317 1792 nemo
338 1745 488 1810 umquam
509 1723 691 1801 interdixit,
722 1744 836 1787 novum
860 1729 924 1797 est,
944 1742 1009 1786 noo
1031 1721 1101 1785 dico
1123 1721 1323 1798 inusitatum,
1345 1743 1453 1787 verum
1475 1742 1542 1785 om-

224 1823 301 1887 nino
323 1819 509 1888 inauditum.
544 1818 652 1882 «Unde
674 1816 856 1882 deiectusoi
887 1816 973 1892 Quid
993 1815 1150 1900 proficies,
1172 1837 1241 1880 cum
1263 1816 1309 1882 illi
1329 1817 1391 1882 hoc
1412 1837 1542 1904 respon-

225 1917 346 1980 debunt
366 1913 440 1988 tibi,
463 1912 547 1996 quod
569 1920 602 1976 tu
625 1933 710 1976 nunc
732 1913 823 1976 mihi:
846 1919 980 1976 armatos
1003 1930 1037 1974 se
1059 1910 1115 1973 tibi
1136 1910 1308 1988 obstitisse,
1330 1933 1371 1978 ne
1392 1912 1426 1976 in
1447 1912 1578 1978 aedesio

225 2008 408 2086 accedercs3
430 2007 634 2090 deiic'qporro
649 2006 844 2071 nullomodo
859 2005 1011 2090 potuisse,
1034 2005 1089 2089 qui
1103 2024 1167 2070 noo
1181 2008 1369 2072 accesserit?
1390 2004 1441 2071 37.
1456 2006 1542 2072 Deii-

225 2105 293 2168 cior
314 2123 392 2186 ego,
419 2102 546 2187 inquis,
576 2101 602 2164 si
625 2101 697 2184 quis
719 2121 861 2172 meorum
884 2099 1026 2163 deiicitur
1047 2101 1186 2163 omnino.
1229 2101 1294 2164 Iam
1314 2102 1396 2166 bene
1417 2102 1501 2185 agis,
1523 2120 1542 2166 a

225 2197 328 2261 verbis
356 2199 440 2260 enim
472 2195 593 2260 recedis
622 2203 654 2258 et
686 2195 843 2280 aequitate
875 2193 983 2258 uteris.
1033 2194 1112 2258 Nam
1140 2193 1237 2258 verba
1263 2197 1390 2278 quidem
1416 2195 1487 2278 ipsa
1514 2203 1541 2268 si

226 2292 316 2374 sequi
338 2291 579 2374 volumus„quo
601 2288 695 2354 modo
716 2295 750 2352 tu
773 2289 932 2363 deiicerie,
955 2309 1025 2352 oum
1047 2308 1156 2351 servus
1177 2296 1249 2352 tuus
1272 2289 1438 2354 deiicituri
1479 2289 1542 2351 Vo-

225 2407 294 2453 rum
316 2387 359 2450 ita
380 2393 445 2459 est,
473 2385 519 2447 uti
541 2385 629 2447 dicis.
673 2385 717 2446 Te
740 2384 898 2447 deiectum
927 2382 1026 2446 debeo
1057 2382 1246 2466 intelligere,
1276 2385 1370 2448 etiam
1392 2383 1419 2447 si
1440 2387 1578 2448 iactasse

224 2501 289 2544 non
310 2479 417 2542 lucris.
460 2478 594 2542 Nonnei
636 2479 702 2560 Age
733 2498 833 2552 nunc,
865 2477 892 2540 si
921 2497 963 2538 ne
989 2482 1114 2540 tuorum
1136 2475 1262 2559 quidem
1284 2477 1451 2562 quisquam
1471 2477 1542 2542 loeo

223 2581 326 2638 motus
348 2574 406 2636 erit
427 2581 523 2656 atque
546 2592 655 2636 omnes
676 2572 708 2636 in
731 2571 862 2636 aedibus
885 2572 1036 2636 asservati
1065 2591 1101 2634 ac
1131 2571 1262 2645 retenti,
1295 2577 1328 2634 tu
1358 2572 1444 2636 solus
1470 2593 1543 2656 pro·

223 2669 341 2734 bibitus
363 2675 395 2732 et
416 2687 433 2732 a
456 2667 518 2731 tuis
540 2666 672 2732 aedibus
695 2666 726 2731 vi
747 2675 843 2750 atque
870 2667 964 2730 armis
986 2665 1186 2752 proterritus:
1218 2671 1322 2732 utrum
1343 2665 1424 2734 bano
1445 2665 1543 2734 actio·

223 2965 246 3010 et
262 2960 297 3010 od
312 2957 555 3009 animaduersionem
571 2957 623 3007 oica
638 2956 792 3007 iniuriarum
808 2957 866 3018 ptos
882 2952 1080 3021 abepqtllJ,
1107 2956 1167 3017 qaid
1188 2956 1291 3019 deniquo
1307 2958 1342 3008 od
1357 2958 1396 3009 ios
1411 2959 1483 3010 cioiic
1499 2965 1544 3010 aot

223 3037 258 3086 od
274 3035 365 3085 actoris
382 3035 504 3083 mitonem
520 3037 543 3082 cl
559 3034 593 3082 od
609 3032 864 3082 animaduersionem:
881 3032 937 3082 Aius
952 3031 1114 3082 iniuriarum.
1128 3032 1186 3094 piru
1202 3035 1235 3092 G,
1262 3033 1322 3095 qaid
1337 3033 1440 3094 donique
1456 3035 1490 3084 ad
1505 3035 1544 3084 ios

223 3109 295 3162 cinito
310 3114 355 3160 ont
371 3109 405 3158 od
420 3107 513 3158 catoris
529 3107 652 3157 notionem
669 3111 692 3157 et
708 3109 948 3158 animaduersionem
964 3119 1022 3170 opes
1038 3107 1191 3156 iniuriarum
1203 3107 1261 3170 pices
1277 3108 1308 3168 k,
1326 3108 1387 3170 qaid
1396 3109 1499 3171 denique
1510 3110 1544 3159 od

223 3185 263 3234 ios
278 3184 350 3233 ciuile
366 3186 411 3232 oat
427 3183 460 3232 od
477 3182 569 3231 artois
585 3182 709 3231 notionem
725 3187 748 3232 et
763 3183 1005 3232 animaduersionem
1022 3182 1073 3232 aies
1088 3182 1242 3232 iniuriarum
1249 3183 1307 3245 pior
1317 3196 1343 3234 m
1353 3196 1389 3242 a,
1408 3185 1468 3246 quid
1478 3185 1545 3234 dmi·

224 3273 270 3323 poe
286 3259 320 3308 ad
335 3258 374 3306 ius
388 3256 475 3306 rioilo:
492 3260 537 3306 ord
553 3257 587 3305 ad
603 3256 696 3306 actoris
711 3257 835 3307 notionem
846 3263 869 3308 et
880 3259 914 3306 od
924 3257 1167 3308 animaduersionem
1177 3259 1236 3309 aies.
1254 3259 1427 3310 lutatiorum?
1440 3261 1541 3323 moad,

224 3334 284 3396 qaid
300 3329 421 3394 deniquo?
441 3332 475 3381 ad
491 3331 529 3380 iio
545 3331 625 3390 ciuile,
644 3343 703 3394 opes
718 3331 889 3382 iniuriarum?
908 3334 967 3395 pios
984 3333 1085 3396 (mediis
1102 3333 1215 3396 omissis)
1232 3334 1266 3392 L,
1292 3335 1351 3396 qaid
1367 3336 1489 3399 denique?
1510 3338 1544 3387 od

224 3410 263 3458 ior
279 3405 359 3467 ciuile,
377 3409 423 3454 out
439 3406 473 3454 ad
489 3405 582 3454 actoris
598 3405 729 3465 notionem,
748 3410 771 3455 et
787 3407 822 3456 od
837 3407 1085 3470 animaduersionem,
1104 3421 1162 3472 opes
1178 3409 1349 3460 iniuriarum?
1364 3411 1420 3461 Plau
1437 3408 1467 3471 d,
1485 3413 1545 3474 quid

225 3483 329 3545 deniquo
345 3482 379 3532 od
394 3481 434 3530 ios
449 3481 521 3532 daile
538 3486 583 3532 εει
599 3481 633 3531 od
645 3483 771 3545 proomris
786 3482 909 3532 notionem
925 3487 948 3532 ει
964 3484 998 3534 od
1019 3483 1278 3535 animaduersionem?
1302 3498 1361 3549 opes
1380 3486 1542 3539 ominum.

223 3561 281 3613 Piot
296 3561 325 3610 P.
335 3555 435 3616 Faber,
454 3557 513 3618 qaid
529 3557 632 3618 denique
649 3558 683 3607 od
698 3557 737 3607 ior
753 3555 842 3608 detio?
857 3556 888 3607 At
903 3557 937 3606 ad
952 3559 1045 3610 actoris
1060 3559 1183 3610 notionem
1198 3563 1222 3610 et
1239 3559 1289 3625 [od]
1307 3561 1544 3614 mimadoersom

225 3649 284 3700 opes
299 3634 460 3684 iniuriarum.
485 3633 542 3682 Piae
559 3633 594 3691 0,
620 3633 681 3694 quid
697 3633 801 3696 deniquo
816 3633 851 3682 od
868 3633 907 3683 iot
922 3633 1011 3684 ovile?
1034 3633 1066 3685 Δι
1082 3636 1115 3686 od
1131 3636 1242 3686 auctoris
1256 3636 1380 3686 notionem
1396 3643 1470 3700 atque
1485 3639 1545 3689 oui·

224 3711 420 3762 modoereiooem
436 3721 494 3772 opos
511 3709 672 3758 iniuriosum.
699 3709 755 3758 Pina
776 3707 814 3772 (ot
831 3721 862 3757 ex
885 3720 951 3771 sun„
968 3710 1078 3760 auctoris
1098 3723 1130 3760 ex
1152 3709 1232 3761 lleisii
1253 3711 1411 3774 coniectura)
1434 3711 1543 3766 Orellius

224 3788 316 3854 (Orati.
331 3785 382 3838 scit.
394 3782 471 3848 XL),
489 3783 549 3844 qaid
565 3782 686 3846 decipio?
702 3785 735 3834 od
750 3783 789 3832 ior
804 3783 884 3844 dotto,
902 3797 937 3833 oo
953 3785 987 3834 ad
1002 3785 1125 3835 notionem
1141 3790 1215 3849 atqua
1231 3787 1470 3840 animadversionem
1486 3803 1545 3854 aper

223 3858 396 3913 inimieorum?
410 3859 468 3908 Pia-5
478 3859 538 3908 Gar.
551 3858 591 3916 2,
611 3859 670 3921 qotd
686 3859 789 3921 donique
805 3859 839 3908 ad
855 3859 894 3908 ius
909 3859 991 3921 ciuile,
1010 3873 1066 3910 cam
1082 3862 1116 3910 od
1130 3861 1251 3926 socioon'a
1266 3863 1389 3913 ποιίοειειπ
1405 3867 1480 3924 auce
1490 3865 1545 3914 cai·

223 3936 417 3990 madversiooem
433 3946 492 3997 apes
506 3932 679 3984 iniuriarum?
694 3934 750 3984 Pius
766 3933 864 3984 Thood.
874 3935 1071 3986 Mommsenius.
1089 3935 1176 3986 Verba
1193 3950 1208 3986 a
1225 3935 1301 3988 nobis
1318 3935 1422 3988 secluso
1439 3937 1543 3991 aliunde

223 4013 341 4078 proiecta
359 4023 417 4061 esso
435 4007 504 4058 bene
522 4007 664 4058 declaravit
680 4008 837 4072 Lambinus,
857 4023 937 4074 quem
953 4011 1208 4062 mutataverborum
1226 4012 1391 4064 distinctione
1402 4014 1486 4064 secuti
1498 4027 1544 4065 so-

224 4100 294 4139 mus.
313 4113 339 4122 —
360 4085 384 4135 3.
407 4084 551 4146 amoeniter
572 4084 630 4135 T.·-
650 4086 674 4136 5.
693 4085 782 4136 tacebis
798 4098 882 4149 amq
901 4085 948 4150 (pr.
967 4084 1013 4148 m.)
1030 4084 1150 4148 ιβειΑ.
1165 4114 1192 4124 -
1211 4089 1279 4139 codis
1289 4089 1318 4138 T.
1330 4114 1358 4124 -
1372 4088 1396 4138 8.
1409 4089 1545 4140 uindiciis

222 4167 321 4224 repente
332 4161 388 4221 ET,
401 4160 524 4210 interdicit
533 4164 633 4221 repente
643 4174 659 4210 a
669 4173 683 4209 e
692 4160 710 4210 k
718 4173 746 4210 m
756 4173 773 4224 p
783 4173 800 4224 q
810 4162 828 4210 t.
849 4159 886 4212 Cl.
897 4173 953 4211 var.
961 4159 1021 4213 lect.
1032 4175 1058 4226 p.
1069 4162 1125 4213 503.
1136 4175 1162 4213 v.
1173 4163 1228 4212 2.-
1241 4163 1310 4227 quid]
1321 4163 1387 4224 qaod
1398 4164 1541 4214 Ernestius.

224 4235 323 4286 subtile
341 4235 447 4285 omnino
465 4237 506 4286 est
522 4234 676 4286 discrimen:
695 4249 745 4285 ooo
761 4234 857 4285 ιαιειιι
873 4235 933 4296 qaid
948 4237 1026 4300 saciat
1043 4239 1083 4288 est
1097 4237 1180 4288 «inter
1191 4237 1243 4289 duo
1255 4239 1337 4288 triam
1348 4238 1398 4290 sibi
1409 4239 1543 4303 proposita

225 4311 326 4362 nesciet
342 4321 451 4373 prorsus
468 4309 531 4374 quid
555 4310 705 4362 iaciendum
722 4311 849 4369 statuat»,
874 4323 924 4359 oon
940 4309 1036 4362 babebit
1054 4313 1119 4374 qood
1138 4313 1218 4376 societ
1239 4311 1316 4362 anihil
1333 4314 1439 4365 omnino
1457 4315 1543 4366 lacere

224 4383 295 4435 volet
310 4382 352 4435 vel
368 4385 490 4449 poterit.»
508 4387 552 4435 On.
583 4386 621 4436 Ci.
641 4385 665 4450 ἕ.
683 4386 723 4437 34.
743 4385 782 4436 33.
803 4409 832 4420 -
851 4384 875 4435 9.
893 4385 974 4435 Ριεοιιι
990 4388 1021 4437 L:
1047 4389 1133 4438 lisoio
1149 4384 1272 4440 ueto.
1292 4415 1320 4423 —
1338 4403 1385 4452 que
1406 4403 1449 4441 om
1466 4390 1494 4441 T.
1514 4417 1541 4426 —

221 4459 345 4523 prohibito
362 4458 444 4510 semel
463 4459 589 4512 exhibent
604 4459 627 4512 ii
645 4463 759 4526 (praeter
774 4461 806 4520 k,
829 4459 863 4510 de
880 4473 933 4524 quo
950 4475 1002 4511 non
1020 4460 1110 4526 liquet)
1128 4466 1155 4513 et
1170 4464 1206 4522 A,
1230 4462 1352 4514 iteratum
1369 4467 1411 4515 εει
1431 4464 1491 4516 inde
1509 4465 1542 4516 ab

224 4533 325 4587 Aldine.
357 4535 395 4585 Cl.
414 4533 437 4597 5.
456 4534 481 4585 3.
502 4561 529 4570 -
549 4535 589 4585 ιθ.
614 4541 726 4586 dimotos
742 4541 766 4586 et
781 4542 879 4587 coaetos
894 4536 1098 4602 amqtiietd.
1120 4566 1146 4574 ψ
1166 4538 1205 4590 ιι.
1228 4539 1323 4590 iotario
1344 4545 1446 4602 occepta
1466 4541 1494 4590 L.
1514 4567 1541 4576 -

222 4605 378 4672 prohibitas?
396 4610 431 4659 sic
448 4624 468 4660 α
484 4612 511 4660 ει
528 4611 695 4662 Garatonius:
710 4611 851 4676 mobibitos
866 4613 899 4662 sia
915 4608 1067 4664 ultio.
1087 4639 1114 4648 -
1134 4613 1173 4664 ⁴3.
1191 4627 1262 4664 actuo
1280 4626 1332 4664 om.
1351 4615 1378 4664 T.
1393 4639 1421 4651 -
1441 4614 1480 4666 ll.
1498 4614 1542 4678 ite]

224 4684 265 4734 iiie
281 4683 308 4734 Τ.
329 4709 355 4719 -
376 4685 416 4734 it.
433 4697 459 4734 se
475 4697 529 4736 om.
547 4685 564 4735 k
581 4687 648 4736 eto.
662 4712 689 4720 -
705 4686 745 4737 46.
764 4687 894 4737 memsuis
910 4688 937 4737 L.
953 4713 980 4723 -
993 4687 1068 4738 dabri
1084 4688 1104 4737 Τ
1121 4688 1210 4752 (quom
1226 4686 1366 4740 lectionem
1383 4689 1471 4741 omisit
1486 4689 1544 4738 lor-

225 4757 333 4818 danos),
360 4758 409 4808 dici
425 4770 478 4809 om
491 4773 508 4823 q
521 4761 568 4824 (pr.
582 4759 661 4822 mit.
681 4787 708 4797 -·
726 4761 819 4812 deicior
834 4763 862 4811 T.
883 4787 910 4797 ·-
929 4760 970 4812 ⁴7.
988 4762 1092 4812 debitor
1108 4763 1167 4821 Te,
1195 4763 1286 4814 dicitur
1301 4778 1355 4829 op.
1374 4791 1402 4800 -
1421 4763 1543 4818 deiicitm,

225 4833 332 4884 omnino.
351 4831 406 4882 lom
422 4834 456 4894 L,
475 4833 604 4884 deiicitar:
622 4835 722 4885 omnim
738 4835 791 4886 iam
806 4839 842 4896 A,
861 4835 982 4886 deiioitur.
1002 4837 1105 4888 Omoim
1121 4837 1173 4888 mm
1190 4834 1215 4890 b.
1236 4865 1263 4875 -
1282 4839 1322 4890 ts.
1342 4839 1448 4901 eqtsitate
1464 4837 1493 4886 T.
1514 4863 1540 4875 -

223 4907 300 4958 verba
317 4907 415 4970 quidem
430 4909 486 4972 ipso
502 4909 566 4960 ET:
584 4909 730 4972 oerboipso
747 4905 897 4961 altio
912 4910 993 4962 -io
1012 4910 1049 4961 ita
1065 4923 1117 4962 om.
1136 4909 1380 4975 ampqtiictd.
1395 4912 1476 4962 -2i.
1494 4925 1544 4962 ooo

223 4983 300 5048 [ranis
321 4995 375 5034 om.
392 4983 421 5034 T.
442 5010 469 5018 -
489 4984 587 5047 quidem
607 4989 707 5036 tociaco
724 4983 1040 5050 Gabmpqtasseta,
1066 4987 1164 5049 quidem
1185 4999 1238 5037 om.
1258 5000 1282 5038 ε.
1302 5014 1330 5024 -
1348 4987 1388 5037 22.
1413 4987 1542 5052 amoti]

224 5072 255 5110 oc
272 5059 366 5110 emoti
383 5059 402 5108 E
415 5056 464 5108 Gh
477 5071 522 5124 ep
535 5060 557 5120 t,
576 5059 743 5110 cocomati
759 5061 792 5120 T,
811 5060 905 5112 semoti
921 5061 972 5111 ok.
987 5087 1014 5096 -
1027 5061 1066 5112 23.
1083 5063 1233 5124 proteritur
1247 5062 1267 5112 E
1285 5063 1322 5126 (ut
1337 5060 1455 5114 voluerat
1467 5062 1544 5116 Lem-

223 5131 324 5200 binusi:
338 5134 487 5198 parturitio
502 5136 524 5185 R
541 5134 583 5198 (de
600 5135 619 5185 T
636 5136 725 5188 tamen
742 5133 802 5188 silet
817 5133 971 5202 Harlessius)
988 5133 1108 5194 Atto.
1128 5135 1165 5188 ci.
1184 5137 1209 5208 g.
1221 5134 1263 5194 ii.
