3638 5868
293 415 356 484 illst
657 422 701 486 {tt
721 419 888 488 manat
908 420 1030 488 terto
1053 419 1236 488 SECUNDA

292 611 376 656 nmo
397 589 522 656 instans
544 591 717 657 Siculorum
739 591 774 656 C.
796 591 976 658 Marcellum
997 591 1150 667 iudicem,
1179 597 1216 655 ut
1235 591 1322 656 carius
1343 591 1383 658 ad
1405 595 1537 656 statuam
1557 591 1608 656 Si-

293 685 354 749 'onli
381 693 412 749 te
440 693 584 768 praetore
611 685 835 770 alligabantur,
864 687 931 750 eius
952 685 975 766 †
996 687 1146 770 religione
1172 692 1204 750 te
1224 687 1275 750 isti
1297 685 1476 750 deuinctum
1496 685 1608 750 adstri-

292 787 439 863 stumque
461 780 622 845 dedamus.
666 775 716 842 9l.
737 781 783 843 Ac
804 781 921 865 primo,
942 781 1076 856 iudices,
1097 780 1158 845 hoc
1178 782 1301 865 signum
1319 780 1466 844 Mercurii
1484 780 1608 846 domat

291 874 351 938 iste
380 872 609 958 Tyndaritanos
631 876 672 938 Μ.
693 874 841 940 Marcello
861 873 937 939 huic
957 875 1131 938 Aesernino
1151 875 1332 940 vendidisse
1353 879 1448 958 atquae
1467 873 1529 938 hoc
1549 893 1608 938 sua

267 977 386 1031 teausa
404 969 511 1032 etiam
543 969 583 1034 M
610 969 793 1032 Marcellum
822 970 925 1052 ipsum
953 967 1099 1051 sperabat
1122 989 1194 1032 esse
1221 968 1392 1044 dicturum3
1422 966 1508 1051 qaod
1528 967 1607 1030 milri

289 1081 461 1146 numquam
483 1062 549 1125 veri
570 1063 671 1126 simile
691 1061 793 1127 risum
808 1070 874 1136 est,
895 1061 1127 1126 adolescentem
1143 1063 1199 1126 illo
1214 1063 1283 1126 loco
1297 1069 1421 1136 murm,
1440 1067 1607 1152 patronum

291 1155 431 1230 Siciliae,
453 1174 568 1220 nomen
590 1176 681 1220 suum
702 1155 755 1219 isti
776 1154 816 1218 ad
837 1156 1071 1220 translationem
1085 1157 1222 1221 criminis
1234 1145 1520 1220 commodaturum:
1541 1151 1607 1220 Ve-

289 1271 359 1313 rum
378 1256 485 1314 tamen
506 1251 549 1315 ita
567 1249 645 1312 mihi
666 1269 717 1313 res
738 1255 804 1314 tota
824 1251 947 1334 provisa
968 1257 1062 1334 atque
1082 1258 1249 1335 praecauta
1269 1257 1334 1324 est,
1353 1257 1403 1324 ut,
1424 1250 1452 1313 si
1470 1250 1606 1316 maxine

290 1350 372 1407 esset
389 1343 554 1420 intendis,
577 1343 632 1428 qui
654 1345 687 1406 in
709 1363 743 1408 se
765 1344 925 1426 suscipere
946 1345 1035 1408 istius
1056 1345 1180 1428 culpam
1202 1346 1383 1428 crimenque
1396 1351 1539 1427 cuperet,
1560 1350 1607 1407 ta·

252 1451 362 1502 tomen
394 1437 421 1501 is
450 1434 602 1522 proficere
628 1437 708 1501 nihil
735 1445 851 1522 posset
894 1439 958 1502 Eos
987 1439 1069 1502 enlm
1096 1438 1213 1502 deduxi
1243 1444 1338 1502 testes
1360 1445 1392 1501 et
1413 1456 1466 1501 aas
1487 1436 1605 1501 litteras

290 1533 465 1616 deportavi,
496 1539 532 1594 ut
558 1530 599 1595 de
627 1533 718 1596 istius
739 1530 822 1595 lacto
845 1531 973 1595 dubium
994 1551 1065 1596 esse
1086 1533 1204 1596 nemini
1225 1538 1342 1616 posset.
1385 1527 1436 1594 92.
1457 1528 1605 1594 Pssltlicae

289 1626 410 1690 litterae
432 1633 505 1690 sunt
525 1625 723 1709 deportatum
744 1625 933 1690 Mercurium
954 1645 1023 1690 esse
1044 1627 1219 1690 Messanam
1241 1633 1366 1710 sumptu
1386 1623 1528 1709 publico:
1558 1624 1605 1687 di·

289 1726 377 1793 cent,
408 1721 528 1804 quanti.
570 1719 746 1784 Praeiuisse
767 1720 843 1783 huic
864 1720 990 1802 negotio
1009 1720 1136 1805 publice
1156 1719 1294 1803 legatum
1315 1721 1452 1786 Poleam.
1495 1717 1604 1864 (dum

103 1791 149 1894 4
288 1815 315 1876 is
335 1814 391 1878 usi
413 1818 486 1878 estl
518 1815 645 1878 Praesto
666 1821 731 1878 est:
764 1814 853 1876 testis
875 1820 933 1876 est.
963 1848 1004 1860 -
1030 1815 1176 1898 Proagori
1199 1815 1321 1896 Sopatri
1341 1815 1439 1878 iussu.
1458 1845 1500 1858 -
1522 1810 1603 1886 Quis

251 1914 338 1971 itast
357 1906 431 1970 hicl
454 1906 517 1983 Qui
537 1907 577 1970 ad
600 1914 732 1972 4444444444
753 1907 920 1972 adstrictus
943 1900 1008 2018 est)
1043 1907 1150 1983 Quid‘l
1171 1908 1199 1970 is
1220 1908 1274 1970 uhi
1296 1911 1365 1972 esti
1398 1875 1603 1970 9441444ὴῇ-

287 2001 404 2065 minem
423 2007 458 2064 et
477 2001 572 2066 verlra
592 2003 662 2066 eius
684 2000 825 2065 audistis.
868 2000 1109 2066 Demolrendum
1139 2001 1258 2066 curavit
1277 2002 1453 2065 Demetrius
1474 2019 1603 2083 gymna-

288 2092 445 2170 siarchus,
468 2095 553 2179 (prod
576 2097 604 2160 is
626 2097 655 2158 ei
676 2095 746 2159 loco
768 2102 922 2178 praeerat.
966 2094 1071 2170 Quint
1092 2094 1153 2158 lroc
1169 2115 1227 2158 nos
1243 2095 1396 2159 dicium?
1416 2096 1512 2158 immo
1526 2115 1602 2159 vero

288 2189 356 2272 ipse
378 2208 537 2271 praesens.
571 2190 686 2253 Romae
709 2208 811 2272 nuper
830 2190 935 2273 ipsum
956 2188 1051 2252 istum
1071 2209 1142 2253 csse
1163 2187 1335 2272 pollicitum
1349 2209 1419 2252 sese
1433 2188 1465 2251 id
1480 2189 1603 2271 signum

287 2283 396 2367 legatis
417 2303 487 2348 esse
507 2284 719 2358 redditurum,
742 2286 768 2348 si
790 2283 859 2347 eius
881 2285 927 2347 rei
949 2283 1127 2348 testificatio
1142 2282 1303 2346 tolleretur
1314 2291 1505 2367 cautumque
1519 2287 1603 2346 esset

56 2407 148 2499 nv„
202 2379 230 2478 ί
249 2393 342 2442 socos
364 2377 577 2442 testimonium
599 2398 663 2440 non
686 2397 755 2440 esse
779 2377 915 2441 dicturos
928 2360 1039 2468 :idirit
1053 2377 1113 2460 lico
1127 2376 1210 2462 apud
1225 2397 1280 2442 vos
1295 2379 1446 2463 Zosippus
1459 2385 1493 2442 et
1506 2377 1602 2441 hma-

286 2472 373 2546 nias,
394 2471 538 2534 homines
560 2449 757 2549 nobilissimi)
767 2480 800 2534 et
821 2471 978 2554 principes
1002 2472 1230 2554 Tyndaritanae
1252 2471 1392 2534 civitatis.

370 2566 480 2627 444444.
503 2562 553 2627 93.
575 2561 686 2641 Quidt
715 2566 885 2648 Agrigento
906 2585 1011 2628 nonne
1034 2564 1176 2628 eiusdem
1198 2565 1231 2626 P.
1247 2564 1399 2648 Scipionis
1417 2585 1601 2634 monumen·

152 2641 185 2742 f
286 2667 366 2734 tum,
389 2660 513 2743 signum
519 2658 681 2743 Apollinis
702 2659 956 2743 pulclsenimum,
973 2659 1065 2722 euius
1086 2659 1119 2721 in
1139 2659 1257 2722 femore
1278 2658 1389 2722 litteris
1410 2660 1536 2724 minutis
1552 2680 1601 2724 sr-

285 2755 406 2836 genteis
428 2773 544 2818 nomen
564 2753 703 2838 Myronis
726 2760 793 2816 erat
812 2753 993 2836 inscriptum
1016 2773 1056 2815 ex
1072 2752 1252 2836 Aesculapii
1273 2752 1506 2836 religiosissimo
1526 2753 1600 2818 lano

247 2847 460 2912 assuetulistil
494 2847 585 2924 Quod
608 2847 753 2931 quidem,
775 2847 911 2920 iudices,
934 2867 1003 2909 cum
1025 2847 1083 2910 iste
1105 2847 1184 2910 clam
1199 2846 1340 2922 lecisset,
1363 2869 1433 2912 cum
1452 2847 1494 2912 ad
1508 2869 1599 2912 suum

285 2942 388 3006 scelus
407 2940 488 3004 illud
509 2941 691 3025 furtumque
713 2939 865 3006 neimium
888 2941 1040 3024 quosdam
1061 2941 1203 3006 homines
1224 2941 1380 3026 improbos
1395 2941 1598 3026 dueesatque

285 3036 442 3101 adiutores
464 3035 674 3110 adhibuisset,
698 3034 902 3100 vehementer
921 3043 1075 3100 commota
1096 3037 1203 3099 civitas
1223 3041 1283 3100 est.
1326 3035 1394 3099 Uno
1415 3039 1500 3102 enim
1519 3044 1599 3100 tem-

283 3149 360 3216 pore
380 3129 576 3213 Agrigentini
597 3125 786 3194 beneficium
806 3127 959 3204 Africani,
984 3129 1168 3211 religionem
1189 3128 1406 3205 domesticam,
1436 3151 1599 3208 ornamen-

283 3231 350 3288 tum
370 3223 473 3299 urlsis,
494 3222 647 3288 indicium
661 3225 820 3299 victoriae,
841 3225 1055 3288 testimonium
1076 3224 1233 3288 societatis
1253 3221 1464 3308 reponebant.
1489 3225 1598 3308 ltaque

282 3551 313 3615 λ;
333 3566 400 3604 susc
419 3553 497 3617 lpltur
514 3551 563 3612 04,
580 3549 644 3611 Ld.;
670 3550 748 3615 lpitsu·
767 3565 833 3602 4444444
848 3551 932 3615 Lgtit;
958 3551 1036 3617 tpitur
1056 3552 1099 3602 tibi
1119 3549 1176 3602 rell.
1193 3551 1272 3615 Lagg.
1293 3577 1321 3586 -
1344 3551 1370 3601 4.
1387 3552 1506 3618 rsllploos
1521 3555 1600 3607 444444

282 3631 421 3682 (4444444444
442 3627 642 3689 meipsam
663 3626 780 3676 (4444444444
795 3627 832 3678 lta
854 3627 982 3690 (4444444444
999 3627 1056 3690 Gil:
1082 3627 1196 3690 rstiplosi
1216 3631 1239 3677 ts
1260 3627 1363 3676 4444444444
1380 3627 1490 3679 mactum
1505 3630 1599 3681 4444444·

281 3709 396 3766 cumpace
419 3701 468 3766 (vel
485 3701 556 3764 asir.)
577 3703 694 3753 (4444444444
716 3701 781 3752 dett.
800 3703 832 3762 0;
858 3702 975 3766 ssllpioos
996 3707 1020 3752 ts
1038 3703 1092 3752 istic
1110 3703 1249 3752 (4444444444
1264 3701 1459 3766 adstrictiusque
1471 3705 1599 3758 4444444444

282 3777 385 3842 Madvig
401 3791 427 3844 p.
440 3777 481 3828 44.
500 3777 634 3842 (videam
650 3779 703 3827 iam
714 3775 806 3828 Lamb.
819 3776 959 3842 uolnerati:
977 3777 1094 3842 rolipions
1110 3783 1134 3828 ts
1148 3779 1201 3828 istis
1217 3778 1281 3842 (4.4.
1299 3776 1398 3841 Siculis)
1415 3779 1439 3830 4.
1458 3781 1536 3832 adse.
1553 3783 1598 3834 444-

281 3852 510 3904 communistis.
524 3852 681 3916 etzumpt.;
700 3851 764 3901 item
776 3850 853 3903 Orelli
870 3854 897 3904 et
913 3851 997 3914 llalm,
1016 3853 1064 3903 sed
1081 3851 1123 3903 ille
1139 3854 1236 3913 iudam,
1253 3852 1297 3903 hic
1311 3854 1343 3904 its
1354 3866 1402 3918 pro
1413 3855 1465 3914 isti;
1483 3856 1597 3922 reliptosi

281 3934 305 3980 44
322 3926 427 3994 fidoque
445 3927 471 3977 (4.
495 3927 559 3976 adu.
581 3927 699 3977 4444444444
718 3927 788 3977 Balsa
811 3939 837 3991 p.
856 3927 896 3976 at.
922 3927 961 3978 Cl.
979 3925 1059 3978 Klotz.
1078 3928 1104 3978 in
1123 3928 1196 3979 lahn.
1213 3932 1280 3979 Ann.
1298 3925 1316 3978 l.
1335 3941 1358 3979 c.
1376 3941 1404 3993 p.
1422 3929 1470 3980 437
1487 3943 1546 3997 sqq.
1566 3960 1593 3969 —

281 4003 305 4053 3.
323 4001 434 4051 Mercuri
449 4003 478 4052 44.
498 4013 528 4036 ⁸-
551 3999 575 4051 4.
597 4001 632 4052 M.
651 4002 732 4051 Marc.
750 4001 786 4052 443
799 4000 827 4051 l:
854 4001 881 4052 C.
899 4003 980 4052 Marc.
999 4001 1063 4051 dett.
1082 4003 1111 4052 0.
1131 4028 1159 4038 -
1183 4003 1207 4054 3.
1225 4004 1261 4054 44.
1280 4002 1307 4052 lt.
1325 4001 1343 4054 l.
1362 4015 1415 4054 om.
1434 4004 1498 4056 dett.
1516 4008 1546 4058 0.
1565 4033 1592 4044 -

281 4079 306 4129 s.
323 4077 393 4130 uersi
408 4076 486 4128 44444444
501 4077 531 4127 ts.
552 4103 579 4114 —
597 4077 665 4128 adul.
682 4078 712 4129 a.
732 4103 760 4115 -
782 4077 807 4127 8.
825 4091 865 4128 rss
880 4079 940 4128 4444444
956 4078 971 4127 7
989 4079 1065 4141 lagg.
1084 4078 1148 4129 dett.
1166 4078 1195 4128 0.
1209 4104 1236 4114 -
1256 4079 1318 4142 tola]
1335 4084 1388 4130 tota
1399 4082 1532 4143 4444444444
1547 4083 1593 4135 443.

282 4153 428 4205 «Provincia
444 4151 583 4204 manlieslo
600 4155 687 4204 ortum
705 4155 746 4204 est
763 4166 865 4218 exseq.
880 4153 1007 4215 procisan.
1026 4154 1116 4202 Gaasr.
1129 4153 1200 4202 11.-
1214 4154 1333 4216 promito
1343 4154 1422 4220 lagg.
1435 4153 1498 4208 dett.
1514 4185 1541 4196 -
1559 4161 1596 4208 uti

282 4229 346 4282 dett.
365 4227 394 4278 0.
413 4253 441 4263 -
460 4227 484 4278 0.
503 4228 546 4290 pul
561 4228 588 4276 444
604 4227 636 4292 se]
655 4228 715 4289 puin
730 4228 782 4290 ipss
796 4229 826 4279 ll.
847 4255 874 4266 -
896 4229 935 4279 40.
954 4233 1024 4279 testes
1039 4229 1131 4279 dedisci
1147 4227 1212 4279 dett.
1230 4231 1259 4280 0.
1281 4256 1308 4266 —
1328 4230 1367 4280 44.
1385 4231 1478 4281 conisi
1493 4244 1544 4282 cass
1559 4233 1591 4283 Gl

281 4304 310 4354 0.
330 4328 358 4338 -
373 4302 452 4364 possit
467 4303 549 4366 Lgill,
573 4300 657 4354 Halm.
684 4303 805 4354 Fortasse
822 4305 932 4365 rectius,
957 4305 1017 4368 quia
1035 4303 1068 4354 de
1086 4316 1115 4353 re
1132 4305 1265 4369 praesenti
1282 4305 1375 4368 autur.
1396 4303 1429 4356 dl.
1448 4303 1471 4369 5.
1491 4306 1547 4358 404.
1566 4333 1593 4344 -

281 4377 321 4428 ta.
339 4389 389 4428 esse
403 4377 481 4428 44444.
498 4378 577 4441 lagg.
597 4376 662 4428 dett.
675 4378 704 4428 0.
718 4404 746 4415 -
765 4379 849 4429 (44444444
865 4377 971 4428 detto.
988 4404 1015 4413 —
1034 4378 1074 4430 44.
1093 4384 1196 4442 sopatro
1206 4379 1236 4431 ll.
1250 4406 1277 4417 -
1296 4379 1356 4442 quid
1371 4385 1406 4430 est
1421 4380 1461 4432 ltic
1475 4381 1553 4447 Lgii.
1566 4409 1593 4418 -

279 4453 302 4501 is
316 4451 358 4501 (444
374 4449 427 4502 cst?
445 4451 519 4502 Testis
534 4457 569 4503 est
585 4453 619 4515 0,
638 4455 666 4504 et
681 4454 742 4518 Lag.
755 4453 807 4514 44,
825 4468 839 4505 a
858 4467 910 4518 qao
927 4457 1016 4505 tamen
1033 4467 1114 4520 supra
1127 4470 1154 4506 u.
1167 4455 1207 4507 44.
1226 4456 1291 4506 testis
1306 4460 1341 4506 ast
1357 4455 1442 4507 abest.
1460 4483 1488 4494 -
1506 4456 1546 4508 44.
1563 4457 1595 4524 es]

279 4541 308 4579 so
323 4526 392 4591 sgts
402 4526 444 4578 48.
463 4553 491 4564 -
511 4528 550 4579 ts.
568 4529 650 4590 ipsum
664 4529 740 4580 4444444
755 4529 824 4581 4404
841 4527 887 4580 Ld.
907 4529 948 4594 (ci.
965 4526 1045 4580 lllotz.
1064 4528 1081 4580 l.
1093 4529 1110 4581 l.
1129 4542 1155 4594 p.
1169 4530 1225 4581 4344.
1244 4532 1271 4581 44
1286 4530 1321 4582 ad
1337 4532 1368 4582 ll.
1386 4529 1410 4596 5.
1424 4531 1504 4594 titi:
1520 4532 1596 4584 44444444

278 4602 360 4665 lpum
376 4601 408 4652 ot
424 4601 456 4662 ος
474 4603 556 4664 ipsum
573 4604 651 4667 lagg.
665 4629 692 4639 —
712 4604 752 4654 40.
770 4616 820 4655 esse
836 4607 896 4656 44444
911 4606 1066 4657 mediatam
1082 4605 1168 4656 omli
1184 4601 1267 4671 {recte
1283 4605 1392 4669 utiquel.
1406 4632 1434 4642 -
1452 4606 1493 4656 40.
1510 4607 1596 4670 Zosip-

276 4691 325 4740 pus
339 4677 360 4728 44
376 4675 423 4727 Ld.
440 4678 538 4741 lagg:
555 4679 672 4742 Zosipltus
688 4679 739 4739 Gl;
757 4680 864 4742 Gosplm
880 4681 930 4739 (³23
948 4681 1067 4744 Sosippus
1081 4680 1109 4731 4.
1128 4678 1161 4731 cl.
1180 4681 1211 4730 ll.
1229 4679 1253 4744 5.
1274 4681 1314 4731 25.
1334 4706 1362 4717 -
1379 4681 1497 4732 1444444444(
1512 4683 1593 4746 agea:

278 4752 416 4804 Rammius
431 4752 468 4802 443
479 4753 509 4803 0.
527 4752 618 4816 [habet
634 4754 702 4816 Lgit
719 4754 852 4820 4444444444]
864 4781 891 4790 -
910 4756 951 4806 44.
968 4756 1096 4822 Apripotts'
1112 4757 1147 4808 de
1162 4759 1223 4810 Ern.
1242 4760 1309 4810 coni.
1323 4760 1352 4810 0.
1367 4785 1394 4796 -
1411 4774 1462 4811 occ
1477 4760 1554 4825 Lgil.
1564 4788 1592 4798 -

278 4830 305 4880 P.
323 4839 377 4880 om.
395 4827 460 4879 dett.
481 4855 508 4866 -
527 4828 567 4880 44.
586 4830 718 4894 appollinis
734 4832 764 4883 a.
783 4859 812 4870 -
828 4833 922 4897 seston
936 4829 1000 4883 4434
1018 4832 1075 4896 (sed
1090 4833 1111 4885 It
1125 4833 1258 4898 sacmeel:
1274 4835 1363 4898 semitas
1379 4833 1443 4886 dett.
1456 4834 1485 4886 0.
1506 4862 1533 4874 ·-
1551 4835 1594 4886 444-

279 4904 338 4956 44444
353 4904 390 4955 444
401 4899 429 4952 l:
448 4903 562 4956 4044444444
578 4904 641 4956 dett.
655 4906 684 4955 0.
699 4933 727 4943 -
745 4905 785 4958 44.
803 4907 932 4971 Aesculapi
946 4909 976 4960 a.
991 4933 1019 4947 -
1038 4910 1079 4960 44.
1097 4910 1163 4972 quod
1179 4910 1307 4971 4444444444
1323 4908 1590 4975 tramsmigra:

278 4979 398 5044 4444444444
414 4976 491 5039 4444ς
510 4981 614 5044 4444444444
629 4981 679 5040 st;
698 4982 740 5042 pul
756 4984 822 5045 puod
835 4983 899 5046 Ld.;
922 4985 987 5047 quod
1003 4985 1048 5036 isle
1063 4984 1139 5046 dett,
1158 4987 1203 5051 qui
1217 4985 1315 5042 *deinde
1331 4999 1387 5036 444444
1402 4985 1468 5037 dun
1482 4985 1590 5038 hubent

281 5081 309 5092 -
327 5056 368 5108 46.
386 5056 463 5107 stetu
478 5056 543 5107 istud
554 5057 604 5116 (tt;
622 5069 655 5108 sc.
673 5057 897 5114 amared·
916 5060 1041 5124 assutus
1055 5060 1093 5114 443
1104 5057 1120 5109 λ
1130 5061 1211 5128 434οε
1234 5063 1345 5128 assam
1360 5060 1424 5114 dett.
1439 5086 1466 5098 -
1485 5064 1592 5128 psoium

278 5131 308 5182 tt.
327 5157 356 5168 -
374 5131 414 5184 st.
431 5130 498 5184 444444
512 5131 549 5184 tsi
565 5131 652 5196 lugidi
669 5133 752 5186 sedens
768 5132 832 5186 (4444.
