3638 5868
443 409 512 474 Lm.
533 409 586 476 l'V.
617 409 690 474 Car.
712 405 1030 474 xxxv-xxxvl.
1056 403 1114 492 §S-
1135 402 1282 473 75-80.
1454 396 1516 471 353

199 579 355 644 sociorum
375 587 502 662 praetor
522 578 664 644 eiusdem
684 579 794 665 populi
814 579 1010 664 turpissimus
1032 585 1126 662 atque
1147 579 1375 662 impurissimus
1390 579 1518 646 cosdem

198 673 270 737 illos
302 672 378 736 deos
409 673 530 738 nefario
563 673 682 738 scelere
712 673 881 738 auferebat.
925 672 1010 749 Quid
1030 671 1090 735 boc
1110 679 1174 736 tota
1195 672 1303 736 Sicilia
1324 680 1372 737 est
1393 674 1517 751 clarius,

200 787 294 851 quam
324 786 433 832 omnes
463 769 611 851 Segestae
633 775 789 832 matronas
811 775 843 832 et
861 769 998 850 virgines
1020 768 1222 843 convenisse,
1251 789 1321 831 oum
1341 769 1442 832 Diana
1463 789 1519 832 ex·

198 867 375 943 portaretur
396 882 437 926 ex
459 863 598 947 oppidoi
620 864 750 926 unxisse
772 864 965 944 unguentis?
988 861 1161 944 complesse
1184 861 1306 926 coronis
1322 869 1352 926 et
1367 863 1518 928 floribus?
1609 886 1614 896 ·

198 961 285 1030 ture,
313 957 461 1021 odoribus
483 958 618 1021 incensis
639 977 740 1041 usque
763 955 803 1020 nd
825 957 890 1038 agri
915 953 994 1020 fines
1016 962 1195 1038 prosecutas
1217 959 1314 1020 esset
1357 955 1407 1020 78.
1430 959 1544 1024 chcl

197 1055 232 1113 tu
253 1058 368 1114 tantam
390 1051 575 1132 religionem
597 1052 624 1114 si
646 1058 713 1114 tum
733 1052 766 1113 in
787 1052 920 1134 imperio
941 1049 1283 1135 proptercupiditatem
1306 1059 1401 1136 atquo
1423 1053 1520 1116 auda·

198 1144 277 1209 ciam
299 1163 363 1209 non
384 1145 644 1228 pertimescebas,
666 1165 707 1208 ne
728 1165 812 1208 nunc
833 1144 960 1228 quidem
982 1145 1015 1206 in
1036 1151 1122 1207 tanto
1137 1150 1190 1208 tuo
1205 1145 1437 1229 liberorumque
1450 1153 1521 1210 tuo·

197 1257 265 1302 rum
286 1240 426 1323 periculo
447 1239 681 1324 perhorrescis?
722 1240 824 1315 Quem
854 1239 910 1302 tibi
932 1245 986 1302 aut
1012 1238 1171 1302 bominem
1197 1239 1304 1304 inritis
1326 1241 1373 1304 dis
1394 1241 1521 1306 immor-

196 1331 310 1396 talibus
332 1342 387 1396 nut
407 1353 483 1398 rero
505 1333 599 1398 deum
619 1334 714 1396 tantis
736 1352 844 1396 corum
866 1333 1069 1414 religionibus
1091 1333 1216 1398 violatis
1243 1333 1361 1398 auxilio
1381 1333 1520 1400 futurum

196 1430 313 1509 putas?
345 1428 415 1490 Tibi
436 1428 492 1491 illa
512 1428 614 1490 Diana
634 1429 667 1490 in
689 1447 767 1511 pace
789 1434 883 1511 atque
905 1428 939 1488 in
961 1428 1024 1490 otio
1045 1427 1230 1510 religionem
1251 1429 1369 1494 nullam
1390 1430 1558 1494 attulitito

199 1541 282 1604 quae
304 1543 375 1586 cum
397 1522 475 1586 duas
496 1521 609 1596 urbes,
631 1522 664 1584 in
687 1522 802 1606 quibus
824 1522 922 1584 locata
944 1521 1062 1597 inerat,
1085 1529 1189 1604 captas
1204 1522 1413 1606 incensasque
1426 1523 1522 1588 vidis-

197 1621 262 1691 set,
283 1616 332 1679 bis
355 1637 397 1679 ex
418 1615 549 1679 duorum
570 1615 726 1678 bellorum
748 1617 872 1680 llnmma
892 1614 1040 1699 ferroque
1062 1622 1185 1678 servata
1206 1622 1270 1691 est3
1293 1637 1375 1701 quae
1390 1618 1522 1682 Kartha·

197 1709 390 1791 giniensium
410 1708 541 1774 victoria
561 1708 631 1772 loco
653 1717 771 1773 mutato
793 1709 976 1792 religionem
995 1716 1177 1772 tamennon
1192 1709 1312 1785 amisit,
1335 1713 1369 1774 P.
1383 1712 1521 1778 Africani

197 1803 310 1867 virtute
331 1803 516 1886 religionem
537 1802 630 1865 simul
652 1823 721 1866 cum
743 1803 813 1866 loco
833 1803 1041 1886 recuperarit.
1086 1802 1156 1878 Quo
1179 1802 1308 1887 quidem
1322 1806 1440 1872 scelere
1453 1828 1524 1872 sus-

199 1905 287 1981 cepto
316 1917 386 1960 cum
413 1898 514 1960 inanis
543 1903 626 1960 esset
652 1897 738 1960 basis
768 1902 800 1960 et
826 1897 860 1960 in
882 1916 920 1960 ea
940 1898 974 1960 Ρ.
995 1895 1134 1960 Africani
1157 1917 1272 1962 nornen
1292 1899 1443 1978 incisum,
1471 1916 1560 1966 resto

198 1990 327 2074 indigna
348 1998 443 2074 atque
465 1989 662 2054 intoleranda
682 1991 845 2054 ridebatur
866 1991 1029 2066 omnibus,
1051 1992 1239 2066 nouaclum
1260 1992 1430 2077 religiones
1453 2015 1523 2060 esse
1644 2071 1657 2088 f

197 2084 345 2160 violatas,
372 2105 480 2149 verum
508 2085 601 2150 etiarn
628 2087 662 2148 P.
683 2084 837 2160 Africani,
865 2083 1121 2168 undosissimi,
1150 2104 1254 2150 rerum
1276 2095 1434 2172 gestarum
1456 2090 1523 2172 glo-
1565 2162 1566 2171 ¹
1621 2089 1647 2138 ὁ

197 2179 292 2255 nam,
325 2180 508 2244 memoriam
539 2180 679 2255 virtutis,
711 2187 914 2266 monumenta
947 2179 1097 2244 victoriae
1127 2179 1160 2244 C.
1187 2182 1318 2246 Verrem
1347 2182 1522 2247 sustulisse.
1563 2178 1567 2199 ³

197 2269 249 2334 79.
272 2273 366 2349 Quod
389 2267 533 2338 cuffis'li
554 2273 784 2336 renuntiaretur
806 2272 845 2336 de
866 2273 934 2336 basi
956 2292 992 2336 ac
1014 2273 1142 2348 litteris,
1168 2275 1358 2342 existimavit
1377 2276 1522 2342 homines

198 2368 232 2430 in
254 2367 441 2432 oblivionem
463 2369 559 2431 totius
579 2369 698 2450 negotii
720 2387 790 2430 esse
811 2373 978 2442 venturos,
1007 2367 1033 2430 si
1057 2369 1150 2431 etiam
1171 2368 1270 2434 basim
1293 2373 1561 2455 lamminae
1596 2357 1636 2432 ί

198 2461 299 2526 dicem
331 2462 378 2525 sui
407 2461 535 2526 sceleris
558 2463 743 2527 sustulisset.
785 2462 897 2545 ltaque
922 2460 1094 2524 tollendam
1119 2463 1209 2527 istius
1238 2465 1370 2549 imperio
1399 2465 1523 2532 locave-

198 2565 284 2631 runt,
307 2575 388 2641 quae
409 2556 498 2621 vobis
520 2557 634 2620 locatio
657 2575 697 2620 ex
718 2556 849 2640 publicis
874 2555 985 2618 litteris
1007 2555 1249 2638 Segestanorum
1272 2559 1377 2642 priore
1400 2560 1522 2626 actione

196 2650 324 2714 recitata
357 2658 415 2714 est.
465 2651 611 2715 XXXVI.
640 2652 684 2714 Te
718 2670 818 2724 nunc,
850 2650 884 2711 Ρ.
908 2649 1027 2734 Scipio,
1060 2658 1108 2726 te,
1139 2652 1284 2735 inquam,
1318 2653 1522 2718 lectissimum

197 2745 492 2830 ornatissimumque
520 2745 750 2828 adolescentem
778 2743 921 2829 appello:
949 2744 1005 2807 abs
1033 2751 1064 2807 te
1092 2741 1227 2809 officium
1247 2753 1353 2823 tuum,
1381 2747 1522 2812 debitum
1640 2731 1664 2798 Ᾰ

197 2840 304 2921 generi
332 2845 364 2902 et
390 2840 527 2915 nomini,
561 2841 688 2924 requiro
711 2846 742 2902 et
763 2840 880 2922 flagito.
926 2837 989 2901 Cur
1008 2857 1066 2921 pro
1087 2839 1165 2914 isto,
1196 2839 1252 2923 qui
1273 2840 1399 2905 laudern
1420 2841 1560 2907 bono-ac

196 2953 328 3017 remque
355 2932 492 2998 familiae
519 2943 641 3000 vestrae
669 2934 871 3019 depeculatus
901 2940 963 3006 est,
992 2937 1140 3014 pugnas?
1172 2953 1228 2996 cur
1256 2953 1328 2999 eum
1356 2934 1522 3000 defensum

197 3047 268 3092 esse
288 3029 358 3092 visi
381 3048 435 3092 cur
455 3048 513 3111 ego
535 3037 605 3093 tuas
627 3036 731 3113 partes
753 3027 915 3110 suscipio?
937 3046 994 3088 cur
1014 3033 1103 3089 tuum
1125 3047 1240 3091 munus
1262 3030 1425 3094 sustineol
1461 3030 1524 3095 Cur

197 3123 239 3187 ld.
259 3121 383 3185 Tullius
409 3123 443 3184 P.
462 3121 601 3186 Africani
623 3127 827 3186 monumenta
849 3120 1002 3202 requirit,
1023 3121 1056 3182 Ρ.
1078 3120 1183 3203 Scipio
1207 3141 1295 3197 eum,
1319 3123 1374 3207 qui
1394 3123 1449 3186 illa
1470 3144 1523 3189 su-

197 3216 298 3292 stulit,
335 3215 499 3279 defendit?
541 3217 619 3280 Cum
650 3236 718 3279 mos
751 3237 770 3279 a
801 3213 973 3278 maioribus
1005 3213 1136 3279 traditus
1166 3217 1225 3291 sit,
1256 3225 1292 3281 ut
1319 3228 1523 3284 monumenta

196 3311 349 3376 maiorum
376 3310 420 3373 ita
450 3329 580 3373 suorum
607 3311 742 3394 quisque
768 3307 933 3382 defendat,
965 3315 1000 3371 ut
1028 3327 1066 3373 ea
1097 3328 1138 3370 ne
1170 3312 1272 3374 ornari
1302 3311 1433 3396 quidem
1464 3329 1559 3378 noto

196 3405 281 3467 mine
308 3403 443 3466 aliorum
469 3404 571 3467 sinat:
600 3413 634 3466 tu
663 3404 716 3467 isti
743 3403 864 3477 aderis,
894 3403 950 3486 qui
980 3421 1045 3466 non
1066 3402 1221 3466 obstruxit
1242 3403 1349 3488 aliqua
1370 3413 1521 3490 exparte

196 3504 398 3561 monumento
420 3498 454 3559 P.
476 3497 652 3580 Scipionis,
674 3496 730 3562 sed
751 3497 784 3560 id
805 3495 947 3561 funditus
969 3495 1086 3560 delerit
1107 3516 1143 3560 ac
1165 3496 1313 3562 sustrditi
1354 3496 1405 3562 80.
1428 3500 1522 3576 Quis·

121 3663 126 3672 ,
196 3610 269 3656 nam
289 3592 401 3675 igitur,
422 3610 480 3675 per
501 3592 577 3656 deos
598 3592 807 3656 immortalesl
840 3590 979 3656 tuebitur
999 3592 1033 3656 Ρ.
1056 3590 1214 3673 Scipionis
1235 3593 1417 3658 memoriam
1438 3615 1522 3658 mor-

196 3687 269 3750 tuit
305 3685 376 3772 quis
406 3693 609 3753 monumenta
641 3693 736 3772 atque
767 3685 884 3751 indicia
916 3683 1053 3761 virtutis,
1079 3683 1107 3749 si
1139 3690 1175 3750 tu
1204 3703 1243 3750 ea
1272 3684 1436 3771 relinquen
1468 3696 1522 3752 aut

278 4022 304 4076 4.
321 4021 434 4088 maor]
454 3989 482 4074 i.
498 3987 527 4074 ir.
546 4021 576 4076 44.
596 4045 624 4058 -
641 4021 728 4087 pout
743 4024 813 4074 roo.
831 4019 896 4073 4444.
915 4018 949 4082 ο;
964 4030 1076 4083 popm.
1089 4017 1197 4070 ecem
1208 4017 1373 4082 onom.
1388 4047 1416 4059 -
1434 4021 1519 4088 opo.

197 4097 227 4152 44.
247 4126 276 4139 -
292 4099 317 4152 3.
335 4099 483 4164 &potam
498 4097 563 4148 dett.
581 4098 611 4149 0.
631 4125 659 4136 -·
678 4099 702 4149 6.
720 4097 836 4149 odoribw
851 4089 961 4148 4431444
980 4094 1143 4156 odor-ibam
1159 4093 1224 4146 dett.
1243 4096 1272 4146 0.
1293 4119 1321 4133 -
1336 4098 1519 4159 maalon.

199 4199 226 4210 -
246 4175 272 4224 6.
290 4173 421 4225 ammom
438 4174 468 4224 44.
488 4199 516 4210 -
535 4172 559 4223 4.
578 4171 719 4224 444444ωὸ444
734 4175 813 4238 Lagg.
833 4200 862 4209 -
879 4177 1028 4234 tecumque
1043 4170 1179 4222 liberorum
1196 4169 1231 4221 63
1250 4171 1312 4235 (non
1323 4173 1343 4224 44
1355 4171 1396 4235 Ε),
1423 4171 1457 4224 cl.
1475 4174 1518 4224 111.

197 4246 222 4310 5.
240 4247 281 4299 94.
302 4275 329 4285 -
348 4249 372 4300 8.
387 4246 627 4311 perborccclct'slt.
643 4274 670 4284 -
689 4248 729 4299 44.
747 4247 818 4313 dana]
835 4249 923 4298 64444444
938 4249 971 4308 44;
989 4261 1049 4298 succ
1064 4244 1089 4298 λ.
1104 4273 1133 4286 -
1152 4246 1193 4298 lt.
1210 4246 1353 4310 {coqueb-
1370 4271 1398 4283 -·
1416 4246 1458 4298 43.
1476 4248 1521 4300 istc

196 4321 226 4371 44.
242 4347 270 4358 -
287 4322 407 4374 umescit
425 4322 445 4374 14
462 4336 489 4388 p.
501 4335 548 4384 nr.¹
567 4323 690 4374 mttomoit
705 4323 761 4374 446.
774 4336 822 4386 m,
841 4324 878 4375 64
894 4323 956 4384 4.41.;
974 4323 1105 4374 manauit
1121 4323 1167 4372 64.
1182 4348 1210 4358 -
1228 4321 1270 4372 20.
1288 4321 1310 4370 rt
1325 4320 1410 4386 ottone]
1427 4322 1521 4374 ecdicos

196 4394 226 4447 44.
247 4422 275 4432 -
294 4395 365 4446 bosio
381 4396 459 4460 Lgtt.
479 4423 508 4433 -
525 4396 566 4448 22.
585 4396 631 4446 4444.
650 4397 706 4460 Sep.
724 4397 760 4448 443
773 4397 858 4461 ugus:
881 4398 938 4462 seg.
956 4397 1003 4448 litt.
1022 4396 1087 4448 dett.
1106 4398 1135 4448 0.
1155 4423 1182 4434 -
1201 4393 1521 4449 decubueramus

195 4465 271 4520 inlra.
293 4496 320 4507 -
338 4470 380 4522 25.
398 4472 563 4535 coomeopuc
577 4476 647 4522 44444444
662 4472 824 4536 familiaeque
840 4474 872 4523 64
887 4473 912 4524 2.
928 4498 955 4508 -
973 4472 1015 4522 66.
1032 4477 1129 4524 44446444
1139 4473 1173 4533 44,
1190 4472 1285 4534 baga:
1304 4476 1362 4524 tuac
1377 4468 1442 4522 tce
1460 4471 1519 4523 cod.

197 4543 253 4595 Urs.
272 4543 306 4600 cl.
324 4545 411 4598 Madv.
430 4547 477 4613 0p.
489 4548 509 4598 Ι.
527 4560 554 4612 p.
567 4547 625 4598 364.
645 4573 673 4583 -
691 4547 732 4597 44.
748 4547 795 4613 ota]
811 4548 871 4598 celis
886 4549 964 4611 Lagg.
983 4544 1047 4597 dett.
1068 4574 1096 4584 -
1114 4551 1171 4596 tuce
1182 4546 1267 4608 portis
1281 4546 1311 4597 44.
1332 4571 1359 4581 -
1377 4559 1469 4598 mooun
1484 4545 1520 4597 443

196 4617 265 4681 4343
277 4617 319 4681 (cl.
332 4620 356 4684 5.
368 4620 432 4685 8l.):
452 4634 514 4672 644444
524 4620 589 4672 dett.
603 4622 665 4672 0.-
677 4635 724 4671 cur
739 4623 801 4672 ante
811 4622 847 4673 44.
861 4634 915 4672 om.
928 4620 994 4672 dett.
1003 4647 1031 4656 —
1044 4621 1085 4673 28.
1098 4625 1267 4672 montoranto.
1284 4621 1311 4671 P.
1323 4620 1430 4683 44444644
1444 4621 1522 4684 scipio

197 4693 226 4744 R.
238 4720 266 4730 —
279 4693 320 4744 30.
338 4706 370 4744 oa
384 4695 418 4746 ll:
437 4708 491 4747 om.
505 4696 589 4749 G3.-
608 4696 648 4749 34.
666 4695 775 4748 domm
790 4695 951 4760 46303494
969 4695 1052 4748 ollem
1067 4695 1133 4747 dett.
1145 4697 1180 4757 03
1198 4695 1338 4748 4444444444
1355 4697 1423 4748 coni.
1442 4696 1520 4748 oni.

1262 4789 1277 4819 ll

200 4851 228 4862 -
246 4825 370 4878 4644444444
385 4825 436 4892 443,
456 4824 598 4893 cingam
618 4827 734 4880 obducit
748 4825 793 4878 vel
809 4826 912 4879 46644444
927 4827 992 4879 dett.
1013 4855 1040 4866 -
1059 4829 1099 4880 32.
1120 4833 1278 4882 moowoesto
1296 4829 1351 4894 (sic)
1371 4830 1406 4880 R:
1431 4839 1523 4878 moou-

198 4903 282 4952 mcnlit
298 4901 347 4964 63;
367 4908 527 4954 mocmnootc
543 4903 608 4954 dett.
627 4901 659 4957 cl.
678 4901 764 4957 Madv.
783 4904 830 4968 0p.
848 4905 868 4954 1.
887 4915 914 4968 p.
932 4902 989 4954 364.
1010 4929 1037 4940 -
1064 4904 1106 4955 scd
1121 4904 1148 4955 td
1163 4905 1215 4957 nt:
1237 4905 1265 4954 444
1287 4917 1341 4956 om.
1360 4901 1424 4953 dett.
1443 4901 1472 4952 0.
1492 4927 1520 4940 ·-

197 4975 268 5039 one.
287 4977 374 5028 4444444
389 4991 422 5030 ω
437 4983 496 5030 oc.
514 4977 564 5042 ne,
582 4978 662 5042 ngas:
680 4979 699 5043 f.
717 4983 777 5030 4444.
795 4991 826 5028 ae
842 4977 929 5028 4444444
945 4976 1010 5029 cett.
1029 4978 1086 5043 (444
1104 4980 1135 5031 cr
1150 4979 1278 5044 4444444444,
1300 4979 1337 5030 ca
1354 4976 1472 5040 44444444.)
1491 4999 1519 5030 .-

199 5047 240 5101 34.
257 5051 382 5116 nuqua
396 5053 419 5106 44
434 5053 498 5107 nd:
520 5053 641 5119 4444494444
656 5055 689 5106 64
703 5055 730 5119 2,
757 5055 837 5119 baga.
855 5065 959 5106 omnes.
979 5079 1008 5091 -
1026 5059 1072 5107 44444
1087 5055 1181 5110 morea
1195 5055 1250 5108 11³:
1276 5067 1308 5107 oc
1324 5053 1415 5107 44444444
1430 5053 1520 5116 Lusa,

199 5136 231 5175 ec
246 5125 340 5180 m
355 5128 386 5180 0.

224 5216 412 5272 bremond.
1268 5220 1311 5292 23
