3648 5888
488 454 555 517 Lrs.
577 454 601 516 Ι.
631 453 706 516 Car.
727 452 929 517 XL-XLI.
957 451 1013 536 §§.
1036 449 1233 518 lod-too.
1460 449 1516 518 464

201 623 297 687 tende
322 623 509 688 existimem.
552 624 688 687 Fatebor
718 623 812 688 etiam
841 624 921 688 illud
950 625 1083 700 inritus,
1113 645 1163 688 me
1185 643 1330 708 prorsus,
1360 642 1432 686 cum
1461 624 1522 686 iste

200 726 352 800 punctum
374 721 525 801 temporis
546 719 670 782 nullum
692 739 826 784 vacuum
847 726 977 802 peccato
999 720 1170 802 praeterire
1191 739 1305 803 pessus
1328 718 1383 793 sit,
1406 720 1523 786 onnia,

201 831 282 896 quae
304 812 343 875 ab
365 813 427 877 isto
449 814 619 878 commissa
639 813 720 887 siret,
751 833 816 876 non
845 813 988 897 potuisse
1010 832 1212 896 cognoscere.
1256 813 1459 895 Quapropter
1480 814 1524 876 ite

198 926 249 968 me
279 907 318 970 de
346 914 513 990 praeturae
543 907 730 972 criminibus
761 909 921 982 auditote,
949 914 985 970 ut
1007 927 1048 970 ex
1068 916 1205 992 utroque
1227 928 1360 992 genere,
1390 915 1424 971 et
1444 907 1524 970 iuris

199 1000 325 1063 dicendi
348 1009 380 1066 et
402 1011 557 1065 sartorum
580 1009 736 1064 tectorum
758 1003 1002 1085 exigendorum‚
1025 1021 1062 1065 ea
1081 1002 1266 1085 postuletis,
1290 1022 1372 1086 quae
1387 1001 1548 1064 maximae

199 1093 295 1176 digna
310 1094 373 1158 siut
387 1113 425 1156 eo
439 1115 505 1169 reo,
523 1095 574 1158 cui
599 1115 732 1177 parvum
747 1115 784 1158 ac
799 1096 957 1158 mediocre
975 1095 1069 1158 obiici
1085 1095 1164 1158 nihil
1180 1105 1334 1178 oporteat.
1359 1091 1429 1158 llll.
1444 1097 1524 1158 Nam

198 1195 235 1250 ut
265 1195 392 1270 praetor
422 1189 524 1252 fectus
547 1196 612 1263 est,
648 1189 703 1272 qui
733 1190 896 1272 auspicato
928 1189 1144 1252 aChelidone
1167 1191 1372 1265 surrexisset,
1406 1198 1525 1253 sortem

198 1289 310 1346 nectus
339 1289 387 1345 est
414 1284 554 1346 urbanae
585 1284 768 1366 provinciae
797 1283 895 1365 magis
925 1301 965 1344 er
987 1301 1045 1346 sua
1068 1283 1333 1367 Chelidonisque,
1367 1305 1462 1368 quarn
1484 1303 1526 1346 ex

198 1376 310 1459 populi
332 1377 466 1440 Romani
489 1377 663 1441 voluntate.
706 1377 768 1452 Qui
798 1375 956 1460 principio
988 1376 1092 1459 qualis
1117 1377 1151 1438 in
1174 1377 1278 1441 edicto
1301 1377 1525 1441 constituendo

199 1470 312 1545 luerit,
342 1471 532 1554 cognoscite
577 1471 657 1533 XLI.
689 1471 722 1534 C.
749 1470 871 1534 Annius
899 1469 1024 1533 Asellus
1053 1479 1196 1534 mortuus
1227 1479 1276 1535 est
1298 1471 1331 1536 C.
1355 1471 1525 1536 Sacerdote
1535 1480 1563 1526 ⁴⁰

200 1572 362 1649 praetore:
404 1567 434 1628 Is
457 1585 527 1627 cum
548 1565 680 1629 baberet
700 1565 826 1629 unicam
848 1561 944 1626 liliam
966 1583 1071 1647 neque
1094 1583 1207 1628 census
1230 1573 1334 1640 esset,
1362 1566 1449 1650 quod
1471 1583 1527 1628 na-

200 1666 271 1724 tura
294 1658 501 1746 hortabatur,
530 1659 584 1722 lex
605 1660 692 1724 nulla
714 1658 917 1743 prohibebat,
946 1657 1035 1732 lecit,
1057 1665 1094 1721 ut
1114 1655 1212 1722 liliam
1231 1659 1327 1724 bouis
1349 1661 1416 1724 suis
1436 1659 1528 1723 bere-

201 1754 272 1816 dem
295 1753 485 1816 institueret.
528 1753 627 1816 Heres
654 1762 722 1816 erat
751 1751 824 1816 filie.
867 1751 1039 1814 Faciebeut
1059 1753 1167 1816 omnia
1188 1773 1260 1816 cum
1282 1755 1420 1837 pupille,
1447 1753 1528 1836 legis

202 1847 363 1929 aequitas,
385 1846 532 1910 voluntas
547 1849 661 1930 patris,
683 1847 786 1910 edicta
802 1854 1001 1928 praetorum,
1024 1847 1222 1910 consuetudo
1238 1848 1317 1910 iuris
1332 1848 1419 1923 eius,
1442 1847 1528 1930 quod

203 1949 271 2004 erat
291 1948 377 2015 tum,
401 1962 471 2004 cum
486 1941 612 2004 Asellus
634 1948 681 2004 est
703 1949 855 2004 mortuus.
895 1935 967 2002 405.
987 1941 1050 2002 lste
1072 1947 1201 2022 praetor
1214 1941 1397 2025 designatus
1413 1937 1566 2024 (uhumee

202 2036 384 2100 admonitus
414 2055 455 2100 an
484 2042 623 2099 tentatus
653 2055 709 2111 an,
741 2056 804 2119 qua
826 2044 874 2098 est
901 2035 970 2117 ipse
993 2035 1163 2116 sagacitate
1185 2035 1219 2098 in
1241 2035 1291 2099 his
1313 2037 1426 2109 rebus,
1459 2035 1528 2098 sine

203 2132 283 2194 duce
307 2129 389 2205 ullo,
412 2132 482 2194 sine
505 2131 628 2206 indice,
659 2130 839 2214 pervenerit
861 2129 901 2192 ad
922 2129 1003 2192 hanc
1026 2128 1278 2212 improbitatem,
1309 2130 1438 2194 nescio:
1471 2147 1529 2192 vos

202 2233 325 2291 mutum
355 2225 493 2288 hominis
525 2225 690 2288 audaciam
722 2227 957 2308 amentiamque
984 2219 1176 2305 cognoscite)
1210 2225 1351 2307 appellat
1378 2224 1529 2290 heredem

203 2320 415 2394 bulonium,
445 2319 502 2403 qui
532 2327 599 2382 erat
628 2319 792 2382 institutus
815 2319 990 2382 secundum
1012 2314 1130 2394 filiam;
1160 2337 1225 2383 nou
1248 2319 1334 2382 enim
1356 2318 1435 2381 mibi
1457 2337 1530 2402 per-

203 2416 355 2478 suadetur
384 2416 479 2478 istum
508 2415 549 2476 ab
576 2414 632 2477 illo
662 2415 751 2497 prius
781 2414 992 2498 appellatum
1022 2413 1099 2476 dicit
1121 2431 1155 2476 se
1177 2432 1272 2496 posse
1294 2414 1323 2476 ei
1347 2414 1567 2477 condonarem

204 2509 308 2572 edicto
340 2509 563 2583 hereditatem
595 2509 691 2572 docet
720 2509 898 2582 bominem,
934 2508 1011 2591 quid
1041 2508 1144 2592 possit
1170 2504 1247 2570 fieri.
1290 2506 1341 2570 llli
1362 2507 1447 2571 bona
1468 2525 1529 2581 res,

203 2604 278 2667 huic
300 2603 468 2668 vendibilis
491 2603 667 2668 videbatur.
711 2605 773 2667 Iste
796 2603 921 2666 tametsi
944 2603 1096 2685 singulari
1119 2609 1168 2665 est
1189 2601 1338 2677 audacia,
1361 2609 1467 2666 temen
1489 2600 1530 2664 ad

206 2697 345 2780 pupillae
367 2707 497 2761 matrem
520 2698 750 2762 summittebat:
772 2697 910 2760 malebat
929 2697 1098 2778 pecuniam
1120 2696 1282 2780 accipere,
1304 2714 1345 2758 ne
1361 2694 1440 2778 quid
1455 2693 1530 2758 nori

205 2793 360 2866 ediceret,
382 2813 480 2876 quam
501 2800 538 2856 ut
557 2793 619 2856 hoc
642 2793 779 2856 edictum
802 2799 865 2854 tam
887 2792 1068 2874 improbum
1084 2799 1115 2856 et
1131 2799 1195 2856 tam
1211 2791 1419 2854 inhumanum
1434 2791 1531 2853 inter·

203 2894 346 2968 poneret.
390 2883 462 2950 406.
484 2889 618 2952 Tutores
649 2888 818 2970 pecuniam
839 2888 980 2968 praetori
1003 2887 1030 2950 si
1052 2887 1194 2970 pupillae
1215 2885 1345 2948 nomine
1368 2884 1569 2947 dedissenttb

202 2982 354 3064 grandem
376 2983 580 3065 praesertim,
611 2982 879 3065 quemadmodum
907 2981 941 3043 in
966 2981 1123 3044 rationem
1145 2971 1351 3053 inducerent,
1380 2977 1533 3062 quemad-

202 3075 333 3140 modum
363 3078 433 3140 sine
461 3076 604 3159 periculo
628 3097 686 3141 suo
709 3077 783 3139 dare
805 3082 951 3159 possent,
982 3094 1048 3138 nou
1069 3074 1235 3139 ridebant:
1265 3073 1360 3138 simul
1383 3079 1416 3136 et
1435 3073 1532 3136 istum

202 3171 272 3235 iore
303 3179 367 3235 tam
397 3170 577 3255 improbum
607 3191 673 3234 non
694 3171 947 3235 arbitrabantur:
976 3188 1073 3252 saepe
1095 3168 1246 3251 appellati
1268 3159 1532 3251 pernegaveruut.
1638 3215 1641 3224 ,

203 3265 266 3330 lete
288 3264 328 3329 ed
342 3265 508 3328 arbitrium
522 3265 609 3340 eius,
632 3265 683 3328 cui
699 3264 902 3329 condonabat
913 3263 1122 3327 hereditatem
1137 3269 1278 3346 ereptam
1293 3259 1412 3334 liberis,
1436 3278 1532 3342 quem

204 3379 343 3444 aequum
371 3360 510 3423 edictum
539 3359 780 3443 conscripserit,
816 3376 952 3442 quaeso,
990 3355 1183 3439 cognoscite.
1238 3355 1306 3419 Cvrr
1336 3363 1570 3418 rrrrucrcerrtt

205 3472 314 3518 escere
334 3453 525 3518 Voconiae.
540 3497 573 3516 ..
597 3454 677 3530 Quis
698 3471 850 3537 umquem
872 3451 1015 3514 crederet
1037 3449 1206 3514 mulierum
1220 3449 1439 3514 adversarium
1453 3450 1533 3514 Ver·

272 3669 296 3721 3.
314 3668 363 3719 rint
379 3669 411 3719 Gt
424 3668 544 3732 icbglt
558 3658 587 3733 'p.
601 3681 652 3718 m.:
671 3672 728 3718 arnt
744 3666 791 3718 dtt.
810 3667 839 3716 O.
857 3692 886 3703 -
905 3664 930 3718 l.
949 3665 1033 3716 cadite
1049 3665 1130 3716 Prisc.
1148 3665 1180 3716 ll.
1199 3677 1225 3729 p.
1240 3664 1297 3715 rec.
1312 3691 1340 3702 -
1358 3679 1391 3716 ec
1407 3669 1437 3716 Α.
1451 3665 1532 3717 Prisc.

206 3746 265 3799 dit:
283 3757 338 3798 om.
351 3743 454 3804 uer.-
468 3744 493 3794 t.
507 3743 603 3794 dicmdi
614 3743 647 3793 Gt
661 3743 676 3794 2
688 3743 781 3794 Prisc:
800 3743 901 3794 dictandi
913 3741 960 3793 dtt.
973 3743 1035 3793 0.-
1048 3741 1073 3791 0.
1085 3736 1168 3801 sinti,
1181 3739 1250 3803 4.ῄο
1260 3753 1343 3805 p.m.,
1357 3738 1416 3791 cod.
1430 3741 1532 3792 blonec.

205 3822 262 3874 280.
285 3833 328 3886 ep.
352 3819 434 3870 Prisc.
457 3821 526 3870 teste
547 3816 666 3870 Halmio:
693 3823 750 3868 nent
767 3818 828 3868 (242
845 3816 940 3882 pleriq.
959 3818 987 3867 et
1002 3817 1084 3868 Prisc.
1103 3814 1210 3866 lirehlll.
1232 3841 1258 3852 -
1283 3816 1324 3878 cc]
1340 3820 1386 3866 aret
1402 3815 1483 3867 Prisc.
1504 3841 1532 3850 -

205 3896 327 3962 opereat]
340 3899 442 3959 poterat
458 3895 504 3944 Gt.
525 3919 552 3930 -
571 3894 596 3945 8.
615 3899 650 3946 ert
665 3906 719 3945 am.
732 3894 813 3945 Prisc.
828 3919 856 3929 -
875 3893 1060 3954 conmanere
1076 3887 1283 3954 cresceres:
1302 3889 1531 3944 etcbcttdonirdtt.

206 3974 276 4025 0.—
294 3971 335 4022 t0.
355 3969 382 4020 C.
400 3966 464 4019 dnn.
484 3969 573 4030 (llic
588 3967 633 4020 el:
649 3969 677 4020 P.
689 3967 754 4019 dnn.
773 3967 807 4019 el.
825 3967 874 4021 dtt.
893 3968 922 4019 0.
942 3968 975 4020 cl.
993 3968 1024 4019 11.
1043 3967 1068 4031 ὅ.
1080 3967 1122 4018 24.
1142 3992 1170 4002 -
1190 3965 1230 4016 tt.
1249 3966 1316 4028 qnod
1332 3977 1424 4016 aaran
1443 3965 1492 4018 dtt.
1505 3991 1533 4002 -

206 4047 247 4101 43.
261 4046 363 4111 prrpilla
378 4042 474 4096 codd:
490 4043 575 4106 palla
596 4044 677 4094 Prisc.
696 4045 728 4094 ll.
750 4056 777 4109 p.
796 4043 853 4093 224.
875 4067 902 4078 -·
929 4042 1008 4107 teges,
1033 4053 1090 4102 deq.
1108 4040 1189 4092 Prisc.
1210 4066 1238 4077 -
1262 4040 1302 4090 46.
1321 4045 1482 4104 adaptatur
1498 4039 1535 4090 02

207 4123 245 4177 Ld
253 4138 279 4185 ς.
292 4149 319 4160 -
331 4121 384 4184 ipre
394 4120 431 4170 Gi
442 4118 515 4178 hdr:
534 4118 580 4168 iste
595 4118 643 4168 dtt.
662 4120 692 4170 ln
701 4119 734 4168 Gi
755 4117 866 4182 legitur:
885 4131 936 4180 qna
951 4131 1009 4169 mern
1024 4130 1110 4181 rapae.
1125 4143 1154 4153 -
1173 4115 1213 4166 tl.
1232 4115 1314 4166 iudice
1325 4116 1357 4165 Gt
1369 4116 1385 4165 2
1402 4117 1491 4180 bbgg.
1504 4139 1532 4152 -

207 4199 247 4250 48.
272 4201 363 4250 ament.
385 4195 569 4256 andaclanam
589 4195 622 4244 Gt
638 4191 663 4246 λ.
688 4219 716 4229 -
739 4194 780 4244 ei.
802 4197 882 4255 pared
903 4194 933 4244 V.
954 4219 982 4230 -
1006 4193 1047 4246 22.
1071 4192 1208 4258 dapetcrtr
1223 4191 1255 4241 V.
1274 4189 1349 4244 eun.
1382 4191 1415 4242 et
1437 4190 1471 4242 cl.
1490 4191 1532 4242 111.

207 4269 232 4336 5.
250 4272 291 4323 tt.
311 4297 340 4308 -
366 4270 408 4322 28.
426 4267 543 4332 mabar]
566 4270 596 4320 ln
612 4268 665 4318 boc
680 4267 811 4319 vocabulo
828 4268 924 4320 desiuit
940 4271 986 4330 Gt,
1009 4271 1036 4320 in
1058 4281 1112 4332 quc
1134 4265 1219 4318 verba
1239 4265 1301 4318 lude
1322 4264 1375 4316 eb:
1402 4266 1536 4316 munden

204 4345 285 4410 tilica
305 4344 356 4396 elie
378 4357 461 4397 menn
483 4345 545 4395 suut
565 4343 706 4408 adscripta.
726 4368 754 4378 -
780 4340 821 4392 24.
848 4343 939 4393 derret
955 4342 985 4393 V.
1013 4343 1056 4394 Sic
1072 4341 1140 4393 inire
1156 4343 1249 4394 dctmn
1265 4353 1315 4405 pro
1331 4340 1445 4392 44444444.
1466 4369 1494 4378 -
1513 4343 1536 4390 et

206 4426 259 4472 men
279 4421 331 4472 inb.
349 4421 385 4470 V:
413 4424 437 4470 et
456 4420 507 4470 intr.
527 4420 572 4469 ctt.
591 4419 620 4470 0.
641 4445 669 4454 -
692 4417 734 4468 20.
753 4418 968 4480 memnonem
984 4417 1006 4466 V
1024 4418 1071 4482 (sic
1087 4418 1168 4468 etiem
1185 4415 1270 4478 inire).
1286 4441 1314 4450 -
1332 4415 1374 4467 27.
1392 4419 1416 4466 et
1432 4427 1485 4466 om.
1502 4415 1534 4465 V.

205 4498 239 4549 et
255 4486 289 4547 cl.
307 4496 367 4547 Otto
385 4495 419 4546 ed
437 4495 491 4546 Pin.
511 4509 537 4560 p.
547 4495 605 4545 378.
625 4521 652 4532 -
670 4495 711 4546 28.
730 4493 862 4557 inprobaret
877 4493 909 4543 V.
930 4519 957 4530 -
975 4492 1016 4542 20.
1035 4493 1193 4544 cmdenabat
1209 4488 1394 4553 ceudrcgae
1411 4491 1442 4542 V.
1462 4491 1536 4554 (elle-

206 4584 260 4636 que
277 4570 349 4622 enlm
365 4569 530 4622 condonaret
546 4571 603 4620 tum
619 4568 812 4630 hereditatem,
830 4567 879 4619 sed
896 4568 922 4618 iu
940 4581 973 4618 eo
990 4570 1061 4629 eret,
1080 4569 1109 4618 ut
1125 4566 1291 4618 condonaret
1305 4565 1363 4629 ipso
1374 4565 1462 4619 edicto
1473 4565 1538 4616 scri·

205 4644 305 4698 bendo.
329 4645 365 4696 Ee
381 4645 421 4696 vis
439 4644 586 4710 imperiecti
603 4644 715 4696 librariis
732 4644 820 4708 ignota
833 4643 916 4692 eret.»
933 4641 1020 4694 liedv.
1033 4645 1101 4709 App.
1119 4657 1146 4709 p.
1160 4642 1228 4706 ill:
1250 4641 1436 4692 condonaverat
1451 4643 1535 4692 Prisc.

206 4721 238 4772 11.
257 4732 284 4784 p.
299 4720 355 4770 iti.
373 4719 466 4780 lirehl;
485 4721 633 4770 condonavit
650 4720 680 4770 ll.
700 4721 728 4770 et
744 4719 803 4770 cad.
817 4719 920 4770 Monac.
940 4732 980 4770 nr.
993 4719 1051 4770 280.
1070 4732 1113 4784 ep.
1127 4719 1219 4778 Prisc.;
1232 4719 1388 4768 condonaret
1404 4715 1451 4766 dtt.
1465 4715 1494 4766 0.
1506 4739 1534 4749 -

207 4809 227 4845 a
242 4794 326 4845 liberie
343 4793 537 4859 denegante.
560 4795 631 4855 Quae
649 4795 811 4845 constructio
823 4806 985 4858 quemquem
1002 4795 1029 4846 in
1040 4795 1161 4858 eripierdi
1177 4792 1262 4846 verbe
1273 4791 1335 4844 alibi
1346 4803 1453 4856 quoque
1465 4786 1537 4853 apud

209 4871 368 4924 Ciceronem
384 4871 516 4935 reperitur
534 4870 575 4934 (cl.
594 4871 618 4935 fi.
631 4871 672 4922 80.
692 4874 719 4923 et
735 4868 840 4922 Ellendt
855 4868 890 4920 ed
907 4871 926 4920 l.
946 4869 980 4920 de
997 4870 1067 4922 Oret.
1087 4869 1111 4934 s.
1127 4869 1209 4932 228),
1228 4871 1319 4919 temus
1336 4868 1388 4917 hoc
1405 4863 1462 4915 loco
1479 4864 1537 4913 Pri-

209 4946 301 5008 sciani,
320 4943 419 4998 coelicis
432 4945 550 4998 Vaticani
567 4943 733 5012 aliorumque
750 4944 934 4997 auctoritatem
946 4944 1007 4996 ideo
1019 4946 1095 5010 sequi
1106 4944 1258 5004 maluimus,
1277 4941 1350 5008 quod
1361 4939 1426 4992 inire
1439 4937 1463 5002 5.
1477 4937 1534 4988 tlt.

210 5019 267 5073 ltl.
282 5023 324 5072 ter
340 5021 367 5072 ln
384 5020 480 5072 eedem
497 5033 527 5071 re
539 5020 643 5074 detlvus
659 5020 762 5086 legitur.
776 5047 803 5057 —
823 5020 863 5072 ³⁰.
882 5033 970 5070 amem
986 5021 1018 5071 V.
1038 5047 1066 5058 -
1084 5020 1259 5085 coneiprerit
1270 5011 1430 5076 cruenges
1441 5011 1534 5062 Prisc.;

209 5095 382 5148 mandendi
396 5095 426 5160 V,
445 5097 571 5160 minuerit
587 5095 635 5148 dtt.
649 5098 678 5148 0.
693 5123 721 5134 ·-
740 5110 789 5150 οη
799 5123 839 5138 --
850 5108 974 5148 roceum
989 5108 1043 5148 om.
1056 5097 1087 5148 V.
1102 5123 1131 5134 -
1150 5097 1190 5147 34.
1203 5093 1264 5146 met.
1283 5091 1342 5143 ade.
1363 5088 1463 5140 Verrem
1474 5087 1537 5148 (lic

210 5169 327 5235 baeer:
348 5171 449 5224 Verrem
463 5185 499 5226 nr.
517 5172 576 5226 ade.
594 5171 643 5224 dtt.
662 5173 692 5224 0.

261 5263 429 5317 uenena
1292 5257 1328 5324 lt
