3638 5868
449 391 517 460 ns.
539 393 593 458 m.
623 393 698 460 c...
720 393 1006 460 uranx-xc.
1034 389 1091 478 it·
1113 389 1307 460 eos-aii.
1483 389 1542 460 au

218 567 331 642 restat,
363 569 401 628 ut
426 584 484 648 per
510 562 591 630 baec
618 573 761 648 tempora
790 569 939 630 tracmtos
968 563 1109 630 videtis?
1153 563 1217 628 Cur
1236 563 1317 628 haec
1337 582 1357 628 a
1377 583 1428 628 me
1450 583 1547 649 opera

219 659 438 724 mnsumituri
468 659 546 743 quid
578 658 717 723 sedetis‘i
746 678 802 722 cur
828 679 892 721 non
916 658 950 722 in
972 657 1078 722 media
1098 659 1242 723 oratione
1264 678 1336 721 mea
1357 658 1546 742 consurgitis

218 759 314 836 atque
343 749 529 816 disceditis?
563 752 667 816 Vultis
696 757 802 816 autem
829 753 961 816 istorum
982 751 1129 817 audacias
1152 756 1249 835 atque
1269 750 1419 818 libidines
1439 751 1547 836 aliqua

218 867 259 912 ex
279 855 370 930 parte
391 849 560 912 resecaret
592 847 736 910 Desinite
759 843 920 921 dubitare,
948 853 1056 908 ntmm
1086 846 1128 909 sit
1148 847 1258 909 utilius
1280 853 1411 929 propter
1431 845 1547 910 multos

218 939 378 1024 improbos
398 939 456 1004 uni
476 960 604 1025 parcere
627 961 668 1004 an
688 939 785 1002 unius
806 939 942 1022 improbi
956 940 1114 1024 supplicio
1129 940 1301 1006 multorum
1315 940 1570 1025 improbitatem

217 1040 375 1098 coercere.
418 1032 486 1096 XC.
508 1031 580 1096 209.
602 1033 742 1098 Tametsi
771 1053 853 1117 quae
881 1035 942 1098 ista
970 1042 1045 1098 sunt
1072 1035 1218 1118 exempla
1248 1035 1444 1100 mulmrumi
1474 1051 1547 1098 nam

217 1146 290 1190 oum
310 1125 345 1188 in
369 1146 464 1192 causa
484 1133 586 1203 muta,
616 1148 688 1192 cum
716 1129 750 1191 in
772 1128 903 1192 crimine
924 1129 1062 1193 marimo
1085 1127 1189 1191 dicia
1211 1126 1378 1192 defensore
1400 1132 1546 1210 coeptum

218 1227 266 1300 est
285 1217 461 1285 factitatum
483 1242 553 1286 esse
575 1222 714 1305 aliquid,
743 1228 929 1306 exspectant
950 1222 989 1298 ii,
1012 1225 1069 1307 qui
1090 1224 1238 1298 audiunt,
1261 1221 1408 1306 exempla
1430 1241 1472 1285 ex
1492 1240 1547 1284 ve·

217 1322 285 1379 tere
305 1317 474 1392 memoria,
503 1337 544 1381 ex
572 1319 785 1380 monumentis
806 1338 843 1380 ac
863 1317 994 1392 litteris,
1024 1319 1118 1402 plena
1141 1316 1321 1401 dignitatis,
1349 1316 1445 1400 plena
1466 1314 1547 1380 anti-

218 1406 368 1492 quitatis:
389 1408 469 1474 haec
491 1411 577 1475 enim
597 1411 770 1494 plurimum
785 1410 889 1474 solent
902 1417 934 1474 et
953 1412 1147 1476 auctoritatis
1161 1411 1279 1474 habere
1293 1409 1333 1477 ad
1348 1407 1583 1492 pacandum..

218 1511 251 1566 et
270 1502 475 1569 iucunditatis
497 1503 538 1568 ad
560 1504 763 1573 audiendum.
796 1503 961 1568 Africanos
983 1505 1060 1569 mibi
1075 1512 1107 1568 et
1123 1503 1258 1568 Catones
1274 1510 1306 1568 et
1319 1502 1445 1567 Laelios
1462 1523 1547 1568 com·

218 1597 430 1680 memorabis?
459 1607 491 1663 et
513 1619 568 1663 eos
590 1599 675 1663 idem
697 1598 812 1664 iecisse
834 1598 945 1663 dicesi
978 1598 1128 1674 Quamvis
1150 1619 1202 1662 res
1224 1600 1303 1663 mibi
1323 1618 1390 1663 non
1410 1595 1546 1680 placeat,

218 1700 323 1758 tamen
345 1698 457 1756 contra
476 1693 642 1757 bominum
662 1695 881 1756 auctoritatem
909 1712 1051 1776 pugnare
1072 1713 1139 1758 non
1159 1702 1283 1776 potero.
1325 1695 1376 1758 An
1397 1713 1469 1760 cum
1491 1717 1546 1763 eos

217 1804 281 1850 non
301 1787 439 1868 poteris,
461 1786 602 1870 proferes
623 1785 683 1850 bos
705 1795 864 1863 recentes,
888 1786 927 1862 Q.
952 1787 1096 1852 Catulum
1117 1797 1254 1872 patrem,
1277 1789 1310 1853 C.
1333 1791 1482 1866 Marium,
1506 1791 1545 1868 Q.

217 1879 416 1954 Scaevolam,
438 1882 480 1944 Μ.
503 1882 671 1954 Scaurum,
694 1879 733 1956 Q.
752 1881 937 1945 lletellumi
959 1882 1017 1964 qui
1037 1900 1149 1944 omnes
1169 1884 1347 1966 provincias
1366 1883 1584 1952 babueruntss

217 1982 249 2038 et
268 1973 462 2040 frumentum
491 1975 590 2039 cellae
612 1976 739 2039 nomine
762 1975 1006 2058 imperaverunt.
1048 1975 1164 2056 Magna
1185 1984 1232 2040 est
1251 1975 1416 2043 bominum
1437 1989 1547 2046 aucto-

216 2067 292 2131 ritas
314 2073 346 2132 ot
367 2074 467 2145 mnia,
490 2076 525 2132 ut
547 2070 642 2132 etiam
665 2069 773 2132 delicti
793 2069 1008 2152 suspicionem
1029 2075 1136 2152 tegere
1157 2072 1269 2152 possit.
1302 2067 1374 2136 iio.
1397 2075 1468 2140 Non
1488 2076 1546 2142 ba·

216 2164 272 2248 bes
300 2181 341 2226 ne
371 2182 412 2226 en
432 2163 483 2226 bis
506 2163 637 2247 quidem
657 2162 859 2238 bominibus,
888 2163 943 2247 qui
965 2183 1068 2247 nuper
1089 2162 1233 2239 luerunt,
1261 2163 1362 2230 ullum
1379 2175 1545 2236 auctorem

217 2261 308 2326 istius
331 2258 569 2321 aestimationis.
613 2257 685 2333 Quo
714 2276 764 2320 me
795 2259 891 2340 igitur
912 2259 967 2322 aut
988 2257 1133 2342 adquae
1155 2278 1206 2322 me
1227 2260 1372 2343 exempla
1392 2265 1544 2328 revocas?

217 2354 264 2418 Ab
287 2352 351 2417 illis
371 2351 572 2425 bominibus,
601 2351 656 2434 qui
685 2359 756 2414 tum
773 2353 889 2414 versati
911 2353 1039 2415 suntin
1061 2351 1260 2434 republica,
1287 2373 1360 2418 cum
1382 2363 1414 2418 et
1435 2357 1583 2440 optimiao

217 2467 322 2514 mores
349 2453 440 2510 erant
467 2453 498 2509 et
523 2445 687 2508 hominum
710 2447 902 2510 existimatio
925 2448 1027 2529 gravis
1048 2448 1224 2512 habebatur
1245 2457 1278 2513 et
1297 2450 1415 2516 iudicia
1435 2472 1545 2520 severa

217 2541 349 2615 fiebant,
372 2539 412 2602 ad
434 2538 516 2603 hanc
537 2539 702 2604 hominum
723 2539 887 2604 libidinem
902 2561 938 2606 ac
954 2541 1115 2606 licentiam
1129 2563 1180 2606 me
1194 2542 1346 2608 abducis?
1369 2554 1401 2610 et
1413 2547 1447 2610 in
1462 2566 1546 2632 quos

217 2637 340 2724 aliquid
369 2634 507 2717 exempli
537 2634 677 2717 populus
706 2637 867 2698 Romanus
889 2636 985 2702 statui
1007 2643 1098 2721 putat
1119 2643 1283 2719 oportere,
1311 2640 1351 2703 ab
1372 2641 1412 2708 iis
1433 2649 1470 2708 tu
1491 2644 1546 2710 de·

219 2730 375 2796 tensionis
398 2728 544 2811 exempla
566 2729 719 2812 quaeris?
751 2731 824 2792 Non
843 2729 931 2812 fugio
954 2749 995 2792 ne
1008 2728 1069 2793 bos
1084 2731 1214 2814 quidem
1228 2751 1350 2810 mores,
1374 2736 1546 2804 dummodo

219 2846 260 2890 ex
280 2823 331 2888 bis
354 2843 407 2898 ea,
430 2842 512 2906 quae
533 2823 647 2906 probat
668 2821 807 2906 populus
828 2826 989 2888 Romanus
1011 2825 1173 2908 exempla,
1202 2847 1267 2890 non
1289 2847 1342 2902 ea,
1364 2848 1449 2912 qnae
1469 2849 1584 2898 con-ts

219 2920 362 2992 demnat,
385 2935 565 2999 sequamur.
610 2918 678 2979 Non
701 2917 970 2999 circumspiciam,
997 2938 1063 2982 non
1086 2938 1237 3002 quaeram
1257 2919 1351 2986 soris:
1372 2922 1475 2988 babeo
1497 2925 1548 2993 iu·

219 3013 306 3108 dices
328 3018 434 3074 tecum
455 3011 616 3094 principes
639 3010 790 3086 civitatis,
819 3012 853 3074 P.
876 3012 1046 3076 Servilium
1067 3019 1100 3076 et
1122 3011 1160 3088 Q.
1187 3013 1352 3091 Catulum,
1380 3018 1438 3101 qni
1458 3025 1547 3088 tanta

218 3106 406 3172 anctoritate
436 3111 527 3180 sunt,
562 3107 657 3169 tantis
684 3105 780 3168 rebus
808 3101 923 3186 gestis]
956 3113 992 3168 ut
1021 3106 1056 3168 in
1076 3106 1132 3170 illo
1159 3108 1453 3191 antiquissimorum
1483 3113 1548 3178 ola·

219 3200 484 3283 sissimorumque
516 3197 700 3271 bominum,
733 3197 773 3259 de
803 3198 921 3281 quibus
953 3207 1046 3264 antea
1075 3199 1158 3274 dini,
1186 3221 1320 3266 numero
1342 3213 1547 3288 reponantur.

219 3291 291 3360 iii.
312 3294 468 3376 Exempla
491 3291 672 3376 quaerimus
696 3298 727 3355 et
750 3312 787 3354 ea
808 3312 873 3355 non
888 3294 1030 3376 antiqua.
1066 3294 1163 3357 Modo
1177 3302 1313 3379 uterque
1327 3297 1443 3362 borum
1458 3319 1585 3368 exer-m

220 3390 317 3454 citum
339 3387 461 3452 babuit.
490 3388 634 3463 Quaere,
655 3385 824 3460 Hortensi,
848 3386 999 3470 quoniam
1021 3393 1053 3449 te
1067 3387 1208 3450 recentia
1221 3390 1367 3474 exempla
1382 3392 1548 3470 delectant,

220 3483 299 3569 quid
321 3481 464 3546 iecerint.
495 3483 584 3545 Itane
598 3484 701 3545 reroi
733 3481 773 3557 Q.
790 3479 919 3544 Catulus
940 3479 1099 3544 frumento
1121 3489 1170 3545 est
1183 3501 1277 3558 usus,
1299 3486 1468 3568 pecuniam
1482 3508 1548 3554 non

220 3575 341 3660 coegic
363 3576 397 3639 P.
420 3575 572 3640 Servilius
595 3576 849 3662 quinquennium
872 3575 1026 3640 exercitui
1041 3595 1114 3639 cum
1128 3583 1291 3660 praeesset
1306 3584 1337 3642 et
1350 3579 1413 3644 ista
1425 3580 1548 3648 ratione

284 3897 309 3948 t.
328 3897 508 3946 consacratur
518 3889 596 3956 igis.
608 3917 636 3929 -
655 3906 713 3944 meo
728 3905 781 3944 om.
795 3893 875 3945 idem.
889 3915 916 3928 -
937 3892 961 3942 3.
974 3891 1048 3942 ιιο444ι
1058 3892 1089 3943 V.
1102 3919 1130 3930 -
1148 3893 1285 3944 mdcciom
1295 3895 1326 3946 V.
1339 3920 1367 3934 -
1380 3901 1456 3961 atqaia
1466 3897 1548 3964 Lgiz:

219 3985 251 4023 ac
267 3969 323 4023 rell.
338 3972 403 4023 0.-
422 3972 447 4022 5.
460 3970 502 4020 SV
510 3981 519 4032 ιι
527 3969 629 4020 Porcio
645 3969 824 4020 nvcronvn
834 3969 864 4028 V¹
884 3969 913 4018 ut
923 3969 966 4019 Br.
979 3967 1085 4018 videtur
1099 3968 1160 4032 (non
1170 3968 1325 4032 molliorum,
1343 3973 1373 4022 ut
1383 3971 1451 4024 linio
1462 3973 1551 4028 visum

221 4047 296 4110 esth
315 4045 423 4109 improbi
438 4045 519 4110 cippi.
537 4045 608 4096 matt.
622 4057 676 4094 om.
689 4043 767 4108 Lgli.
783 4069 811 4080 -
831 4043 854 4092 o.
872 4047 931 4092 aaut
946 4043 995 4092 iata
1011 4043 1045 4102 l.;
1063 4042 1113 4092 ista
1129 4056 1183 4094 om.
1200 4043 1278 4108 ugit.
1293 4071 1322 4082 -
1340 4047 1365 4096 7.
1384 4051 1457 4098 mma
1473 4060 1552 4100 coreo

221 4122 290 4187 agit
308 4123 370 4188 (non
387 4123 452 4173 item
463 4122 503 4185 V).
519 4148 546 4158 -
565 4134 622 4172 mim
637 4133 766 4171 monacos
781 4119 895 4170 maxim
912 4119 979 4168 meio
991 4117 1038 4179 des.
1052 4116 1130 4182 Laia.
1146 4145 1173 4155 -
1194 4119 1219 4170 9.
1237 4122 1549 4187 commemorasti:

221 4211 254 4249 oss
270 4211 324 4249 om.
343 4196 427 4260 [μὴ
445 4203 468 4248 et
484 4210 595 4248 monum
612 4194 668 4248 rell.
688 4196 716 4247 O.
738 4223 765 4232 -
786 4196 824 4246 40.
844 4197 904 4246 boec
920 4193 986 4244 caim
1002 4193 1072 4258 4349
1083 4193 1114 4245 ia
1126 4194 1223 4247 RNV:
1240 4195 1286 4247 boc
1302 4201 1337 4248 est
1352 4199 1389 4258 A;
1407 4198 1468 4250 boec
1485 4198 1550 4250 dett.

225 4298 252 4307 -
272 4271 312 4322 ii.
330 4273 395 4322 ι’ᾱοιιι
410 4273 457 4334 (ec.
477 4271 563 4335 Lgti:
580 4271 627 4335 sec.
646 4273 711 4322 idem
728 4268 784 4322 rell.
798 4271 827 4320 0.
843 4296 869 4305 -
888 4269 949 4318 mibi
964 4282 1005 4320 res
1020 4269 1055 4326 V;
1073 4269 1135 4318 mibi
1149 4282 1202 4320 om.
1216 4270 1321 4336 tiLsgg.
1334 4271 1400 4323 dett.
1415 4300 1443 4310 -
1462 4273 1501 4326 43.
1514 4275 1553 4326 ic·

219 4359 336 4411 pappare
354 4345 383 4396 V.
403 4345 455 4412 [hic
471 4359 566 4398 versus
577 4347 605 4396 et
621 4345 814 4410 praecedentes
826 4346 852 4396 in
865 4345 924 4396 cod.
933 4344 988 4395 iere
1001 4345 1121 4396 exstincti
1133 4345 1215 4408 sunt]
1227 4371 1254 4384 -
1269 4345 1309 4398 44.
1323 4347 1427 4412 potuis,
1440 4350 1554 4414 proferes

222 4421 291 4486 1.th
304 4420 371 4484 Vp:
396 4421 491 4484 poteris
511 4420 641 4486 masma,
664 4421 778 4484 proferes
793 4419 860 4476 N0;
884 4419 978 4481 poteris
999 4419 1115 4484 proferre
1132 4421 1197 4472 dett.
1217 4447 1247 4460 -·
1271 4423 1376 4474 recoctis
1390 4423 1422 4474 V.
1442 4423 1503 4489 (Bc.)
1521 4449 1551 4463 -

223 4498 263 4549 49.
282 4497 473 4548 existimationis
489 4496 566 4560 Lgts.
587 4523 615 4533 -
634 4495 687 4562 aut]
705 4502 780 4558 utque
797 4495 865 4558 Lgii
876 4496 905 4545 B.
927 4522 952 4532 -
973 4509 1038 4557 quoe
1053 4509 1092 4547 mc
1109 4496 1193 4561 igis:
1215 4510 1255 4548 nac
1270 4510 1325 4552 ont.
1343 4495 1401 4548 rell.
1419 4498 1449 4549 0.
1464 4526 1491 4536 -
1509 4499 1551 4550 to.

223 4571 284 4637 tum]
302 4575 385 4622 tamea
401 4570 480 4634 Lali.
502 4597 528 4608 -
547 4571 587 4622 44.
606 4584 689 4622 aseae
704 4571 782 4636 4349.
797 4597 824 4608 -
843 4569 884 4620 22.
901 4567 1002 4634 flebant]
1018 4571 1120 4634 peceat
1136 4569 1205 4634 agis
1224 4569 1256 4634 (et
1270 4571 1322 4624 iod.
1335 4583 1384 4622 seo.
1394 4571 1487 4638 flebant
1498 4585 1552 4624 om.

223 4647 292 4704 Alit.
308 4673 335 4683 -
354 4646 480 4696 licentiam
498 4659 529 4696 ce
545 4645 587 4697 tib.
601 4645 665 4696 deti.
678 4646 708 4696 0.
723 4672 750 4681 -
769 4645 872 4696 mancis
887 4644 956 4708 ngas
967 4643 1009 4696 ii.
1025 4673 1051 4682 —
1070 4646 1111 4697 23.
1124 4645 1156 4696 ab
1172 4645 1226 4696 istis
1241 4646 1289 4710 dei.
1302 4644 1380 4710 Lgii.
1394 4671 1421 4682 -
1440 4644 1481 4698 ii.
1494 4646 1554 4697 dian

223 4723 334 4786 dlagg.
353 4720 417 4772 dett.
439 4747 466 4758 -
485 4721 525 4772 26.
543 4721 616 4784 sortis
632 4719 709 4784 igin.
730 4746 759 4757 -
777 4719 854 4770 tabeo
871 4720 940 4784 Lgit
952 4719 983 4771 ii
995 4733 1032 4782 cp:
1050 4717 1277 4784 tobengl8AB;
1296 4733 1350 4771 om.
1364 4719 1446 4784 Lgi'i;
1463 4719 1555 4771 babeas

222 4795 296 4857 rell.;
324 4809 381 4846 mim
401 4795 493 4846 babeas
513 4796 533 4845 0
551 4809 613 4846 cnm
630 4796 711 4859 Naug.
740 4793 869 4860 [Zumptio
891 4794 954 4846 falsa
972 4796 1007 4846 de
1025 4795 1102 4847 codd.
1122 4797 1200 4860 legg.
1219 4795 1338 4849 numeris
1355 4795 1450 4846 tradita
1468 4795 1553 4858 erant,

223 4884 277 4936 quo
294 4872 378 4936 magis
394 4869 558 4922 laudandum
575 4871 616 4921 est
633 4870 705 4934 quod
722 4883 736 4921 a
754 4884 819 4922 sano
835 4870 933 4922 iudicio
950 4885 1003 4922 non
1021 4873 1063 4922 eet
1080 4870 1230 4936 deductus]
1253 4897 1280 4908 -·
1305 4871 1347 4923 27.
1366 4875 1446 4921 maan
1462 4868 1552 4920 codd:

224 4959 277 4997 om.
297 4947 317 4996 0
335 4957 396 4996 cum
413 4947 494 5011 Naug.
517 4972 544 4981 -
563 4950 586 4996 et
604 4947 633 5008 0.
652 4945 706 4996 cci.
726 4945 755 4998 t:
782 4951 806 4996 ct
822 4958 875 4996 om.
894 4942 950 4996 reli.
971 4945 1000 4996 0.
1021 4970 1048 4982 -
1068 4945 1108 4998 28.
1127 4947 1207 5012 antiq.
1225 4946 1470 5008 clamoremque
1485 4942 1553 5007 mss

223 5036 261 5085 cp:
280 5021 442 5084 antiquorum
459 5027 482 5074 et
497 5020 694 5072 cumanorum
704 5019 761 5072 rell.
775 5021 803 5072 0.
819 5048 846 5058 -
866 5020 907 5072 33.
919 5020 956 5087 Ρ.]
973 5022 1001 5084 Q.
1014 5021 1093 5085 legg.
1112 5024 1220 5086 praeter
1230 5021 1271 5074 42.
1287 5047 1315 5058 -
1332 5021 1408 5072 iriam
1417 5017 1554 5083 poemiam

223 5097 318 5152 mediis
335 5110 389 5154 om.
407 5096 494 5168 igit,
513 5099 564 5151 isto
578 5101 629 5149 rot.
645 5110 699 5163 pec.
717 5098 813 5150 mcum.
831 5093 888 5148 rell.
907 5098 985 5162 lagg.
1003 5099 1110 5164 praeter
1124 5095 1166 5150 29.
