3684 5862
305 404 349 470 56
601 402 756 470 ormo
777 403 857 470 PRO
879 405 970 470 SEX.
991 402 1141 470 roseto
1162 403 1346 472 memo

306 576 876 643 enim-iiiiameutemoristui.
918 575 1656 659 Tenc,cunceuricociituttugueatae

305 694 342 737 ae
363 671 581 746 occultarent,
613 679 650 734 ut
669 670 732 734 hoe
754 670 908 734 iudicium
931 688 997 733 non
1019 671 1059 733 de
1081 669 1208 734 illorum
1228 671 1364 754 praeda,
1397 669 1517 736 cedde
1542 671 1658 734 liuius

306 761 464 830 abacto
493 762 562 829 fieri
583 763 761 840 rideretur,
788 765 990 847 potissimum
1021 765 1078 828 tihi
1100 775 1205 848 partes
1227 767 1304 828 istas
1326 767 1579 849 depoposcisse,
1618 773 1660 830 ut

136 927 172 956 .-
305 861 341 923 ia
367 859 489 923 iudicio
514 878 679 922 versam
706 867 739 921 et
766 857 895 922 sederes
916 879 989 922 cum
1011 863 1218 923 accusatore?
1249 881 1313 944 qua
1333 861 1368 923 in
1388 847 1524 924 re(nilril
1553 858 1659 922 aliud

74 998 208 1078 -ea

281 953 509 1037 sanequeris,
538 954 602 1016 nisi
630 961 667 1016 ut
693 953 734 1015 ab
763 953 912 1017 omnihus
933 954 1120 1017 mortalibus
1142 952 1275 1017 audacia
1295 963 1351 1017 tua
1372 961 1599 1040 cognoscatur
1623 960 1661 1018 et

305 1040 532 1133 inpudentia,¹
560 1044 613 1108 96.
646 1047 762 1110 Occiso
793 1047 867 1108 Sex.
895 1047 1028 1132 Roscio,
1060 1047 1134 1132 quio
1163 1047 1283 1130 primus
1305 1049 1464 1112 Ameriam
1487 1049 1659 1112 nuntiati

306 1143 436 1209 lalliua
465 1142 612 1216 Glaucia,
645 1162 742 1225 quem
771 1142 835 1204 iam
864 1149 957 1203 antea
986 1141 1162 1214 nominari,
1193 1149 1267 1204 tuus
1288 1139 1389 1205 cliens
1410 1153 1443 1206 et
1463 1143 1659 1206 familiaria.

308 1239 397 1316 Quid
418 1237 547 1300 attinuit
568 1256 642 1298 eum
663 1236 866 1318 potissimum
888 1236 1049 1311 nuntiare,
1072 1234 1177 1319 quod,
1199 1236 1226 1297 si
1247 1225 1370 1298 nullum
1392 1237 1455 1300 iam
1476 1245 1553 1300 ante
1571 1257 1661 1300 cou-

308 1335 418 1398 riliuaa
439 1331 480 1396 de
501 1339 604 1394 nocte
625 1350 663 1393 ac
685 1331 842 1393 debonis
871 1329 941 1392 eius
967 1329 1085 1392 inieras
1112 1328 1296 1413 nullamque
1326 1330 1512 1395 societatem
1534 1350 1659 1415 neque

270 1429 440 1494 useelrais
460 1445 567 1510 neque
588 1425 723 1508 praemii
744 1444 818 1486 cum
838 1422 968 1487 homine
991 1423 1058 1485 ullo
1080 1423 1220 1498 coieraa,
1240 1424 1283 1485 ad
1304 1431 1336 1486 te
1351 1425 1480 1488 minime
1496 1427 1658 1489 omnium

307 1523 511 1608 pertinebat?
544 1520 610 1582 Sua
631 1527 747 1602 sponte
768 1517 897 1580 llallius
918 1517 1053 1581 nuntiat.
1090 1517 1193 1593 Quid,
1215 1537 1352 1601 quaeso,
1374 1519 1445 1582 eius
1465 1521 1656 1583 intererat?

307 1623 376 1692 Aa,
396 1637 470 1680 cun
491 1614 653 1678 Ameriam
675 1632 741 1675 non
763 1612 897 1674 huiusce
918 1611 966 1673 rei
987 1631 1083 1674 causa
1104 1611 1258 1686 venisset,
1287 1633 1363 1676 casu
1385 1615 1518 1688 accidit,
1540 1623 1583 1677 ut
1607 1614 1657 1688 id,

308 1712 398 1796 qnod
419 1712 541 1773 llo-ae
562 1706 726 1782 audierat,
748 1707 870 1789 primus
893 1707 1078 1769 nuntiaret?
1114 1705 1212 1768 Cuius
1226 1709 1272 1769 rei
1290 1727 1387 1770 causa
1400 1718 1533 1772 venerat
1547 1712 1658 1772 Arne·

307 1806 411 1869 riam!
454 1806 527 1867 lion
546 1822 699 1888 possum
728 1801 850 1884 inquit,
871 1798 1025 1862 divinare.
1067 1801 1115 1862 Eo
1137 1820 1204 1861 rem
1226 1799 1289 1864 iarn
1309 1801 1482 1876 adducam,
1504 1811 1540 1864 ut
1564 1801 1657 1864 nihil

269 1899 506 1966 cadirintioue
538 1916 622 1980 opua
652 1897 704 1958 sit.
747 1894 821 1970 Qua
846 1894 972 1956 ratione
995 1894 1110 1956 Roscio
1133 1893 1279 1976 Capitoni
1301 1896 1439 1978 primum
1460 1895 1656 1959 nuntiavit!

292 1980 390 2058 ‘Cum
410 1994 559 2056 Ameriae
582 1992 658 2053 Sex.
679 1988 787 2052 Roscii
808 1987 940 2060 domus,
967 2006 1050 2049 uxor
1072 1986 1226 2070 liberique
1247 1999 1354 2051 essem
1361 1979 1384 2068 ,l
1402 2009 1475 2052 cum
1498 1997 1547 2052 tot
1570 2009 1656 2072 pro-

307 2088 425 2175 pinqui
444 2087 640 2171 cognatique
663 2083 784 2166 optime
806 2081 1049 2154 convenientes,
1071 2099 1135 2164 qua
1155 2081 1278 2145 ratione
1300 2076 1418 2146 lactum
1439 2091 1505 2158 est,
1528 2093 1566 2148 ut
1587 2085 1656 2146 iste

308 2195 384 2247 tuus
406 2183 525 2256 eliens,
547 2179 679 2264 sceleris
701 2177 748 2239 tui
770 2177 917 2248 nuntius,
939 2176 975 2237 Τ.
992 2175 1108 2238 Roscio
1125 2177 1270 2260 Capitoni
1291 2179 1492 2262 potissimum
1514 2182 1654 2245 nuntia·

165 2279 174 2289 '
307 2281 382 2342 ret!
424 2274 478 2337 97.
501 2275 636 2337 Occisus
667 2279 717 2333 est
744 2288 765 2331 a
793 2290 873 2332 cena
894 2268 1038 2331 rediens:
1065 2270 1206 2333 nondum
1228 2272 1371 2347 lucebat,
1400 2294 1473 2338 cum
1494 2277 1654 2340 Ameriae

269 2373 426 2438 accium
448 2377 507 2432 est.
542 2365 630 2442 Quid
651 2364 705 2444 liic
725 2362 922 2426 incredibilis
943 2383 1069 2435 cursus,
1092 2363 1170 2446 quid
1191 2365 1269 2428 haec
1291 2375 1377 2428 tanta
1390 2368 1537 2433 celeritas
1553 2372 1653 2434 lesti-

307 2467 466 2547 ntioque
487 2441 684 2546 significate)
713 2459 785 2519 Non
807 2475 946 2540 quaero,
968 2457 1039 2538 quis
1060 2461 1262 2538 percusserit.
1304 2460 1390 2522 Nihil
1411 2471 1477 2536 est,
1498 2465 1651 2539 Glaucia,

310 2559 400 2645 quod
422 2565 566 2620 metuas:
589 2572 655 2614 non
678 2551 809 2614 ercutio
830 2559 878 2623 te,
900 2551 927 2612 si
950 2549 1028 2633 quid
1049 2551 1130 2614 sorte
1152 2552 1226 2615 terri
1241 2553 1396 2629 habuisti,
1418 2577 1484 2621 uon
1499 2569 1650 2634 scmtor3

308 2653 392 2716 nihil
412 2651 456 2714 ad
478 2669 531 2712 ne
552 2647 690 2710 arbium
708 2645 886 2730 pertinere:
908 2645 1077 2726 quoniam,
1099 2647 1190 2708 cuius
1212 2647 1347 2709 consilio
1362 2651 1488 2714 occisus
1510 2653 1571 2726 sit,
1595 2654 1651 2716 in-

308 2747 422 2821 venio,
444 2744 539 2807 caius
560 2761 659 2804 manu
681 2740 724 2804 sit
744 2757 932 2822 percussus,
959 2757 1024 2800 non
1046 2739 1166 2802 laboro.
1191 2735 1313 2803 fl'num
1333 2741 1395 2804 lioc
1417 2763 1526 2821 sumo,
1553 2745 1649 2830 quod

101 2901 113 2912 .
152 2841 203 2925 ἶ,
270 2841 390 2908 nihi
411 2845 560 2921 apertum
583 2843 675 2897 tarum
696 2834 803 2896 scelus
824 2851 940 2914 reaque
962 2832 1128 2895 manifesta
1149 2832 1213 2918 dat.
1226 2851 1242 2926 p
1256 2835 1314 2896 toi
1336 2846 1391 2898 aut
1411 2837 1497 2901 uude
1518 2841 1650 2902 audivit

309 2934 469 2998 Glaucia?
491 2930 548 3013 qui
571 2937 637 2992 tam
658 2929 723 2990 cito
744 2925 862 2988 scivitt
897 2925 959 2986 l'ac
982 2926 1108 2988 audisse
1130 2927 1252 2988 statim:
1274 2948 1428 3012 quaeres
1450 2951 1524 2993 eum
1546 2941 1647 2996 nocte

307 3048 377 3092 una
396 3034 521 3089 tanturn
542 3023 667 3086 itineris
689 3017 884 3083 contendere
905 3018 1034 3099 coegit?
1067 3039 1148 3102 quae
1169 3025 1342 3086 necessitas
1363 3044 1437 3087 eum
1459 3033 1546 3090 tanta
1567 3047 1649 3112 pre-

308 3122 434 3195 mebat,
456 3126 507 3192 nt,
529 3117 558 3179 ai
581 3135 642 3178 sua
662 3122 779 3196 sponte
801 3112 863 3173 iter
882 3112 1039 3174 Ameriam
1060 3113 1194 3189 laceret,
1217 3116 1249 3177 id
1272 3119 1422 3199 temporis
1441 3119 1542 3182 ltoma
1563 3140 1645 3203 pro-

309 3216 523 3286 ficisceretur,
545 3210 667 3274 nullam
689 3215 813 3290 partem
828 3204 931 3266 noctis
945 3206 1179 3286 requiesceret?
1214 3209 1345 3270 XXXX.
1366 3211 1512 3277 Etiamne
1527 3216 1561 3278 iu
1577 3225 1648 3279 tam

148 3304 157 3314 '
271 3309 492 3394 :perspicuis
520 3305 618 3368 rebus
644 3299 879 3382 argumentatio
907 3299 1089 3379 quaerenda
1109 3309 1163 3362 aut
1184 3303 1367 3366 coniectura
1388 3308 1545 3389 capienda
1566 3313 1646 3373 estt

308 3403 363 3464 98.
385 3405 501 3464 Xonne
521 3399 615 3462 voltis
635 3395 734 3466 haee,
758 3411 843 3474 quae
863 3390 1014 3462 audistis,
1032 3412 1160 3456 cernere
1182 3396 1282 3458 oculis
1303 3397 1471 3473 videmini,
1494 3391 1645 3467 iudi'cest

309 3519 377 3561 non
398 3497 492 3557 illum
513 3493 682 3560 nim,
704 3489 851 3567 ignarum
873 3503 965 3544 casus
986 3484 1051 3556 sui,
1072 3486 1256 3551 redeuntem
1275 3509 1295 3551 a
1313 3511 1392 3553 cena
1406 3494 1551 3558 videtis!
1574 3519 1645 3560 non

308 3594 433 3677 positas
459 3585 610 3656 insidias,
640 3599 708 3643 non
736 3579 890 3659 impetum
917 3577 1139 3658 repentinum?
1168 3593 1402 3648 conversatur
1431 3595 1504 3650 ante
1527 3592 1644 3654 oculos

309 3687 403 3750 robis
424 3686 459 3746 in
481 3677 581 3742 caede
603 3674 761 3738 Glaucia?
789 3688 855 3731 non
883 3668 974 3730 adest
994 3669 1054 3732 iste
1075 3671 1111 3732 T.
1133 3674 1288 3738 Rosciusl
1315 3697 1381 3740 non
1402 3681 1470 3743 suis
1492 3683 1644 3747 manibus

271 3783 345 3844 ai.
366 3797 464 3841 curru
484 3772 625 3836 collocat
645 3762 915 3830 Automedontem
937 3761 1042 3836 illum,
1064 3765 1113 3826 sui
1131 3768 1260 3832 sceleris
1274 3771 1469 3836 acerbissimi
1484 3777 1645 3842 nefariaess

310 3895 376 3959 que
397 3867 554 3934 victoriae
574 3860 752 3926 nuntium?
782 3875 848 3917 non
867 3863 952 3927 orat,
974 3865 1009 3918 ut
1022 3875 1090 3919 eam
1105 3871 1229 3924 noctem
1243 3865 1433 3947 pervigilet?
1455 3877 1491 3930 ut
1505 3869 1642 3933 lionoris

309 3969 361 4032 eui
383 3983 483 4029 musa
502 3951 650 4024 laboreT!
679 3961 717 4016 ut
739 3949 888 4032 Capitoni
909 3969 1006 4031 quam
1027 3951 1161 4032 primum
1182 3957 1329 4019 nuntiet?
1372 3957 1424 4020 99.
1448 3959 1533 4035 Quid
1555 3974 1643 4040 erat,

377 4125 1643 4206 tame-vcmwffiuztemmttnmammaemamma-

311 4208 1642 4279 '‘damst-pqmmsuspffimaeuocemue-omma.—

309 4299 375 4366 ,ἡ
393 4299 432 4348 ἡ
449 4294 561 4358 „5952
589 4291 634 4353 φ·
655 4286 751 4344 φασι,
773 4282 883 4332 reum-o
899 4287 945 4331 aut
961 4281 994 4330 ad
1013 4284 1176 4345 praecedens
1193 4288 1278 4337 ltoscto
1294 4291 1389 4340 autad
1406 4305 1525 4356 sequeus
1540 4297 1645 4348 Hulliao

309 4389 395 4443 'me
411 4386 428 4422 a
444 4371 561 4420 „hm-3
577 4359 1026 4415 „1210‚-·,'.1olliuaGltva:
1048 4359 1157 4408 Nostius
1179 4362 1316 4422 Ctlszc.
1337 4392 1364 4402 -
1392 4367 1495 4417 Gluatio
1511 4372 1532 4418 G
1551 4374 1586 4432 (et
1602 4375 1643 4422 sic

310 4435 1643 4510 ffi5·-3·0-3905„2,-to‚aepneaoteproem.om.G.—eauilloa.-tipum

310 4508 1642 4586 enniouva.t0n.,ratt.-t2.cutasomretu.-*tanuen-outone.-

312 4581 1641 4661 ¹54r·.„,353,‚31101·h12.-48.[oml-⁴9.lacescebant.-2tl.ac='taacom.G.-

308 4668 604 4740 magu-tt.
622 4657 984 4720 ὤμων-ωηατ]
1002 4657 1068 4705 naec
1085 4669 1117 4706 cr
1133 4661 1261 4709 memoria
1273 4663 1502 4716 aflectuiomedes
1513 4669 1640 4731 pam.

312 4776 342 4789 -
361 4748 403 4798 Β.
422 4745 518 4794 ω
536 4743 621 4792 αα,
640 4764 670 4774 ,.
693 4738 735 4786 25,
755 4732 995 4790 tu--Gteucio,
1018 4732 1062 4790 pua·
1083 4735 1176 4795 (pron.)
1198 4738 1250 4783 ton
1271 4739 1400 4788 euicit?
1420 4741 1643 4805 interpunaerunt

310 4807 1640 4882 mantuanummquitmltlrtqfilfflt'llofflllloessfflffiwflcw·

310 4879 1642 4954 mmmmm,-an.tnm]emur.-ea.nmom.u:rom

310 4952 1643 5032 v...afflaeffln'gtoplp.t8l.)etOrellit:cup.attoodd.0.-³t.ocalts

310 5027 1643 5109 wpffimgjzfnsamfl.diadematis-nateondoafwtllmio

311 5107 855 5193 Aqffipss„3‚mss.
