3610 5860
288 341 350 406 488
672 339 821 406 ORATIO
842 340 920 406 PRO
942 339 979 408 A.
1002 341 1171 406 CAECINA

289 513 517 600 compluribus,
538 531 646 574 verum
668 511 759 575 etiam
782 532 850 574 cum
873 512 1030 575 advocatis
1051 512 1215 596 perpaucis
1231 533 1269 576 eo
1284 514 1406 578 venisse
1423 515 1605 591 Caecinam,

288 611 416 674 Debeo
438 628 496 689 ego
518 614 596 669 teste
618 605 794 679 detraham,
817 606 867 668 cui
889 625 989 689 aeque
1010 626 1046 668 ac
1068 625 1136 669 meo
1158 609 1231 670 testi
1244 614 1278 670 ut
1292 608 1426 674 credatis
1448 611 1603 695 postulo?

289 708 328 768 X.
351 706 384 766 P.
405 703 569 765 Memmius
591 707 716 763 secutus
738 707 801 773 est,
828 701 882 782 qui
905 720 995 762 suum
1015 719 1080 762 non
1102 719 1231 782 parvum
1252 699 1439 767 beneficium
1462 725 1602 769 comme·

290 798 421 864 moravit
447 798 480 859 iu
510 797 627 858 amicos
656 795 826 868 Caecinae,
855 793 968 877 quibus
998 813 1066 856 sese
1088 793 1168 855 viam
1191 815 1249 876 per
1268 795 1372 859 fratris
1396 797 1443 861 sui
1464 799 1598 863 fundum

264 895 414 960 sdedissc
437 891 533 965 dixit,
564 911 625 975 qua
646 891 782 971 effugere
802 896 944 972 possent,
973 908 1041 950 cum
1071 894 1175 949 essent
1196 909 1303 951 omnes
1326 899 1412 954 metu
1432 895 1598 976 perterriti.

288 989 369 1050 Huic
391 1006 449 1068 ego
471 987 542 1048 testi
563 985 677 1067 gratias
700 1001 804 1065 agam,
834 981 920 1065 quod
943 985 973 1042 et
998 981 1031 1042 in
1053 1001 1085 1043 re
1108 981 1340 1044 misericordem
1362 1003 1395 1046 se
1418 986 1600 1068 praebuerit

123 1061 153 1164 ᾧ
290 1091 321 1148 et
347 1085 378 1145 iu
404 1079 584 1144 testimonio
613 1077 802 1159 religiosum.
846 1071 895 1136 27.
906 1067 954 1148 (A.
976 1074 1090 1137 Atilius
1119 1081 1150 1136 et
1173 1075 1241 1137 eius
1266 1075 1352 1138 filius
1374 1079 1409 1139 L.
1432 1077 1556 1161 Atilius)
1566 1089 1599 1142 et

289 1183 422 1242 armatos
444 1174 487 1236 ibi
509 1171 607 1234 icisse
629 1178 660 1233 et
682 1191 715 1232 se
737 1190 812 1232 suos
835 1187 941 1232 servos
963 1158 1326 1264 adduxisseqdixeru'ntb
1341 1173 1433 1236 etiam
1455 1173 1514 1240 hoc
1533 1195 1599 1238 am·

288 1273 387 1355 plius:
410 1289 478 1330 cum
500 1266 651 1328 Aebutius
674 1264 825 1326 Caecinae
847 1262 962 1326 malum
983 1263 1167 1336 minaretur,
1194 1263 1254 1327 hoc
1276 1273 1324 1327 est
1345 1275 1478 1332 mortem
1499 1270 1600 1332 mina-

253 1384 279 1429 to
287 1372 384 1437 retur,
407 1363 449 1425 ibi
470 1369 535 1423 tum
551 1360 715 1423 Caecinam
734 1356 925 1442 postulasse,
948 1364 982 1418 ut
995 1357 1134 1419 moribus
1150 1358 1296 1420 deductio
1312 1356 1409 1424 lieret.
1431 1362 1499 1425 Hoc
1514 1362 1599 1424 idem

288 1463 320 1523 P.
343 1458 477 1521 Rutilius
499 1456 594 1528 dixit,
623 1461 654 1517 et
675 1473 713 1516 eo
735 1453 884 1515 libentius
907 1451 1003 1526 dixit,
1036 1458 1071 1514 ut
1092 1452 1198 1536 aliquo
1224 1453 1258 1514 in
1278 1453 1398 1516 iudicio
1421 1455 1489 1517 eius
1511 1457 1600 1518 testi·

288 1553 394 1616 monio
415 1551 567 1615 creditum
588 1555 756 1631 putaretur.
789 1549 859 1608 Duo
881 1553 1043 1629 praeterea
1063 1552 1157 1608 testes
1186 1546 1265 1608 nihil
1288 1546 1326 1610 de
1348 1547 1395 1624 vi,
1425 1550 1480 1612 sed
1503 1548 1542 1612 de
1562 1570 1598 1614 re

165 1649 195 1782 ὅ
286 1649 355 1729 ipsa
377 1653 471 1728 atque
492 1645 650 1726 emptione
670 1641 760 1703 fundi
783 1639 947 1703 dixerunt:
976 1642 1010 1703 P.
1034 1640 1243 1715 Caesennius,
1270 1649 1376 1705 auctor
1396 1643 1504 1720 fundi,
1532 1665 1598 1707 non

171 1729 188 1768 '⁴'
254 1812 255 1820 ἵ
286 1748 349 1803 tam
378 1740 559 1801 auctoritate
586 1736 670 1818 gravi
699 1754 792 1819 quam
822 1753 968 1817 corpore,
998 1740 1029 1795 et
1061 1737 1256 1818 argentarius
1279 1737 1350 1800 Sex.
1374 1737 1515 1814 Clodius,
1546 1740 1598 1802 cui

252 1850 462 1916 incogncmcn
485 1839 532 1895 est
553 1831 716 1905 Phormio,
740 1849 797 1891 nec
819 1829 922 1891 minus
945 1831 1032 1912 niger
1046 1849 1104 1892 nec
1118 1831 1221 1893 minus
1237 1827 1411 1908 confidens,
1434 1854 1529 1918 quam
1543 1833 1597 1896 ille

288 1929 494 1992 Terentianus
516 1932 564 1988 est
584 1924 744 1998 Phormio,
765 1923 844 1987 nibil
866 1922 904 1985 de
927 1923 956 1985 vi
977 1923 1140 1998 dixerunt,
1161 1924 1242 1986 nibil
1257 1933 1433 2009 praeterea,
1456 1927 1541 2010 quod
1556 1928 1596 1989 ad

287 2031 424 2086 vestrum
447 2020 595 2083 iudicium
615 2020 793 2101 pertineret
837 2013 887 2078 28.
909 2016 1037 2078 Decimo
1059 2037 1133 2082 vero
1155 2017 1225 2080 loco
1248 2019 1335 2082 testis
1351 2027 1549 2102 exspectatus
1564 2029 1596 2084 et

179 2089 206 2198 ps
288 2116 326 2179 ad
349 2125 521 2179 extremum
543 2120 717 2175 reservatus
740 2111 835 2186 dixit,
859 2111 1115 2199 senator—populi
1131 2112 1275 2186 Romani,
1298 2113 1447 2196 splendor
1467 2114 1594 2188 ordinis,

289 2211 384 2273 decus
406 2217 500 2290 atque
522 2214 738 2269 ornamentum
760 2205 963 2278 iudiciorum,
992 2203 1152 2286 exemplar
1172 2205 1320 2287 antiquae
1341 2207 1519 2290 religionis,
1546 2209 1595 2272 Fi·

251 2323 279 2367 no
289 2303 465 2366 diculanius
486 2300 628 2363 Falcula:
650 2301 705 2383 qui
728 2321 797 2362 cum
812 2300 856 2364 ita
870 2299 1038 2362 vehemens
1053 2317 1186 2380 acerque
1201 2300 1352 2374 venisset,
1374 2307 1487 2364 utnon
1503 2301 1594 2364 modo

289 2398 454 2460 Caecinam
475 2394 611 2476 periurio
633 2412 690 2454 suo
717 2391 871 2466 laederet,
894 2392 1060 2455 sedetiam
1074 2391 1149 2454 mihi
1164 2392 1324 2456 videretur
1337 2394 1443 2469 irasci,
1465 2396 1509 2458 ita
1525 2415 1594 2458 eum

287 2489 444 2572 placidum
466 2486 655 2568 mollemque
676 2485 813 2559 reddidi,
842 2492 961 2548 utnon
983 2487 1126 2560 auderet,
1158 2488 1238 2550 sicut
1260 2487 1462 2562 meministis,
1483 2489 1595 2553 iterum

288 2583 410 2654 dicere,
433 2588 511 2663 quot
532 2577 619 2640 milla
639 2578 756 2640 fundus
779 2599 853 2640 suus
876 2581 999 2643 abesset
1020 2580 1058 2642 ab
1081 2581 1168 2644 urbe.
1197 2583 1275 2643 Nam
1296 2602 1367 2643 curn
1383 2580 1524 2656 dixisset,
1539 2583 1596 2646 mi-

287 2697 347 2739 uus
376 2676 462 2748 loon,
492 2671 628 2755 populus
651 2693 721 2734 cum
749 2674 814 2734 risu
844 2673 1040 2748 acclamavit,
1071 2675 1140 2757 ipsa
1169 2694 1247 2742 esse.
1286 2675 1492 2739 Meminerant
1513 2676 1594 2739 enim

251 2787 412 2842 etomnes,
435 2774 586 2850 quantum
607 2765 640 2827 in
656 2765 789 2828 Albiano
811 2765 928 2829 iudicio
950 2767 1130 2850 accepisset.
1175 2765 1225 2830 nt).
1247 2769 1283 2830 ln
1305 2790 1377 2833 eum
1398 2771 1474 2853 quid
1496 2770 1594 2833 dicam

287 2865 349 2926 nisi
370 2863 419 2935 id,
441 2859 528 2944 quod
549 2879 662 2942 negare
683 2879 748 2921 non
769 2859 884 2941 possit,
907 2861 1030 2924 venisse
1050 2862 1082 2923 in
1099 2862 1264 2925 consilium
1279 2863 1423 2945 publicae
1438 2863 1595 2947 quaestio-

287 2961 353 3032 nis,
384 2978 452 3020 cum
475 2956 541 3017 eius
564 2953 685 3016 consilii
709 2954 806 3016 iudex
828 2973 891 3016 non
914 2963 1013 3028 esset,
1044 2963 1075 3018 et
1095 2955 1128 3018 in
1151 2976 1187 3019 eo
1211 2957 1356 3031 consilio,
1379 2978 1450 3020 cum
1472 2977 1594 3020 causam

287 3073 350 3117 non
373 3052 512 3114 audisset
533 3057 564 3111 ct
584 3055 724 3131 potestas
747 3057 830 3112 esset
851 3049 1039 3131 ampliandi,
1069 3049 1186 3114 dixisse
1209 3051 1268 3114 sibi
1291 3052 1434 3134 liqueret
1464 3072 1534 3114 cum
1556 3052 1594 3113 do

286 3147 445 3228 incognita
467 3164 500 3207 re
522 3142 661 3206 iudicare
683 3143 853 3217 voluisset,
881 3143 1027 3207 maluisse
1049 3147 1274 3220 condemnare,
1296 3167 1390 3230 quam
1412 3146 1593 3210 absolvere?

250 3258 374 3314 eccum,
403 3239 428 3301 si
456 3258 521 3300 uuo
549 3238 653 3299 minus
680 3237 878 3311 damnarent,
908 3237 1110 3302 condemnari
1138 3259 1210 3302 reus
1232 3259 1295 3303 non
1317 3248 1441 3322 posset,
1470 3259 1534 3302 non
1555 3237 1593 3300 ad

287 3334 536 3417 cognoscendam
559 3351 701 3406 causam,
727 3331 782 3394 sed
803 3331 844 3394 ad
866 3332 1054 3414 explendam
1077 3332 1306 3396 damnationem
1328 3341 1451 3416 praesto
1472 3332 1593 3396 luisset

283 3430 394 3500 ,Utrum
417 3427 542 3510 gratim
564 3425 687 3508 aliquid
707 3425 740 3487 in
763 3429 940 3509 quempiam
956 3426 1016 3490 dici
1039 3435 1158 3510 potest,
1182 3447 1276 3511 quam
1291 3426 1330 3490 ad
1349 3427 1507 3491 hominem
1523 3444 1594 3488 con·

350 3633 374 3682 T.
394 3627 607 3693 ocETbltpa:
631 3631 705 3690 etque
724 3627 867 3682 RALCO.
892 3656 919 3664 —
944 3628 968 3680 l.
986 3630 1025 3678 sni
1041 3642 1094 3679 om.
1113 3631 1140 3680 Τ,
1162 3657 1188 3666 -
1213 3631 1237 3681 5.
1256 3635 1401 3682 mantem.
1418 3629 1446 3680 T.
1467 3655 1494 3666 -
1516 3641 1596 3678 mones

285 3711 351 3758 metn
367 3707 432 3756 ET:
450 3710 517 3754 metas
532 3717 614 3754 omnes
630 3701 772 3755 natio.
793 3729 819 3738 -
840 3705 863 3753 6.
879 3704 1021 3766 praebuerit
1037 3706 1101 3755 ET:
1117 3705 1233 3768 prnebnit
1249 3703 1389 3760 llALTO.
1410 3731 1437 3740 —
1456 3703 1480 3754 l.
1497 3703 1526 3754 A.
1541 3704 1595 3754 Att-

285 3782 340 3845 ttns]
361 3785 389 3829 nt
409 3780 475 3828 illins
492 3779 555 3840 (nun
573 3778 640 3838 ilius)
657 3779 690 3832 T:
715 3777 787 3825 notus
803 3778 891 3826 acilius
906 3779 939 3835 lr;
962 3779 990 3829 A.
1009 3780 1106 3829 Attilicn
1122 3796 1142 3829 α
1159 3783 1185 3830 et
1200 3785 1230 3830 A.
1251 3805 1278 3816 -
1298 3781 1325 3830 L.
1343 3780 1435 3831 Acilius
1450 3779 1481 3839 k;
1505 3780 1533 3828 L.
1550 3777 1595 3828 At-

284 3857 351 3904 tiltns
367 3869 386 3903 e.
403 3858 429 3904 et
446 3857 474 3904 A.
496 3879 523 3890 -
542 3854 566 3903 8.
585 3867 641 3902 snos
657 3866 738 3902 semrcs
753 3854 787 3902 T:
805 3865 860 3901 snos
877 3859 987 3902 amotos
1002 3853 1105 3906 RALT
1117 3855 1145 3903 0.
1162 3881 1188 3890 —
1207 3853 1335 3904 &ducisse
1349 3851 1371 3914 β
1387 3855 1454 3904 ctA.
1469 3880 1497 3890 -
1515 3853 1539 3902 9.
1551 3853 1595 3902 boc

284 3935 318 3979 est
333 3935 437 3980 mortem
452 3929 591 3977 minoretur
607 3928 655 3976 ET
676 3929 737 3990 (non
753 3928 916 3988 minarentur)
935 3927 980 3977 Gb
991 3929 1006 3976 k
1016 3943 1046 3988 α,
1070 3942 1122 3991 mg.
1141 3931 1164 3978 t:
1187 3941 1239 3979 om.
1259 3929 1398 3983 nntso.
1419 3956 1446 3965 -
1472 3929 1512 3978 tt.
1528 3932 1552 3977 et
1567 3941 1595 3977 eo

284 3997 395 4054 lieltnt'ins
411 4005 475 4053 dicit
492 4015 544 4051 om.
557 4003 584 4050 T.
600 4027 628 4037 -
647 4001 739 4066 aliquo]
757 4003 891 4064 aliqnando
906 4003 933 4051 T.
948 4029 974 4036 -
994 4003 1033 4052 te.
1046 4004 1075 4052 dc
1091 4017 1118 4052 rc
1135 4005 1190 4066 ipse
1206 4009 1280 4066 atque
1295 4003 1415 4065 emptione
1431 4003 1504 4054 ETlr
1522 4005 1548 4051 et
1558 4003 1593 4051 0:

285 4081 314 4128 de
329 4091 354 4128 so
369 4079 424 4139 ipse
440 4084 513 4138 atquc
529 4078 648 4140 nnpttonc
664 4092 697 4136 α;
715 4079 744 4127 dc
759 4078 815 4140 ipsa
832 4083 905 4140 atquc
921 4079 1040 4139 mentione
1056 4077 1157 4126 VGab
1177 4079 1224 4140 (pr.
1238 4077 1283 4138 m.)
1301 4090 1352 4126 em
1363 4091 1405 4142 pq
1423 4077 1470 4141 (pr.
1484 4077 1530 4139 m.)
1542 4073 1592 4136 ῐβς

285 4157 314 4204 de
328 4155 385 4216 ipsc
401 4156 521 4214 emptione
531 4153 575 4216 bq
589 4153 651 4214 (sec.
667 4153 711 4213 m.)
723 4155 741 4202 A
753 4153 772 4202 L
782 4152 807 4206 t.
827 4154 862 4216 (ln
875 4165 900 4202 m
914 4157 971 4216 post
982 4167 1007 4202 v.
1021 4155 1076 4215 ipsa
1088 4155 1128 4203 est
1139 4153 1250 4216 spetlum
1264 4152 1341 4202 trium
1360 4153 1414 4202 lere
1430 4151 1593 4214 litterarum.)

286 4255 313 4265 -
333 4227 371 4279 tt.
385 4231 472 4293 prosns
488 4230 512 4278 lx.
526 4257 552 4265 -
572 4230 611 4277 lb.
630 4229 806 4291 copnomenT:
824 4241 912 4276 nomen
924 4227 1003 4291 [quod
1021 4229 1076 4292 ipso
1090 4227 1193 4277 nomine
1205 4227 1382 4292 praecedente
1395 4225 1428 4276 de
1440 4226 1593 4289 cognomino

284 4305 326 4352 vix
339 4305 522 4366 rectediciturl
536 4303 677 4358 anteo.
691 4330 717 4338 —
729 4304 819 4364 formio
831 4305 857 4352 T.
871 4328 897 4336 —
910 4317 954 4352 nec
970 4306 1051 4353 minus
1067 4305 1149 4368 nipcr,
1169 4317 1213 4353 nec
1228 4304 1309 4389 stipes
1324 4303 1455 4366 confidens,
1472 4308 1548 4363 qnam
1562 4306 1595 4351 est

283 4379 323 4427 ille
341 4379 498 4428 Terentianus
514 4380 625 4428 l’bomnio
642 4377 745 4438 Quintil.
765 4379 806 4428 Vl.
825 4377 849 4438 3,
868 4379 908 4428 56.
932 4405 957 4415 -
985 4381 1024 4428 ld.
1044 4381 1073 4430 de
1088 4379 1113 4428 ei
1129 4379 1189 4427 nibil
1206 4379 1232 4428 L.
1253 4403 1279 4413 -
1291 4378 1339 4436 ts.
1359 4376 1440 4442 atque]
1458 4390 1535 4439 neque
1551 4377 1594 4426 Ea

284 4455 324 4502 ek
343 4455 390 4516 (pr.
403 4455 450 4516 m.)
468 4469 484 4518 p
503 4457 529 4504 et
545 4457 580 4511 A;
604 4467 664 4515 cqne
680 4456 715 4514 (33
737 4455 855 4514 equestris
871 4467 938 4503 corr.
957 4455 982 4504 k.
1004 4481 1031 4490 —
1052 4453 1213 4518 fldccntnnins
1229 4451 1329 4512 ETltli
1346 4455 1373 4502 et
1387 4457 1421 4512 A;
1444 4452 1595 4516 fidecnlnnns

284 4531 329 4586 at;
347 4529 495 4590 fidicntanns
511 4543 539 4584 ες
556 4529 716 4593 fldemdnmns
732 4530 760 4576 G.
788 4529 825 4578 Cl.
844 4541 870 4592 p.
885 4527 985 4579 cluent.
1006 4529 1029 4592 g.
1044 4529 1098 4578 403.
1113 4530 1168 4578 tls.
1183 4528 1238 4577 tis.
1253 4553 1280 4563 —
1299 4527 1338 4578 2³.
1358 4527 1425 4590 quot]
1444 4528 1509 4588 qnod
1525 4527 1552 4577 T.
1565 4551 1591 4562 -

283 4603 315 4651 nb
332 4604 389 4652 orbs
404 4606 432 4654 T.
454 4632 480 4640 -
503 4605 585 4653 minos
600 4605 655 4655 loos
673 4601 789 4653 ltellerus
812 4601 878 4666 (coll.
897 4615 951 4653 var.
970 4603 1029 4654 lect.
1049 4604 1081 4653 ad
1099 4615 1138 4653 cr.
1159 4615 1185 4667 p.
1205 4602 1297 4653 Roscio
1314 4602 1389 4654 Com.
1408 4603 1432 4666 ξ.
1451 4601 1475 4653 l.
1495 4603 1534 4653 tt.
1553 4601 1592 4651 tn.

283 4679 323 4726 tt.
342 4677 381 4727 23.
400 4679 441 4728 28.
459 4678 490 4728 29
509 4680 581 4741 ceti:
604 4680 686 4728 minns
707 4677 795 4727 beben
818 4678 873 4726 Llll
888 4677 952 4742 (titt)
970 4679 1076 4728 ETVa
1097 4677 1190 4742 (ninus)
1207 4690 1260 4742 mp
1277 4679 1326 4741 (pr.
1346 4678 1392 4734 m.)
1409 4680 1488 4741 qta3
1513 4677 1595 4727 miens

283 4751 364 4800 obesse
379 4753 436 4802 Llll
449 4751 513 4818 (titi)
530 4751 627 4813 bekli
643 4755 670 4803 et
686 4751 747 4811 Ail3
770 4752 852 4801 minns
869 4752 949 4803 abesse
965 4753 1055 4803 Xtcts
1067 4754 1101 4810 L;
1118 4753 1200 4802 miens
1216 4751 1315 4816 [obesse]
1333 4753 1389 4802 Llll
1402 4752 1429 4802 0.
1451 4779 1480 4792 -
1498 4751 1539 4801 to.
1551 4751 1594 4800 nb-

283 4825 355 4875 bicno
375 4825 582 4891 ETVabplB
602 4830 629 4877 et
644 4829 673 4877 A.
703 4853 730 4862 —
754 4826 844 4876 indicio
864 4827 963 4890 cepisset
979 4829 1006 4876 L.
1033 4855 1059 4865 -
1085 4829 1126 4878 at.
1144 4827 1349 4892 etin1nts'nT.
1369 4855 1396 4865 -
1418 4839 1496 4878 cansa
1515 4827 1542 4877 T.
1564 4851 1592 4863 -

282 4901 322 4951 28.
337 4901 437 4950 dixisset
447 4901 474 4950 T.
489 4929 516 4938 -
530 4915 585 4950 cnm
602 4903 631 4952 de
647 4901 772 4965 incopnita
782 4902 813 4950 T:
832 4915 888 4951 cnm
904 4903 959 4951 dein
971 4903 1069 4966 copnitn
1080 4903 1115 4962 E3
1133 4905 1192 4953 dnm
1207 4903 1333 4967 incopnito
1344 4900 1434 4955 nte:
1452 4915 1509 4951 mem
1523 4901 1594 4951 inec-

282 4975 353 5038 pnita
369 4976 425 5025 LO.
446 5004 473 5013 -
492 4976 532 5025 29.
550 4977 663 5024 ootnissct
679 4977 698 5026 T
716 4977 746 5038 (si
762 4975 828 5027 tides
846 4977 887 5026 est
903 4976 1024 5027 Harlessti
1042 4978 1150 5041 silentio)
1169 4979 1186 5028 k
1203 4979 1230 5028 et
1246 4977 1338 5032 tto:
1355 4978 1470 5030 noluisset
1485 4977 1542 5029 ΒΛ,
1563 5003 1591 5013 -

285 5049 324 5101 st.
344 5049 545 5114 dampnationem
561 5053 589 5102 T.
616 5050 654 5102 ct.
673 5050 696 5118 g.
716 5051 740 5103 6.
762 5077 788 5092 -
808 5053 848 5106 32.
863 5053 951 5120 potest]
965 5057 1046 5120 posset
1062 5065 1138 5107 aem
1149 5049 1242 5122 pqtd
1258 5055 1285 5104 et
1301 5055 1331 5108 A.
