3642 5862
341 435 404 506 iao
710 443 753 509 IN
773 441 939 510 VERREM
958 442 1080 509 acrio
1102 443 1286 512 SECUNDA

343 629 439 676 ausus
460 631 514 676 es:
547 607 619 676 tsi.
640 620 676 678 tn
697 613 731 677 in
751 613 915 697 provincia
934 619 999 678 tam
1020 613 1203 698 splendida,
1224 623 1260 678 tu
1280 615 1366 698 apud
1386 613 1491 679 socios
1510 611 1682 678 fidelissi·

222 760 226 772 .
343 725 429 781 mos,
450 709 713 802 cirefflomanos
733 708 988 783 honestissimos,
1009 709 1042 771 in
1063 714 1150 772 metu
1171 708 1378 793 periculoque
1394 709 1587 792 provinciae
1604 708 1681 770 dies

343 801 510 865 continuos
531 803 709 887 complures
729 803 764 866 in
785 802 878 866 litore
898 803 1116 886 conviviisque
1130 803 1272 868 iacuisti:
1293 809 1326 866 te
1341 823 1397 887 per
1410 821 1466 866 eos
1480 801 1553 865 dies
1570 821 1680 866 nemo

343 898 417 956 tuac
445 895 531 962 domi
560 898 743 972 convenire,
776 915 869 960 nemo
899 896 933 959 in
954 897 1023 960 toro
1045 897 1153 960 videre
1173 897 1295 980 potuit:
1327 904 1363 960 tu
1383 897 1542 961 socionrm
1568 903 1681 981 atque

319 989 516 1055 canicorum
537 991 576 1056 ad
598 1011 636 1054 ea
657 990 803 1055 convivia
823 998 939 1055 matres
955 990 1091 1054 familias
1113 990 1306 1055 adhibuisti:
1327 999 1363 1055 tu
1376 992 1459 1056 inter
1481 989 1553 1054 eius
1580 990 1681 1055 modi

234 1077 268 1191 [f
342 1073 741 1170 mulierespraetextatum
763 1091 852 1148 tuum
873 1083 991 1159 tilium,
1013 1091 1163 1169 nepotem
1175 1104 1298 1160 meum,
1320 1085 1532 1160 collocavisti,
1556 1093 1601 1148 ut
1621 1103 1682 1148 ae-

341 1179 398 1244 tati
418 1181 555 1246 maxime
577 1180 715 1244 lubricae
736 1188 833 1263 atque
850 1178 989 1242 incertae
1004 1178 1150 1261 exempla
1163 1179 1323 1262 nequitiae
1337 1179 1478 1262 parentis
1492 1178 1560 1242 vita
1576 1197 1682 1262 prae-

226 1289 252 1385 3
301 1266 322 1334 s
339 1273 443 1338 beretz
465 1283 499 1339 tu
520 1279 648 1358 praetor
669 1277 702 1339 in
726 1273 890 1358 prouincia
911 1293 983 1336 cum
1004 1273 1113 1336 tunica
1133 1273 1295 1358 pallioque
1316 1291 1477 1357 purpereo
1498 1272 1595 1336 visus
1621 1291 1680 1336 es:

293 1358 299 1411 i
341 1377 375 1434 tu
406 1377 537 1453 propter
563 1389 704 1432 amorem
730 1367 956 1450 libidinemque
979 1373 1065 1460 tuam
1086 1366 1255 1450 imperium
1275 1369 1403 1432 navium
1424 1367 1527 1450 legato
1549 1367 1679 1449 populi

300 1444 471 1528 loRomani
493 1464 656 1538 ademisti,
680 1465 878 1548 Syracusano
899 1461 1074 1525 tradidisti:
1106 1463 1151 1524 tui
1174 1463 1291 1527 milites
1313 1464 1346 1526 in
1366 1460 1531 1547 provincia
1552 1459 1679 1523 Sicilia

338 1557 483 1640 frugibus
509 1557 732 1641 frumentoque
762 1563 947 1618 caruerunt:
975 1563 1030 1619 tua
1051 1555 1178 1620 luxuria
1198 1564 1294 1640 atque
1316 1557 1449 1620 avaritia
1470 1553 1585 1618 classis
1611 1572 1678 1636 po-

339 1651 406 1734 puli
434 1651 568 1714 Romani
596 1671 616 1715 a
643 1650 856 1734 praedonibus
885 1657 976 1734 capta
997 1656 1029 1712 et
1049 1651 1180 1714 incensa
1201 1658 1268 1714 est:
1299 1646 1371 1713 t38.
1392 1657 1467 1734 port
1487 1650 1675 1732 Syracusas

339 1744 483 1811 conditas
505 1766 598 1828 quem
620 1745 654 1808 in
677 1751 803 1828 portum
825 1762 997 1828 numquam
1018 1744 1117 1808 bostis
1135 1752 1324 1820 accesserat,
1344 1747 1379 1808 in
1401 1765 1439 1808 eo
1461 1751 1492 1807 te
1514 1749 1677 1827 praetore

339 1840 476 1922 primum
504 1840 625 1923 piratae
654 1837 897 1921 navigaverunt:
928 1859 1034 1923 neque
1062 1839 1140 1903 baec
1162 1846 1209 1903 tot
1230 1847 1262 1903 et
1282 1847 1369 1904 tanta
1392 1839 1547 1903 dedecora
1571 1837 1676 1901 dissi·

301 1937 513 2002 simulatione
535 1944 717 2021 tusaeque
738 1935 898 1998 oblivione
919 1933 1083 1996 bominum
1105 1952 1141 1996 ac
1163 1933 1375 1998 taciturnitate
1397 1941 1503 2016 tegere
1521 1931 1675 2006 voluisti,

339 2030 394 2096 sed
417 2033 513 2094 stiam
533 2030 663 2094 nauum
684 2029 860 2114 praefectos
882 2027 951 2090 sine
972 2026 1038 2088 ulla
1059 2046 1155 2090 causa
1169 2027 1210 2090 de
1224 2029 1393 2111 complexu
1406 2035 1575 2111 parentum
1592 2045 1675 2090 suo·

337 2145 425 2200 rum,
452 2125 613 2208 hospitum
641 2132 784 2198 tuorum,
812 2123 852 2185 ad
881 2127 1012 2184 mortem
1037 2123 1274 2206 cruciatumque
1294 2122 1427 2205 rapuisti
1447 2139 1553 2204 neque
1575 2127 1613 2184 te
1637 2120 1675 2182 in

338 2225 504 2302 parentum
526 2220 614 2283 luctu
635 2226 731 2303 atque
753 2216 892 2280 lacrimis
913 2215 976 2279 mei
990 2215 1128 2278 neminie
1142 2216 1397 2280 commemoratio
1410 2216 1584 2300 mitigavit:
1609 2213 1671 2278 tibi

337 2311 502 2378 bominum
523 2313 739 2377 innocentium
761 2311 888 2393 sangaris
909 2330 975 2373 non
992 2309 1091 2377 modo
1113 2309 1282 2393 voluptati,
1312 2311 1369 2374 sed
1397 2310 1492 2374 etism
1514 2306 1672 2394 quaestm

299 2405 438 2470 soluitrr
456 2439 498 2456 -
518 2407 598 2472 baec
620 2408 647 2471 si
669 2405 726 2469 tibi
747 2414 821 2468 tuus
842 2424 956 2488 parens
980 2403 1107 2478 diceret,
1128 2422 1239 2486 posses
1260 2405 1300 2467 ab
1322 2423 1361 2467 eo
1382 2405 1507 2469 venitm
1529 2405 1669 2488 peteret

338 2519 467 2587 posses,
488 2511 525 2566 ut
546 2503 603 2566 tibi
625 2504 816 2584 ignosceret,
838 2499 1026 2584 postularet

422 2595 502 2658 Llll.
525 2591 597 2661 l39.
621 2595 704 2659 Satis
720 2594 898 2658 estfactum
913 2593 1038 2668 Siculis,
1061 2593 1137 2656 satis
1152 2589 1256 2657 officio
1270 2613 1308 2658 ac
1321 2593 1560 2670 necessitudini,
1583 2594 1667 2658 setis

337 2691 493 2776 promisso
523 2698 631 2754 nostro
659 2709 696 2753 ac
724 2694 862 2771 recepto.
895 2687 1030 2771 Reliqua
1055 2695 1104 2750 est
1125 2707 1163 2750 ea
1184 2707 1293 2762 causa,
1322 2688 1459 2762 iudices,
1492 2707 1575 2772 quae
1598 2691 1668 2751 iam

337 2802 402 2846 nou
424 2791 567 2867 recepta,
596 2783 653 2848 sed
674 2783 797 2857 innata,
824 2801 930 2866 neque
952 2781 1057 2844 delata
1078 2780 1118 2844 ad
1140 2801 1207 2857 me,
1236 2783 1346 2846 sedin
1370 2783 1475 2845 animo
1497 2802 1666 2866 sensuque

301 2895 409 2944 maneo
431 2878 557 2960 penitus
579 2875 673 2942 allisa
694 2883 790 2960 atque
811 2875 907 2939 insita
929 2881 993 2952 est;
1016 2894 1098 2959 quae
1119 2895 1184 2939 non
1202 2875 1242 2940 ad
1257 2876 1416 2939 sociorum
1431 2876 1580 2952 salutem,
1605 2874 1666 2939 sed

337 2970 377 3036 ad
404 2972 520 3036 civium
547 2974 778 3045 Romanorum,
810 2969 871 3033 hoc
892 2978 956 3044 est,
989 2968 1145 3034 adonius
1167 2971 1321 3055 cuiusque
1343 2978 1484 3034 nostrum
1506 2973 1606 3035 vitam
1632 2976 1666 3033 et

337 3065 523 3148 sanquinem
544 3066 692 3150 pertinet
727 3065 762 3126 ln
786 3084 849 3148 qua
870 3063 970 3126 nolite
991 3083 1010 3126 a
1031 3084 1097 3139 me,
1121 3065 1214 3148 quasi
1235 3064 1364 3127 dubium
1387 3065 1429 3128 sit
1449 3064 1588 3148 aliquid,
1612 3083 1666 3128 ar-

338 3167 503 3244 gumenta,
531 3160 671 3235 iudices,
701 3165 896 3245 exspectare.
939 3157 1069 3234 Omnia,
1100 3178 1181 3242 quae
1209 3158 1311 3222 dicam
1333 3157 1378 3221 sic
1401 3167 1493 3224 erunt
1513 3160 1662 3232 illustria,

337 3259 373 3317 ut
394 3254 434 3318 ad
456 3273 495 3316 ea
515 3253 678 3340 probanda
698 3260 797 3317 totam
819 3253 957 3318 Siciliam
979 3261 1091 3317 testem
1113 3253 1263 3318 adbibere
1284 3272 1420 3336 possem.
1453 3255 1554 3316 Furor
1574 3253 1663 3316 enim

164 3335 190 3434 ί
298 3349 484 3434 soquidam,
507 3349 634 3435 sceleris
657 3355 689 3411 et
710 3348 859 3413 arrdaciae
881 3367 1002 3424 comes,
1024 3349 1114 3414 istius
1138 3349 1322 3412 effrenatum
1343 3348 1483 3411 animum
1505 3349 1662 3432 importu-

337 3461 475 3528 namque
498 3449 642 3508 naturam
664 3448 751 3508 tanta
772 3443 930 3526 oppressit
952 3444 1104 3519 amentia,
1126 3451 1162 3506 ut
1176 3462 1348 3526 numquam
1364 3441 1522 3506 dubitaret
1534 3443 1567 3505 in
1583 3461 1662 3506 con-

337 3542 435 3600 ventu
455 3535 561 3621 palam
583 3535 757 3620 supplicia,
780 3555 862 3619 quae
879 3538 911 3600 in
927 3537 1089 3602 convictos
1104 3537 1250 3602 maleficii
1266 3557 1374 3603 servos
1389 3539 1560 3602 constituta
1574 3541 1661 3610 sunt,

338 3650 377 3697 ea
403 3631 438 3697 in
465 3631 551 3696 cives
578 3631 735 3696 Romanos
765 3649 961 3713 expromere.
1005 3626 1077 3694 titt.
1106 3631 1209 3714 virgis
1238 3651 1333 3715 quam
1360 3631 1476 3695 multos
1498 3631 1660 3704 ceciderit,

403 3951 427 4002 t.
449 3953 477 4000 ts
497 3949 566 4013 opud
585 3949 635 4002 iia:
663 3954 759 4000 taorn
779 3947 890 4000 detto.
914 3975 943 3986 -
969 3948 993 4000 3.
1017 3948 1147 4012 coaptares
1164 3951 1198 4010 ii;
1222 3947 1307 4012 plures
1327 3948 1405 4012 agra.
1430 3975 1456 3988 -
1481 3947 1563 4000 ditare
1577 3950 1607 4000 3.
1627 3973 1657 3986 ·-

337 4025 362 4078 i.
380 4026 447 4076 domi
463 4030 522 4076 tace
537 4024 601 4078 dett.
621 4026 650 4078 0.
670 4047 698 4064 ·-
717 4026 742 4077 8.
760 4026 846 4076 tussa
862 4025 940 4076 tolort
956 4023 1107 4076 Lambinus.
1128 4051 1156 4063 —
1170 4037 1300 4088 parpwec
1317 4037 1369 4075 om.
1389 4023 1466 4088 agas.
1486 4049 1515 4060 -
1533 4025 1573 4075 io.
1591 4023 1659 4076 slet-

336 4101 386 4152 tiss
401 4103 478 4166 lagg.
497 4103 604 4167 praeter
619 4100 661 4152 it.
681 4127 709 4138 -
728 4101 768 4151 tt.
787 4100 931 4161 coruscam]
947 4105 1039 4150 emat
1054 4101 1075 4152 3
1091 4111 1128 4151 m.
1145 4113 1202 4165 pr.;
1220 4111 1325 4150 coram
1340 4100 1402 4151 Eru.
1421 4101 1513 4150 oontm
1529 4099 1607 4151 codd.
1628 4124 1656 4138 -

336 4177 455 4227 lacarias
477 4179 497 4228 3
519 4179 547 4228 et
569 4175 638 4240 agro
661 4173 722 4239 (sed
744 4175 771 4226 ln
789 4175 811 4226 3
827 4188 841 4225 s
860 4177 957 4240 puncto
979 4176 1087 4239 notata).
1110 4175 1196 4226 Madv.
1217 4174 1334 4239 praelert
1349 4187 1376 4238 p.
1394 4173 1435 4225 it.
1453 4174 1565 4236 laeum,
1592 4174 1658 4227 talso

336 4250 457 4303 scribens
473 4252 500 4302 ln
516 4253 537 4304 3
554 4265 614 4304 esse
630 4251 757 4301 locastae.
778 4277 806 4287 -
824 4251 865 4301 ts.
883 4264 901 4301 c
913 4251 1082 4314 praedonibus
1097 4263 1151 4302 om.
1168 4250 1246 4313 lagg.
1265 4251 1372 4314 praeter
1384 4249 1425 4299 is.
1441 4277 1469 4287 -
1488 4250 1528 4302 tt.
1546 4255 1570 4302 et
1585 4255 1659 4301 emto

336 4335 382 4396 33,
401 4335 482 4400 Lgii:
501 4341 575 4387 tanto
585 4334 653 4396 rell.;
671 4316 790 4398 toclacus
806 4336 836 4386 0.
850 4361 877 4371 —
891 4336 932 4388 ts.
950 4335 1072 4399 conplexa
1088 4335 1117 4386 3.
1133 4361 1160 4372 -
1176 4334 1321 4397 parentiam
1336 4333 1461 4385 Priscian.
1473 4335 1502 4385 T.
1516 4335 1546 4386 ii.
1560 4347 1586 4400 p.
1598 4335 1655 4387 343.

339 4438 367 4452 -
384 4425 556 4465 mansuem.
575 4411 654 4478 Lali.
678 4440 706 4450 -
732 4413 773 4463 ⁴7.
791 4412 922 4476 mapsam
937 4411 972 4470 3;
998 4410 1168 4473 coepimus
1188 4410 1254 4460 dett.
1282 4435 1310 4445 —
1337 4413 1438 4459 asanaa
1453 4421 1507 4461 om.
1526 4411 1607 4462 Prisc.
1626 4435 1654 4446 -

336 4501 414 4551 usqae
431 4493 454 4539 te
470 4488 506 4540 as
518 4489 601 4552 ngas:
619 4501 698 4551 nsque
714 4487 779 4538 dett.
798 4489 825 4537 et
836 4487 869 4548 0,
888 4489 933 4551 qui
950 4489 1049 4537 trente
1067 4487 1115 4537 mei
1132 4485 1239 4537 habent.
1253 4511 1281 4521 -
1299 4485 1340 4536 20.
1359 4485 1419 4535 boec
1435 4483 1562 4552 sibtitpr.
1576 4499 1613 4537 m.
1627 4511 1654 4522 -

336 4563 377 4615 ii.
395 4565 580 4614 mcmsttadtcts
595 4566 624 4615 3.
643 4589 671 4600 ·-
689 4565 751 4614 satis
766 4563 819 4614 iit:
837 4562 941 4622 iudica,
958 4562 1021 4611 sctis
1037 4560 1144 4611 detto.
1159 4585 1186 4596 -
1205 4561 1246 4611 33.
1260 4572 1304 4622 pr.
1322 4564 1406 4610 norim
1423 4571 1454 4609 ac
1469 4565 1566 4623 recepto
1581 4561 1617 4612 33
1629 4558 1654 4623 λ,

336 4637 415 4702 augg.
435 4651 542 4690 omnes:
565 4655 608 4705 pr.
625 4633 709 4690 cost'ro
726 4652 757 4690 oc
772 4640 870 4689 mecm·
884 4643 982 4700 recepto
999 4637 1019 4687 0
1035 4637 1134 4688 incerta
1151 4636 1320 4696 auctoritate;
1341 4649 1383 4698 pr.
1400 4637 1499 4686 maceri
1514 4649 1546 4687 ec
1560 4641 1656 4700 recepto

337 4715 475 4765 Manutius.
502 4716 536 4765 rt
551 4729 577 4767 v.
596 4714 681 4767 Madv.
700 4729 744 4781 ep.
761 4728 797 4780 p.
808 4713 863 4764 tae.
883 4714 931 4777 Op.
949 4714 969 4763 1.
987 4726 1013 4778 p.
1032 4713 1088 4763 eia.
1109 4737 1136 4748 -
1158 4713 1270 4775 retiquae
1285 4713 1307 4761 si
1322 4725 1354 4762 ec
1369 4711 1414 4763 33.
1434 4737 1462 4748 -
1485 4711 1539 4763 tom
1554 4725 1604 4762 ecc
1619 4710 1654 4762 33

337 4789 369 4842 i:
387 4805 438 4841 occ
454 4791 507 4840 tam
523 4789 587 4842 dett.
601 4791 630 4841 0.
647 4817 674 4827 —
693 4790 734 4842 ii.
752 4789 849 4854 beaw]
866 4789 921 4838 tato
936 4789 969 4840 3;
987 4788 1026 4836 ito
1036 4787 1080 4838 63.
1096 4813 1123 4823 -
1141 4788 1229 4838 aalma
1244 4789 1323 4851 Lagg.
1341 4788 1499 4853 praeteriti.
1514 4813 1541 4824 ·-
1559 4789 1600 4839 33.
1612 4787 1656 4836 cd·

335 4870 392 4932 psa
407 4867 441 4928 3;
465 4865 550 4930 depae
566 4867 593 4916 L.
618 4865 658 4917 ct.
675 4867 751 4917 irus.
770 4866 849 4915 liess.
867 4877 894 4928 p.
912 4863 970 4916 ate.
995 4891 1022 4900 —
1045 4863 1086 4912 27.
1105 4863 1230 4926 micatis
1248 4875 1287 4928 pr.
1306 4875 1358 4924 m.;
1382 4863 1484 4926 aliquod
1500 4863 1520 4913 3
1536 4863 1552 4913 i
1569 4874 1606 4912 nr.
1625 4885 1653 4898 ·-

337 4942 379 4993 28.
398 4953 461 5004 quoe
477 4941 560 4991 elbam
576 4941 611 4992 33
623 4939 655 4992 i:
674 4954 738 5004 quoe
753 4941 836 4992 dicam
852 4941 881 4990 de
896 4939 1016 5002 supplicio
1031 4938 1123 4988 malma
1139 4939 1208 4990 llom.
1227 4939 1291 4989 dett.
1310 4939 1340 4990 0.
1360 4939 1468 4990 «Cicero
1485 4951 1538 4989 non
1555 4938 1585 4988 de
1595 4949 1655 4999 arrp-

333 5017 425 5081 pttcic,
444 5014 491 5068 sed
510 5017 539 5065 de
554 5017 681 5080 applicita
696 5018 743 5066 cto.
761 5018 830 5067 Rom.
852 5015 961 5066 dixisset
983 5015 1012 5064 ut
1034 5012 1112 5076 paulo
1132 5013 1197 5064 inira
1214 5016 1241 5065 et
1258 5027 1281 5065 c.
1300 5013 1358 5065 33.·
1382 5015 1474 5064 θιιιι.
1494 5013 1523 5062 ii.
1543 5037 1572 5048 -
1596 5011 1655 5061 ttiu-

338 5093 401 5142 strtc
416 5089 481 5143 333
499 5091 591 5155 [Madv.
604 5105 629 5158 p.
643 5091 724 5155 itai:
743 5093 816 5144 clarc
831 5096 855 5143 st
869 5091 979 5141 demina
994 5088 1058 5139 dett.
1077 5089 1107 5140 0.
1126 5089 1251 5153 (inlustria
1267 5089 1306 5154 ii.)
1319 5115 1347 5126 -
1365 5089 1406 5140 29.
1421 5101 1518 5152 possm
1534 5086 1583 5140 aa:
1597 5099 1657 5151 pcs-

339 5166 386 5218 aar
402 5167 467 5220 deit.
486 5165 515 5218 Ο.
539 5166 572 5220 ol.
591 5166 616 5238 5.
634 5165 675 5222 8l.
696 5195 723 5206 —
742 5167 782 5223 ³0.
799 5168 892 5235 toperi.
910 5167 940 5219 3.
960 5191 987 5202 -
1006 5166 1046 5217 34.
1065 5163 1236 5217 dubitareslt.
1256 5187 1284 5204 ···
1303 5165 1343 5217 33.
1361 5165 1422 5216 clau
1437 5165 1466 5217 3.
