3610 5860
333 441 395 512 542
725 445 876 512 ORATIO
898 439 978 512 PRO
999 443 1037 510 l.
1058 441 1259 512 annuntio

331 615 439 689 nobls,
468 611 524 679 sed
547 613 623 699 qnid
642 621 788 698 oporteat
809 615 889 690 diei,
916 615 1131 680 consideretis.
1155 609 1168 683 4
1174 615 1286 711 iggitur
1305 613 1445 700 enlmJlu
1476 610 1698 677 criminibus

332 711 369 773 4.
392 706 528 773 Cluentii
549 709 710 793 proprium
731 710 926 793 periculum,
948 711 982 774 in
1003 703 1122 774 inuidia
1143 724 1238 774 causa
1258 701 1458 800 communis)
1500 706 1633 782 mam
1658 705 1699 768 ub

332 820 399 867 rem
421 801 550 867 alterans
571 809 692 886 partem
714 821 826 868 cauma
849 805 893 868 sle
915 819 1061 888 agemus,
1090 809 1126 867 ui
1145 819 1204 867 ros
1228 804 1413 866 doceamus:
1443 803 1611 866 alteram
1637 801 1697 873 sic,

332 903 369 961 ui
395 911 529 962 oremus.
573 900 609 960 lu
636 898 734 962 altera
761 898 926 981 diligentia
946 905 1050 962 vestra
1070 897 1162 961 uobis
1184 896 1384 979 adiungenda
1405 905 1476 960 est:
1520 897 1564 959 iu
1589 893 1699 958 altera

308 989 409 1056 indes
422 986 628 1076 imploranda.
651 985 750 1056 lieno
764 999 813 1056 cst
827 995 929 1066 enim,
951 993 1007 1076 qui
1020 990 1158 1056 invidias
1174 991 1243 1054 sino
1260 998 1365 1054 vestro
1382 987 1430 1076 [aa
1445 985 1552 1073 sinc]
1572 988 1694 1053 tullum

331 1087 469 1150 urorum
491 1085 632 1149 subsidio
654 1087 757 1175 possit
777 1087 931 1151 resistere.
965 1083 995 1148 4.
1016 1085 1173 1170 Equidem
1197 1086 1282 1170 quud
1305 1085 1344 1148 ad
1367 1097 1418 1150 nte
1439 1086 1600 1157 attinet,
1625 1099 1694 1165 quo

331 1194 382 1242 mo
402 1185 523 1243 vertam
551 1179 669 1243 nmcio.
705 1181 823 1262 liugom
850 1179 948 1245 luisse
978 1180 1065 1243 illam
1087 1179 1249 1243 infamiam
1270 1179 1381 1242 ludloll
1403 1179 1601 1262 oormptii
1634 1192 1692 1238 ne-

331 1291 402 1356 gem
424 1291 494 1337 esse
514 1272 601 1336 illam
622 1290 689 1336 rem
710 1275 856 1356 agitatam
877 1275 913 1337 in
934 1273 1155 1338 contionibus?
1177 1273 1322 1337 iactatam
1343 1275 1377 1336 in
1398 1272 1573 1336 iudiciis?
1600 1287 1692 1332 com

330 1373 533 1431 memoratam
554 1368 586 1430 iu
608 1369 743 1433 senatui
766 1368 899 1432 evellam
921 1387 962 1432 ex
984 1367 1096 1432 animis
1118 1367 1284 1430 bominum
1305 1373 1424 1430 uniam
1449 1365 1690 1450 opinionem?

293 1467 395 1524 totam
415 1462 541 1544 penitus
562 1461 710 1524 iusitami
738 1467 803 1525 tam
824 1463 1001 1524 uetustami
1031 1462 1100 1524 Non
1123 1467 1173 1524 est
1193 1461 1293 1524 nostri
1313 1461 1450 1544 ingenii:
1481 1458 1605 1523 vestri
1630 1475 1688 1518 au-

330 1554 399 1617 xilli
421 1561 482 1629 est,
504 1553 644 1629 iudices,
665 1554 759 1618 bulas
781 1555 979 1618 innocentiae
1002 1555 1047 1618 sio
1068 1555 1101 1617 in
1118 1556 1178 1619 bac
1192 1554 1374 1619 calamitosa
1388 1555 1489 1628 lama,
1522 1551 1635 1637 quasi
1649 1549 1684 1611 iu

330 1648 439 1731 aliqua
470 1648 740 1732 pemicloslssima
772 1649 896 1711 damma
924 1656 1018 1733 atque
1047 1650 1081 1711 iu
1111 1649 1270 1713 communi
1294 1647 1443 1712 incendio
1472 1646 1682 1712 subvenire.

332 1743 372 1804 ll.
395 1739 425 1803 5.
448 1741 574 1806 Etenim
596 1742 677 1806 sieut
698 1742 768 1806 aliis
790 1743 825 1805 iu
846 1742 925 1805 locis
946 1759 1056 1826 parum
1078 1738 1263 1807 firmamenti
1284 1749 1316 1806 et
1337 1760 1448 1827 parum
1462 1741 1601 1807 virium
1628 1755 1682 1800 ve-

329 1837 406 1899 ritas
427 1831 539 1899 habet:
562 1836 607 1899 sic
629 1837 663 1898 in
685 1836 746 1900 boc
768 1836 838 1899 loco
860 1834 940 1899 falsa
960 1836 1079 1900 invidia
1100 1835 1261 1901 imbecilla
1282 1856 1352 1901 esse
1367 1837 1470 1901 debet.
1507 1835 1681 1898 Domine-

293 1937 381 1994 tatur
400 1931 433 1993 in
456 1931 669 2006 contionibus3
692 1931 794 1994 iaceat
815 1929 848 1992 iu
870 1929 1012 1993 iudiciis:
1038 1931 1142 1994 ualeat
1163 1931 1196 1992 in
1219 1931 1420 2014 opinionibus
1442 1949 1479 1994 ao
1505 1925 1679 1993 sermoni-

328 2025 389 2088 bus
410 2021 645 2107 impetitorums
666 2025 706 2087 ab
727 2023 862 2106 ingeniis
877 2022 1078 2106 prudentium
1094 2025 1292 2108 repudietur:
1314 2025 1525 2089 vehementes
1549 2020 1678 2086 lrabeat

328 2119 510 2202 repentinos
531 2119 685 2202 impetuss
707 2117 807 2202 spatio
828 2117 1016 2199 interposito
1038 2124 1071 2180 et
1091 2134 1186 2183 causa
1207 2119 1332 2202 cognita
1354 2120 1588 2182 consenescat.
1611 2113 1676 2175 De·

330 2215 427 2297 nique
454 2212 510 2276 illa
533 2209 673 2276 delinitio
702 2210 893 2275 iudiciorum
915 2225 1106 2292 aequamus,
1135 2227 1219 2295 quae
1239 2211 1332 2276 nobis
1354 2230 1373 2276 a
1394 2210 1583 2274 nantibus
1608 2213 1674 2268 tra-

330 2307 395 2371 dita
415 2311 478 2381 est,
499 2306 684 2369 retineamus
706 2313 742 2368 ut
761 2305 795 2368 iu
816 2301 945 2368 indiciis
966 2307 999 2366 at
1016 2303 1085 2366 sinc
1105 2303 1224 2368 invidia
1238 2305 1333 2388 eulpa
1352 2305 1508 2391 plectatur
1534 2307 1574 2365 ct
1601 2299 1673 2363 sine

291 2401 422 2486 sooulpu
441 2399 561 2465 invidia
581 2407 743 2484 ponatur.·
761 2397 791 2460 6.
813 2397 916 2474 Quam
937 2397 979 2461 ob
1000 2416 1066 2459 rem
1087 2417 1107 2460 a
1128 2399 1236 2474 vobis,
1257 2399 1397 2475 iudices,
1418 2405 1605 2482 uniquam
1629 2391 1670 2454 dc

328 2495 399 2579 ipsa
420 2511 514 2558 causa
534 2492 640 2556 dicere
662 2491 795 2576 incipio,
817 2491 895 2556 bueo
916 2491 1058 2574 postulo:
1087 2493 1237 2575 primum,
1260 2491 1293 2555 id
1315 2493 1402 2577 qaod
1424 2489 1669 2575 aequissimum

330 2597 395 2664 est,
423 2595 460 2652 ut
487 2607 528 2650 ne
557 2586 634 2669 quid
661 2587 724 2650 buc
750 2585 957 2670 praeiudicati
979 2587 1126 2650 aderatis.
1167 2585 1292 2649 Etenim
1313 2601 1378 2649 non
1398 2584 1494 2649 modo
1515 2579 1668 2646 anctori-

330 2691 440 2758 tatem,
473 2679 528 2744 sed
557 2679 651 2744 ctiam
679 2699 796 2744 nomen
824 2679 965 2742 iudicum
993 2680 1189 2755 amittemus,
1221 2679 1282 2743 uisi
1312 2679 1365 2742 bio
1388 2699 1429 2744 ex
1450 2677 1530 2764 ipsis
1556 2674 1667 2740 causis

330 2771 557 2848 iudicabimus,
585 2773 679 2837 siud
708 2792 820 2836 musas
848 2770 966 2836 iudicia
993 2772 1056 2838 iam
1084 2773 1165 2838 lacta
1193 2773 1287 2837 domo
1315 2773 1504 2837 doleremus.
1532 2765 1663 2834 Deinde

290 2885 321 2934 sa
329 2874 357 2935 si
380 2889 475 2954 quam
496 2867 680 2951 opinionem
701 2867 764 2930 iam
786 2866 898 2930 vestris
920 2867 1077 2930 mentibus
1105 2867 1404 2951 comprehendistis,
1431 2868 1460 2931 si
1482 2887 1556 2931 eam
1579 2862 1662 2927 ratio

329 2964 501 3039 convellat,
523 2962 549 3025 si
572 2961 672 3025 oratio
695 2960 908 3034 labefactabit,
938 2960 964 3024 si
987 2961 1127 3045 denique
1148 2963 1263 3026 veritas
1294 2962 1512 3046 extorquebit:
1543 2981 1589 3024 ue
1612 2975 1662 3020 re·

327 3057 474 3144 pugnetis
497 3073 630 3139 eamque
651 3055 764 3119 animis
779 3053 891 3118 vestris
912 3059 967 3117 aut
985 3053 1157 3118 libentibus
1178 3061 1233 3120 aut
1247 3057 1358 3140 aequis
1372 3053 1552 3120 remittatis.
1578 3053 1661 3115 Tum

327 3160 448 3226 autem,
470 3170 540 3214 cum
561 3169 620 3233 ego
642 3171 705 3214 una
726 3168 854 3234 quaque
873 3147 913 3212 de
933 3168 968 3212 re
989 3148 1091 3212 dicam
1113 3158 1145 3212 et
1165 3149 1296 3226 diluam,
1318 3170 1359 3214 ne
1375 3150 1453 3234 ipsi,
1476 3169 1563 3235 quase
1580 3164 1658 3212 cou-

327 3245 423 3310 traria
444 3246 522 3320 sint,
545 3243 631 3307 taciti
653 3243 836 3328 cogitationi
858 3251 981 3307 vestrae
1002 3243 1191 3318 subiciatis,
1214 3245 1270 3307 sed
1285 3244 1325 3308 ad
1343 3239 1520 3308 extremum
1540 3257 1658 3324 exspo-

290 3340 419 3406 aootetis
447 3357 561 3424 meque
586 3357 692 3402 meum
713 3335 839 3401 dicendi
862 3335 1006 3402 ordinem
1031 3357 1157 3402 servare
1183 3337 1363 3421 patiamini:
1398 3357 1468 3401 cum
1482 3345 1655 3420 'peroratus

392 3666 418 3720 i.
437 3665 532 3721 uma
547 3665 576 3717 P.
595 3690 623 3701 -
648 3665 673 3714 tu
696 3666 757 3716 aute
781 3677 805 3715 v.
824 3664 920 3716 insideo
937 3677 990 3717 om.
1008 3665 1128 3717 il'ldn.
1151 3691 1179 3700 -
1203 3664 1228 3715 t.
1245 3668 1344 3726 oestro,
1364 3663 1417 3715 elno
1437 3661 1525 3714 tutiora
1543 3659 1653 3714 Classen

327 3758 353 3811 p.
372 3741 429 3798 tlt.
449 3741 508 3795 coll.
529 3739 583 3792 Clo.
607 3751 633 3806 p.
656 3739 777 3801 Quinctio
797 3739 823 3804 fl.
841 3739 881 3791 bit.
900 3741 941 3792 84.
967 3754 994 3806 p.
1020 3742 1097 3792 liosc.
1118 3741 1178 3791 dm.
1203 3737 1227 3804 5.
1246 3739 1286 3791 bl.
1306 3739 1390 3791 Diviu.
1408 3739 1434 3789 lu
1452 3739 1531 3792 Caes.
1550 3736 1576 3804 Β.
1595 3734 1651 3792 bl.;

326 3824 379 3874 aias
393 3825 474 3872 vestro
490 3815 579 3868 mltum
595 3809 712 3866 ilalmius
729 3827 791 3865 oum
808 3816 867 3865 Gar.
880 3816 905 3866 2.
924 3813 983 3866 ooll.
1002 3815 1036 3867 de
1053 3816 1124 3868 Orat.
1143 3815 1174 3865 ll.
1199 3815 1223 3880 s.
1242 3813 1299 3866 ibi.
1317 3813 1351 3865 de
1368 3812 1448 3864 domo
1465 3827 1512 3866 sua
1532 3813 1558 3878 s.
1577 3811 1604 3864 3.
1623 3830 1650 3845 -·

328 3899 352 3950 6.
370 3889 662 3958 nouom-monson
678 3887 850 3950 Quintilianus
867 3889 909 3940 tn.
926 3883 956 3953 2,
975 3890 1030 3950 49.;
1053 3889 1175 3954 Equidem
1191 3903 1240 3952 quo
1255 3901 1295 3940 mo
1310 3893 1420 3950 votam,
1445 3886 1553 3950 utun,
1570 3881 1650 3938 natio

327 3971 469 4025 Martianus
494 3962 600 4031 cupels
623 3961 666 4029 (V.
685 3961 709 4028 5.
729 3960 796 4027 423.)
814 3976 841 4029 p.
860 3959 917 4014 iil.
936 3961 978 4014 ed.
998 3963 1079 4029 capp.
1107 3961 1215 4027 (equod
1231 3963 1406 4014 vehementer
1424 3960 1523 4029 proho;
1548 3959 1651 4014 adiecto

328 4045 399 4097 enim
414 4041 507 4094 iudces
521 4051 603 4090 aures
618 4036 763 4103 implentur
780 4049 871 4100 meae3
896 4038 995 4090 omisso
1011 4049 1065 4089 nou
1082 4039 1172 4089 item.»
1191 4039 1252 4090 Gau.
1264 4037 1315 4102 2.);
1338 4039 1460 4102 Equidem
1476 4051 1524 4102 quo
1539 4049 1580 4088 ose
1595 4046 1653 4086 ou·-

326 4124 392 4181 tum,
409 4117 515 4178 iudum,
531 4115 623 4167 nauto.
647 4111 771 4179 Nepam
784 4111 860 4179 lubae
875 4113 947 4165 itast
962 4124 1016 4165 raa
1031 4109 1124 4178 aquila
1141 4113 1275 4165 Romanus
1291 4113 1321 4164 de
1335 4110 1379 4178 ip.
1397 4117 1458 4164 aaut.
1477 4113 1501 4178 5.
1520 4111 1574 4172 ltl.;
1599 4110 1651 4172 Quo

326 4206 366 4247 me
383 4195 482 4245 verton
500 4192 583 4244 nscio
602 4189 704 4244 innoti.
720 4187 804 4242 Paris.
821 4187 866 4241 ed.
885 4189 1009 4241 Eclssteln
1024 4201 1051 4254 p.
1071 4187 1096 4239 6.
1114 4201 1141 4240 v.
1158 4189 1200 4240 29.
1220 4214 1247 4227 -
1268 4187 1293 4239 7.
1311 4187 1382 4238 tuom
1398 4196 1451 4239 om.
1470 4183 1649 4249 Quintilianus.

329 4298 357 4310 -
374 4267 451 4322 tuditi
466 4267 494 4322 i’.
516 4295 543 4306 -
567 4267 592 4321 it.
610 4281 661 4320 osso
680 4273 735 4319 om.
753 4263 811 4319 io.
831 4294 859 4303 -
883 4264 1110 4317 oootnnlbusl’s.
1135 4264 1174 4316 cl.
1192 4275 1218 4315 v.
1238 4258 1278 4314 iti.
1296 4262 1320 4328 s.
1338 4264 1363 4314 2.
1384 4289 1411 4300 ·-
1430 4257 1454 4314 i.
1473 4261 1574 4313 weitos
1590 4267 1649 4311 cum

327 4343 387 4397 Car.
405 4341 583 4409 stephanon.
605 4372 632 4382 -
651 4343 691 4394 id.
709 4341 887 4394 Nou--oon
906 4345 941 4393 ert
957 4335 1129 4402 Quintilianus
1140 4331 1182 4390 lx.
1201 4337 1231 4400 3,
1250 4334 1290 4389 tl.
1307 4366 1334 4376 -
1352 4343 1388 4390 att
1404 4350 1457 4390 om.
1470 4333 1647 4399 Quintilianus.

329 4445 356 4456 -
375 4419 416 4470 ll.
433 4419 630 4483 sie--flatnmu
653 4415 824 4480 Quintilianus
845 4415 888 4467 lx.
906 4412 937 4478 i,
955 4413 995 4466 ib.
1023 4443 1050 4454 -
1076 4415 1117 4466 42.
1137 4413 1344 4477 pernitiosissima
1360 4414 1385 4464 S.
1406 4440 1434 4450 -
1455 4403 1496 4463 43.
1514 4411 1649 4464 stasim·-

326 4502 376 4546 easa
392 4491 460 4544 debet
474 4493 575 4545 lneod.
592 4493 674 4545 Paris.
693 4505 720 4558 p.
739 4489 762 4542 9.
781 4505 806 4542 v.
824 4483 866 4541 24.
886 4517 914 4527 -
930 4501 1024 4552 porum
1040 4491 1101 4541 ante
1119 4501 1144 4539 v.
1161 4488 1313 4553 &momenti
1329 4499 1383 4538 orn.
1401 4485 1501 4538 anecd.
1520 4485 1603 4549 Pas-is.
1621 4506 1645 4519 -

325 4570 418 4620 osone
433 4567 611 4619 astuto:
633 4567 732 4632 saisitus
748 4563 830 4620 Fit.
851 4593 879 4603 -
902 4561 1276 4616 li.tuom.auecd.1³aris.
1297 4590 1325 4600 -
1348 4555 1648 4615 nomtsuor--tuoutis

327 4639 499 4705 Quintilianus
515 4643 558 4693 lx.
576 4642 606 4703 2,
619 4643 660 4694 bi.
675 4670 702 4680 -
722 4641 762 4693 ib.
780 4639 969 4692 eomundus.
989 4637 1027 4690 Cl.
1040 4651 1066 4690 v.
1079 4639 1104 4690 8.
1119 4665 1147 4675 -
1166 4637 1363 4688 laudamentis
1379 4637 1433 4688 S'l.
1448 4665 1475 4675 -
1495 4637 1536 4689 ll.
1548 4631 1648 4700 repeati-

325 4729 418 4781 norqac
432 4719 450 4769 s
462 4719 540 4780 (corr.
550 4716 630 4780 nni.)
642 4715 731 4768 Fa·
745 4714 784 4766 ii.
797 4721 826 4766 ut
841 4719 864 4766 et
873 4715 926 4764 aaa
938 4713 1000 4776 lom.
1011 4711 1111 4775 istud.)
1123 4737 1160 4750 ··
1168 4719 1280 4775 ponatur
1291 4712 1462 4774 Quintilianus
1473 4713 1516 4765 lli.
1529 4711 1554 4776 3,
1566 4711 1606 4764 ib.
1620 4733 1644 4745 -

326 4794 367 4845 ao.
378 4787 721 4858 pooutaar1paastatarsl'.-
734 4790 790 4906 odiu
801 4789 818 4840 S
828 4801 964 4855 supersor.
975 4789 1057 4841 est·
1069 4787 1111 4841 22.
1123 4788 1179 4854 aaa]
1190 4785 1247 4840 tuto
1256 4787 1308 4840 Sl.
1320 4787 1359 4841 cl.
1370 4788 1394 4854 3.
1403 4787 1491 4840 tin·
1504 4785 1547 4838 24.
1559 4779 1645 4902 εἶτε

327 4921 538 4979 causito.
556 4923 724 4976 Fort.ssd.-
742 4921 877 4986 rem
891 4923 925 4985 ες
941 4921 1079 4986 mossur
1094 4919 1164 4971 4.-
1182 4917 1223 4972 it.
1240 4921 1308 4971 ratio
1324 4915 1443 4974 iiiii.
1458 4942 1486 4956 -
1503 4918 1545 4970 ii.
1563 4916 1644 4968 tabas·

327 4999 392 5052 ubas
409 5002 449 5066 (es
466 4999 608 5064 imbui
626 5000 694 5049 S.-
712 4996 755 5048 29.
772 4997 897 5050 sistl’s:
914 5009 969 5049 om.
987 4997 1022 5058 is
1040 4992 1298 5048 4444144240.-
1317 4995 1443 5046 matis
1458 4996 1527 5045 8.-
1545 4995 1580 5045 sd
1596 4999 1644 5043 on.

328 5076 384 5127 st.
403 5097 432 5114 *-
448 5075 581 5138 muts
596 5075 623 5126 s.
642 5091 669 5112 u*
697 5073 737 5124 it.
754 5083 841 5136 unqua
857 5075 889 5125 P:
917 5083 957 5124 ou
972 5071 1135 5145 slsum
1152 5069 1326 5124 illiniti.
1347 5095 1375 5110 ·-
1396 5077 1522 5136 pat-oram
1538 5061 1643 5120 tassii

331 5145 1174 5216 ntozm...suss;masneusa;moeoton.
1192 5145 1304 5210 nullu.

1767 2517 1769 2616 l

1765 2695 1769 2840 4

1766 2883 1770 3036 4

1767 3075 1770 3196 4

1768 3281 1770 3374 l
