3578 5862
340 437 403 506 636
710 449 763 513 ΒΕ
786 445 892 514 LEGE
912 447 1089 514 AGRARIA
1110 448 1228 514 Llllllll
1250 449 1289 513 ll.

233 627 247 686 ¹,
339 615 401 698 ipsi
423 616 650 700 loquebantur,
671 619 886 702 praetoribus,
907 625 943 682 nt
963 619 1161 702 intelligatis,
1185 625 1334 703 quantam
1356 619 1447 683 locus
1471 620 1550 702 ipse
1567 619 1689 683 afferat

341 711 535 794 superbiam,
558 731 640 796 quae
663 699 921 796 paucisdiebus,
944 713 1057 796 quibus
1079 713 1133 776 illc
1148 714 1272 776 colonia
1287 714 1422 776 deducta
1438 722 1507 786 est,
1532 715 1688 797 perspici

340 812 436 888 atque
457 805 591 889 intelligi
612 807 724 890 potuit.
767 805 818 868 93.
840 809 918 870 Nam
940 809 1094 890 primum,
1122 807 1154 869 id
1177 805 1263 890 quod
1286 807 1370 881 dixi,
1400 827 1472 870 cum
1497 808 1629 871 ceteris
1654 809 1687 868 in

341 899 471 962 coloniis
494 899 650 964 duumviri
671 901 885 984 appellentur,
907 901 940 962 bi
962 919 995 962 se
1017 907 1177 981 praetores
1192 900 1343 985 appellari
1359 901 1519 965 volebant
1546 901 1687 977 Quibus
1750 967 1751 970 ,

316 993 457 1076 eprimua
486 1013 588 1057 annua
622 995 704 1058 banc
739 994 942 1078 cupiditatem
978 993 1147 1068 attulisset,
1185 1013 1290 1058 nonne
1324 994 1522 1059 arbitramini
1565 997 1686 1078 paucis

341 1088 435 1148 annis
449 1086 546 1150 inisse
569 1087 733 1151 consulum
751 1107 868 1151 nornen
883 1089 1100 1170 appetimrost
1122 1086 1243 1150 Deinde
1258 1089 1418 1150 anteibant
1432 1089 1587 1164 lictores,
1613 1108 1684 1150 non

344 1202 415 1244 cum
444 1181 581 1255 bacillis,
617 1182 690 1256 sed,
726 1189 762 1245 ut
790 1182 840 1245 bic
868 1181 1066 1264 praetoribus
1100 1189 1265 1256 anteeuut,
1304 1203 1374 1244 cum
1409 1181 1554 1246 fascibus
1597 1183 1685 1245 duo-

338 1275 407 1337 bus.
430 1275 526 1338 Erant
545 1275 667 1339 bestiae
683 1277 817 1340 maiores
832 1277 865 1338 in
881 1275 950 1340 foro
966 1277 1171 1351 constitutae,
1195 1295 1277 1360 quae
1292 1276 1395 1340 abbis
1410 1277 1624 1360 praetoribus
1640 1277 1683 1338 de

338 1369 505 1443 tribunali,
534 1368 616 1432 sicut
649 1389 668 1432 a
696 1370 787 1434 nobis
817 1370 1015 1442 consulibus,
1045 1368 1084 1431 de
1107 1370 1230 1434 consilii
1253 1371 1407 1432 sententia
1428 1371 1607 1453 probatae,
1638 1371 1682 1433 ad

302 1478 528 1545 topraeconem
552 1471 583 1526 et
605 1464 645 1527 ad
668 1464 827 1528 tibicinem
850 1462 1099 1527 immolabantur.
1141 1462 1262 1526 Deinde
1289 1469 1394 1546 patres
1416 1465 1596 1550 conscripti
1623 1486 1683 1527 vo·

338 1557 498 1620 cabantur.
541 1557 608 1619 lam
631 1575 705 1620 vero
727 1558 849 1621 vultum
873 1555 1013 1621 Considii
1036 1557 1143 1620 videre
1170 1556 1337 1618 terendum
1359 1557 1414 1618 vix
1436 1565 1513 1621 erat.
1563 1559 1680 1634 Quem

338 1651 498 1714 hominem
520 1651 669 1733 vegrandi
692 1652 792 1714 macie
817 1653 989 1724 torridum,
1011 1651 1129 1713 Romae
1151 1657 1366 1732 contemptum
1387 1658 1483 1735 atque
1505 1652 1677 1716 abiectum

337 1746 542 1821 videbamus,
564 1745 649 1810 bunc
671 1745 797 1829 Capuae
821 1746 980 1828 Campano
1006 1744 1175 1828 supercilio
1196 1763 1233 1807 ac
1254 1746 1341 1826 regio
1361 1744 1475 1826 spiritu
1490 1766 1565 1808 cum
1579 1747 1678 1810 vide-

140 1826 143 1832 ’
153 1850 172 1945 g
287 1865 293 1931 :'
336 1860 459 1914 remus,
481 1839 620 1904 Blossios
642 1839 720 1904 mibi
742 1840 871 1904 videbar
892 1839 964 1903 illos
978 1839 1086 1902 videre
1108 1858 1144 1901 ac
1166 1837 1324 1900 lubellios.
1360 1833 1412 1900 94.
1435 1837 1501 1901 lam
1516 1859 1597 1903 vero
1617 1842 1676 1925 qni

285 1943 440 2001 tremelus
462 1940 531 1997 erat
550 1935 760 1997 tunicatorum
781 1934 927 1996 illoruml
960 1941 991 1996 et
1012 1935 1044 1996 in
1064 1932 1186 1995 Albana
1208 1939 1240 1994 ct
1261 1930 1402 2014 Seplasia
1423 1951 1506 2015 quae
1529 1939 1675 1998 concii?-

338 2031 419 2094 satic
442 2028 708 2113 percontantium,
731 2028 808 2111 quid
829 2037 957 2111 praetor
978 2027 1145 2101 edixisset,
1167 2025 1221 2088 ubi
1239 2030 1375 2099 cenaret,
1398 2013 1674 2108 quodenuntias-

301 2151 305 2162 ¹
338 2123 405 2188 setl
426 2125 502 2201 ¹Nos
530 2129 654 2196 autem,
689 2124 745 2205 qui
772 2123 845 2187 bine
869 2118 991 2206 [Roma]
1017 2139 1222 2194 veneramus,
1249 2120 1311 2182 iam
1333 2137 1398 2181 uon
1418 2119 1583 2204 hospites,
1612 2121 1672 2185 sed

173 2249 187 2319 7
337 2216 497 2302 peregrini
518 2222 615 2299 atque
637 2216 777 2280 advenae
800 2216 1048 2308 nomipabarnur.
1085 2213 1216 2275 XXXV.
1238 2209 1289 2275 95.
1311 2212 1398 2276 llaec
1414 2214 1469 2296 qui
1490 2235 1673 2299 prospexe-

337 2314 416 2386 rint,
449 2311 585 2374 maicres
614 2317 738 2373 nostros
768 2309 853 2385 dico,
882 2310 1037 2386 Quirites,
1066 2329 1130 2371 non
1160 2327 1214 2372 cos
1237 2308 1420 2371 iudeorum
1442 2309 1670 2374 immortalium

190 2365 208 2474 A
299 2389 696 2472 onumemicncrandos
726 2405 858 2468 anobis
880 2412 912 2468 et
933 2403 1085 2468 colendos
1107 2402 1246 2486 putatis‘l
1280 2401 1363 2477 Quid
1386 2402 1469 2465 enim
1490 2405 1671 2469 viderunt?

337 2503 422 2576 Hoc,
445 2498 532 2583 quod
554 2519 638 2563 nunc
657 2519 732 2574 ros,
755 2519 892 2583 quaeso,
914 2497 1083 2582 perspicite
1105 2503 1201 2581 atque
1216 2497 1408 2579 cognoscite.
1444 2497 1515 2561 Non
1534 2500 1671 2582 ingene-

337 2601 447 2659 rantur
472 2593 654 2656 hominibus
683 2613 786 2656 morea
816 2600 879 2656 tarn
908 2593 1044 2675 astirpe
1066 2585 1190 2675 generis
1212 2610 1249 2654 ae
1271 2589 1413 2664 seminis,
1444 2611 1540 2674 quam
1563 2613 1606 2656 ex
1627 2595 1669 2657 iis

338 2689 451 2762 rebus,
475 2705 557 2771 quae
580 2687 708 2769 abipsa
728 2695 842 2750 natura
862 2687 954 2749 nobis
976 2687 1016 2750 ad
1031 2686 1114 2748 vitae
1135 2684 1397 2747 consuetudinem
1412 2685 1668 2766 suppeditantur,

340 2783 455 2866 quibus
478 2781 591 2844 alimur
612 2789 644 2843 et
665 2782 808 2844 vivimus.
847 2779 1126 2862 Karthaginienses
1147 2777 1340 2841 fraudulenti
1363 2785 1395 2840 et
1415 2778 1586 2842 mendaces
1601 2800 1666 2842 non

218 2863 224 2875 ¹
301 2887 471 2960 regerere,
495 2874 550 2938 sed
572 2880 685 2938 natura
708 2875 785 2948 loci,
808 2874 894 2956 quod
916 2881 1047 2957 propter
1067 2880 1176 2955 portus
1199 2892 1272 2935 suos
1295 2873 1401 2936 multis
1423 2880 1455 2935 et
1472 2873 1568 2936 variis
1584 2895 1667 2937 mer-

339 2979 480 3034 catorum
509 2977 542 3032 et
570 2971 761 3033 advenaaum
790 2969 987 3032 sermonibus
1011 2967 1050 3030 ad
1073 2967 1210 3030 studium
1233 2965 1363 3029 fallendi
1386 2966 1490 3030 studio
1514 2975 1664 3051 quaestus

339 3065 540 3128 vocabantur.
573 3065 704 3147 Ligures
727 3063 796 3126 duri
818 3069 915 3146 atque
938 3069 1096 3144 agrestes:
1116 3061 1224 3123 docuit
1244 3079 1319 3142 ager
1340 3061 1409 3143 ipse
1432 3061 1510 3124 nibil
1531 3061 1663 3126 serendo

340 3159 401 3223 nisi
424 3158 522 3221 multa
544 3160 666 3222 cultura
689 3164 720 3221 et
741 3177 854 3240 magno
877 3157 983 3220 labore
1007 3154 1193 3240 quaesitum.
1228 3155 1379 3237 Campani
1398 3174 1521 3237 semper
1535 3156 1662 3238 superbi

337 3253 477 3317 bonitate
492 3271 640 3336 agrorum
655 3261 687 3317 et
700 3251 857 3314 fructuum
874 3249 1105 3334 magnitudine,
1128 3248 1214 3311 urbis
1229 3247 1420 3323 salubritate,
1439 3249 1660 3332 descriptione,

300 3359 328 3408 to
338 3347 583 3434 pulchritudine.
627 3347 676 3410 Ex
697 3347 757 3410 bae
779 3345 872 3428 copia
893 3352 988 3428 atque
1006 3344 1144 3406 omnium
1165 3363 1270 3405 rerum
1285 3341 1446 3406 affluentia
1459 3343 1594 3426 primum
1609 3341 1661 3404 illa

404 3699 428 3747 t.
446 3695 569 3762 intellipas
585 3694 670 3745 EFP.
692 3718 718 3728 -
737 3691 761 3742 2.
780 3691 886 3742 desuem
902 3695 937 3740 est
952 3688 1118 3754 Wesenberg
1135 3689 1179 3754 (ad
1196 3701 1236 3739 or.
1254 3701 1281 3754 p.
1294 3689 1380 3740 Sestio
1396 3701 1423 3752 p.
1435 3687 1501 3752 lbi:
1518 3689 1660 3742 Mouet

338 3773 371 3834 E;
390 3772 495 3822 deducto
510 3775 567 3820 suat
583 3770 616 3828 F;
639 3767 743 3817 dedicta
757 3766 806 3830 suit
822 3761 936 3817 Atto.
960 3765 998 3816 Ci.
1017 3765 1176 3830 Madvigium
1194 3765 1342 3879 Ow'cbbs
1350 3777 1377 3828 p.
1395 3765 1452 3816 222.
1477 3789 1504 3800 -
1533 3765 1557 3816 l.
1577 3767 1660 3830 paribus

335 3905 433 3970 primus
449 3915 530 3953 aeneas
545 3902 610 3951 bone
626 3897 771 3962 Naugerius
788 3897 814 3948 in
831 3897 874 3948 ed.
893 3895 999 3947 Aldina:
1018 3897 1105 3960 quibo
1118 3899 1216 3960 petram
1232 3909 1314 3946 ancus
1328 3896 1392 3946 boec
1410 3895 1442 3955 Ε;
1461 3895 1549 3959 palbras
1566 3900 1658 3960 prim

339 3991 421 4028 onnus
436 3991 493 4028 cam
514 3977 578 4025 banc
595 3973 657 4034 FA;
682 3972 769 4036 potem
791 3985 847 4021 mem
865 3973 962 4034 primus
978 3986 1060 4022 onnus
1079 3973 1143 4023 bone
1164 3973 1264 4035 Ussing.
1284 3997 1311 4007 -
1335 3971 1359 4020 l.
1378 3969 1472 4020 bacalis
1492 3971 1520 4022 Ε.
1540 3997 1568 4007 -
1582 3987 1657 4036 prae-

338 4053 440 4119 toribus]
456 4051 613 4116 praetoribus
629 4049 733 4100 urbanis
750 4049 805 4099 EF.
818 4073 845 4083 -
855 4047 963 4110 sasdbaas
979 4047 1074 4099 duobus
1089 4049 1154 4106 EG3
1171 4045 1267 4111 saceio
1283 4045 1378 4096 ducias
1393 4046 1447 4096 FP.
1462 4073 1488 4083 -
1501 4045 1526 4096 9.
1541 4048 1657 4110 probetne

1376 4125 1390 4162 e

338 4184 526 4237 caeretanus:
550 4181 664 4244 proice
680 4177 794 4233 arsa.
815 4203 841 4216 -
870 4181 910 4230 it.
929 4167 1045 4242 cobus]
1063 4180 1158 4230 comto
1175 4179 1258 4229 aar.
1278 4204 1306 4215 -
1332 4178 1464 4242 [macen
1479 4177 1513 4240 a,
1529 4179 1656 4242 [meana

342 4263 368 4312 F.
392 4286 420 4297 -
439 4260 479 4309 42.
497 4257 618 4322 vepr'aodi
636 4257 656 4305 G
674 4257 701 4304 el
717 4253 900 4306 Lauredanus:
923 4259 952 4305 aet
967 4255 1060 4319 prandi
1077 4253 1187 4306 Erat.
1206 4281 1234 4290 -
1256 4259 1331 4316 atque
1346 4266 1400 4304 om.
1419 4253 1531 4304 EFPA.
1557 4255 1655 4306 Addidit

339 4333 490 4388 Lambinus.
514 4331 553 4383 Cl.
572 4344 598 4394 p.
617 4329 738 4381 Cluentio
755 4329 780 4394 g.
799 4328 840 4379 at.
864 4355 891 4364 -
918 4329 958 4379 43.
975 4330 1116 4396 ceperum]
1136 4330 1262 4392 praesidio
1279 4329 1335 4380 FF.
1354 4352 1382 4364 -
1408 4327 1447 4380 ll.
1466 4329 1571 4381 lllossr'os
1588 4331 1655 4382 EFP

338 4413 402 4463 TA:
427 4410 538 4473 Magios,
564 4407 670 4458 Btosss'os
686 4417 748 4455 cum
768 4406 898 4467 Naugerio
922 4405 959 4466 (in
977 4405 1020 4456 ed.
1039 4405 1195 4469 Victoriana)
1214 4401 1296 4457 nto.
1324 4404 1362 4454 Cl.
1381 4405 1408 4454 in
1425 4405 1509 4457 Pison
1529 4407 1553 4469 5.
1572 4406 1611 4457 il.
1629 4433 1652 4442 -

337 4485 437 4536 inbelles
453 4485 472 4534 E
486 4483 540 4533 FP.
553 4509 580 4519 -
598 4483 640 4531 ts.
659 4483 759 4531 etanta
776 4493 801 4529 v.
814 4481 841 4528 to
853 4491 905 4530 om.
919 4480 947 4530 L.
960 4505 988 4514 -
1006 4479 1112 4530 seblosia
1127 4481 1187 4538 EF3
1208 4485 1231 4530 et
1246 4482 1273 4529 ta
1284 4479 1436 4542 Seplastol.
1450 4505 1478 4516 -
1499 4481 1537 4530 tt.
1553 4494 1654 4543 pecue-

339 4561 461 4612 orontium
478 4559 534 4609 FF.
550 4581 577 4594 -·
593 4557 708 4619 praeter]
723 4569 750 4618 p.
763 4556 791 4606 a.
810 4553 867 4604 EF.
880 4581 907 4591 -
927 4567 975 4616 orso
991 4554 1156 4605 enuntiasset
1172 4555 1299 4605 Klotztus:
1318 4555 1384 4616 quod
1402 4557 1556 4605 mundasset
1572 4557 1652 4614 EFF,

339 4631 701 4701 puidmuotiossetALFO.—
721 4632 761 4682 tt.
776 4631 819 4692 qui
835 4630 1030 4680 biocRomnE:
1047 4631 1193 4680 biacltomo
1209 4631 1252 4692 qui
1269 4627 1409 4681 FALFO.
1427 4631 1516 4694 (asom
1532 4635 1604 4681 recte
1617 4645 1654 4681 su·

339 4715 460 4779 spectum
478 4713 519 4762 est
535 4709 624 4760 nescio
637 4708 733 4772 quibus
750 4705 821 4772 apud
832 4705 1017 4757 Lauredanum
1035 4709 1062 4757 et
1073 4707 1152 4756 Balla
1163 4705 1243 4755 sabel.
1256 4705 1378 4767 lippomn.
1392 4705 1433 4755 lV.
1451 4719 1478 4770 p.
1492 4705 1544 4768 ts.)
1555 4731 1582 4741 -
1600 4706 1652 4769 ten]

339 4793 392 4839 mm
408 4787 492 4838 EFP.
514 4813 540 4822 -
562 4785 602 4835 48.
620 4782 816 4833 nominabantur
833 4782 888 4831 FP.
908 4807 934 4816 -
953 4781 1125 4844 perspexerint
1140 4781 1169 4830 E.
1191 4807 1218 4819 ·-
1236 4780 1277 4828 at.
1296 4781 1420 4842 agnoscite
1436 4781 1462 4831 F.
1483 4806 1508 4816 -
1528 4781 1569 4830 22.
1587 4779 1611 4845 a]
1626 4793 1654 4830 m

340 4863 384 4913 ed.
402 4863 516 4920 Iuntina,
539 4873 554 4910 e
571 4861 597 4909 L.
623 4885 650 4895 —
676 4857 717 4922 eon]
739 4855 771 4907 ab
787 4859 814 4906 T.
840 4883 867 4893 -
892 4856 934 4907 23.
952 4862 1048 4906 aalma
1068 4856 1138 4906 cobis
1157 4855 1192 4905 ad
1206 4856 1273 4904 ottae
1288 4855 1486 4905 consuetudinem
1502 4859 1578 4906 vetus
1594 4855 1654 4906 liber

339 4936 472 4990 Turnebi:
490 4940 587 4986 miore
602 4933 671 4984 boote
687 4947 705 4982 a
720 4933 775 4982 utto
790 4933 964 4982 cosmetoetne
979 4933 1068 4990 EFP,
1086 4937 1181 4980 omaro
1198 4929 1266 4980 bonis
1283 4931 1317 4980 od
1332 4931 1607 4981 uitcecoasaetodioem
1621 4931 1651 4986 G;

339 5019 435 5062 acturo
451 5011 520 5060 nobs
536 5011 606 5060 cato
622 5023 640 5059 o
655 5009 827 5058 ematetadlne
842 5009 878 5066 A;
904 5012 1000 5057 cataro
1016 5007 1062 5056 loci
1078 5012 1101 5057 et
1118 5019 1134 5056 a
1149 5006 1218 5055 ottae
1232 5006 1405 5055 consaemdtne
1421 5017 1483 5056 eum
1499 5004 1542 5055 ed.
1562 5005 1653 5054 iterra·

340 5089 416 5215 gigpig
423 5083 490 5212 A&
514 5091 609 5138 natura
631 5084 678 5138 loti
694 5085 729 5134 ad
743 5085 810 5136 tritae
826 5083 1023 5138 amicalium
1039 5081 1068 5132 0.
1089 5107 1115 5118 —
1143 5079 1183 5130 27.
1202 5081 1306 5145 Ligures
1320 5080 1408 5130 EFP:
1433 5081 1535 5145 lipaeres
1549 5077 1652 5128 mosaci
