3684 5862
311 434 351 502 l0
700 437 851 504 ORATIO
873 436 951 506 PllO
973 441 1007 505 Ρ.
1030 435 1224 518 cumerio

309 611 343 675 in
365 627 474 694 agrum
496 627 711 684 communem,
741 629 780 672 eo
802 610 958 695 denique,
988 611 1043 673 ubi
1068 629 1134 674 non
1155 609 1251 673 modo
1272 627 1323 672 res
1345 615 1429 683 erat,
1460 608 1515 672 sed
1545 609 1628 672 ratio

309 725 438 792 quoque
466 706 569 768 omnis
598 713 630 768 et
656 724 766 768 omnes
795 706 929 769 litterae.
974 705 1054 782 Quis
1081 713 1145 769 tam
1173 703 1346 767 dissolutus
1368 705 1402 766 in
1423 723 1458 766 re
1478 703 1626 766 familiari

307 799 436 874 suisset,
460 801 532 886 quis
553 807 618 863 tam
640 799 820 884 negligens,
842 801 914 883 quis
936 807 1000 864 tarn
1022 801 1085 876 tui,
1118 801 1231 873 Sexte,
1254 798 1434 872 dissimilis,
1458 799 1531 882 qui,
1553 817 1627 860 cum

307 911 359 956 res
386 893 425 956 ab
447 913 502 969 eo,
525 894 654 979 quicum
676 895 902 968 contraxisset,
924 894 1108 958 recessisset
1129 901 1161 956 et
1182 893 1222 956 ad
1243 893 1393 956 heredem
1414 891 1625 974 pervenisset,

284 999 372 1052 enon
385 986 551 1061 heredem,
574 988 797 1071 cumprimum
810 989 958 1063 vidisset,
982 989 1147 1051 certiorem
1160 986 1295 1060 iaceret,
1317 986 1507 1068 appellaret,
1528 984 1625 1048 ratio·

307 1101 380 1148 nem
409 1081 549 1158 afferrem
577 1083 605 1146 si
633 1083 711 1166 quid
741 1084 775 1146 in
799 1083 1045 1146 controversiam
1067 1084 1203 1156 veniret,
1233 1089 1288 1145 aut
1309 1081 1391 1144 intra
1412 1080 1548 1163 parietes
1568 1086 1624 1142 aut

307 1195 430 1240 summo
452 1179 521 1241 iure
542 1178 764 1261 experiretur?
808 1178 895 1241 ltane
930 1181 999 1241 esti
1031 1180 1117 1263 quod
1140 1177 1200 1242 viri
1222 1177 1334 1260 optimi
1355 1176 1489 1248 faciunt,
1519 1173 1624 1257 siqui

307 1288 383 1334 euos
405 1271 603 1356 propinquos
625 1291 661 1336 ac
682 1273 880 1336 necessarios
902 1292 993 1337 caros
1015 1279 1046 1335 et
1067 1273 1218 1336 honestos
1240 1291 1310 1335 esse
1331 1277 1426 1354 atque
1447 1269 1555 1332 haberi
1570 1287 1625 1330 vo·

308 1365 392 1439 lunt,
415 1365 455 1428 id
469 1367 542 1429 Sex.
557 1367 696 1430 Naevius
711 1386 776 1430 non
790 1367 927 1442 iaceret,
949 1368 1005 1451 qui
1022 1387 1124 1451 usque
1139 1386 1177 1430 eo
1193 1365 1294 1431 fervet
1307 1365 1469 1452 ferturque
1483 1365 1625 1440 avaritia,

271 1465 344 1524 tout
364 1460 403 1523 de
426 1461 493 1524 suis
516 1462 689 1526 commodis
712 1461 852 1548 aliquam
874 1469 995 1545 partem
1017 1462 1094 1524 velit
1108 1461 1319 1534 committere,
1340 1477 1381 1522 ne
1397 1468 1625 1544 quampartem

306 1554 382 1620 huic
414 1555 595 1640 propinquo
629 1575 688 1619 suo
716 1556 814 1620 ullius
843 1557 1021 1620 ornamenti
1042 1556 1223 1640 relinquat?
1266 1552 1317 1618 39.
1339 1556 1426 1618 Etis
1448 1555 1628 1638 pmuniam,

308 1649 334 1714 si
357 1669 420 1734 qua
442 1650 622 1726 deberetur,
645 1672 709 1715 non
732 1659 869 1736 peteret,
892 1651 963 1736 qui,
985 1650 1077 1734 quia,
1100 1650 1187 1736 quod
1209 1651 1349 1714 debitum
1371 1669 1543 1735 numquam
1567 1656 1624 1723 est,

307 1743 341 1810 id
362 1746 470 1808 datum
492 1765 556 1808 non
578 1754 641 1823 est,
664 1767 728 1810 non
748 1749 917 1830 pecuniam
932 1747 1043 1820 modo,
1065 1767 1174 1810 verum
1191 1747 1436 1810 etiemhominis
1450 1744 1624 1829 propinqui

307 1839 491 1922 sauguinem
512 1842 675 1927 vitamque
698 1842 821 1925 eripere
843 1844 997 1904 conaturi
1026 1841 1108 1904 Huic
1130 1849 1197 1904 tum
1220 1841 1373 1904 molestus
1394 1859 1463 1903 esse
1478 1837 1626 1902 videlicut

271 1933 452 2010 tenoluisti,
482 1955 576 2021 quem
605 1956 689 1998 nunc
710 1937 868 2020 respirare
890 1936 987 2000 libere
1009 1956 1074 1999 nou
1096 1936 1196 2000 sinist
1227 1956 1323 2020 quem
1344 1955 1429 1998 nunc
1451 1929 1625 1997 interlicere

307 2027 426 2094 cesana
447 2031 553 2114 cupis,
576 2050 649 2094 eum
670 2038 737 2093 tum
759 2031 916 2113 pudenter
936 2031 1097 2113 appellare
1119 2031 1271 2094 nolebasi
1314 2032 1361 2094 lta
1382 2030 1496 2093 credo:
1523 2028 1625 2091 homi·

306 2143 378 2189 nem
400 2126 633 2210 propinquum,
655 2126 701 2188 tui
724 2125 959 2199 observantem,
986 2124 1088 2187 virum
1108 2124 1244 2199 bouum,
1266 2126 1454 2208 pudentem,
1475 2123 1624 2186 maiorem
1712 2203 1715 2208 Ι

306 2226 398 2296 natu,
426 2220 557 2283 nolebas
587 2224 643 2282 aut
668 2239 732 2282 non
754 2219 893 2282 audebas
916 2219 1087 2303 appellare.
1107 2217 1246 2304 ''Saepe,
1275 2229 1311 2284 ut
1335 2217 1381 2296 fit,
1411 2240 1483 2284 cum
1504 2219 1573 2302 ipse
1593 2227 1625 2284 te

307 2312 542 2387 confirmasses,
564 2334 637 2376 cum
659 2315 824 2378 statuisses
847 2314 886 2377 de
908 2312 1043 2396 pecunia
1064 2314 1256 2377 mentionem
1270 2314 1388 2390 facere,
1411 2335 1483 2378 cum
1498 2321 1625 2398 paratus

269 2410 540 2492 etmeditatusque
561 2409 721 2484 venisses,
742 2407 839 2472 bomo
862 2409 1007 2482 timidus,
1032 2407 1178 2492 virginali
1201 2410 1407 2485 verecundia,
1429 2410 1535 2473 subito
1557 2409 1626 2491 ipse

307 2511 338 2568 te
359 2502 535 2576 retinebase
558 2504 723 2568 excidebat
744 2511 875 2589 repente
899 2504 1017 2578 orati03
1040 2523 1110 2566 uum
1134 2523 1266 2587 cuperes
1288 2505 1463 2587 appellare,
1484 2525 1550 2568 non
1569 2524 1626 2568 au·

306 2597 421 2672 debus,
449 2615 489 2660 ne
519 2598 635 2663 invitus
666 2599 799 2664 audiret.
843 2599 912 2662 llll.
935 2594 986 2660 ll).
1008 2599 1043 2660 ld
1066 2605 1134 2660 erat
1154 2599 1310 2682 prolecto.
1352 2600 1524 2664 Credamus
1548 2600 1625 2674 hoc,

307 2693 379 2756 Sex.
401 2691 569 2768 Naevium,
599 2694 690 2758 cuius
720 2701 815 2779 caput
836 2699 1012 2778 oppugnet,
1041 2693 1110 2758 eius
1131 2693 1260 2757 auribus
1281 2695 1472 2778 pepercisse.
1516 2693 1550 2756 Si
1572 2694 1626 2756 de·

305 2785 442 2863 buissel,
473 2788 586 2863 Sexte,
613 2788 748 2872 petisses
771 2789 894 2864 statim
924 2789 950 2851 si
972 2807 1037 2852 non
1059 2789 1181 2862 statim,
1210 2789 1306 2871 paulo
1329 2789 1458 2874 quidem
1479 2797 1568 2874 post;
1596 2789 1624 2852 si

269 2889 371 2948 iinon
392 2881 505 2968 paulo,
526 2882 762 2967 at.aliquanto;
785 2902 842 2946 sex
864 2883 994 2968 quidem
1015 2881 1079 2945 illis
1102 2883 1262 2946 mensibus
1277 2884 1436 2967 profecto;
1458 2903 1542 2947 anno
1556 2903 1626 2947 ver·

306 2985 392 3044 tente
414 2978 483 3042 sine
506 2978 731 3042 controversia.
774 2979 867 3042 Anno
890 2985 923 3040 et
942 2997 999 3040 sex
1022 2979 1184 3041 mensibus
1206 2997 1297 3053 vero,
1320 2999 1391 3041 cum
1406 2979 1463 3043 tibi
1480 2978 1625 3062 quotidie

305 3079 446 3160 potestas
467 3073 608 3137 hominis
629 3073 743 3137 luisset
763 3072 970 3147 admonendi,
993 3073 1124 3136 verbum
1146 3073 1269 3136 nullum
1289 3073 1383 3149 sacis3
1410 3073 1540 3137 biennio
1562 3074 1625 3138 ium

306 3168 451 3232 coniecto
473 3169 539 3234 iere
561 3168 713 3251 appellas.
747 3167 828 3244 Quis
851 3175 915 3231 tam
937 3168 1079 3251 perditus
1095 3189 1131 3232 ac
1146 3167 1296 3251 profusus
1311 3187 1428 3250 nepos,
1450 3187 1515 3231 non
1530 3169 1626 3234 adesa

306 3265 385 3338 ium,
412 3264 468 3327 sed
495 3263 670 3327 abundanti
693 3263 788 3326 etiam
813 3263 963 3347 pecunia,
994 3262 1039 3326 sie
1061 3264 1234 3327 dissolutus
1256 3262 1384 3338 fuisset,
1413 3269 1448 3325 ut
1468 3262 1529 3325 fuit
1551 3263 1623 3325 Sex.

268 3357 464 3424 ³0Nueviusi
499 3358 576 3422 Cum
597 3357 759 3423 hominem
782 3358 929 3433 nomino,
957 3359 1032 3422 satis
1055 3358 1131 3420 mihi
1153 3358 1265 3421 videor
1286 3357 1401 3420 dicere.
1436 3353 1487 3419 ll.
1509 3355 1625 3419 Debuit

306 3454 363 3520 tibi
387 3452 420 3516 C.
443 3451 631 3531 Quinctius:
664 3473 838 3537 numquam
860 3453 984 3537 petisti3
1013 3460 1157 3516 mortuus
1180 3461 1229 3516 est
1248 3453 1318 3516 ille:
1345 3471 1394 3516 res
1416 3452 1456 3515 ad
1476 3451 1625 3515 heredem

304 3548 401 3613 venit.
432 3547 509 3610 Cum
531 3567 604 3611 eum
628 3548 771 3631 quotidie
789 3549 929 3622 videres,
952 3555 1026 3630 post
1043 3548 1207 3611 biennium
1225 3547 1364 3631 denique
1381 3545 1533 3630 appelles.
1561 3547 1625 3610 Du·

304 3643 471 3718 hitabitur,
493 3649 599 3706 utrum
614 3643 656 3706 sit
676 3641 886 3725 probabilius,
910 3642 983 3704 Sex.
1002 3642 1155 3706 Naevium
1170 3643 1291 3715 statim,
1313 3641 1339 3704 si
1356 3642 1433 3725 quid
1449 3641 1625 3718 deberetur,

370 3809 394 3862 l.
413 3809 520 3876 quicuud
538 3809 605 3874 quil
622 3813 650 3861 et
666 3809 692 3862 ἓ.
712 3834 740 3846 -
758 3811 783 3860 5.
800 3809 906 3872 uidisset]
926 3810 1019 3860 merset
1034 3811 1064 3872 k,
1088 3810 1177 3860 cdbset
1193 3809 1293 3860 Oxonn.
1312 3807 1373 3859 diro.
1394 3834 1421 3843 —
1442 3809 1529 3860 «Fert.
1548 3810 1627 3860 ratio-

304 3901 365 3939 uess
390 3900 442 3950 rng.
462 3886 487 3940 ἓ.
509 3913 535 3922 -
561 3885 584 3936 d.
603 3886 630 3935 iu
646 3885 817 3936 controuersia
833 3885 1002 3948 increbuit,
1024 3884 1050 3934 iu
1072 3885 1242 3935 controuersia
1256 3885 1351 3934 ueniret
1366 3885 1396 3936 A.
1418 3913 1444 3920 —
1464 3885 1488 3935 7.
1505 3887 1576 3936 itum
1592 3890 1627 3936 est

305 3976 367 4014 cum
384 3961 457 4013 libris
475 3961 598 4013 omnibus
615 3961 687 4014 Aac:
713 3963 783 4012 Itum
798 3963 900 4012 Murato
925 3961 993 4024 (Var.
1011 3962 1093 4011 Lectt.
1112 3961 1175 4012 xvi.
1195 3959 1245 4024 rc.)
1263 3961 1372 4012 auctore
1389 3960 1418 4011 0.
1446 3959 1484 4011 Ci.
1504 3974 1529 4025 p.
1548 3961 1623 4012 Rosc.

305 4039 364 4091 Am.
383 4038 407 4102 5.
421 4038 476 4089 tte.
495 4051 521 4102 p.
542 4035 643 4088 cluent.
663 4037 686 4100 5.
700 4036 758 4089 tta.
776 4063 802 4073 —
821 4037 842 4086 et
859 4037 902 4099 pm
919 4049 980 4088 cum
996 4034 1070 4088 libris
1087 4035 1211 4088 omnibus
1227 4035 1283 4091 Ae:
1303 4042 1326 4088 et
1341 4037 1416 4099 siqui
1429 4037 1461 4096 L,
1479 4037 1626 4097 tiqutcum

305 4113 406 4164 liureio
424 4113 453 4163 0.
474 4140 501 4150 -
521 4113 545 4163 8.
565 4111 603 4178 ce]
622 4119 668 4163 cut
683 4115 709 4164 k.
731 4139 758 4148 —
777 4113 859 4163 eteros
875 4124 938 4162 cum
955 4113 1102 4163 hotomann
1119 4114 1147 4163 l..
1163 4137 1191 4148 -
1210 4112 1234 4162 9.
1251 4113 1327 4176 seruit
1339 4111 1429 4162 Pelett.
1445 4112 1471 4169 2.
1483 4113 1521 4172 3..
1538 4113 1627 4176 seruiet

306 4187 336 4250 d,
354 4189 448 4251 seruuit
465 4202 495 4250 e,
513 4187 605 4252 ferbuit
620 4189 645 4239 k.
667 4213 695 4225 ··
711 4185 848 4252 tutorque]
867 4192 890 4237 et
905 4188 1035 4251 ferturque
1052 4187 1142 4239 Palatt.
1161 4189 1185 4237 5.
1205 4188 1228 4238 6.
1247 4187 1318 4238 unde
1336 4189 1462 4238 Gruterus
1478 4190 1627 4252 offereturque

306 4265 333 4314 et
350 4262 463 4314 Klotzlus
481 4263 532 4328 [ed.
546 4265 596 4330 pr.)
613 4265 776 4328 assertorque.
795 4263 846 4313 Sed
862 4261 989 4328 particula
1006 4268 1030 4312 et
1046 4265 1102 4312 orta
1117 4262 1221 4313 videtur
1237 4273 1269 4313 ex
1286 4275 1366 4328 prava
1385 4263 1539 4326 repetitione
1551 4275 1627 4328 prue-

305 4337 423 4394 uedentts
440 4337 567 4403 syllabae.
587 4367 615 4378 ·-
634 4340 675 4390 to.
693 4340 806 4400 utiquam
818 4343 919 4401 portem
933 4339 992 4388 uelit
1007 4339 1158 4388 committere
1175 4336 1314 4400 (litigando)
1334 4334 1380 4387 Bb
1391 4337 1558 4401 cdtghin:
1577 4338 1626 4388 utt-

306 4429 383 4479 qucm
396 4421 496 4478 partem
511 4415 574 4465 nolit
588 4415 739 4465 committere
750 4427 779 4475 a,
798 4413 911 4476 utiquam
924 4417 1024 4475 portem
1039 4413 1101 4463 uoltt
1114 4413 1225 4463 omittere
1236 4411 1297 4463 le
1308 4423 1348 4470 m,
1365 4411 1424 4463 uelit
1439 4413 1552 4476 aliquam
1566 4427 1627 4476 pcr-

306 4497 355 4542 tem
371 4491 483 4542 mutttere
500 4505 515 4542 e
532 4493 560 4542 et
574 4492 609 4551 A,
632 4490 694 4540 octtt
711 4489 824 4552 cttquum
837 4493 938 4550 partem
953 4489 1067 4540 emutare
1083 4486 1133 4549 Le,
1151 4488 1264 4551 utiquam
1276 4493 1378 4550 purtem
1392 4488 1450 4538 uelit
1466 4489 1579 4539 emutare
1595 4489 1623 4539 0.

308 4595 336 4604 -
358 4579 389 4618 ue
406 4566 489 4631 quum]
511 4571 540 4616 ut
555 4566 669 4626 utiquam
685 4566 713 4615 1..
734 4589 761 4600 -
786 4566 826 4615 tt.
852 4577 981 4626 uunquam
998 4563 1104 4614 mtuum
1120 4565 1145 4614 k.
1165 4591 1193 4599 -—
1213 4562 1252 4614 tl.
1271 4567 1324 4612 tum
1340 4575 1404 4614 nos:
1431 4569 1459 4613 tu
1474 4577 1536 4615 cum
1553 4563 1625 4614 libris

306 4642 396 4698 Abeo.
420 4641 538 4694 Observa
555 4643 719 4693 chlesmum:
742 4643 805 4694 Hute
821 4647 873 4692 tum
883 4667 921 4678 --
932 4652 1005 4702 quum
1020 4653 1133 4690 stumn
1145 4652 1217 4702 quem
1232 4651 1298 4688 uuuc
1309 4665 1346 4676 --
1356 4651 1413 4689 eum
1423 4643 1484 4688 mm.
1499 4667 1526 4676 -
1545 4641 1585 4691 to.
1599 4645 1627 4690 tu
1645 4643 1653 4656 '

305 4719 460 4782 terpudmter
475 4721 510 4779 A,
528 4722 581 4768 tmu
593 4718 747 4780 immudmier
764 4719 816 4778 ek,
835 4721 862 4768 tu
874 4718 1010 4780 prudenter
1026 4729 1065 4778 m,
1084 4721 1167 4766 tameo
1180 4715 1316 4778 prudenter
1332 4727 1358 4764 n.
1378 4741 1405 4748 -
1426 4715 1465 4764 m.
1479 4717 1627 4778 eruderatum

307 4795 482 4848 klmuetA.
497 4819 525 4830 -
538 4785 1017 4857 rememsmmuepeemmacdg.
1033 4793 1113 4844 -22
1127 4789 1348 4853 eritbcdlglm
1361 4791 1438 4855 etpr.
1452 4803 1475 4841 e.
1492 4819 1519 4828 -
1532 4791 1626 4854 ilpe-

307 4874 375 4924 seu
393 4872 436 4922 sed
451 4871 553 4934 petisses
567 4869 652 4919 statim
668 4867 753 4920 udlh
762 4871 771 4919 i
780 4868 788 4920 l
797 4883 824 4920 ur
834 4882 861 4932 n,
877 4870 965 4932 petisse
981 4870 1023 4920 sed
1036 4869 1124 4931 perure
1139 4867 1223 4916 suatim
1238 4864 1296 4928 bc,
1311 4867 1411 4929 petisses
1426 4865 1448 4915 ei
1461 4867 1562 4930 petisses
1577 4871 1627 4917 stu·

307 4950 352 5000 dm
363 4960 388 5011 g,
403 4947 504 5010 petisses
514 4949 537 4997 et
543 4946 644 5008 petisses
653 4947 738 4996 statim
748 4945 863 4996 Klotzius
874 4948 996 4996 Proocm.
1010 4944 1052 4995 ed.
1066 4941 1109 4993 alt.
1123 4955 1149 5006 p.
1160 4942 1202 4992 Vl.
1217 4967 1244 4976 -
1258 4942 1279 4991 st
1290 4955 1341 4991 eoo
1353 4942 1431 5004 pacto
1440 4946 1505 5004 pou,
1517 4946 1546 4991 ct
1555 4942 1585 4992 A.
1597 4969 1623 4978 -

307 5024 348 5074 25.
366 5023 503 5086 aliquando
519 5022 634 5072 acuet
645 5020 701 5074 Ae.
715 5018 854 5084 {aliquanto
870 5020 955 5072 codex
966 5021 1025 5071 Cer.
1039 5017 1183 5082 Stephani.)
1197 5043 1223 5052 -
1239 5016 1280 5068 28.
1292 5018 1405 5081 [mecm.
1416 5019 1442 5068 k.
1457 5043 1484 5054 -
1498 5017 1627 5068 maestum

305 5100 413 5162 pemmtc
428 5099 470 5150 sed
486 5093 781 5159 Gabcdsigklmu
798 5097 864 5146 etA.
880 5120 908 5132 -
926 5095 967 5146 29.
980 5093 1314 5157 ettmutcmpecuutccorr.
1328 5107 1353 5146 e.
1368 5121 1396 5131 -
1410 5091 1457 5144 nal.
1470 5091 1626 5144 medante»

309 5187 361 5242 mg.
375 5173 401 5234 2.
416 5201 443 5211 -
461 5173 538 5231 ettam
554 5185 607 5226 om.
621 5173 655 5237 L,
673 5169 782 5224 seclusit
797 5171 826 5222 0.
844 5171 891 5226 ast
906 5169 933 5224 in
948 5170 1023 5224 aas
1039 5167 1129 5228 etti.
1144 5195 1169 5208 -
1190 5169 1317 5222 cucumer
1328 5169 1376 5233 ek,
1388 5167 1624 5235 dubtmbotmprt.
