3638 5868
122 861 189 960 [4

146 3299 171 3375 J

313 411 376 482 274
684 415 727 482 IN
748 413 915 480 VERREM
934 412 1058 478 acrlo
1081 412 1265 478 SECUNDA

311 592 395 649 ctare
416 583 525 648 nolite.
567 582 692 647 Etenim
716 602 780 647 non
802 583 897 648 modo
918 582 1106 647 incommodi
1127 581 1207 646 nibil
1229 588 1397 666 oeperunt,
1420 580 1476 646 sed
1494 581 1588 646 etiam
1602 580 1640 644 in

310 679 497 764 Apronianis
517 677 581 742 illis
603 677 720 761 rapinis
741 678 775 740 in
797 685 929 762 quaestu
951 685 1023 741 sunt
1037 676 1289 761 compendioque
1303 677 1430 742 versati.
1463 672 1535 739 ll0.
1551 675 1640 752 Oua·

309 766 628 858 propter,(quoniam
650 792 700 834 me
721 771 877 836 Leontina
891 772 999 835 civitas
1021 779 1117 855 atque
1139 771 1254 853 legatio
1274 779 1403 855 propter
1423 791 1511 847 eam,
1541 789 1638 855 quam

310 865 393 942 diri,
419 885 546 930 oensem
574 864 706 964 deiecit)
731 865 874 929 mihimet
894 865 1034 930 ineunda
1054 866 1133 929 ratio
1157 872 1187 928 et
1205 864 1255 927 via
1275 864 1464 948 reperiunda
1486 872 1550 939 est,
1573 883 1639 948 qua

284 960 349 1024 tad
380 961 511 1045 Apronii
542 967 722 1043 quaestum,
752 959 818 1022 sive
848 959 928 1023 adeo
961 980 1025 1042 qua
1052 960 1092 1022 ad
1112 960 1202 1023 istius
1224 959 1383 1041 ingentem
1404 960 1638 1040 immanemque

306 1054 455 1138 praedam
476 1054 593 1136 possim
614 1054 788 1137 pervenire.
830 1054 907 1136 Agri
928 1054 1073 1118 Leontini
1096 1053 1245 1116 decumae
1268 1053 1359 1117 tertio
1374 1073 1457 1116 anno
1471 1053 1638 1116 venierunt

306 1148 400 1211 tritici
415 1147 608 1211 medimnum
622 1148 738 1221 ΧΧἮῙ,
759 1146 820 1210 boc
835 1154 899 1222 est,
921 1147 1014 1210 tritici
1030 1147 1169 1210 modium
1184 1165 1220 1210 oc
1236 1153 1268 1209 et
1282 1167 1336 1211 rvr
1351 1147 1488 1210 milibus.
1510 1147 1637 1228 blegne,

305 1240 442 1316 iudices,
465 1261 595 1324 magum
617 1260 722 1324 neque
746 1241 830 1305 enim
851 1241 913 1305 hoc
933 1261 1061 1325 possum
1083 1260 1210 1322 negare.
1245 1242 1355 1324 ltaque
1373 1261 1504 1305 necesse
1521 1245 1640 1302 estant

306 1333 456 1398 damnum
484 1342 537 1397 aut
564 1341 646 1398 certe
674 1353 738 1397 non
768 1355 914 1417 magnum
940 1334 1060 1398 lucrum
1082 1334 1195 1398 fecisse
1218 1336 1417 1399 decumanos.
1461 1333 1529 1397 Hoc
1551 1334 1638 1396 enim

268 1429 387 1492 tosolet
407 1448 468 1492 usu
489 1429 597 1492 venire
618 1428 673 1502 iis,
696 1428 752 1511 qui
774 1447 888 1511 magno
909 1428 1120 1491 redemerunt.
1164 1423 1237 1491 lll.
1259 1428 1367 1505 Quidl
1399 1431 1425 1492 si
1447 1426 1580 1492 ostendo
1601 1425 1638 1488 in

303 1520 362 1585 bac
382 1542 447 1586 una
468 1523 625 1604 emptione
647 1521 813 1586 lucrifieri
833 1522 926 1586 tritici
941 1521 1080 1586 modium
1096 1525 1134 1584 cl
1157 1522 1251 1606 quid,
1274 1525 1300 1587 si
1316 1525 1376 1586 cci
1399 1522 1491 1607 quid,
1514 1522 1541 1584 si
1556 1523 1636 1584 coo?

304 1615 398 1699 quid,
422 1617 449 1679 si
471 1633 546 1680 occo
568 1615 676 1679 miliat
699 1614 880 1680 dubitabitis
902 1617 1010 1690 etiam,
1032 1616 1081 1678 eui
1103 1616 1163 1679 ista
1178 1623 1266 1680 tanta
1279 1617 1395 1700 praeda
1411 1615 1556 1700 quaesita
1570 1615 1636 1678 sict

303 1710 451 1795 Iniquum
473 1730 524 1773 me
546 1729 617 1773 esse
640 1709 797 1793 quispiam
819 1708 920 1783 dicet,
947 1710 1003 1792 qui
1025 1729 1065 1774 ex
1088 1708 1164 1772 lucri
1188 1710 1401 1792 magnitudine
1423 1709 1636 1774 coniecturam

303 1803 423 1886 capiam
445 1802 521 1866 furti
542 1809 637 1886 atque
658 1803 805 1887 praedae.
835 1803 943 1878 Quid?
966 1803 993 1866 si
1009 1802 1120 1877 doceo,
1142 1803 1271 1879 iudices,
1295 1825 1366 1880 eos,
1389 1805 1445 1888 qui
1460 1807 1553 1874 ffc‘c‘c
1568 1823 1636 1868 mo·

266 1896 389 1961 redium
411 1895 489 1960 lueri
517 1895 651 1971 iaciunt,
682 1895 829 1961 damnum
857 1897 994 1960 tacturos
1015 1895 1132 1972 fuisse,
1159 1898 1186 1960 si
1208 1906 1262 1961 tua
1282 1898 1449 1981 iniquitas,
1478 1899 1505 1963 si
1526 1900 1572 1962 tui
1592 1918 1635 1961 ex

302 1990 429 2054 cohorte
450 1997 688 2074 recuperatores
710 2011 775 2054 non
795 1990 1043 2064 intercederent,
1066 2011 1141 2054 num
1164 1991 1235 2074 quis
1257 1994 1371 2075 poterit
1392 1993 1425 2055 in
1442 1999 1529 2066 tanto
1545 1993 1634 2056 luero

221 2149 225 2156 ,
301 2091 451 2174 tantaque
465 2085 633 2168 iniquitate
649 2083 806 2160 dubitare,
831 2086 909 2169 quin
924 2094 1053 2168 propter
1065 2085 1296 2169 improbitatem
1311 2092 1375 2149 tam
1389 2105 1521 2168 magnos
1538 2106 1635 2170 quae-

302 2185 368 2242 stus
400 2176 528 2252 feceris,
561 2185 689 2262 propter
720 2179 970 2261 magnitudinem
1003 2186 1152 2263 quaestus
1184 2179 1345 2262 improbus
1376 2198 1448 2245 asse
1470 2181 1634 2245 volueris?

302 2272 428 2335 XLVII.
451 2267 522 2334 444.
546 2271 735 2347 Quomodo
757 2273 851 2354 igitur
870 2272 930 2336 boc
951 2293 1119 2357 assequar,
1141 2271 1278 2348 iudices,
1300 2282 1336 2336 ut
1356 2275 1461 2349 sciam,
1483 2281 1634 2358 quantum

264 2366 380 2432 minori
400 2365 517 2430 laeuum
539 2365 604 2428 siti
647 2367 717 2428 Non
744 2386 786 2430 ex
813 2367 944 2451 Apronii
973 2367 1105 2443 tabulis,
1136 2387 1215 2451 quas
1238 2388 1296 2451 eqo
1318 2388 1389 2433 curn
1412 2371 1633 2454 conquirerem

301 2481 367 2524 non
387 2459 512 2535 inveni,
542 2465 575 2523 et
596 2480 667 2524 cum
689 2461 723 2524 in
744 2461 794 2524 ius
815 2461 919 2545 ipsum
941 2461 1056 2536 eduxi,
1085 2462 1227 2546 expressi
1256 2468 1291 2526 ut
1312 2459 1466 2528 conticere
1488 2485 1523 2528 se
1545 2464 1636 2527 tabu·

301 2556 349 2620 las
363 2562 504 2638 negaret.
541 2555 574 2619 Si
588 2554 808 2630 mentiebatur,
830 2576 924 2638 quam
937 2558 977 2621 ob
993 2577 1061 2620 rem
1081 2555 1271 2632 removebat,
1293 2556 1320 2619 si
1338 2556 1399 2620 bae
1414 2558 1541 2622 tabulae
1555 2556 1635 2620 nibil

301 2649 359 2713 tibi
381 2657 470 2713 erant
491 2647 677 2712 oblirturaet
714 2649 747 2711 Si
770 2650 898 2714 omniuo
919 2651 1023 2715 nullas
1043 2650 1221 2714 confecerat
1243 2649 1378 2726 litteras,
1400 2672 1441 2714 ne
1456 2651 1489 2715 id
1505 2650 1635 2736 quidem

302 2743 378 2807 satis
410 2738 564 2825 significat
594 2741 685 2805 illum
713 2763 777 2806 non
805 2765 897 2809 snum
927 2746 1089 2828 negotium
1111 2745 1272 2826 gessisset
1289 2719 1354 2830 (444
1377 2753 1426 2808 est
1447 2745 1532 2808 enim
1554 2744 1634 2807 ratio

265 2835 566 2910 aedennmanorum,
587 2843 624 2898 ut
644 2836 713 2900 sine
734 2837 878 2920 plurimis
899 2839 1014 2902 litteris
1029 2834 1141 2901 confici
1164 2859 1227 2902 non
1249 2835 1378 2923 possit.)
1395 2840 1526 2922 Singula
1547 2839 1633 2902 enim

301 2930 431 2994 nomina
451 2937 608 2994 aratorum
630 2937 662 2994 et
682 2950 754 2994 cum
768 2931 900 3014 singulis
918 2933 1078 3017 pactiones
1093 2931 1338 2996 decumanorum
1353 2934 1467 2996 litteris
1481 2932 1634 3018 persequi

302 3033 334 3090 et
363 3023 517 3088 conticere
546 3045 676 3088 neeesse
703 3033 760 3088 est.
804 3026 916 3108 Iugera
942 3025 1077 3110 professi
1106 3032 1180 3089 sunt
1209 3045 1318 3089 omnes
1340 3033 1479 3091 aratores
1502 3026 1634 3111 imperio

301 3126 398 3203 atque
419 3119 563 3184 instituto
584 3125 656 3184 tuo:
678 3139 743 3182 non
765 3120 880 3204 opinor
901 3140 1093 3204 quemquam
1115 3120 1219 3184 minus
1235 3140 1306 3184 esse
1321 3119 1514 3204 professum,
1536 3139 1632 3205 quam

303 3221 455 3299 quantum
475 3221 610 3289 orasset,
632 3234 703 3278 cum
726 3220 774 3278 tot
794 3235 917 3290 cruces,
939 3221 985 3278 tot
1007 3215 1177 3299 supplicia,
1199 3221 1247 3278 tot
1268 3235 1309 3280 ex
1324 3214 1452 3278 ooborte
1465 3233 1634 3300 recupera·

265 3317 386 3376 setores
407 3315 668 3396 proponerentur.
710 3309 748 3372 ln
768 3309 878 3391 iugero
900 3309 1046 3372 Leontini
1071 3309 1138 3393 agri
1159 3307 1352 3374 medimnum
1372 3307 1440 3372 fere
1462 3307 1560 3372 tritici
1582 3327 1633 3370 se-

301 3404 381 3468 ritur
405 3411 560 3489 perpetua
586 3409 682 3487 atque
712 3403 871 3486 aequabili
896 3403 1028 3466 satione.
1070 3405 1155 3485 Ager
1176 3401 1274 3466 eflicit
1295 3422 1368 3466 cum
1390 3409 1519 3477 octavo,
1551 3401 1635 3465 bene

368 3692 393 3744 4.
411 3692 496 3744 beent.
513 3690 561 3742 ctu.
578 3703 618 3740 ore
634 3689 703 3753 4444
714 3690 746 3741 49
755 3691 785 3741 B.
799 3715 828 3728 -·
846 3689 872 3743 4.
889 3692 1043 3755 reperiunda
1059 3690 1090 3742 i:
1107 3691 1255 3754 reperienda
1270 3689 1336 3742 dett.
1348 3691 1378 3742 0.
1393 3717 1422 3728 -
1441 3692 1466 3744 6.
1484 3693 1637 3744 mmmm

304 3768 369 3819 dett.
388 3767 418 3818 0.
438 3791 466 3804 —
483 3763 725 3828 cementaria·
745 3765 768 3816 7.
786 3765 888 3817 XXXVI
902 3766 931 3818 0.
949 3794 976 3805 —
995 3767 1034 3818 CO
1048 3771 1072 3817 et
1087 3766 1144 3816 XVI
1157 3765 1256 3816 mutem
1271 3764 1354 3829 4444;
1374 3765 1468 3817 CCXVI
1481 3766 1541 3820 rell.
1560 3769 1589 3819 0.
1605 3794 1632 3806 -

303 3843 327 3894 8.
347 3839 513 3904 pommboc
537 3839 619 3904 4449;
646 3839 692 3890 boc
711 3839 805 3902 possim
825 3840 890 3892 dett.
911 3869 938 3879 -
963 3843 986 3892 9.
1012 3843 1161 3892 decumanos
1182 3840 1267 3904 egla:
1295 3841 1461 3893 (4444444444
1479 3842 1536 3894 rell.
1555 3845 1585 3896 0.
1606 3869 1634 3880 —

303 3917 344 3968 tt.
361 3917 428 3968 mod.
446 3912 560 3978 444449
570 3913 614 3966 tn:
638 3914 734 3966 modim
749 3913 806 3966 rell.
827 3941 855 3953 -
875 3917 948 3978 quid,
974 3915 1092 3968 ccccc?
1117 3915 1234 3981 agian:
1262 3929 1316 3967 om.
1335 3915 1393 3967 rell.
1413 3943 1441 3954 -
1460 3917 1501 3969 44.
1519 3917 1638 3968 4444444444

303 3993 332 4042 4.
352 3989 425 4043 teet.
445 4013 473 4027 —
499 3988 548 4052 444]
570 3989 631 4051 quid
651 4001 721 4039 corr.
740 3991 766 4038 tn
783 3991 850 4052 quod
865 3990 943 4055 4444.
965 4018 992 4028 -
1016 3991 1057 4042 43.
1075 4005 1115 4042 me
1135 4003 1189 4041 om.
1208 3991 1223 4041 6
1241 3991 1319 4055 4444.
1339 3991 1403 4042 dett.
1424 4018 1451 4028 -
1477 3991 1517 4044 44.
1535 3993 1637 4055 coptum

303 4066 372 4130 4444
384 4066 420 4116 N:
438 4065 535 4127 samem
550 4061 607 4115 rell.
626 4063 655 4115 0.
677 4089 704 4100 -
722 4063 811 4115 docebo
829 4065 893 4118 dett.
920 4069 1065 4131 Utrumque
1082 4079 1131 4132 per
1148 4079 1179 4117 se
1196 4068 1269 4116 reete
1282 4067 1392 4126 dicitur;
1411 4067 1444 4118 ct.
1463 4067 1487 4132 3.
1501 4065 1558 4119 444.
1577 4065 1634 4118 448.

302 4143 322 4192 1.
341 4141 365 4206 4.
385 4141 426 4193 84.
453 4141 496 4191 Sic
516 4141 538 4190 si
559 4140 658 4191 4444444
676 4141 703 4191 et
718 4141 741 4190 ri
759 4141 886 4194 ostendum
903 4145 1034 4206 sequente
1050 4141 1138 4193 tuturo
1156 4153 1177 4192 s.
1196 4141 1354 4205 imperativo
1370 4142 1396 4192 tn
1413 4141 1454 4192 bis
1472 4139 1637 4194 orationibus

302 4223 427 4290 leguntur
441 4224 492 4286 ;ei.
507 4224 532 4288 4.
546 4223 602 4275 444.
617 4225 681 4277 Mire
693 4224 830 4276 turbatum
840 4228 882 4277 est
892 4239 907 4277 a
919 4225 1032 4278 librariis
1045 4227 1070 4276 tn
1082 4225 1123 4277 his
1133 4225 1223 4276 termis
1235 4225 1259 4289 5.
1273 4226 1330 4277 444.
1344 4251 1372 4262 ·-
1392 4227 1470 4279 0000
1483 4227 1550 4279 mod.
1567 4224 1637 4289 4444

303 4299 361 4363 (sed
378 4299 435 4350 sine
452 4297 571 4362 lineolal:
591 4299 668 4350 CCCC
682 4299 755 4350 44444
769 4302 881 4352 44444444
892 4304 921 4353 0.
936 4327 963 4338 -
982 4303 1057 4352 4444
1073 4303 1109 4352 tui
1125 4301 1195 4364 4444
1211 4304 1233 4353 N
1248 4316 1286 4364 φτ
1305 4304 1337 4352 sit
1352 4307 1380 4352 44
1393 4301 1451 4354 rell.
1464 4329 1492 4341 -
1511 4301 1553 4354 44.
1565 4299 1637 4363 emm]

301 4388 367 4426 4444
383 4374 462 4438 4444.
477 4399 505 4410 ·-
525 4375 565 4425 44.
583 4375 766 4438 improbitatem
784 4377 851 4442 4444
863 4381 900 4429 N:
918 4379 1076 4439 toriquitctem
1092 4379 1138 4427 ott.
1158 4377 1237 4426 etiam
1253 4387 1337 4440 marg.
1351 4376 1424 4428 test.
1438 4402 1468 4415 -·
1487 4378 1548 4444 mm]
1566 4381 1638 4428 44444

301 4449 385 4514 4444;
403 4455 474 4500 mom
490 4455 544 4500 tom
560 4465 592 4514 φ.
614 4478 641 4490 -
668 4452 709 4502 49.
727 4455 828 4514 quoodo
843 4454 922 4518 tptenr
937 4452 1015 4516 4444.
1035 4477 1064 4490 -·
1091 4451 1184 4502 lodices
1201 4464 1255 4503 om.
1273 4451 1356 4502 idem.
1378 4479 1405 4490 -
1433 4459 1556 4515 questum
1572 4451 1637 4501 44444

301 4525 371 4589 4444
382 4538 419 4588 φτ
437 4525 503 4575 tuem
519 4539 562 4588 qu.
581 4528 627 4577 ott.
646 4528 676 4578 0.
691 4551 718 4564 -
733 4528 774 4578 44.
792 4541 818 4579 ee
834 4529 885 4579 tot.
901 4527 982 4592 egit:
1001 4527 1050 4578 tob.
1069 4540 1095 4577 ee
1111 4526 1168 4577 rell.
1182 4528 1211 4577 0.
1227 4553 1253 4567 -·
1272 4527 1313 4578 43.
1333 4527 1459 4591 efflaturus
1474 4527 1635 4594 444444.-

300 4600 342 4652 44.
360 4600 485 4664 4444444444
500 4599 530 4662 4,
548 4615 585 4663 φτ
604 4602 763 4667 decimabat
780 4603 844 4655 dett.
863 4605 892 4654 0.
914 4627 941 4641 -
960 4603 1038 4668 444444]
1056 4616 1082 4653 se
1098 4607 1168 4652 tuum
1184 4603 1212 4653 1..
1234 4626 1262 4640 -
1281 4615 1313 4653 eo
1329 4615 1384 4653 om.
1401 4601 1480 4667 4444.
1496 4629 1524 4641 -
1542 4603 1583 4654 44.
1595 4601 1639 4652 de-
1665 4607 1666 4612 ’

299 4687 467 4726 commeonsm
482 4672 603 4737 Lgttqo:
631 4677 795 4728 4444444444
810 4676 867 4729 rell.
886 4679 914 4729 0.
936 4695 963 4718 ι
982 4679 1023 4729 46.
1042 4679 1237 4728 decumaoomm
1253 4675 1281 4740 4,
1300 4691 1338 4738 φτ
1357 4678 1521 4728 merum
1537 4675 1585 4727 dtt.
1603 4675 1634 4726 0.

302 4777 330 4788 -
348 4749 390 4800 44.
409 4763 476 4801 com.
496 4756 568 4800 erat.
586 4750 672 4814 4444;
694 4758 763 4802 eret.
788 4765 854 4804 omo.
877 4753 934 4804 rell.
954 4756 983 4805 0.
1004 4778 1031 4791 -
1058 4754 1100 4804 49.
1118 4751 1242 4816 supplicia
1257 4751 1377 4816 4444Νε
1403 4753 1499 4804 iudicio
1518 4751 1585 4802 dett.
1605 4773 1634 4784 -

299 4825 341 4876 30.
358 4825 446 4888 44444
461 4825 541 4890 4444.
562 4826 678 4889 (praeter
694 4827 717 4877 t.
730 4827 797 4889 44.),
816 4829 942 4890 Asso:
961 4829 1076 4892 tropeum
1094 4829 1174 4880 Prisc.
1188 4829 1207 4878 1.
1226 4841 1253 4894 p.
1266 4827 1339 4888 3084
1357 4829 1444 4892 lupera
1456 4829 1508 4892 445
1519 4827 1561 4887 il,
1579 4821 1633 4885 alti,

300 4900 329 4950 0.
349 4925 377 4936 -·
395 4899 556 4962 medimnum]
574 4901 685 4951 44444444
702 4901 771 4966 4444
788 4914 814 4965 p.
834 4916 871 4954 m.
892 4931 919 4940 -
943 4902 984 4953 34.
1010 4903 1101 4963 «Quod
1118 4905 1155 4954 eit
1167 4908 1291 4966 perpetuo
1307 4909 1382 4964 mque
1398 4901 1524 4967 cequebitt
1539 4899 1636 4950 4444444

298 4975 339 5026 sie
354 4972 554 5038 intelligendum
572 4976 626 5036 est,
645 4977 675 5025 ut
691 4977 717 5027 tn
734 4978 862 5029 Leontino
874 4980 1016 5044 quotannis
1027 4981 1114 5030 omnio
1131 4980 1223 5044 iugera
1235 4979 1350 5029 triticum
1362 4978 1514 5043 reciperent
1524 4985 1556 5025 ae
1567 4983 1636 5023 nun-

299 5061 381 5176 quopp
398 5049 664 5178 ipqelqlquqeoseerentm
683 5053 776 5105 Gamr.
788 5055 831 5118 44.,
850 5056 895 5120 qui
912 5057 1052 5122 praeterea
1069 5053 1104 5106 de
1119 5054 1251 5106 fertilitate
1262 5054 1319 5118 agri
1329 5053 1449 5106 Leontini
1460 5049 1557 5103 excitat
1567 5045 1633 5099 Ptin.

350 5256 374 5297 ss
497 5267 517 5302 0
