3684 5862
263 357 329 406 vm

266 509 392 576 tissime
413 507 559 594 scriptas
581 503 717 590 saepius
738 504 873 570 meliora
894 503 996 571 habet
1017 522 1113 590 quom
1134 499 1269 570 codices
1286 501 1448 588 vulgares
1467 501 1586 568 ltallcl.

266 632 450 698 Praeterea
470 629 515 697 ad
536 648 652 696 manus
674 629 771 694 erant
791 615 954 694 lectiones
974 645 996 692 a
1016 625 1197 694 Niebubrio
1220 644 1262 692 ex
1284 625 1448 711 apparatu
1467 623 1587 714 Lago-

265 753 465 822 marsiniano
494 756 692 836 excerptae,
720 753 757 816 ut
787 751 850 816 iam
872 747 915 814 od
937 748 1023 816 banc
1045 766 1176 834 quoque
1198 747 1379 814 orationem
1400 765 1584 816 recensen-

266 875 358 960 dam,
381 893 466 962 quac
487 875 600 942 multis
614 874 706 940 vittis
726 873 848 941 affecta
869 869 914 938 ad
934 889 997 936 nos
1019 872 1190 957 pervenit,
1212 871 1357 936 certiora
1370 869 1586 938 fundamenta

265 1001 355 1067 lacta
376 997 453 1064 sint

350 1240 455 1325 Quam
489 1243 573 1310 mate
606 1242 720 1309 habita
753 1242 889 1307 oratio
921 1236 1096 1308 Sullana
1128 1239 1162 1303 in
1191 1237 1362 1307 codicibus
1389 1237 1586 1329 vulgaribus

264 1366 404 1434 italicae
426 1365 566 1453 originis
586 1365 775 1454 legeretur,
804 1382 847 1430 ex
869 1365 987 1448 paucis
1009 1362 1074 1426 illis
1095 1362 1310 1448 lectionibus,
1336 1381 1421 1448 quae
1443 1363 1587 1429 saeculis

264 1488 351 1555 xv1
379 1491 413 1554 et
440 1487 543 1553 xvll
572 1505 615 1552 ex
644 1486 717 1553 cod.
746 1486 939 1552 Erfurtensi
961 1485 1018 1550 illo
1041 1490 1190 1570 tempore
1212 1483 1356 1550 nondum
1380 1485 1530 1550 mutilato
1553 1488 1588 1550 et

265 1631 309 1678 ex
329 1610 485 1677 Palatino
507 1629 596 1675 nono
619 1610 810 1693 exscriptae
832 1613 928 1693 sunt,
956 1610 1073 1673 nostra
1095 1611 1204 1673 autem
1225 1610 1339 1672 aetate
1361 1624 1404 1672 ex
1425 1606 1587 1672 lemmatis

264 1733 467 1801 scholiastae
487 1732 683 1818 Rabienus,
706 1751 748 1798 ex
770 1730 971 1798 lectionibus
991 1729 1202 1796 Erfurtensis
1224 1727 1435 1795 aWundero
1457 1728 1501 1795 ad
1521 1747 1586 1796 ex-

264 1861 400 1924 tremam
423 1855 584 1922 orationis
605 1858 733 1940 partem
756 1849 793 1933 (S
815 1851 864 1920 31
883 1851 976 1936 sou)
997 1853 1192 1939 publicatis,
1214 1871 1257 1918 ex
1278 1871 1345 1918 una
1367 1850 1508 1938 denique
1529 1853 1586 1918 ln-

264 1982 350 2068 signl
374 1977 620 2066 emendatione,
643 1994 740 2063 quam
759 1975 922 2044 Garatoni
945 1978 978 2040 in
996 1969 1099 2042 &tria
1113 1975 1274 2043 semesae
1288 1975 1337 2041 ad
1350 1972 1586 2042 Plancianum

263 2119 341 2191 pag.
363 2099 399 2166 X
420 2098 472 2166 ed·
495 2100 583 2164 Bon.
604 2117 648 2166 ex
675 2097 792 2165 codiee
823 2097 1069 2187 'l'egernseensl
1093 2099 1294 2182 protulerat,
1320 2099 1404 2164 satis
1424 2098 1586 2187 cognosci

136 2294 138 2301 ,
264 2225 384 2310 potuit.
427 2221 601 2312 Pariorem
622 2222 749 2287 fontem
771 2222 896 2307 primus
917 2219 1118 2287 Niebuhrius
1139 2220 1291 2304 reclusit,
1313 2223 1369 2307 qul
1382 2221 1510 2288 Romae
1524 2239 1586 2288 co-

264 2346 368 2415 dicem
390 2345 634 2412 Palatinum
657 2363 806 2412 nonum
828 2345 979 2427 Grutert,
1002 2365 1096 2431 quem
1120 2365 1286 2432 quaerens
1311 2348 1432 2414 multos
1454 2348 1586 2415 Paloti-

262 2489 327 2536 nos
354 2469 483 2534 trustra
512 2469 707 2552 evolverat,
736 2470 886 2555 repperit
913 2469 1140 2554 lectionesque
1168 2487 1189 2534 e
1216 2489 1253 2536 se
1281 2473 1316 2536 et
1337 2488 1358 2535 e
1379 2469 1434 2536 lir.
1456 2472 1585 2538 Blumlo

264 2594 453 2677 exscriptas
476 2610 549 2658 oum
571 2591 729 2658 Eduardo
747 2589 926 2658 Wundero
949 2591 1220 2678 communicavit,
1242 2593 1383 2678 quicum
1406 2594 1479 2678 lpse
1499 2611 1585 2660 con-

263 2717 368 2784 sillum
392 2715 464 2781 eius
486 2713 636 2781 edendae
659 2715 852 2799 abiecisset,
876 2713 1122 2800 perhumaniter
1144 2715 1193 2780 eis
1214 2715 1345 2781 Halmio
1367 2719 1479 2783 cessit.
1513 2710 1585 2784 Sed

263 2860 336 2908 cum
358 2858 401 2904 ne
423 2838 456 2903 in
478 2837 543 2903 hoc
566 2836 694 2923 quidem
717 2835 832 2906 codice
855 2839 962 2904 oratio
985 2838 1118 2926 integra
1137 2841 1265 2922 exstet,
1286 2836 1346 2904 sed
1369 2843 1495 2906 tantum
1519 2857 1583 2925 pa.
1698 2833 1701 2838 '

263 2961 424 3052 ragraplri
446 2957 499 3028 43
523 2962 669 3046 priores,
690 2959 734 3025 ad
755 2960 874 3027 bonam
891 2962 1052 3027 orationis
1066 2964 1193 3046 partem
1209 2954 1269 3040 (Si
1284 2957 1461 3034 ‹te-al)
1475 2959 1583 3027 cadon

262 3086 405 3153 familiae
428 3101 495 3151 non
517 3083 739 3166 interpolatae
762 3082 1032 3169 desiderabatur,
1054 3103 1096 3150 ex
1113 3103 1177 3170 qua
1193 3085 1266 3149 sola
1282 3081 1457 3148 remedium
1473 3086 1584 3150 multis

262 3209 431 3293 corruptis
460 3207 544 3273 locis
572 3209 762 3292 exspectari
792 3212 918 3291 posset.
961 3203 1151 3273 Subsidium
1174 3207 1230 3272 diu
1253 3206 1379 3272 frustra
1400 3210 1583 3292 quaesitum

261 3329 393 3398 tandem
416 3331 554 3395 invento
577 3328 693 3397 codice
715 3329 1025 3420 Tegernseensi
1055 3333 1144 3397 nacti
1167 3349 1297 3414 sumus,
1325 3333 1498 3414 postquem
1521 3332 1583 3396 iam

262 3473 292 3520 a.
320 3449 421 3518 leat
448 3454 629 3517 orationem
662 3471 705 3518 ex
736 3453 937 3520 lectionibus
965 3452 1062 3519 huius
1090 3453 1216 3520 codicis
1243 3471 1264 3518 a
1290 3451 1511 3519 Mommsenio
1541 3473 1583 3520 ex

261 3574 395 3642 schedis
417 3573 654 3642 Garatonianis
676 3574 855 3660 descriptis
876 3576 998 3660 passim
1022 3575 1277 3642 emendavimus.
1315 3574 1499 3642 Praeterea
1518 3573 1583 3642 ad-

260 3697 424 3764 hibuimus
446 3696 593 3763 codicem
616 3697 939 3764 Bruxellensem
962 3717 1048 3762 num.
1063 3692 1183 3783 9763,
1204 3697 1377 3764 admodum
1400 3698 1488 3764 illum
1506 3699 1579 3785 qul·

262 3819 335 3886 dem
357 3821 609 3905 interpolatum,
632 3821 686 3904 qul
709 3824 820 3886 tamen
841 3819 904 3885 hoc
927 3823 1052 3906 proprii
1075 3819 1192 3904 habet,
1216 3819 1304 3906 quod
1322 3839 1362 3888 eo
1385 3818 1473 3886 haud
1495 3837 1581 3904 pau-

261 3961 320 4011 cae
354 3944 517 4009 lectiones
554 3942 700 4008 melioris
735 3942 897 4026 familiae,
930 3961 1065 4030 quarum
1099 3944 1222 4009 nullum
1255 3947 1307 4010 est
1339 3944 1518 4034 vestigium
1548 3942 1581 4006 ln

260 4066 456 4154 vulgaribus
477 4064 621 4146 Italicis,
642 4067 800 4132 servatae
822 4068 909 4130 sunt.

342 4307 399 4374 Ad
423 4311 657 4376 orationem
679 4309 934 4378 Archlaneru
957 4310 1158 4379 Niebuhrius
1177 4314 1372 4396 apparatum
1398 4297 1581 4377 criticuma

258 4434 511 4523 Lagomarsinio
543 4453 586 4500 ex
616 4433 744 4502 duobus
771 4439 804 4500 et
835 4436 955 4523 viginti
978 4435 1149 4502 codicibus
1171 4437 1368 4524 congestam
1391 4437 1495 4499 totam
1519 4432 1582 4499 de-

257 4557 410 4642 scripsit,
439 4555 500 4622 sed
529 4575 550 4622 a
579 4556 676 4624 nobis
705 4557 777 4623 iere
807 4560 911 4623 omnis
939 4558 1144 4624 abiiciendus
1175 4559 1266 4641 eret,
1299 4575 1371 4623 cum
1402 4557 1581 4641 appareret

257 4677 392 4746 codices
428 4679 566 4746 ltaliaos
597 4680 700 4744 multo
737 4679 922 4746 deteriores
963 4699 1039 4747 esse
1068 4699 1163 4765 quam
1199 4680 1510 4746 Erturtensem
1547 4681 1581 4744 et

256 4802 583 4870 Bruxellensem
598 4802 699 4876 (num.
713 4800 839 4876 5352)
861 4804 949 4869 illius
971 4805 1175 4893 simillimum,
1198 4823 1262 4892 quo
1284 4822 1347 4868 nos
1370 4805 1506 4891 primum
1528 4804 1578 4868 usi

255 4942 379 4992 sumus.
