<?xml version="1.0" encoding="UTF-8"?>
<!DOCTYPE html PUBLIC "-//W3C//DTD XHTML 1.0 Transitional//EN"
    "http://www.w3.org/TR/xhtml1/DTD/xhtml1-transitional.dtd">
<html xmlns="http://www.w3.org/1999/xhtml" xml:lang="en" lang="en">
 <head>
  <title>
</title>
<meta http-equiv="Content-Type" content="text/html;charset=utf-8" />
  <meta name='ocr-system' content='tesseract 3.04.00' />
  <meta name='ocr-capabilities' content='ocr_page ocr_carea ocr_par ocr_line ocrx_word'/>
</head>
<body>
  <div class='ocr_page' id='page_1' title='image "./mtulliiciceroni00baitgoog_0257.png"; bbox 0 0 3642 5868; ppageno 0'>
   <div class='ocr_carea' id='block_1_1' title="bbox 458 417 1551 508">
    <p class='ocr_par' dir='ltr' id='par_1_1' title="bbox 458 417 1551 508">
     <span class='ocr_line' id='line_1_1' title="bbox 458 417 1551 508; baseline 0.002 -20"><span class='ocrx_word' id='word_1_1' title='bbox 458 423 526 489; x_wconf 78' lang='lat' dir='ltr'><strong>m.</strong></span> <span class='ocrx_word' id='word_1_2' title='bbox 547 423 587 488; x_wconf 90' lang='lat' dir='ltr'><strong>n.</strong></span> <span class='ocrx_word' id='word_1_3' title='bbox 617 421 691 490; x_wconf 68' lang='lat' dir='ltr'><strong>eo.</strong></span> <span class='ocrx_word' id='word_1_4' title='bbox 712 421 1029 489; x_wconf 81' lang='lat' dir='ltr'><strong>sxxm-sxxv.</strong></span> <span class='ocrx_word' id='word_1_5' title='bbox 1055 419 1113 508; x_wconf 73' lang='lat' dir='ltr'><strong>ss.</strong></span> <span class='ocrx_word' id='word_1_6' title='bbox 1134 417 1327 490; x_wconf 78' lang='lat' dir='ltr'><strong>trs-res.</strong></span> <span class='ocrx_word' id='word_1_7' title='bbox 1493 418 1551 490; x_wconf 79' lang='lat' dir='ltr'><strong>eos</strong></span> 
     </span>
    </p>
   </div>
   <div class='ocr_carea' id='block_1_2' title="bbox 191 592 1735 3876">
    <p class='ocr_par' dir='ltr' id='par_1_2' title="bbox 233 592 1735 2935">
     <span class='ocr_line' id='line_1_2' title="bbox 234 592 1559 688; baseline 0.003 -30"><span class='ocrx_word' id='word_1_8' title='bbox 234 611 325 676; x_wconf 77' lang='lat' dir='ltr'><strong>gare,</strong></span> <span class='ocrx_word' id='word_1_9' title='bbox 352 592 433 656; x_wconf 89' lang='lat' dir='ltr'><strong>nibil</strong></span> <span class='ocrx_word' id='word_1_10' title='bbox 461 593 590 678; x_wconf 86' lang='lat' dir='ltr'><strong>assequi</strong></span> <span class='ocrx_word' id='word_1_11' title='bbox 619 593 775 678; x_wconf 88' lang='lat' dir='ltr'><strong>potuerit:</strong></span> <span class='ocrx_word' id='word_1_12' title='bbox 806 612 889 678; x_wconf 90' lang='lat' dir='ltr'><strong>quae</strong></span> <span class='ocrx_word' id='word_1_13' title='bbox 911 593 1046 657; x_wconf 88' lang='lat' dir='ltr'><strong>oonsilio</strong></span> <span class='ocrx_word' id='word_1_14' title='bbox 1068 592 1188 688; x_wconf 62' lang='lat' dir='ltr'><strong>aliqug</strong></span> <span class='ocrx_word' id='word_1_15' title='bbox 1199 601 1256 658; x_wconf 84' lang='lat' dir='ltr'><strong>aut</strong></span> <span class='ocrx_word' id='word_1_16' title='bbox 1275 595 1398 660; x_wconf 79' lang='lat' dir='ltr'><strong>ratione</strong></span> <span class='ocrx_word' id='word_1_17' title='bbox 1419 595 1559 662; x_wconf 81' lang='lat' dir='ltr'><strong>inveniri</strong></span> 
     </span>
     <span class='ocr_line' id='line_1_3' title="bbox 233 683 1560 770; baseline 0.004 -20"><span class='ocrx_word' id='word_1_18' title='bbox 233 693 424 770; x_wconf 85' lang='lat' dir='ltr'><strong>potuerunt,</strong></span> <span class='ocrx_word' id='word_1_19' title='bbox 444 687 575 752; x_wconf 84' lang='lat' dir='ltr'><strong>inventa</strong></span> <span class='ocrx_word' id='word_1_20' title='bbox 596 696 686 762; x_wconf 89' lang='lat' dir='ltr'><strong>sunt,</strong></span> <span class='ocrx_word' id='word_1_21' title='bbox 708 686 841 751; x_wconf 86' lang='lat' dir='ltr'><strong>iudices.</strong></span> <span class='ocrx_word' id='word_1_22' title='bbox 876 686 1053 753; x_wconf 75' lang='lat' dir='ltr'><strong>Manifestis</strong></span> <span class='ocrx_word' id='word_1_23' title='bbox 1074 683 1114 750; x_wconf 73' lang='lat' dir='ltr'><strong>in&#39;</strong></span> <span class='ocrx_word' id='word_1_24' title='bbox 1130 688 1225 752; x_wconf 87' lang='lat' dir='ltr'><strong>rebus</strong></span> <span class='ocrx_word' id='word_1_25' title='bbox 1245 689 1410 755; x_wconf 89' lang='lat' dir='ltr'><strong>bominem</strong></span> <span class='ocrx_word' id='word_1_26' title='bbox 1430 689 1494 754; x_wconf 88' lang='lat' dir='ltr'><strong>iam</strong></span> <span class='ocrx_word' id='word_1_27' title='bbox 1512 699 1560 754; x_wconf 91' lang='lat' dir='ltr'><strong>te-</strong></span> 
     </span>
     <span class='ocr_line' id='line_1_4' title="bbox 233 780 1561 867; baseline 0.003 -21"><span class='ocrx_word' id='word_1_28' title='bbox 233 780 303 846; x_wconf 90' lang='lat' dir='ltr'><strong>neri</strong></span> <span class='ocrx_word' id='word_1_29' title='bbox 324 780 482 846; x_wconf 86' lang='lat' dir='ltr'><strong>ridebitis.</strong></span> <span class='ocrx_word' id='word_1_30' title='bbox 523 783 603 845; x_wconf 89' lang='lat' dir='ltr'><strong>Nam</strong></span> <span class='ocrx_word' id='word_1_31' title='bbox 625 781 713 866; x_wconf 92' lang='lat' dir='ltr'><strong>quod</strong></span> <span class='ocrx_word' id='word_1_32' title='bbox 734 781 769 844; x_wconf 90' lang='lat' dir='ltr'><strong>in</strong></span> <span class='ocrx_word' id='word_1_33' title='bbox 790 780 1033 865; x_wconf 79' lang='lat' dir='ltr'>publicanorum</span> <span class='ocrx_word' id='word_1_34' title='bbox 1055 782 1160 845; x_wconf 85' lang='lat' dir='ltr'><strong>causis</strong></span> <span class='ocrx_word' id='word_1_35' title='bbox 1180 782 1232 846; x_wconf 87' lang='lat' dir='ltr'><strong>vel</strong></span> <span class='ocrx_word' id='word_1_36' title='bbox 1253 782 1426 867; x_wconf 90' lang='lat' dir='ltr'><strong>plurimum</strong></span> <span class='ocrx_word' id='word_1_37' title='bbox 1446 786 1561 850; x_wconf 80' lang='lat' dir='ltr'><strong>aetatis</strong></span> 
     </span>
     <span class='ocr_line' id='line_1_5' title="bbox 234 875 1561 960; baseline 0.005 -22"><span class='ocrx_word' id='word_1_38' title='bbox 234 893 324 940; x_wconf 90' lang='lat' dir='ltr'><strong>meae</strong></span> <span class='ocrx_word' id='word_1_39' title='bbox 346 895 456 940; x_wconf 81' lang='lat' dir='ltr'><strong>versor</strong></span> <span class='ocrx_word' id='word_1_40' title='bbox 476 875 745 960; x_wconf 81' lang='lat' dir='ltr'><strong>vehementerque</strong></span> <span class='ocrx_word' id='word_1_41' title='bbox 767 875 857 940; x_wconf 89' lang='lat' dir='ltr'><strong>illum</strong></span> <span class='ocrx_word' id='word_1_42' title='bbox 872 875 1018 939; x_wconf 81' lang='lat' dir='ltr'><strong>ordinem</strong></span> <span class='ocrx_word' id='word_1_43' title='bbox 1034 875 1186 951; x_wconf 86' lang='lat' dir='ltr'><strong>observo,</strong></span> <span class='ocrx_word' id='word_1_44' title='bbox 1209 877 1286 940; x_wconf 90' lang='lat' dir='ltr'><strong>satis</strong></span> <span class='ocrx_word' id='word_1_45' title='bbox 1300 879 1467 944; x_wconf 89' lang='lat' dir='ltr'><strong>commode</strong></span> <span class='ocrx_word' id='word_1_46' title='bbox 1481 879 1561 944; x_wconf 93' lang='lat' dir='ltr'><strong>mibi</strong></span> 
     </span>
     <span class='ocr_line' id='line_1_6' title="bbox 233 969 1586 1054; baseline -0.003 -18"><span class='ocrx_word' id='word_1_47' title='bbox 233 969 347 1036; x_wconf 83' lang='lat' dir='ltr'><strong>videor</strong></span> <span class='ocrx_word' id='word_1_48' title='bbox 367 989 478 1035; x_wconf 92' lang='lat' dir='ltr'><strong>eorum</strong></span> <span class='ocrx_word' id='word_1_49' title='bbox 499 970 763 1034; x_wconf 87' lang='lat' dir='ltr'><strong>consuetudinem</strong></span> <span class='ocrx_word' id='word_1_50' title='bbox 785 989 846 1033; x_wconf 90' lang='lat' dir='ltr'><strong>usu</strong></span> <span class='ocrx_word' id='word_1_51' title='bbox 867 969 1097 1054; x_wconf 72' lang='lat' dir='ltr'><strong>tractandoque</strong></span> <span class='ocrx_word' id='word_1_52' title='bbox 1118 989 1283 1053; x_wconf 72' lang='lat' dir='ltr'><strong>cognosse.</strong></span> <span class='ocrx_word' id='word_1_53' title='bbox 1569 985 1586 1032; x_wconf 85' lang='lat' dir='ltr'><strong>s</strong></span> 
     </span>
     <span class='ocr_line' id='line_1_7' title="bbox 318 1059 1564 1148; baseline 0.002 -20"><span class='ocrx_word' id='word_1_54' title='bbox 318 1065 460 1129; x_wconf 82' lang='lat' dir='ltr'>LXXIV.</span> <span class='ocrx_word' id='word_1_55' title='bbox 483 1059 556 1126; x_wconf 80' lang='grc'><strong>482.</strong></span> <span class='ocrx_word' id='word_1_56' title='bbox 577 1063 689 1146; x_wconf 87' lang='lat' dir='ltr'><strong>ltaque</strong></span> <span class='ocrx_word' id='word_1_57' title='bbox 710 1070 748 1127; x_wconf 91' lang='lat' dir='ltr'><strong>ut</strong></span> <span class='ocrx_word' id='word_1_58' title='bbox 768 1063 830 1126; x_wconf 88' lang='lat' dir='ltr'><strong>boo</strong></span> <span class='ocrx_word' id='word_1_59' title='bbox 851 1064 1011 1148; x_wconf 84' lang='lat' dir='ltr'><strong>comperi,</strong></span> <span class='ocrx_word' id='word_1_60' title='bbox 1033 1069 1171 1128; x_wconf 90' lang='lat' dir='ltr'><strong>remotas</strong></span> <span class='ocrx_word' id='word_1_61' title='bbox 1193 1084 1264 1129; x_wconf 90' lang='lat' dir='ltr'><strong>esse</strong></span> <span class='ocrx_word' id='word_1_62' title='bbox 1284 1064 1406 1131; x_wconf 86' lang='lat' dir='ltr'><strong>litteras</strong></span> <span class='ocrx_word' id='word_1_63' title='bbox 1427 1066 1564 1131; x_wconf 83' lang='lat' dir='ltr'><strong>societa-</strong></span> 
     </span>
     <span class='ocr_line' id='line_1_8' title="bbox 234 1157 1563 1242; baseline 0.001 -19"><span class='ocrx_word' id='word_1_64' title='bbox 234 1159 294 1235; x_wconf 90' lang='lat' dir='ltr'><strong>tis,</strong></span> <span class='ocrx_word' id='word_1_65' title='bbox 321 1157 419 1224; x_wconf 85' lang='lat' dir='ltr'><strong>habui</strong></span> <span class='ocrx_word' id='word_1_66' title='bbox 445 1158 603 1222; x_wconf 90' lang='lat' dir='ltr'><strong>rationem</strong></span> <span class='ocrx_word' id='word_1_67' title='bbox 631 1176 742 1220; x_wconf 91' lang='lat' dir='ltr'><strong>eorum</strong></span> <span class='ocrx_word' id='word_1_68' title='bbox 770 1176 944 1231; x_wconf 86' lang='lat' dir='ltr'><strong>annorum,</strong></span> <span class='ocrx_word' id='word_1_69' title='bbox 977 1177 1035 1241; x_wconf 91' lang='lat' dir='ltr'><strong>per</strong></span> <span class='ocrx_word' id='word_1_70' title='bbox 1063 1177 1144 1242; x_wconf 88' lang='lat' dir='ltr'><strong>quos</strong></span> <span class='ocrx_word' id='word_1_71' title='bbox 1166 1158 1227 1223; x_wconf 90' lang='lat' dir='ltr'><strong>iste</strong></span> <span class='ocrx_word' id='word_1_72' title='bbox 1248 1159 1282 1223; x_wconf 92' lang='lat' dir='ltr'><strong>in</strong></span> <span class='ocrx_word' id='word_1_73' title='bbox 1304 1159 1413 1226; x_wconf 88' lang='lat' dir='ltr'><strong>Sieilia</strong></span> <span class='ocrx_word' id='word_1_74' title='bbox 1432 1158 1563 1224; x_wconf 74' lang='lat' dir='ltr'><strong>luissetz</strong></span> 
     </span>
     <span class='ocr_line' id='line_1_9' title="bbox 235 1248 1565 1338; baseline 0 -21"><span class='ocrx_word' id='word_1_75' title='bbox 235 1253 351 1318; x_wconf 89' lang='lat' dir='ltr'><strong>deinde</strong></span> <span class='ocrx_word' id='word_1_76' title='bbox 373 1252 534 1337; x_wconf 82' lang='lat' dir='ltr'><strong>quaesivi,</strong></span> <span class='ocrx_word' id='word_1_77' title='bbox 558 1249 646 1334; x_wconf 89' lang='lat' dir='ltr'><strong>quod</strong></span> <span class='ocrx_word' id='word_1_78' title='bbox 668 1257 737 1314; x_wconf 89' lang='lat' dir='ltr'><strong>erat</strong></span> <span class='ocrx_word' id='word_1_79' title='bbox 758 1250 891 1314; x_wconf 81' lang='lat' dir='ltr'><strong>inventu</strong></span> <span class='ocrx_word' id='word_1_80' title='bbox 911 1248 1115 1327; x_wconf 78' lang='lat' dir='ltr'><strong>facillimum,</strong></span> <span class='ocrx_word' id='word_1_81' title='bbox 1138 1252 1195 1335; x_wconf 94' lang='lat' dir='ltr'><strong>qui</strong></span> <span class='ocrx_word' id='word_1_82' title='bbox 1216 1271 1275 1338; x_wconf 90' lang='lat' dir='ltr'><strong>per</strong></span> <span class='ocrx_word' id='word_1_83' title='bbox 1297 1271 1353 1316; x_wconf 89' lang='lat' dir='ltr'><strong>eos</strong></span> <span class='ocrx_word' id='word_1_84' title='bbox 1374 1271 1476 1317; x_wconf 91' lang='lat' dir='ltr'><strong>annos</strong></span> <span class='ocrx_word' id='word_1_85' title='bbox 1497 1271 1565 1316; x_wconf 86' lang='lat' dir='ltr'><strong>ma·</strong></span> 
     </span>
     <span class='ocr_line' id='line_1_10' title="bbox 235 1343 1565 1432; baseline -0.001 -21"><span class='ocrx_word' id='word_1_86' title='bbox 235 1346 325 1432; x_wconf 75' lang='lat' dir='ltr'><strong>gistri</strong></span> <span class='ocrx_word' id='word_1_87' title='bbox 354 1346 442 1410; x_wconf 92' lang='lat' dir='ltr'><strong>illius</strong></span> <span class='ocrx_word' id='word_1_88' title='bbox 472 1344 635 1410; x_wconf 79' lang='lat' dir='ltr'><strong>societatis</strong></span> <span class='ocrx_word' id='word_1_89' title='bbox 662 1343 816 1420; x_wconf 84' lang='lat' dir='ltr'><strong>fuissent,</strong></span> <span class='ocrx_word' id='word_1_90' title='bbox 849 1344 935 1428; x_wconf 90' lang='lat' dir='ltr'><strong>apud</strong></span> <span class='ocrx_word' id='word_1_91' title='bbox 963 1364 1046 1429; x_wconf 92' lang='lat' dir='ltr'><strong>quos</strong></span> <span class='ocrx_word' id='word_1_92' title='bbox 1075 1344 1203 1409; x_wconf 80' lang='lat' dir='ltr'><strong>tabulae</strong></span> <span class='ocrx_word' id='word_1_93' title='bbox 1232 1345 1376 1410; x_wconf 77' lang='lat' dir='ltr'><strong>fuissent.</strong></span> <span class='ocrx_word' id='word_1_94' title='bbox 1407 1343 1565 1416; x_wconf 56' lang='lat' dir='ltr'><strong>(Sciebam</strong></span> 
     </span>
     <span class='ocr_line' id='line_1_11' title="bbox 235 1401 1735 1522; baseline 0.001 -18"><span class='ocrx_word' id='word_1_95' title='bbox 235 1441 320 1505; x_wconf 91' lang='lat' dir='ltr'><strong>enim</strong></span> <span class='ocrx_word' id='word_1_96' title='bbox 340 1440 424 1504; x_wconf 89' lang='lat' dir='ltr'><strong>bano</strong></span> <span class='ocrx_word' id='word_1_97' title='bbox 445 1439 686 1522; x_wconf 71' lang='lat' dir='ltr'><strong>magistrorum,</strong></span> <span class='ocrx_word' id='word_1_98' title='bbox 708 1438 764 1522; x_wconf 94' lang='lat' dir='ltr'><strong>qui</strong></span> <span class='ocrx_word' id='word_1_99' title='bbox 787 1435 910 1502; x_wconf 85' lang='lat' dir='ltr'><strong>tabulas</strong></span> <span class='ocrx_word' id='word_1_100' title='bbox 930 1437 1102 1513; x_wconf 89' lang='lat' dir='ltr'><strong>haberent,</strong></span> <span class='ocrx_word' id='word_1_101' title='bbox 1124 1439 1388 1503; x_wconf 89' lang='lat' dir='ltr'><strong>consuetudinem</strong></span> <span class='ocrx_word' id='word_1_102' title='bbox 1410 1459 1498 1514; x_wconf 90' lang='lat' dir='ltr'><strong>esse,</strong></span> <span class='ocrx_word' id='word_1_103' title='bbox 1518 1433 1603 1520; x_wconf 56' lang='grc'><strong>444444</strong></span> <span class='ocrx_word' id='word_1_104' title='bbox 1652 1401 1735 1492; x_wconf 56' lang='lat'><strong>²4⁹</strong></span> 
     </span>
     <span class='ocr_line' id='line_1_12' title="bbox 234 1517 1566 1615; baseline -0.002 -16"><span class='ocrx_word' id='word_1_105' title='bbox 234 1554 307 1599; x_wconf 89' lang='lat' dir='ltr'><strong>eum</strong></span> <span class='ocrx_word' id='word_1_106' title='bbox 334 1517 459 1598; x_wconf 74' lang='lat' dir='ltr'><strong>tabulas</strong></span> <span class='ocrx_word' id='word_1_107' title='bbox 487 1552 573 1597; x_wconf 87' lang='lat' dir='ltr'><strong>novo</strong></span> <span class='ocrx_word' id='word_1_108' title='bbox 601 1532 751 1615; x_wconf 81' lang='lat' dir='ltr'><strong>magistro</strong></span> <span class='ocrx_word' id='word_1_109' title='bbox 781 1531 957 1608; x_wconf 74' lang='lat' dir='ltr'><strong>traderent,</strong></span> <span class='ocrx_word' id='word_1_110' title='bbox 989 1531 1137 1615; x_wconf 83' lang='lat' dir='ltr'><strong>exempla</strong></span> <span class='ocrx_word' id='word_1_111' title='bbox 1165 1531 1342 1596; x_wconf 87' lang='lat' dir='ltr'><strong>litterarum</strong></span> <span class='ocrx_word' id='word_1_112' title='bbox 1364 1531 1428 1615; x_wconf 92' lang='lat' dir='ltr'><strong>ipsi</strong></span> <span class='ocrx_word' id='word_1_113' title='bbox 1448 1532 1566 1596; x_wconf 87' lang='lat' dir='ltr'><strong>babere</strong></span> 
     </span>
     <span class='ocr_line' id='line_1_13' title="bbox 235 1603 1690 1716; baseline -0.007 -22"><span class='ocrx_word' id='word_1_114' title='bbox 235 1649 302 1694; x_wconf 89' lang='lat' dir='ltr'><strong>non</strong></span> <span class='ocrx_word' id='word_1_115' title='bbox 323 1628 457 1693; x_wconf 89' lang='lat' dir='ltr'><strong>nollent.</strong></span> <span class='ocrx_word' id='word_1_116' title='bbox 500 1629 615 1712; x_wconf 89' lang='lat' dir='ltr'><strong>ltaque</strong></span> <span class='ocrx_word' id='word_1_117' title='bbox 636 1626 677 1690; x_wconf 91' lang='lat' dir='ltr'><strong>ad</strong></span> <span class='ocrx_word' id='word_1_118' title='bbox 699 1626 734 1689; x_wconf 92' lang='lat' dir='ltr'><strong>L.</strong></span> <span class='ocrx_word' id='word_1_119' title='bbox 756 1625 900 1701; x_wconf 88' lang='lat' dir='ltr'><strong>Vibium,</strong></span> <span class='ocrx_word' id='word_1_120' title='bbox 928 1626 1074 1716; x_wconf 65' lang='lat' dir='ltr'><strong>equitem</strong></span> <span class='ocrx_word' id='word_1_121' title='bbox 1103 1627 1295 1702; x_wconf 84' lang='lat' dir='ltr'><strong>Romanum,</strong></span> <span class='ocrx_word' id='word_1_122' title='bbox 1324 1627 1429 1691; x_wconf 81' lang='lat' dir='ltr'><strong>sirum</strong></span> <span class='ocrx_word' id='word_1_123' title='bbox 1449 1627 1568 1710; x_wconf 91' lang='lat' dir='ltr'><strong>prima·</strong></span> <span class='ocrx_word' id='word_1_124' title='bbox 1660 1603 1690 1684; x_wconf 75' lang='grc' dir='ltr'><em>ί</em></span> 
     </span>
     <span class='ocr_line' id='line_1_14' title="bbox 234 1719 1568 1806; baseline -0.002 -20"><span class='ocrx_word' id='word_1_125' title='bbox 234 1724 334 1797; x_wconf 75' lang='lat' dir='ltr'><strong>mum,</strong></span> <span class='ocrx_word' id='word_1_126' title='bbox 357 1742 454 1806; x_wconf 90' lang='lat' dir='ltr'><strong>quem</strong></span> <span class='ocrx_word' id='word_1_127' title='bbox 474 1722 674 1805; x_wconf 75' lang='lat' dir='ltr'><strong>reperiebam</strong></span> <span class='ocrx_word' id='word_1_128' title='bbox 695 1721 880 1803; x_wconf 81' lang='lat' dir='ltr'><strong>magistrum</strong></span> <span class='ocrx_word' id='word_1_129' title='bbox 901 1719 1001 1784; x_wconf 83' lang='lat' dir='ltr'><strong>tuisse</strong></span> <span class='ocrx_word' id='word_1_130' title='bbox 1024 1739 1063 1782; x_wconf 90' lang='lat' dir='ltr'><strong>eo</strong></span> <span class='ocrx_word' id='word_1_131' title='bbox 1096 1719 1168 1804; x_wconf 93' lang='lat' dir='ltr'><strong>ipso</strong></span> <span class='ocrx_word' id='word_1_132' title='bbox 1190 1740 1292 1796; x_wconf 91' lang='lat' dir='ltr'><strong>anno,</strong></span> <span class='ocrx_word' id='word_1_133' title='bbox 1326 1720 1382 1804; x_wconf 94' lang='lat' dir='ltr'><strong>qui</strong></span> <span class='ocrx_word' id='word_1_134' title='bbox 1403 1719 1480 1784; x_wconf 92' lang='lat' dir='ltr'><strong>mibi</strong></span> <span class='ocrx_word' id='word_1_135' title='bbox 1502 1739 1568 1783; x_wconf 83' lang='lat' dir='ltr'><strong>ma·</strong></span> 
     </span>
     <span class='ocr_line' id='line_1_15' title="bbox 235 1813 1569 1900; baseline -0.003 -20"><span class='ocrx_word' id='word_1_136' title='bbox 235 1817 322 1880; x_wconf 81' lang='lat' dir='ltr'><strong>xime</strong></span> <span class='ocrx_word' id='word_1_137' title='bbox 353 1817 555 1900; x_wconf 89' lang='lat' dir='ltr'><strong>quaerendus</strong></span> <span class='ocrx_word' id='word_1_138' title='bbox 579 1822 663 1889; x_wconf 88' lang='lat' dir='ltr'><strong>erat,</strong></span> <span class='ocrx_word' id='word_1_139' title='bbox 694 1815 832 1898; x_wconf 91' lang='lat' dir='ltr'><strong>primum</strong></span> <span class='ocrx_word' id='word_1_140' title='bbox 857 1815 941 1878; x_wconf 86' lang='lat' dir='ltr'><strong>veui.</strong></span> <span class='ocrx_word' id='word_1_141' title='bbox 986 1814 1070 1878; x_wconf 89' lang='lat' dir='ltr'><strong>Sane</strong></span> <span class='ocrx_word' id='word_1_142' title='bbox 1090 1813 1213 1878; x_wconf 89' lang='lat' dir='ltr'><strong>homini</strong></span> <span class='ocrx_word' id='word_1_143' title='bbox 1234 1821 1362 1898; x_wconf 87' lang='lat' dir='ltr'><strong>praeter</strong></span> <span class='ocrx_word' id='word_1_144' title='bbox 1383 1813 1569 1897; x_wconf 84' lang='lat' dir='ltr'><strong>opinionem</strong></span> 
     </span>
     <span class='ocr_line' id='line_1_16' title="bbox 236 1908 1607 1993; baseline 0.001 -21"><span class='ocrx_word' id='word_1_145' title='bbox 236 1909 412 1993; x_wconf 80' lang='lat' dir='ltr'><strong>improviso</strong></span> <span class='ocrx_word' id='word_1_146' title='bbox 435 1909 544 1974; x_wconf 83' lang='lat' dir='ltr'><strong>incidi.</strong></span> <span class='ocrx_word' id='word_1_147' title='bbox 577 1911 741 1974; x_wconf 81' lang='lat' dir='ltr'><strong>Scrutatus</strong></span> <span class='ocrx_word' id='word_1_148' title='bbox 763 1928 851 1984; x_wconf 87' lang='lat' dir='ltr'><strong>sum,</strong></span> <span class='ocrx_word' id='word_1_149' title='bbox 873 1929 956 1992; x_wconf 84' lang='lat' dir='ltr'><strong>qnae</strong></span> <span class='ocrx_word' id='word_1_150' title='bbox 975 1909 1084 1992; x_wconf 88' lang='lat' dir='ltr'><strong>potui,</strong></span> <span class='ocrx_word' id='word_1_151' title='bbox 1107 1918 1140 1972; x_wconf 90' lang='lat' dir='ltr'><strong>et</strong></span> <span class='ocrx_word' id='word_1_152' title='bbox 1153 1909 1298 1993; x_wconf 81' lang='lat' dir='ltr'><strong>quaesivi</strong></span> <span class='ocrx_word' id='word_1_153' title='bbox 1314 1909 1438 1974; x_wconf 87' lang='lat' dir='ltr'><strong>omnia:</strong></span> <span class='ocrx_word' id='word_1_154' title='bbox 1460 1908 1607 1974; x_wconf 77' lang='lat' dir='ltr'><strong>invenito</strong></span> 
     </span>
     <span class='ocr_line' id='line_1_17' title="bbox 237 2001 1570 2088; baseline -0.003 -18"><span class='ocrx_word' id='word_1_155' title='bbox 237 2005 319 2070; x_wconf 91' lang='lat' dir='ltr'><strong>dnos</strong></span> <span class='ocrx_word' id='word_1_156' title='bbox 341 2003 429 2068; x_wconf 91' lang='lat' dir='ltr'><strong>solos</strong></span> <span class='ocrx_word' id='word_1_157' title='bbox 450 2004 576 2069; x_wconf 90' lang='lat' dir='ltr'><strong>libellos</strong></span> <span class='ocrx_word' id='word_1_158' title='bbox 598 2003 638 2068; x_wconf 92' lang='lat' dir='ltr'><strong>ab</strong></span> <span class='ocrx_word' id='word_1_159' title='bbox 660 2004 696 2066; x_wconf 89' lang='lat' dir='ltr'><strong>L.</strong></span> <span class='ocrx_word' id='word_1_160' title='bbox 720 2002 873 2066; x_wconf 86' lang='lat' dir='ltr'><strong>Canuleio</strong></span> <span class='ocrx_word' id='word_1_161' title='bbox 896 2003 1011 2066; x_wconf 91' lang='lat' dir='ltr'><strong>missos</strong></span> <span class='ocrx_word' id='word_1_162' title='bbox 1033 2003 1129 2067; x_wconf 86' lang='lat' dir='ltr'><strong>sociis</strong></span> <span class='ocrx_word' id='word_1_163' title='bbox 1152 2023 1193 2067; x_wconf 84' lang='lat' dir='ltr'><strong>ex</strong></span> <span class='ocrx_word' id='word_1_164' title='bbox 1213 2010 1309 2087; x_wconf 91' lang='lat' dir='ltr'><strong>portu</strong></span> <span class='ocrx_word' id='word_1_165' title='bbox 1332 2002 1514 2088; x_wconf 81' lang='lat' dir='ltr'><strong>Syracusis:</strong></span> <span class='ocrx_word' id='word_1_166' title='bbox 1535 2001 1570 2066; x_wconf 89' lang='lat' dir='ltr'><strong>in</strong></span> 
     </span>
     <span class='ocr_line' id='line_1_18' title="bbox 237 2094 1570 2184; baseline -0.004 -22"><span class='ocrx_word' id='word_1_167' title='bbox 237 2098 356 2184; x_wconf 89' lang='lat' dir='ltr'><strong>quibus</strong></span> <span class='ocrx_word' id='word_1_168' title='bbox 379 2104 448 2163; x_wconf 83' lang='lat' dir='ltr'><strong>erat</strong></span> <span class='ocrx_word' id='word_1_169' title='bbox 467 2099 547 2162; x_wconf 88' lang='lat' dir='ltr'><strong>ratio</strong></span> <span class='ocrx_word' id='word_1_170' title='bbox 570 2099 689 2180; x_wconf 86' lang='lat' dir='ltr'><strong>seripta</strong></span> <span class='ocrx_word' id='word_1_171' title='bbox 703 2097 862 2160; x_wconf 77' lang='lat' dir='ltr'><strong>mensium</strong></span> <span class='ocrx_word' id='word_1_172' title='bbox 876 2094 1089 2180; x_wconf 86' lang='lat' dir='ltr'><strong>complurium</strong></span> <span class='ocrx_word' id='word_1_173' title='bbox 1103 2115 1210 2160; x_wconf 90' lang='lat' dir='ltr'><strong>rerum</strong></span> <span class='ocrx_word' id='word_1_174' title='bbox 1225 2104 1462 2180; x_wconf 85' lang='lat' dir='ltr'><strong>exportatarum</strong></span> <span class='ocrx_word' id='word_1_175' title='bbox 1476 2094 1570 2158; x_wconf 88' lang='lat' dir='ltr'><strong>istius</strong></span> 
     </span>
     <span class='ocr_line' id='line_1_19' title="bbox 235 2181 1570 2277; baseline -0.002 -20"><span class='ocrx_word' id='word_1_176' title='bbox 235 2191 366 2257; x_wconf 88' lang='lat' dir='ltr'><strong>nomine</strong></span> <span class='ocrx_word' id='word_1_177' title='bbox 388 2191 457 2256; x_wconf 91' lang='lat' dir='ltr'><strong>sine</strong></span> <span class='ocrx_word' id='word_1_178' title='bbox 479 2181 633 2277; x_wconf 80' lang='lat' dir='ltr'><strong>portorio.</strong></span> <span class='ocrx_word' id='word_1_179' title='bbox 668 2193 780 2275; x_wconf 89' lang='lat' dir='ltr'><strong>ltaque</strong></span> <span class='ocrx_word' id='word_1_180' title='bbox 804 2189 969 2274; x_wconf 81' lang='lat' dir='ltr'><strong>obsignavi</strong></span> <span class='ocrx_word' id='word_1_181' title='bbox 992 2191 1109 2254; x_wconf 86' lang='lat' dir='ltr'><strong>statim.</strong></span> <span class='ocrx_word' id='word_1_182' title='bbox 1153 2186 1226 2254; x_wconf 81' lang='grc'><strong>483.</strong></span> <span class='ocrx_word' id='word_1_183' title='bbox 1247 2192 1348 2256; x_wconf 88' lang='lat' dir='ltr'><strong>Erant</strong></span> <span class='ocrx_word' id='word_1_184' title='bbox 1366 2190 1447 2256; x_wconf 84' lang='lat' dir='ltr'><strong>baee</strong></span> <span class='ocrx_word' id='word_1_185' title='bbox 1469 2209 1510 2252; x_wconf 84' lang='lat' dir='ltr'><strong>ex</strong></span> <span class='ocrx_word' id='word_1_186' title='bbox 1531 2209 1570 2254; x_wconf 92' lang='lat' dir='ltr'><strong>eo</strong></span> 
     </span>
     <span class='ocr_line' id='line_1_20' title="bbox 236 2283 1570 2372; baseline -0.002 -22"><span class='ocrx_word' id='word_1_187' title='bbox 236 2306 368 2372; x_wconf 77' lang='lat' dir='ltr'><strong>genere,</strong></span> <span class='ocrx_word' id='word_1_188' title='bbox 392 2287 480 2371; x_wconf 93' lang='lat' dir='ltr'><strong>qnod</strong></span> <span class='ocrx_word' id='word_1_189' title='bbox 501 2306 560 2370; x_wconf 81' lang='lat' dir='ltr'><strong>ego</strong></span> <span class='ocrx_word' id='word_1_190' title='bbox 583 2286 721 2350; x_wconf 84' lang='lat' dir='ltr'><strong>maxime</strong></span> <span class='ocrx_word' id='word_1_191' title='bbox 743 2304 845 2368; x_wconf 80' lang='lat' dir='ltr'><strong>genus</strong></span> <span class='ocrx_word' id='word_1_192' title='bbox 868 2303 909 2348; x_wconf 80' lang='lat' dir='ltr'><strong>ex</strong></span> <span class='ocrx_word' id='word_1_193' title='bbox 924 2284 1086 2348; x_wconf 86' lang='lat' dir='ltr'><strong>sociorum</strong></span> <span class='ocrx_word' id='word_1_194' title='bbox 1100 2283 1215 2350; x_wconf 89' lang='lat' dir='ltr'><strong>litteris</strong></span> <span class='ocrx_word' id='word_1_195' title='bbox 1229 2285 1371 2368; x_wconf 89' lang='lat' dir='ltr'><strong>reperire</strong></span> <span class='ocrx_word' id='word_1_196' title='bbox 1385 2283 1570 2370; x_wconf 70' lang='lat' dir='ltr'><strong>cupiebam</strong></span> 
     </span>
     <span class='ocr_line' id='line_1_21' title="bbox 236 2378 1609 2463; baseline 0.001 -18"><span class='ocrx_word' id='word_1_197' title='bbox 236 2400 347 2446; x_wconf 83' lang='lat' dir='ltr'><strong>rerum</strong></span> <span class='ocrx_word' id='word_1_198' title='bbox 369 2387 492 2444; x_wconf 89' lang='lat' dir='ltr'><strong>tantum</strong></span> <span class='ocrx_word' id='word_1_199' title='bbox 514 2381 638 2456; x_wconf 88' lang='lat' dir='ltr'><strong>iuveni,</strong></span> <span class='ocrx_word' id='word_1_200' title='bbox 661 2380 805 2456; x_wconf 84' lang='lat' dir='ltr'><strong>iudices,</strong></span> <span class='ocrx_word' id='word_1_201' title='bbox 828 2379 915 2463; x_wconf 91' lang='lat' dir='ltr'><strong>quod</strong></span> <span class='ocrx_word' id='word_1_202' title='bbox 938 2379 1023 2462; x_wconf 91' lang='lat' dir='ltr'><strong>apud</strong></span> <span class='ocrx_word' id='word_1_203' title='bbox 1039 2398 1096 2442; x_wconf 84' lang='lat' dir='ltr'><strong>vos</strong></span> <span class='ocrx_word' id='word_1_204' title='bbox 1112 2378 1205 2463; x_wconf 85' lang='lat' dir='ltr'><strong>quasi</strong></span> <span class='ocrx_word' id='word_1_205' title='bbox 1227 2379 1367 2463; x_wconf 85' lang='lat' dir='ltr'><strong>exempli</strong></span> <span class='ocrx_word' id='word_1_206' title='bbox 1382 2398 1479 2442; x_wconf 85' lang='lat' dir='ltr'><strong>eausa</strong></span> <span class='ocrx_word' id='word_1_207' title='bbox 1496 2397 1609 2461; x_wconf 80' lang='lat' dir='ltr'><strong>pro-so</strong></span> 
     </span>
     <span class='ocr_line' id='line_1_22' title="bbox 236 2472 1572 2558; baseline -0.003 -18"><span class='ocrx_word' id='word_1_208' title='bbox 236 2476 319 2540; x_wconf 78' lang='lat' dir='ltr'><strong>serre</strong></span> <span class='ocrx_word' id='word_1_209' title='bbox 341 2494 478 2558; x_wconf 88' lang='lat' dir='ltr'><strong>possem.</strong></span> <span class='ocrx_word' id='word_1_210' title='bbox 512 2474 575 2539; x_wconf 89' lang='lat' dir='ltr'><strong>Sed</strong></span> <span class='ocrx_word' id='word_1_211' title='bbox 597 2481 719 2549; x_wconf 62' lang='lat' dir='ltr'><strong>umen,</strong></span> <span class='ocrx_word' id='word_1_212' title='bbox 742 2472 901 2558; x_wconf 93' lang='lat' dir='ltr'><strong>quidquid</strong></span> <span class='ocrx_word' id='word_1_213' title='bbox 923 2473 984 2537; x_wconf 89' lang='lat' dir='ltr'><strong>erit</strong></span> <span class='ocrx_word' id='word_1_214' title='bbox 1005 2473 1040 2536; x_wconf 90' lang='lat' dir='ltr'><strong>in</strong></span> <span class='ocrx_word' id='word_1_215' title='bbox 1060 2473 1111 2537; x_wconf 92' lang='lat' dir='ltr'><strong>bis</strong></span> <span class='ocrx_word' id='word_1_216' title='bbox 1133 2472 1267 2548; x_wconf 92' lang='lat' dir='ltr'><strong>libellis,</strong></span> <span class='ocrx_word' id='word_1_217' title='bbox 1291 2473 1572 2557; x_wconf 85' lang='lat' dir='ltr'><strong>quantulumcum-</strong></span> 
     </span>
     <span class='ocr_line' id='line_1_23' title="bbox 238 2567 1572 2658; baseline -0.001 -25"><span class='ocrx_word' id='word_1_218' title='bbox 238 2589 303 2658; x_wconf 88' lang='lat' dir='ltr'><strong>que</strong></span> <span class='ocrx_word' id='word_1_219' title='bbox 330 2568 489 2634; x_wconf 86' lang='lat' dir='ltr'><strong>videbitur</strong></span> <span class='ocrx_word' id='word_1_220' title='bbox 518 2589 606 2644; x_wconf 89' lang='lat' dir='ltr'><strong>esse,</strong></span> <span class='ocrx_word' id='word_1_221' title='bbox 636 2569 697 2632; x_wconf 87' lang='lat' dir='ltr'><strong>boe</strong></span> <span class='ocrx_word' id='word_1_222' title='bbox 727 2568 858 2652; x_wconf 88' lang='lat' dir='ltr'><strong>quidem</strong></span> <span class='ocrx_word' id='word_1_223' title='bbox 887 2575 973 2630; x_wconf 86' lang='lat' dir='ltr'><strong>certe</strong></span> <span class='ocrx_word' id='word_1_224' title='bbox 996 2567 1199 2631; x_wconf 84' lang='lat' dir='ltr'><strong>manifestum</strong></span> <span class='ocrx_word' id='word_1_225' title='bbox 1222 2567 1302 2631; x_wconf 85' lang='lat' dir='ltr'><strong>erit:</strong></span> <span class='ocrx_word' id='word_1_226' title='bbox 1332 2568 1372 2632; x_wconf 88' lang='lat' dir='ltr'><strong>de</strong></span> <span class='ocrx_word' id='word_1_227' title='bbox 1395 2567 1509 2632; x_wconf 80' lang='lat' dir='ltr'><strong>ceteris</strong></span> <span class='ocrx_word' id='word_1_228' title='bbox 1531 2586 1572 2632; x_wconf 84' lang='lat' dir='ltr'><strong>ex</strong></span> 
     </span>
     <span class='ocr_line' id='line_1_24' title="bbox 236 2661 1572 2745; baseline -0.001 -19"><span class='ocrx_word' id='word_1_229' title='bbox 236 2663 300 2728; x_wconf 91' lang='lat' dir='ltr'><strong>boo</strong></span> <span class='ocrx_word' id='word_1_230' title='bbox 321 2663 535 2727; x_wconf 82' lang='lat' dir='ltr'><strong>coniecturam</strong></span> <span class='ocrx_word' id='word_1_231' title='bbox 562 2662 667 2726; x_wconf 82' lang='lat' dir='ltr'><strong>faeere</strong></span> <span class='ocrx_word' id='word_1_232' title='bbox 690 2662 856 2726; x_wconf 87' lang='lat' dir='ltr'><strong>debebitis.</strong></span> <span class='ocrx_word' id='word_1_233' title='bbox 900 2661 1010 2726; x_wconf 86' lang='lat' dir='ltr'><strong>lleoita</strong></span> <span class='ocrx_word' id='word_1_234' title='bbox 1031 2661 1126 2738; x_wconf 91' lang='lat' dir='ltr'><strong>mibi,</strong></span> <span class='ocrx_word' id='word_1_235' title='bbox 1157 2680 1297 2745; x_wconf 87' lang='lat' dir='ltr'><strong>quaeso,</strong></span> <span class='ocrx_word' id='word_1_236' title='bbox 1325 2662 1412 2726; x_wconf 83' lang='lat' dir='ltr'><strong>bunc</strong></span> <span class='ocrx_word' id='word_1_237' title='bbox 1433 2661 1572 2745; x_wconf 91' lang='lat' dir='ltr'><strong>primum</strong></span> 
     </span>
     <span class='ocr_line' id='line_1_25' title="bbox 236 2754 1572 2842; baseline -0.001 -20"><span class='ocrx_word' id='word_1_238' title='bbox 236 2756 396 2822; x_wconf 89' lang='lat' dir='ltr'><strong>libellum:</strong></span> <span class='ocrx_word' id='word_1_239' title='bbox 420 2756 535 2820; x_wconf 89' lang='lat' dir='ltr'><strong>deinde</strong></span> <span class='ocrx_word' id='word_1_240' title='bbox 558 2756 650 2820; x_wconf 92' lang='lat' dir='ltr'><strong>illum</strong></span> <span class='ocrx_word' id='word_1_241' title='bbox 671 2757 816 2821; x_wconf 88' lang='lat' dir='ltr'><strong>alterum.</strong></span> <span class='ocrx_word' id='word_1_242' title='bbox 849 2757 982 2820; x_wconf 76' lang='lat' dir='ltr'><strong>Lisennr</strong></span> <span class='ocrx_word' id='word_1_243' title='bbox 1005 2754 1210 2821; x_wconf 79' lang='lat' dir='ltr'><strong>Cassarum.</strong></span> <span class='ocrx_word' id='word_1_244' title='bbox 1241 2758 1313 2820; x_wconf 91' lang='lat' dir='ltr'><strong>Non</strong></span> <span class='ocrx_word' id='word_1_245' title='bbox 1328 2775 1464 2842; x_wconf 85' lang='lat' dir='ltr'><strong>quaero,</strong></span> <span class='ocrx_word' id='word_1_246' title='bbox 1485 2755 1572 2820; x_wconf 89' lang='lat' dir='ltr'><strong>unde</strong></span> 
     </span>
     <span class='ocr_line' id='line_1_26' title="bbox 238 2849 1611 2935; baseline -0.001 -19"><span class='ocrx_word' id='word_1_247' title='bbox 238 2869 314 2916; x_wconf 86' lang='lat' dir='ltr'><strong>cecc</strong></span> <span class='ocrx_word' id='word_1_248' title='bbox 337 2850 509 2934; x_wconf 87' lang='lat' dir='ltr'><strong>ampboras</strong></span> <span class='ocrx_word' id='word_1_249' title='bbox 531 2850 635 2916; x_wconf 89' lang='lat' dir='ltr'><strong>mellis</strong></span> <span class='ocrx_word' id='word_1_250' title='bbox 656 2851 823 2926; x_wconf 85' lang='lat' dir='ltr'><strong>habueris,</strong></span> <span class='ocrx_word' id='word_1_251' title='bbox 850 2851 937 2915; x_wconf 91' lang='lat' dir='ltr'><strong>unde</strong></span> <span class='ocrx_word' id='word_1_252' title='bbox 959 2857 1085 2915; x_wconf 88' lang='lat' dir='ltr'><strong>tantum</strong></span> <span class='ocrx_word' id='word_1_253' title='bbox 1106 2850 1338 2927; x_wconf 84' lang='lat' dir='ltr'><strong>Melitensium,</strong></span> <span class='ocrx_word' id='word_1_254' title='bbox 1366 2851 1455 2916; x_wconf 89' lang='lat' dir='ltr'><strong>unde</strong></span> <span class='ocrx_word' id='word_1_255' title='bbox 1476 2849 1611 2935; x_wconf 65' lang='lat' dir='ltr'><strong>quin-25</strong></span> 
     </span>
    </p>

    <p class='ocr_par' dir='ltr' id='par_1_3' title="bbox 191 2943 1573 3311">
     <span class='ocr_line' id='line_1_27' title="bbox 191 2943 1573 3031; baseline 0.001 -23"><span class='ocrx_word' id='word_1_256' title='bbox 191 2967 197 2976; x_wconf 93' lang='lat'><strong>·</strong></span> <span class='ocrx_word' id='word_1_257' title='bbox 237 2944 391 3031; x_wconf 79' lang='lat' dir='ltr'><strong>quaginta</strong></span> <span class='ocrx_word' id='word_1_258' title='bbox 417 2943 629 3008; x_wconf 83' lang='lat' dir='ltr'><strong>tricliniorum</strong></span> <span class='ocrx_word' id='word_1_259' title='bbox 655 2944 769 3020; x_wconf 85' lang='lat' dir='ltr'><strong>lectos,</strong></span> <span class='ocrx_word' id='word_1_260' title='bbox 798 2946 885 3010; x_wconf 91' lang='lat' dir='ltr'><strong>unde</strong></span> <span class='ocrx_word' id='word_1_261' title='bbox 913 2953 960 3010; x_wconf 91' lang='lat' dir='ltr'><strong>tot</strong></span> <span class='ocrx_word' id='word_1_262' title='bbox 982 2945 1187 3010; x_wconf 87' lang='lat' dir='ltr'><strong>candelabra:</strong></span> <span class='ocrx_word' id='word_1_263' title='bbox 1216 2965 1299 3022; x_wconf 89' lang='lat' dir='ltr'><strong>nou,</strong></span> <span class='ocrx_word' id='word_1_264' title='bbox 1328 2946 1479 3031; x_wconf 90' lang='lat' dir='ltr'><strong>inquam,</strong></span> <span class='ocrx_word' id='word_1_265' title='bbox 1507 2945 1573 3010; x_wconf 84' lang='lat' dir='ltr'><strong>iam</strong></span> 
     </span>
     <span class='ocr_line' id='line_1_28' title="bbox 238 3039 1573 3126; baseline 0.001 -23"><span class='ocrx_word' id='word_1_266' title='bbox 238 3059 376 3124; x_wconf 86' lang='lat' dir='ltr'><strong>quaero,</strong></span> <span class='ocrx_word' id='word_1_267' title='bbox 397 3039 483 3102; x_wconf 90' lang='lat' dir='ltr'><strong>unde</strong></span> <span class='ocrx_word' id='word_1_268' title='bbox 507 3039 587 3102; x_wconf 85' lang='lat' dir='ltr'><strong>baec</strong></span> <span class='ocrx_word' id='word_1_269' title='bbox 608 3039 774 3115; x_wconf 88' lang='lat' dir='ltr'><strong>habueris,</strong></span> <span class='ocrx_word' id='word_1_270' title='bbox 796 3040 853 3104; x_wconf 92' lang='lat' dir='ltr'><strong>sed</strong></span> <span class='ocrx_word' id='word_1_271' title='bbox 870 3059 935 3124; x_wconf 93' lang='lat' dir='ltr'><strong>quo</strong></span> <span class='ocrx_word' id='word_1_272' title='bbox 951 3047 1074 3104; x_wconf 89' lang='lat' dir='ltr'><strong>tantum</strong></span> <span class='ocrx_word' id='word_1_273' title='bbox 1089 3040 1147 3104; x_wconf 92' lang='lat' dir='ltr'><strong>tibi</strong></span> <span class='ocrx_word' id='word_1_274' title='bbox 1163 3059 1244 3126; x_wconf 93' lang='lat' dir='ltr'><strong>opus</strong></span> <span class='ocrx_word' id='word_1_275' title='bbox 1258 3039 1369 3116; x_wconf 84' lang='lat' dir='ltr'><strong>luerit,</strong></span> <span class='ocrx_word' id='word_1_276' title='bbox 1391 3040 1425 3104; x_wconf 90' lang='lat' dir='ltr'><strong>id</strong></span> <span class='ocrx_word' id='word_1_277' title='bbox 1441 3060 1573 3126; x_wconf 86' lang='lat' dir='ltr'><strong>quaero.</strong></span> 
     </span>
     <span class='ocr_line' id='line_1_29' title="bbox 238 3132 1573 3218; baseline 0.001 -20"><span class='ocrx_word' id='word_1_278' title='bbox 238 3133 359 3198; x_wconf 89' lang='lat' dir='ltr'><strong>Omitto</strong></span> <span class='ocrx_word' id='word_1_279' title='bbox 382 3133 422 3196; x_wconf 92' lang='lat' dir='ltr'><strong>de</strong></span> <span class='ocrx_word' id='word_1_280' title='bbox 444 3132 555 3197; x_wconf 88' lang='lat' dir='ltr'><strong>melle:</strong></span> <span class='ocrx_word' id='word_1_281' title='bbox 578 3132 635 3196; x_wconf 90' lang='lat' dir='ltr'><strong>sed</strong></span> <span class='ocrx_word' id='word_1_282' title='bbox 657 3139 779 3196; x_wconf 86' lang='lat' dir='ltr'><strong>tantum</strong></span> <span class='ocrx_word' id='word_1_283' title='bbox 801 3133 1041 3197; x_wconf 71' lang='lat' dir='ltr'><strong>Montanorum</strong></span> <span class='ocrx_word' id='word_1_284' title='bbox 1065 3134 1157 3218; x_wconf 81' lang='lat' dir='ltr'><strong>quasi</strong></span> <span class='ocrx_word' id='word_1_285' title='bbox 1179 3134 1276 3198; x_wconf 90' lang='lat' dir='ltr'><strong>etiam</strong></span> <span class='ocrx_word' id='word_1_286' title='bbox 1296 3135 1471 3199; x_wconf 81' lang='lat' dir='ltr'><strong>amicorum</strong></span> <span class='ocrx_word' id='word_1_287' title='bbox 1491 3153 1573 3200; x_wconf 87' lang='lat' dir='ltr'><strong>uxo·</strong></span> 
     </span>
     <span class='ocr_line' id='line_1_30' title="bbox 237 3227 1519 3311; baseline -0.002 -19"><span class='ocrx_word' id='word_1_288' title='bbox 237 3247 308 3292; x_wconf 89' lang='lat' dir='ltr'><strong>res:</strong></span> <span class='ocrx_word' id='word_1_289' title='bbox 331 3232 454 3291; x_wconf 87' lang='lat' dir='ltr'><strong>tautum</strong></span> <span class='ocrx_word' id='word_1_290' title='bbox 476 3227 655 3290; x_wconf 74' lang='lat' dir='ltr'><strong>lectorum?</strong></span> <span class='ocrx_word' id='word_1_291' title='bbox 677 3227 770 3311; x_wconf 90' lang='lat' dir='ltr'><strong>quasi</strong></span> <span class='ocrx_word' id='word_1_292' title='bbox 793 3227 935 3291; x_wconf 92' lang='lat' dir='ltr'><strong>omnium</strong></span> <span class='ocrx_word' id='word_1_293' title='bbox 957 3227 1092 3292; x_wconf 90' lang='lat' dir='ltr'><strong>istorum</strong></span> <span class='ocrx_word' id='word_1_294' title='bbox 1113 3227 1207 3291; x_wconf 82' lang='lat' dir='ltr'><strong>villas</strong></span> <span class='ocrx_word' id='word_1_295' title='bbox 1229 3235 1400 3293; x_wconf 89' lang='lat' dir='ltr'><strong>ornaturus</strong></span> <span class='ocrx_word' id='word_1_296' title='bbox 1422 3247 1519 3292; x_wconf 86' lang='lat' dir='ltr'><strong>esses.</strong></span> 
     </span>
    </p>

    <p class='ocr_par' dir='ltr' id='par_1_4' title="bbox 200 3315 1610 3876">
     <span class='ocr_line' id='line_1_31' title="bbox 200 3315 1610 3404; baseline 0.002 -20"><span class='ocrx_word' id='word_1_297' title='bbox 200 3333 206 3341; x_wconf 86' lang='lat'><em>&#39;</em></span> <span class='ocrx_word' id='word_1_298' title='bbox 321 3321 449 3384; x_wconf 84' lang='lat' dir='ltr'><strong>LXXV.</strong></span> <span class='ocrx_word' id='word_1_299' title='bbox 472 3315 544 3383; x_wconf 85' lang='grc'><strong>484.</strong></span> <span class='ocrx_word' id='word_1_300' title='bbox 573 3321 615 3386; x_wconf 80' lang='lat' dir='ltr'><strong>Et</strong></span> <span class='ocrx_word' id='word_1_301' title='bbox 642 3342 715 3384; x_wconf 91' lang='lat' dir='ltr'><strong>oum</strong></span> <span class='ocrx_word' id='word_1_302' title='bbox 744 3321 824 3384; x_wconf 85' lang='lat' dir='ltr'><strong>baec</strong></span> <span class='ocrx_word' id='word_1_303' title='bbox 846 3341 1022 3404; x_wconf 84' lang='lat' dir='ltr'><strong>paucorum</strong></span> <span class='ocrx_word' id='word_1_304' title='bbox 1044 3321 1202 3385; x_wconf 92' lang='lat' dir='ltr'><strong>mensium</strong></span> <span class='ocrx_word' id='word_1_305' title='bbox 1222 3322 1305 3386; x_wconf 84' lang='lat' dir='ltr'><strong>ratio</strong></span> <span class='ocrx_word' id='word_1_306' title='bbox 1326 3323 1361 3385; x_wconf 92' lang='lat' dir='ltr'><strong>in</strong></span> <span class='ocrx_word' id='word_1_307' title='bbox 1381 3322 1432 3386; x_wconf 91' lang='lat' dir='ltr'><strong>bis</strong></span> <span class='ocrx_word' id='word_1_308' title='bbox 1453 3321 1610 3396; x_wconf 81' lang='lat' dir='ltr'><strong>libellisso</strong></span> 
     </span>
     <span class='ocr_line' id='line_1_32' title="bbox 238 3412 1573 3492; baseline 0 -10"><span class='ocrx_word' id='word_1_309' title='bbox 238 3417 298 3492; x_wconf 91' lang='lat' dir='ltr'><strong>sit,</strong></span> <span class='ocrx_word' id='word_1_310' title='bbox 319 3412 432 3489; x_wconf 78' lang='lat' dir='ltr'><strong>facite,</strong></span> <span class='ocrx_word' id='word_1_311' title='bbox 454 3421 491 3478; x_wconf 87' lang='lat' dir='ltr'><strong>ut</strong></span> <span class='ocrx_word' id='word_1_312' title='bbox 511 3413 603 3478; x_wconf 85' lang='lat' dir='ltr'><strong>robis</strong></span> <span class='ocrx_word' id='word_1_313' title='bbox 624 3415 754 3479; x_wconf 89' lang='lat' dir='ltr'><strong>triennii</strong></span> <span class='ocrx_word' id='word_1_314' title='bbox 776 3415 875 3479; x_wconf 90' lang='lat' dir='ltr'><strong>totius</strong></span> <span class='ocrx_word' id='word_1_315' title='bbox 897 3415 1006 3479; x_wconf 86' lang='lat' dir='ltr'><strong>veniat</strong></span> <span class='ocrx_word' id='word_1_316' title='bbox 1027 3414 1060 3478; x_wconf 93' lang='lat' dir='ltr'><strong>in</strong></span> <span class='ocrx_word' id='word_1_317' title='bbox 1082 3423 1231 3480; x_wconf 89' lang='lat' dir='ltr'><strong>mentem.</strong></span> <span class='ocrx_word' id='word_1_318' title='bbox 1262 3415 1316 3480; x_wconf 85' lang='lat' dir='ltr'><strong>Sic</strong></span> <span class='ocrx_word' id='word_1_319' title='bbox 1330 3414 1509 3481; x_wconf 81' lang='lat' dir='ltr'><strong>contendo:</strong></span> <span class='ocrx_word' id='word_1_320' title='bbox 1532 3436 1573 3482; x_wconf 84' lang='lat' dir='ltr'><strong>ex</strong></span> 
     </span>
     <span class='ocr_line' id='line_1_33' title="bbox 237 3508 1574 3596; baseline 0 -22"><span class='ocrx_word' id='word_1_321' title='bbox 237 3511 288 3574; x_wconf 94' lang='lat' dir='ltr'><strong>bis</strong></span> <span class='ocrx_word' id='word_1_322' title='bbox 309 3509 417 3593; x_wconf 84' lang='lat' dir='ltr'><strong>parvis</strong></span> <span class='ocrx_word' id='word_1_323' title='bbox 439 3509 556 3573; x_wconf 92' lang='lat' dir='ltr'><strong>libellis</strong></span> <span class='ocrx_word' id='word_1_324' title='bbox 577 3508 664 3592; x_wconf 89' lang='lat' dir='ltr'><strong>apud</strong></span> <span class='ocrx_word' id='word_1_325' title='bbox 685 3530 785 3573; x_wconf 89' lang='lat' dir='ltr'><strong>uuum</strong></span> <span class='ocrx_word' id='word_1_326' title='bbox 807 3509 994 3593; x_wconf 79' lang='lat' dir='ltr'><strong>magistrum</strong></span> <span class='ocrx_word' id='word_1_327' title='bbox 1017 3510 1180 3574; x_wconf 81' lang='lat' dir='ltr'><strong>societatis</strong></span> <span class='ocrx_word' id='word_1_328' title='bbox 1195 3509 1330 3596; x_wconf 89' lang='lat' dir='ltr'><strong>repertis</strong></span> <span class='ocrx_word' id='word_1_329' title='bbox 1344 3530 1402 3574; x_wconf 82' lang='lat' dir='ltr'><strong>ros</strong></span> <span class='ocrx_word' id='word_1_330' title='bbox 1417 3510 1481 3574; x_wconf 86' lang='lat' dir='ltr'><strong>iam</strong></span> <span class='ocrx_word' id='word_1_331' title='bbox 1496 3531 1574 3576; x_wconf 86' lang='lat' dir='ltr'><strong>eon·</strong></span> 
     </span>
     <span class='ocr_line' id='line_1_34' title="bbox 238 3602 1573 3689; baseline 0.001 -21"><span class='ocrx_word' id='word_1_332' title='bbox 238 3606 359 3668; x_wconf 88' lang='lat' dir='ltr'><strong>ieotura</strong></span> <span class='ocrx_word' id='word_1_333' title='bbox 380 3602 508 3687; x_wconf 89' lang='lat' dir='ltr'><strong>assequi</strong></span> <span class='ocrx_word' id='word_1_334' title='bbox 537 3623 650 3687; x_wconf 91' lang='lat' dir='ltr'><strong>posse,</strong></span> <span class='ocrx_word' id='word_1_335' title='bbox 681 3604 772 3668; x_wconf 88' lang='lat' dir='ltr'><strong>ouius</strong></span> <span class='ocrx_word' id='word_1_336' title='bbox 801 3604 885 3667; x_wconf 92' lang='lat' dir='ltr'><strong>modi</strong></span> <span class='ocrx_word' id='word_1_337' title='bbox 915 3604 1035 3687; x_wconf 91' lang='lat' dir='ltr'><strong>praedo</strong></span> <span class='ocrx_word' id='word_1_338' title='bbox 1057 3604 1117 3668; x_wconf 93' lang='lat' dir='ltr'><strong>iste</strong></span> <span class='ocrx_word' id='word_1_339' title='bbox 1146 3604 1180 3668; x_wconf 92' lang='lat' dir='ltr'><strong>in</strong></span> <span class='ocrx_word' id='word_1_340' title='bbox 1202 3603 1258 3669; x_wconf 90' lang='lat' dir='ltr'><strong>illa</strong></span> <span class='ocrx_word' id='word_1_341' title='bbox 1279 3605 1445 3689; x_wconf 82' lang='lat' dir='ltr'><strong>provincia</strong></span> <span class='ocrx_word' id='word_1_342' title='bbox 1465 3605 1573 3683; x_wconf 83' lang='lat' dir='ltr'><strong>inerit,</strong></span> 
     </span>
     <span class='ocr_line' id='line_1_35' title="bbox 239 3695 1573 3783; baseline 0 -21"><span class='ocrx_word' id='word_1_343' title='bbox 239 3718 335 3783; x_wconf 83' lang='lat' dir='ltr'><strong>qnam</strong></span> <span class='ocrx_word' id='word_1_344' title='bbox 357 3697 474 3762; x_wconf 89' lang='lat' dir='ltr'><strong>multas</strong></span> <span class='ocrx_word' id='word_1_345' title='bbox 495 3697 703 3781; x_wconf 86' lang='lat' dir='ltr'><strong>cupiditates,</strong></span> <span class='ocrx_word' id='word_1_346' title='bbox 734 3718 830 3782; x_wconf 91' lang='lat' dir='ltr'><strong>quam</strong></span> <span class='ocrx_word' id='word_1_347' title='bbox 852 3698 974 3774; x_wconf 85' lang='lat' dir='ltr'><strong>varias,</strong></span> <span class='ocrx_word' id='word_1_348' title='bbox 1003 3717 1100 3782; x_wconf 86' lang='lat' dir='ltr'><strong>quam</strong></span> <span class='ocrx_word' id='word_1_349' title='bbox 1121 3695 1263 3762; x_wconf 85' lang='lat' dir='ltr'><strong>infinitas</strong></span> <span class='ocrx_word' id='word_1_350' title='bbox 1285 3698 1449 3775; x_wconf 85' lang='lat' dir='ltr'><strong>babuerit,</strong></span> <span class='ocrx_word' id='word_1_351' title='bbox 1472 3718 1573 3783; x_wconf 90' lang='lat' dir='ltr'><strong>quan·</strong></span> 
     </span>
     <span class='ocr_line' id='line_1_36' title="bbox 238 3791 1610 3876; baseline 0 -18"><span class='ocrx_word' id='word_1_352' title='bbox 238 3800 303 3858; x_wconf 85' lang='lat' dir='ltr'><strong>tem</strong></span> <span class='ocrx_word' id='word_1_353' title='bbox 324 3791 493 3876; x_wconf 86' lang='lat' dir='ltr'><strong>pecuniam</strong></span> <span class='ocrx_word' id='word_1_354' title='bbox 515 3811 582 3855; x_wconf 92' lang='lat' dir='ltr'><strong>non</strong></span> <span class='ocrx_word' id='word_1_355' title='bbox 602 3791 707 3855; x_wconf 93' lang='lat' dir='ltr'><strong>solum</strong></span> <span class='ocrx_word' id='word_1_356' title='bbox 729 3800 942 3868; x_wconf 88' lang='lat' dir='ltr'><strong>numeratam,</strong></span> <span class='ocrx_word' id='word_1_357' title='bbox 971 3812 1082 3856; x_wconf 80' lang='lat' dir='ltr'><strong>serum</strong></span> <span class='ocrx_word' id='word_1_358' title='bbox 1105 3791 1201 3870; x_wconf 85' lang='lat' dir='ltr'><strong>etiam</strong></span> <span class='ocrx_word' id='word_1_359' title='bbox 1222 3791 1445 3857; x_wconf 81' lang='lat' dir='ltr'><strong>huiuscemodi</strong></span> <span class='ocrx_word' id='word_1_360' title='bbox 1466 3793 1502 3857; x_wconf 91' lang='lat' dir='ltr'><strong>in</strong></span> <span class='ocrx_word' id='word_1_361' title='bbox 1522 3813 1610 3870; x_wconf 72' lang='lat' dir='ltr'><strong>reos</strong></span> 
     </span>
    </p>
   </div>
   <div class='ocr_carea' id='block_1_3' title="bbox 234 4012 1613 5210">
    <p class='ocr_par' dir='ltr' id='par_1_5' title="bbox 234 4012 1613 5210">
     <span class='ocr_line' id='line_1_37' title="bbox 302 4012 1570 4079; baseline 0.002 -14"><span class='ocrx_word' id='word_1_362' title='bbox 302 4015 327 4065; x_wconf 85' lang='lat' dir='ltr'><strong>s.</strong></span> <span class='ocrx_word' id='word_1_363' title='bbox 346 4024 463 4078; x_wconf 77' lang='lat' dir='ltr'><strong>ooqooass</strong></span> <span class='ocrx_word' id='word_1_364' title='bbox 478 4013 620 4077; x_wconf 67' lang='lat' dir='ltr'><strong>egaeae:</strong></span> <span class='ocrx_word' id='word_1_365' title='bbox 640 4025 786 4078; x_wconf 68' lang='lat' dir='ltr'><strong>oofflsoxers</strong></span> <span class='ocrx_word' id='word_1_366' title='bbox 802 4012 871 4078; x_wconf 76' lang='lat' dir='ltr'><strong>egle</strong></span> <span class='ocrx_word' id='word_1_367' title='bbox 888 4026 916 4079; x_wconf 89' lang='lat' dir='ltr'><strong>p.</strong></span> <span class='ocrx_word' id='word_1_368' title='bbox 934 4027 988 4074; x_wconf 85' lang='lat' dir='ltr'><strong>m.;</strong></span> <span class='ocrx_word' id='word_1_369' title='bbox 1006 4014 1148 4079; x_wconf 73' lang='lat' dir='ltr'><strong>eopoootsse</strong></span> <span class='ocrx_word' id='word_1_370' title='bbox 1163 4013 1213 4064; x_wconf 88' lang='lat' dir='ltr'><strong>dtt.</strong></span> <span class='ocrx_word' id='word_1_371' title='bbox 1226 4014 1256 4065; x_wconf 92' lang='lat'><strong>0.</strong></span> <span class='ocrx_word' id='word_1_372' title='bbox 1272 4039 1301 4052; x_wconf 97' lang='lat'>-</span> <span class='ocrx_word' id='word_1_373' title='bbox 1320 4013 1346 4065; x_wconf 78' lang='grc'><strong>’4.</strong></span> <span class='ocrx_word' id='word_1_374' title='bbox 1363 4027 1452 4066; x_wconf 78' lang='lat' dir='ltr'><strong>eorsoo</strong></span> <span class='ocrx_word' id='word_1_375' title='bbox 1466 4015 1497 4069; x_wconf 80' lang='lat' dir='ltr'><strong>t:</strong></span> <span class='ocrx_word' id='word_1_376' title='bbox 1516 4029 1570 4070; x_wconf 88' lang='lat' dir='ltr'><strong>om.</strong></span> 
     </span>
     <span class='ocr_line' id='line_1_38' title="bbox 238 4087 1570 4152; baseline 0.002 -12"><span class='ocrx_word' id='word_1_377' title='bbox 238 4088 334 4140; x_wconf 81' lang='lat' dir='ltr'><strong>dito.</strong></span> <span class='ocrx_word' id='word_1_378' title='bbox 356 4117 384 4126; x_wconf 98' lang='lat'><em>-</em></span> <span class='ocrx_word' id='word_1_379' title='bbox 407 4087 432 4139; x_wconf 88' lang='lat'><strong>8.</strong></span> <span class='ocrx_word' id='word_1_380' title='bbox 455 4087 629 4152; x_wconf 64' lang='lat' dir='ltr'><strong>magian:</strong></span> <span class='ocrx_word' id='word_1_381' title='bbox 657 4090 754 4140; x_wconf 77' lang='lat' dir='ltr'><strong>eosdem</strong></span> <span class='ocrx_word' id='word_1_382' title='bbox 776 4089 822 4140; x_wconf 90' lang='lat' dir='ltr'><strong>ctt.</strong></span> <span class='ocrx_word' id='word_1_383' title='bbox 841 4089 871 4140; x_wconf 91' lang='lat'><strong>0.</strong></span> <span class='ocrx_word' id='word_1_384' title='bbox 897 4115 925 4124; x_wconf 96' lang='lat'>—</span> <span class='ocrx_word' id='word_1_385' title='bbox 951 4089 976 4139; x_wconf 82' lang='grc'><strong>9.</strong></span> <span class='ocrx_word' id='word_1_386' title='bbox 1000 4088 1067 4139; x_wconf 75' lang='lat' dir='ltr'><strong>tiliae</strong></span> <span class='ocrx_word' id='word_1_387' title='bbox 1086 4089 1149 4152; x_wconf 76' lang='lat' dir='ltr'><strong>ng.</strong></span> <span class='ocrx_word' id='word_1_388' title='bbox 1168 4100 1263 4140; x_wconf 88' lang='lat' dir='ltr'><strong>omnes</strong></span> <span class='ocrx_word' id='word_1_389' title='bbox 1279 4089 1349 4140; x_wconf 78' lang='lat' dir='ltr'><strong>le:</strong></span> <span class='ocrx_word' id='word_1_390' title='bbox 1373 4090 1521 4144; x_wconf 69' lang='grc' dir='ltr'><strong>444444Νο.</strong></span> <span class='ocrx_word' id='word_1_391' title='bbox 1541 4118 1570 4130; x_wconf 89' lang='grc'><strong>-</strong></span> 
     </span>
     <span class='ocr_line' id='line_1_39' title="bbox 238 4163 1573 4234; baseline 0.004 -20"><span class='ocrx_word' id='word_1_392' title='bbox 238 4165 306 4229; x_wconf 79' lang='lat' dir='ltr'><strong>opud</strong></span> <span class='ocrx_word' id='word_1_393' title='bbox 321 4163 472 4229; x_wconf 78' lang='lat' dir='ltr'><strong>Lglthp:</strong></span> <span class='ocrx_word' id='word_1_394' title='bbox 496 4168 520 4214; x_wconf 82' lang='lat' dir='ltr'><strong>et</strong></span> <span class='ocrx_word' id='word_1_395' title='bbox 535 4164 605 4226; x_wconf 79' lang='lat' dir='ltr'><strong>epod</strong></span> <span class='ocrx_word' id='word_1_396' title='bbox 620 4163 765 4228; x_wconf 72' lang='lat' dir='ltr'><strong>L329A133</strong></span> <span class='ocrx_word' id='word_1_397' title='bbox 791 4163 906 4234; x_wconf 67' lang='lat' dir='ltr'><strong>apud-7</strong></span> <span class='ocrx_word' id='word_1_398' title='bbox 916 4163 1020 4226; x_wconf 71' lang='grc'><strong>1444444444</strong></span> <span class='ocrx_word' id='word_1_399' title='bbox 1037 4175 1090 4215; x_wconf 91' lang='lat' dir='ltr'><strong>om.</strong></span> <span class='ocrx_word' id='word_1_400' title='bbox 1110 4164 1159 4214; x_wconf 88' lang='lat' dir='ltr'><strong>dtt.</strong></span> <span class='ocrx_word' id='word_1_401' title='bbox 1179 4191 1207 4202; x_wconf 94' lang='lat'>-</span> <span class='ocrx_word' id='word_1_402' title='bbox 1234 4163 1275 4214; x_wconf 88' lang='grc'><strong>42,</strong></span> <span class='ocrx_word' id='word_1_403' title='bbox 1295 4163 1400 4229; x_wconf 77' lang='lat' dir='ltr'><strong>Vibium]</strong></span> <span class='ocrx_word' id='word_1_404' title='bbox 1422 4166 1514 4218; x_wconf 73' lang='lat' dir='ltr'><strong>lolius</strong></span> <span class='ocrx_word' id='word_1_405' title='bbox 1529 4165 1573 4220; x_wconf 87' lang='lat' dir='ltr'><strong>vel</strong></span> 
     </span>
     <span class='ocr_line' id='line_1_40' title="bbox 240 4236 1571 4305; baseline 0.002 -13"><span class='ocrx_word' id='word_1_406' title='bbox 240 4240 331 4292; x_wconf 81' lang='lat' dir='ltr'><strong>villum</strong></span> <span class='ocrx_word' id='word_1_407' title='bbox 346 4239 433 4304; x_wconf 73' lang='lat' dir='ltr'><strong>Lglt;</strong></span> <span class='ocrx_word' id='word_1_408' title='bbox 450 4237 549 4290; x_wconf 69' lang='lat' dir='ltr'><strong>ludim</strong></span> <span class='ocrx_word' id='word_1_409' title='bbox 566 4239 635 4304; x_wconf 73' lang='lat' dir='ltr'><strong>thtt</strong></span> <span class='ocrx_word' id='word_1_410' title='bbox 652 4237 685 4290; x_wconf 91' lang='lat' dir='ltr'><strong>sl.</strong></span> <span class='ocrx_word' id='word_1_411' title='bbox 699 4239 749 4290; x_wconf 84' lang='lat' dir='ltr'><strong>dti.</strong></span> <span class='ocrx_word' id='word_1_412' title='bbox 763 4265 792 4276; x_wconf 95' lang='lat'>-</span> <span class='ocrx_word' id='word_1_413' title='bbox 812 4236 852 4288; x_wconf 85' lang='grc'><strong>43.</strong></span> <span class='ocrx_word' id='word_1_414' title='bbox 871 4250 943 4300; x_wconf 70' lang='lat' dir='ltr'><strong>queo</strong></span> <span class='ocrx_word' id='word_1_415' title='bbox 959 4237 1114 4289; x_wconf 64' lang='lat' dir='ltr'><strong>maenubam</strong></span> <span class='ocrx_word' id='word_1_416' title='bbox 1131 4237 1164 4290; x_wconf 86' lang='lat' dir='ltr'><strong>bt.</strong></span> <span class='ocrx_word' id='word_1_417' title='bbox 1179 4265 1208 4276; x_wconf 93' lang='lat'>-</span> <span class='ocrx_word' id='word_1_418' title='bbox 1225 4237 1404 4303; x_wconf 63' lang='lat' dir='ltr'><strong>maalmam</strong></span> <span class='ocrx_word' id='word_1_419' title='bbox 1419 4239 1571 4305; x_wconf 67' lang='lat' dir='ltr'><strong>botru.-</strong></span> 
     </span>
     <span class='ocr_line' id='line_1_41' title="bbox 238 4311 1573 4380; baseline 0.001 -12"><span class='ocrx_word' id='word_1_420' title='bbox 238 4317 278 4368; x_wconf 75' lang='lat' dir='ltr'><strong>tb.</strong></span> <span class='ocrx_word' id='word_1_421' title='bbox 295 4321 320 4367; x_wconf 87' lang='lat' dir='ltr'><strong>et</strong></span> <span class='ocrx_word' id='word_1_422' title='bbox 335 4328 401 4380; x_wconf 80' lang='lat' dir='ltr'><strong>quoe</strong></span> <span class='ocrx_word' id='word_1_423' title='bbox 415 4315 468 4366; x_wconf 85' lang='lat' dir='ltr'><strong>eidi</strong></span> <span class='ocrx_word' id='word_1_424' title='bbox 484 4315 570 4366; x_wconf 82' lang='lat' dir='ltr'><strong>emoto</strong></span> <span class='ocrx_word' id='word_1_425' title='bbox 585 4313 655 4378; x_wconf 76' lang='lat' dir='ltr'><strong>Lgli</strong></span> <span class='ocrx_word' id='word_1_426' title='bbox 672 4327 699 4379; x_wconf 90' lang='lat' dir='ltr'><strong>p.</strong></span> <span class='ocrx_word' id='word_1_427' title='bbox 717 4328 754 4365; x_wconf 90' lang='lat' dir='ltr'><strong>m.</strong></span> <span class='ocrx_word' id='word_1_428' title='bbox 776 4339 803 4350; x_wconf 89' lang='lat'><em>-</em></span> <span class='ocrx_word' id='word_1_429' title='bbox 830 4313 871 4364; x_wconf 84' lang='grc'><strong>47.</strong></span> <span class='ocrx_word' id='word_1_430' title='bbox 888 4314 984 4376; x_wconf 71' lang='lat' dir='ltr'><strong>saepto</strong></span> <span class='ocrx_word' id='word_1_431' title='bbox 998 4313 1067 4364; x_wconf 84' lang='lat' dir='ltr'><strong>ratio</strong></span> <span class='ocrx_word' id='word_1_432' title='bbox 1083 4311 1152 4377; x_wconf 72' lang='lat' dir='ltr'><strong>Lgii</strong></span> <span class='ocrx_word' id='word_1_433' title='bbox 1168 4314 1197 4364; x_wconf 86' lang='lat' dir='ltr'><strong>B.</strong></span> <span class='ocrx_word' id='word_1_434' title='bbox 1221 4339 1248 4350; x_wconf 96' lang='lat'><em>-</em></span> <span class='ocrx_word' id='word_1_435' title='bbox 1266 4313 1389 4365; x_wconf 69' lang='grc'><strong>4444444444</strong></span> <span class='ocrx_word' id='word_1_436' title='bbox 1404 4315 1486 4380; x_wconf 66' lang='lat' dir='ltr'><strong>Lali:</strong></span> <span class='ocrx_word' id='word_1_437' title='bbox 1504 4329 1573 4368; x_wconf 83' lang='lat' dir='ltr'><strong>meo·</strong></span> 
     </span>
     <span class='ocr_line' id='line_1_42' title="bbox 234 4387 1570 4457; baseline 0.001 -15"><span class='ocrx_word' id='word_1_438' title='bbox 234 4403 310 4442; x_wconf 71' lang='lat' dir='ltr'><strong>meso</strong></span> <span class='ocrx_word' id='word_1_439' title='bbox 323 4392 347 4442; x_wconf 76' lang='lat' dir='ltr'>A</span> <span class='ocrx_word' id='word_1_440' title='bbox 362 4390 448 4455; x_wconf 63' lang='lat' dir='ltr'><strong>betti,</strong></span> <span class='ocrx_word' id='word_1_441' title='bbox 474 4403 587 4442; x_wconf 76' lang='lat' dir='ltr'><strong>messum</strong></span> <span class='ocrx_word' id='word_1_442' title='bbox 603 4390 684 4441; x_wconf 85' lang='lat' dir='ltr'><strong>BFbt</strong></span> <span class='ocrx_word' id='word_1_443' title='bbox 701 4388 758 4440; x_wconf 88' lang='lat' dir='ltr'><strong>rell.</strong></span> <span class='ocrx_word' id='word_1_444' title='bbox 785 4387 824 4440; x_wconf 87' lang='lat' dir='ltr'><strong>ct.</strong></span> <span class='ocrx_word' id='word_1_445' title='bbox 842 4389 946 4454; x_wconf 86' lang='lat' dir='ltr'><strong>Zumpt.</strong></span> <span class='ocrx_word' id='word_1_446' title='bbox 964 4388 1000 4440; x_wconf 90' lang='lat' dir='ltr'><strong>ad</strong></span> <span class='ocrx_word' id='word_1_447' title='bbox 1016 4389 1043 4441; x_wconf 92' lang='lat' dir='ltr'><strong>b.</strong></span> <span class='ocrx_word' id='word_1_448' title='bbox 1062 4387 1080 4440; x_wconf 94' lang='lat' dir='ltr'><strong>l.</strong></span> <span class='ocrx_word' id='word_1_449' title='bbox 1110 4416 1137 4426; x_wconf 92' lang='lat'>-</span> <span class='ocrx_word' id='word_1_450' title='bbox 1164 4388 1205 4440; x_wconf 89' lang='grc'><strong>48.</strong></span> <span class='ocrx_word' id='word_1_451' title='bbox 1229 4393 1303 4440; x_wconf 67' lang='lat' dir='ltr'><strong>anot</strong></span> <span class='ocrx_word' id='word_1_452' title='bbox 1317 4387 1379 4440; x_wconf 79' lang='lat' dir='ltr'><strong>iseo</strong></span> <span class='ocrx_word' id='word_1_453' title='bbox 1395 4403 1429 4441; x_wconf 78' lang='lat' dir='ltr'><strong>eo</strong></span> <span class='ocrx_word' id='word_1_454' title='bbox 1444 4391 1528 4442; x_wconf 77' lang='lat' dir='ltr'><strong>eodan</strong></span> <span class='ocrx_word' id='word_1_455' title='bbox 1543 4405 1570 4457; x_wconf 75' lang='lat' dir='ltr'><strong>q.</strong></span> 
     </span>
     <span class='ocr_line' id='line_1_43' title="bbox 236 4464 1572 4532; baseline 0.001 -14"><span class='ocrx_word' id='word_1_456' title='bbox 236 4465 383 4532; x_wconf 55' lang='lat' dir='ltr'><strong>Lgitllh</strong></span> <span class='ocrx_word' id='word_1_457' title='bbox 400 4470 475 4516; x_wconf 78' lang='lat' dir='ltr'><strong>eruet</strong></span> <span class='ocrx_word' id='word_1_458' title='bbox 490 4478 524 4515; x_wconf 80' lang='lat' dir='ltr'><strong>eor</strong></span> <span class='ocrx_word' id='word_1_459' title='bbox 540 4465 624 4516; x_wconf 77' lang='lat' dir='ltr'><strong>eodan</strong></span> <span class='ocrx_word' id='word_1_460' title='bbox 639 4479 665 4528; x_wconf 80' lang='lat' dir='ltr'><strong>p.</strong></span> <span class='ocrx_word' id='word_1_461' title='bbox 678 4464 696 4515; x_wconf 83' lang='lat' dir='ltr'>F</span> <span class='ocrx_word' id='word_1_462' title='bbox 709 4465 770 4528; x_wconf 85' lang='lat' dir='ltr'><strong>(non</strong></span> <span class='ocrx_word' id='word_1_463' title='bbox 781 4467 850 4526; x_wconf 84' lang='lat' dir='ltr'><strong>eret,</strong></span> <span class='ocrx_word' id='word_1_464' title='bbox 869 4465 899 4514; x_wconf 88' lang='lat' dir='ltr'><strong>ut</strong></span> <span class='ocrx_word' id='word_1_465' title='bbox 915 4466 957 4516; x_wconf 87' lang='lat' dir='ltr'><strong>est</strong></span> <span class='ocrx_word' id='word_1_466' title='bbox 972 4477 1016 4530; x_wconf 87' lang='lat' dir='ltr'><strong>ep.</strong></span> <span class='ocrx_word' id='word_1_467' title='bbox 1028 4465 1152 4530; x_wconf 78' lang='lat' dir='ltr'><strong>Zumpt.);</strong></span> <span class='ocrx_word' id='word_1_468' title='bbox 1170 4469 1228 4516; x_wconf 68' lang='lat' dir='ltr'><strong>ont</strong></span> <span class='ocrx_word' id='word_1_469' title='bbox 1243 4478 1277 4516; x_wconf 72' lang='lat' dir='ltr'><strong>eo</strong></span> <span class='ocrx_word' id='word_1_470' title='bbox 1288 4465 1372 4516; x_wconf 75' lang='lat' dir='ltr'><strong>eodan</strong></span> <span class='ocrx_word' id='word_1_471' title='bbox 1384 4479 1410 4531; x_wconf 80' lang='lat' dir='ltr'><strong>q.</strong></span> <span class='ocrx_word' id='word_1_472' title='bbox 1422 4466 1509 4532; x_wconf 53' lang='lat' dir='ltr'><strong>nolu</strong></span> <span class='ocrx_word' id='word_1_473' title='bbox 1527 4481 1572 4520; x_wconf 82' lang='lat' dir='ltr'><strong>see</strong></span> 
     </span>
     <span class='ocr_line' id='line_1_44' title="bbox 235 4537 1568 4606; baseline -0.002 -12"><span class='ocrx_word' id='word_1_474' title='bbox 235 4545 309 4594; x_wconf 73' lang='lat' dir='ltr'><strong>erm</strong></span> <span class='ocrx_word' id='word_1_475' title='bbox 323 4540 385 4590; x_wconf 81' lang='lat' dir='ltr'><strong>bueo</strong></span> <span class='ocrx_word' id='word_1_476' title='bbox 402 4539 446 4604; x_wconf 81' lang='lat' dir='ltr'><strong>(eor</strong></span> <span class='ocrx_word' id='word_1_477' title='bbox 462 4538 517 4604; x_wconf 75' lang='lat' dir='ltr'><strong>eoi)</strong></span> <span class='ocrx_word' id='word_1_478' title='bbox 534 4552 560 4603; x_wconf 75' lang='lat' dir='ltr'><strong>q.</strong></span> <span class='ocrx_word' id='word_1_479' title='bbox 578 4537 686 4590; x_wconf 75' lang='lat' dir='ltr'><strong>ioodd.</strong></span> <span class='ocrx_word' id='word_1_480' title='bbox 704 4537 837 4600; x_wconf 88' lang='lat' dir='ltr'><strong>Lambini;</strong></span> <span class='ocrx_word' id='word_1_481' title='bbox 862 4545 936 4590; x_wconf 71' lang='lat' dir='ltr'><strong>eram</strong></span> <span class='ocrx_word' id='word_1_482' title='bbox 951 4541 1012 4592; x_wconf 79' lang='lat' dir='ltr'><strong>iseo</strong></span> <span class='ocrx_word' id='word_1_483' title='bbox 1027 4554 1061 4592; x_wconf 76' lang='lat' dir='ltr'><strong>ao</strong></span> <span class='ocrx_word' id='word_1_484' title='bbox 1076 4555 1105 4594; x_wconf 87' lang='lat' dir='ltr'><strong>so</strong></span> <span class='ocrx_word' id='word_1_485' title='bbox 1121 4541 1221 4604; x_wconf 74' lang='lat' dir='ltr'><strong>paidos</strong></span> <span class='ocrx_word' id='word_1_486' title='bbox 1235 4553 1326 4606; x_wconf 73' lang='lat' dir='ltr'><strong>asom</strong></span> <span class='ocrx_word' id='word_1_487' title='bbox 1340 4553 1415 4606; x_wconf 89' lang='lat' dir='ltr'><strong>susp.</strong></span> <span class='ocrx_word' id='word_1_488' title='bbox 1434 4538 1520 4592; x_wconf 84' lang='lat' dir='ltr'><strong>Helm.</strong></span> <span class='ocrx_word' id='word_1_489' title='bbox 1540 4569 1568 4580; x_wconf 94' lang='lat'><em>-</em></span> 
     </span>
     <span class='ocr_line' id='line_1_45' title="bbox 235 4612 1572 4680; baseline 0.001 -13"><span class='ocrx_word' id='word_1_490' title='bbox 235 4617 278 4669; x_wconf 87' lang='grc'><strong>24.</strong></span> <span class='ocrx_word' id='word_1_491' title='bbox 296 4613 445 4677; x_wconf 64' lang='lat' dir='ltr'><strong>romanon</strong></span> <span class='ocrx_word' id='word_1_492' title='bbox 461 4612 531 4678; x_wconf 77' lang='lat' dir='ltr'><strong>Lglt</strong></span> <span class='ocrx_word' id='word_1_493' title='bbox 547 4627 574 4679; x_wconf 88' lang='lat' dir='ltr'><strong>p.</strong></span> <span class='ocrx_word' id='word_1_494' title='bbox 586 4627 638 4673; x_wconf 85' lang='lat' dir='ltr'><strong>m.;</strong></span> <span class='ocrx_word' id='word_1_495' title='bbox 657 4613 853 4678; x_wconf 65' lang='lat' dir='ltr'><strong>motatumque</strong></span> <span class='ocrx_word' id='word_1_496' title='bbox 868 4615 938 4680; x_wconf 71' lang='lat' dir='ltr'><strong>agae</strong></span> <span class='ocrx_word' id='word_1_497' title='bbox 950 4618 979 4666; x_wconf 79' lang='lat' dir='ltr'><strong>l.</strong></span> <span class='ocrx_word' id='word_1_498' title='bbox 992 4643 1020 4654; x_wconf 93' lang='lat'><em>-</em></span> <span class='ocrx_word' id='word_1_499' title='bbox 1038 4615 1080 4667; x_wconf 84' lang='grc'><strong>23.</strong></span> <span class='ocrx_word' id='word_1_500' title='bbox 1099 4615 1190 4668; x_wconf 80' lang='lat' dir='ltr'><strong>debetis</strong></span> <span class='ocrx_word' id='word_1_501' title='bbox 1205 4614 1308 4680; x_wconf 69' lang='grc'><strong>43642.</strong></span> <span class='ocrx_word' id='word_1_502' title='bbox 1323 4643 1351 4652; x_wconf 95' lang='grc'>-</span> <span class='ocrx_word' id='word_1_503' title='bbox 1369 4613 1411 4668; x_wconf 84' lang='grc'><strong>24.</strong></span> <span class='ocrx_word' id='word_1_504' title='bbox 1423 4615 1572 4668; x_wconf 64' lang='lat' dir='ltr'><strong>masenot</strong></span> 
     </span>
     <span class='ocr_line' id='line_1_46' title="bbox 237 4689 1569 4756; baseline 0.002 -14"><span class='ocrx_word' id='word_1_505' title='bbox 237 4689 333 4742; x_wconf 79' lang='lat' dir='ltr'><strong>codd:</strong></span> <span class='ocrx_word' id='word_1_506' title='bbox 360 4689 481 4741; x_wconf 70' lang='grc'><strong>0444444444.</strong></span> <span class='ocrx_word' id='word_1_507' title='bbox 498 4689 555 4739; x_wconf 84' lang='lat' dir='ltr'><strong>loos</strong></span> <span class='ocrx_word' id='word_1_508' title='bbox 571 4689 591 4739; x_wconf 93' lang='lat'>0</span> <span class='ocrx_word' id='word_1_509' title='bbox 609 4702 642 4739; x_wconf 85' lang='lat' dir='ltr'><strong>ex</strong></span> <span class='ocrx_word' id='word_1_510' title='bbox 658 4689 726 4740; x_wconf 84' lang='lat' dir='ltr'><strong>coni.</strong></span> <span class='ocrx_word' id='word_1_511' title='bbox 745 4689 874 4740; x_wconf 87' lang='lat' dir='ltr'><strong>Lambini.</strong></span> <span class='ocrx_word' id='word_1_512' title='bbox 893 4716 920 4725; x_wconf 92' lang='lat'><em>-</em></span> <span class='ocrx_word' id='word_1_513' title='bbox 939 4691 980 4741; x_wconf 81' lang='grc'><strong>244.</strong></span> <span class='ocrx_word' id='word_1_514' title='bbox 998 4695 1097 4742; x_wconf 71' lang='lat' dir='ltr'><strong>motion</strong></span> <span class='ocrx_word' id='word_1_515' title='bbox 1106 4691 1272 4743; x_wconf 75' lang='lat' dir='ltr'><strong>Melitensium</strong></span> <span class='ocrx_word' id='word_1_516' title='bbox 1286 4689 1356 4755; x_wconf 72' lang='lat' dir='ltr'><strong>igit</strong></span> <span class='ocrx_word' id='word_1_517' title='bbox 1365 4707 1389 4756; x_wconf 84' lang='grc' dir='ltr'><strong><em>φ</em></strong></span> <span class='ocrx_word' id='word_1_518' title='bbox 1407 4691 1450 4756; x_wconf 79' lang='lat' dir='ltr'><strong>(ct.</strong></span> <span class='ocrx_word' id='word_1_519' title='bbox 1462 4692 1569 4744; x_wconf 87' lang='lat' dir='ltr'><strong>Lueret.</strong></span> 
     </span>
     <span class='ocr_line' id='line_1_47' title="bbox 236 4763 1571 4830; baseline 0 -12"><span class='ocrx_word' id='word_1_520' title='bbox 236 4767 280 4818; x_wconf 87' lang='lat' dir='ltr'><strong>lv.</strong></span> <span class='ocrx_word' id='word_1_521' title='bbox 299 4763 372 4816; x_wconf 83' lang='grc'><strong>4424.</strong></span> <span class='ocrx_word' id='word_1_522' title='bbox 398 4765 441 4814; x_wconf 88' lang='lat' dir='ltr'><strong>Sic</strong></span> <span class='ocrx_word' id='word_1_523' title='bbox 456 4763 508 4815; x_wconf 79' lang='lat' dir='ltr'><strong>Coo</strong></span> <span class='ocrx_word' id='word_1_524' title='bbox 523 4777 566 4829; x_wconf 86' lang='lat' dir='ltr'><strong>ap.</strong></span> <span class='ocrx_word' id='word_1_525' title='bbox 586 4763 649 4814; x_wconf 88' lang='lat' dir='ltr'><strong>llor.</strong></span> <span class='ocrx_word' id='word_1_526' title='bbox 667 4765 720 4814; x_wconf 89' lang='lat' dir='ltr'><strong>Sat.</strong></span> <span class='ocrx_word' id='word_1_527' title='bbox 738 4765 758 4814; x_wconf 90' lang='lat' dir='ltr'><strong>l.</strong></span> <span class='ocrx_word' id='word_1_528' title='bbox 776 4765 807 4824; x_wconf 85' lang='grc'><strong>2,</strong></span> <span class='ocrx_word' id='word_1_529' title='bbox 827 4765 883 4815; x_wconf 82' lang='grc'><strong>404.</strong></span> <span class='ocrx_word' id='word_1_530' title='bbox 902 4764 977 4817; x_wconf 87' lang='lat' dir='ltr'><strong>Ovld.</strong></span> <span class='ocrx_word' id='word_1_531' title='bbox 994 4767 1050 4817; x_wconf 78' lang='lat' dir='ltr'><strong>Art.</strong></span> <span class='ocrx_word' id='word_1_532' title='bbox 1067 4768 1127 4817; x_wconf 77' lang='lat' dir='ltr'><strong>Am.</strong></span> <span class='ocrx_word' id='word_1_533' title='bbox 1145 4767 1176 4818; x_wconf 88' lang='lat'><strong>11.</strong></span> <span class='ocrx_word' id='word_1_534' title='bbox 1194 4766 1277 4830; x_wconf 64' lang='grc'><strong>29844</strong></span> <span class='ocrx_word' id='word_1_535' title='bbox 1304 4771 1402 4818; x_wconf 70' lang='lat' dir='ltr'><strong>motam</strong></span> <span class='ocrx_word' id='word_1_536' title='bbox 1419 4765 1571 4818; x_wconf 67' lang='lat' dir='ltr'><strong>mmmmm</strong></span> 
     </span>
     <span class='ocr_line' id='line_1_48' title="bbox 235 4838 1568 4908; baseline -0.001 -15"><span class='ocrx_word' id='word_1_537' title='bbox 235 4845 327 4894; x_wconf 74' lang='lat' dir='ltr'><strong>oeteo</strong></span> <span class='ocrx_word' id='word_1_538' title='bbox 343 4841 389 4890; x_wconf 84' lang='lat' dir='ltr'><strong>ott.</strong></span> <span class='ocrx_word' id='word_1_539' title='bbox 408 4840 437 4890; x_wconf 93' lang='lat'><strong>0.</strong></span> <span class='ocrx_word' id='word_1_540' title='bbox 458 4865 486 4874; x_wconf 91' lang='lat'><em>-</em></span> <span class='ocrx_word' id='word_1_541' title='bbox 503 4839 545 4890; x_wconf 81' lang='grc'><strong>27.</strong></span> <span class='ocrx_word' id='word_1_542' title='bbox 564 4843 662 4889; x_wconf 80' lang='lat' dir='ltr'><strong>tantam</strong></span> <span class='ocrx_word' id='word_1_543' title='bbox 677 4839 721 4890; x_wconf 82' lang='lat' dir='ltr'><strong>tibi</strong></span> <span class='ocrx_word' id='word_1_544' title='bbox 737 4838 769 4890; x_wconf 82' lang='lat' dir='ltr'><strong>l:</strong></span> <span class='ocrx_word' id='word_1_545' title='bbox 788 4839 833 4890; x_wconf 84' lang='lat' dir='ltr'><strong>tibi</strong></span> <span class='ocrx_word' id='word_1_546' title='bbox 848 4845 911 4891; x_wconf 81' lang='lat' dir='ltr'><strong>leot</strong></span> <span class='ocrx_word' id='word_1_547' title='bbox 930 4840 978 4892; x_wconf 89' lang='lat' dir='ltr'><strong>dtt.</strong></span> <span class='ocrx_word' id='word_1_548' title='bbox 994 4843 1024 4892; x_wconf 92' lang='lat'><strong>0.</strong></span> <span class='ocrx_word' id='word_1_549' title='bbox 1038 4869 1066 4878; x_wconf 91' lang='lat'>-</span> <span class='ocrx_word' id='word_1_550' title='bbox 1084 4843 1126 4894; x_wconf 87' lang='grc'><strong>28.</strong></span> <span class='ocrx_word' id='word_1_551' title='bbox 1145 4844 1231 4894; x_wconf 73' lang='grc'><strong>04444440</strong></span> <span class='ocrx_word' id='word_1_552' title='bbox 1246 4841 1316 4907; x_wconf 64' lang='grc'><strong>14342</strong></span> <span class='ocrx_word' id='word_1_553' title='bbox 1330 4856 1358 4908; x_wconf 91' lang='lat' dir='ltr'><strong>p.</strong></span> <span class='ocrx_word' id='word_1_554' title='bbox 1372 4855 1422 4894; x_wconf 87' lang='lat' dir='ltr'><strong>m.:</strong></span> <span class='ocrx_word' id='word_1_555' title='bbox 1439 4841 1511 4892; x_wconf 83' lang='lat' dir='ltr'><strong>mitto</strong></span> <span class='ocrx_word' id='word_1_556' title='bbox 1522 4841 1568 4892; x_wconf 79' lang='lat' dir='ltr'><strong>eti.</strong></span> 
     </span>
     <span class='ocr_line' id='line_1_49' title="bbox 237 4911 1567 4982; baseline 0.001 -16"><span class='ocrx_word' id='word_1_557' title='bbox 237 4916 267 4966; x_wconf 91' lang='lat'><strong>0.</strong></span> <span class='ocrx_word' id='word_1_558' title='bbox 286 4915 432 4978; x_wconf 86' lang='lat' dir='ltr'><strong>Utrumque</strong></span> <span class='ocrx_word' id='word_1_559' title='bbox 448 4914 561 4964; x_wconf 85' lang='lat' dir='ltr'><strong>rectum.</strong></span> <span class='ocrx_word' id='word_1_560' title='bbox 580 4911 613 4965; x_wconf 87' lang='lat' dir='ltr'><strong>et.</strong></span> <span class='ocrx_word' id='word_1_561' title='bbox 632 4913 659 4964; x_wconf 90' lang='lat' dir='ltr'><strong>in</strong></span> <span class='ocrx_word' id='word_1_562' title='bbox 676 4914 726 4966; x_wconf 86' lang='lat' dir='ltr'><strong>Pis.</strong></span> <span class='ocrx_word' id='word_1_563' title='bbox 745 4913 769 4978; x_wconf 68' lang='grc' dir='ltr'><strong>ἓ.</strong></span> <span class='ocrx_word' id='word_1_564' title='bbox 783 4912 824 4966; x_wconf 83' lang='grc'><strong>47.</strong></span> <span class='ocrx_word' id='word_1_565' title='bbox 842 4916 883 4966; x_wconf 81' lang='lat' dir='ltr'><strong>es.</strong></span> <span class='ocrx_word' id='word_1_566' title='bbox 902 4929 928 4980; x_wconf 92' lang='lat' dir='ltr'><strong>p.</strong></span> <span class='ocrx_word' id='word_1_567' title='bbox 942 4913 1006 4967; x_wconf 83' lang='lat' dir='ltr'><strong>ilsb.</strong></span> <span class='ocrx_word' id='word_1_568' title='bbox 1023 4917 1093 4968; x_wconf 85' lang='lat' dir='ltr'><strong>Post.</strong></span> <span class='ocrx_word' id='word_1_569' title='bbox 1111 4915 1136 4982; x_wconf 72' lang='lat' dir='ltr'><strong>S.</strong></span> <span class='ocrx_word' id='word_1_570' title='bbox 1148 4916 1190 4969; x_wconf 87' lang='grc'><strong>34.</strong></span> <span class='ocrx_word' id='word_1_571' title='bbox 1208 4919 1296 4970; x_wconf 86' lang='lat' dir='ltr'><strong>bloser</strong></span> <span class='ocrx_word' id='word_1_572' title='bbox 1312 4915 1451 4968; x_wconf 87' lang='lat' dir='ltr'><strong>sdParad.</strong></span> <span class='ocrx_word' id='word_1_573' title='bbox 1469 4929 1496 4982; x_wconf 91' lang='lat' dir='ltr'><strong>p.</strong></span> <span class='ocrx_word' id='word_1_574' title='bbox 1509 4914 1567 4968; x_wconf 87' lang='grc'><strong>242.</strong></span> 
     </span>
     <span class='ocr_line' id='line_1_50' title="bbox 240 4987 1566 5054; baseline 0.001 -13"><span class='ocrx_word' id='word_1_575' title='bbox 240 5017 267 5029; x_wconf 94' lang='grc'>-</span> <span class='ocrx_word' id='word_1_576' title='bbox 286 4995 385 5041; x_wconf 73' lang='lat' dir='ltr'><strong>motum</strong></span> <span class='ocrx_word' id='word_1_577' title='bbox 400 4987 469 5054; x_wconf 73' lang='lat' dir='ltr'><strong>Lgli</strong></span> <span class='ocrx_word' id='word_1_578' title='bbox 486 5003 513 5054; x_wconf 89' lang='lat' dir='ltr'><strong>p.</strong></span> <span class='ocrx_word' id='word_1_579' title='bbox 531 5002 578 5040; x_wconf 93' lang='lat' dir='ltr'><strong>m.:</strong></span> <span class='ocrx_word' id='word_1_580' title='bbox 597 4995 726 5041; x_wconf 73' lang='lat' dir='ltr'><strong>mutumne</strong></span> <span class='ocrx_word' id='word_1_581' title='bbox 742 4991 788 5041; x_wconf 85' lang='lat' dir='ltr'><strong>ott.</strong></span> <span class='ocrx_word' id='word_1_582' title='bbox 807 4991 835 5041; x_wconf 93' lang='lat'><strong>0.</strong></span> <span class='ocrx_word' id='word_1_583' title='bbox 865 5017 893 5028; x_wconf 93' lang='lat'><em>—</em></span> <span class='ocrx_word' id='word_1_584' title='bbox 920 4990 962 5042; x_wconf 86' lang='grc'><strong>29.</strong></span> <span class='ocrx_word' id='word_1_585' title='bbox 984 4993 1057 5054; x_wconf 74' lang='lat' dir='ltr'><strong>quoa</strong></span> <span class='ocrx_word' id='word_1_586' title='bbox 1075 4993 1151 5045; x_wconf 75' lang='lat' dir='ltr'><strong>etima</strong></span> <span class='ocrx_word' id='word_1_587' title='bbox 1172 4995 1283 5047; x_wconf 73' lang='lat' dir='ltr'><strong>miraeo</strong></span> <span class='ocrx_word' id='word_1_588' title='bbox 1299 4993 1405 5044; x_wconf 68' lang='grc'><strong>4444444444</strong></span> <span class='ocrx_word' id='word_1_589' title='bbox 1421 4989 1469 5042; x_wconf 85' lang='grc'><strong>(144.</strong></span> <span class='ocrx_word' id='word_1_590' title='bbox 1488 4990 1517 5042; x_wconf 94' lang='grc'><strong>0.</strong></span> <span class='ocrx_word' id='word_1_591' title='bbox 1538 5017 1566 5030; x_wconf 86' lang='grc'><strong>-·</strong></span> 
     </span>
     <span class='ocr_line' id='line_1_51' title="bbox 238 5061 1565 5134; baseline -0.001 -17"><span class='ocrx_word' id='word_1_592' title='bbox 238 5065 279 5118; x_wconf 85' lang='grc'><strong>30.</strong></span> <span class='ocrx_word' id='word_1_593' title='bbox 297 5070 321 5116; x_wconf 85' lang='lat' dir='ltr'><strong>et</strong></span> <span class='ocrx_word' id='word_1_594' title='bbox 338 5064 408 5129; x_wconf 75' lang='lat' dir='ltr'><strong>Lgli</strong></span> <span class='ocrx_word' id='word_1_595' title='bbox 424 5079 451 5131; x_wconf 90' lang='lat' dir='ltr'><strong>p.</strong></span> <span class='ocrx_word' id='word_1_596' title='bbox 464 5079 516 5116; x_wconf 92' lang='lat' dir='ltr'><strong>m.:</strong></span> <span class='ocrx_word' id='word_1_597' title='bbox 540 5078 594 5116; x_wconf 94' lang='lat' dir='ltr'><strong>om.</strong></span> <span class='ocrx_word' id='word_1_598' title='bbox 613 5067 659 5118; x_wconf 85' lang='lat' dir='ltr'><strong>ott.</strong></span> <span class='ocrx_word' id='word_1_599' title='bbox 677 5067 707 5116; x_wconf 92' lang='lat'><strong>0.</strong></span> <span class='ocrx_word' id='word_1_600' title='bbox 728 5093 755 5103; x_wconf 88' lang='lat'>—</span> <span class='ocrx_word' id='word_1_601' title='bbox 778 5080 890 5118; x_wconf 73' lang='lat' dir='ltr'><strong>memma</strong></span> <span class='ocrx_word' id='word_1_602' title='bbox 906 5067 945 5126; x_wconf 88' lang='lat' dir='ltr'><strong>N;</strong></span> <span class='ocrx_word' id='word_1_603' title='bbox 971 5081 1101 5120; x_wconf 69' lang='lat' dir='ltr'><strong>mmmmm</strong></span> <span class='ocrx_word' id='word_1_604' title='bbox 1117 5069 1195 5134; x_wconf 70' lang='lat' dir='ltr'><strong>Lqit.</strong></span> <span class='ocrx_word' id='word_1_605' title='bbox 1216 5096 1243 5108; x_wconf 90' lang='lat'>-</span> <span class='ocrx_word' id='word_1_606' title='bbox 1263 5067 1304 5119; x_wconf 82' lang='grc'><strong>344.</strong></span> <span class='ocrx_word' id='word_1_607' title='bbox 1322 5063 1467 5120; x_wconf 61' lang='lat' dir='ltr'><strong>nummasii</strong></span> <span class='ocrx_word' id='word_1_608' title='bbox 1483 5061 1565 5129; x_wconf 72' lang='lat' dir='ltr'><strong>1.ng</strong></span> 
     </span>
     <span class='ocr_line' id='line_1_52' title="bbox 237 5131 1613 5210; baseline 0.001 -16"><span class='ocrx_word' id='word_1_609' title='bbox 237 5141 378 5194; x_wconf 72' lang='lat' dir='ltr'><strong>buimmodi</strong></span> <span class='ocrx_word' id='word_1_610' title='bbox 394 5142 428 5208; x_wconf 92' lang='lat'><strong>0,</strong></span> <span class='ocrx_word' id='word_1_611' title='bbox 446 5143 540 5198; x_wconf 83' lang='lat' dir='ltr'><strong>eontra</strong></span> <span class='ocrx_word' id='word_1_612' title='bbox 557 5140 636 5196; x_wconf 87' lang='lat' dir='ltr'><strong>codd.</strong></span> <span class='ocrx_word' id='word_1_613' title='bbox 652 5169 679 5181; x_wconf 91' lang='lat'>-</span> <span class='ocrx_word' id='word_1_614' title='bbox 697 5141 725 5194; x_wconf 83' lang='lat' dir='ltr'><strong>io</strong></span> <span class='ocrx_word' id='word_1_615' title='bbox 741 5154 795 5194; x_wconf 92' lang='lat' dir='ltr'><strong>om.</strong></span> <span class='ocrx_word' id='word_1_616' title='bbox 812 5143 876 5210; x_wconf 79' lang='lat' dir='ltr'><strong>ng.</strong></span> <span class='ocrx_word' id='word_1_617' title='bbox 894 5143 1002 5208; x_wconf 85' lang='lat' dir='ltr'><strong>praeter</strong></span> <span class='ocrx_word' id='word_1_618' title='bbox 1016 5141 1063 5208; x_wconf 79' lang='grc'><strong>29,</strong></span> <span class='ocrx_word' id='word_1_619' title='bbox 1082 5143 1112 5196; x_wconf 90' lang='lat' dir='ltr'><strong>C.</strong></span> <span class='ocrx_word' id='word_1_620' title='bbox 1607 5131 1613 5146; x_wconf 90' lang='grc'><strong>’</strong></span> 
     </span>
    </p>
   </div>
   <div class='ocr_carea' id='block_1_4' title="bbox 0 0 1836 5868">
    <p class='ocr_par' dir='ltr' id='par_1_6' title="bbox 0 0 1836 5868">
     <span class='ocr_line' id='line_1_53' title="bbox 0 0 1836 5868; baseline 0 0"><span class='ocrx_word' id='word_1_621' title='bbox 0 0 1836 5868; x_wconf 95' lang='lat' dir='ltr'><strong> </strong></span> 
     </span>
    </p>
   </div>
  </div>
 </body>
</html>
