3644 5874
600 464 672 529 cn.
694 463 885 528 xn-xcr.
913 459 970 545 pp.
991 458 1141 524 so-oo.
1469 456 1526 525 rar

214 636 338 702 insidiis
359 635 609 708 coniuratorum,
631 632 701 697 telis
725 633 894 698 Catilinae:
916 631 956 696 ad
979 651 1072 696 omne
1087 631 1225 714 denique
1247 629 1422 715 periculum
1437 642 1533 717 atque

215 730 254 794 ad
277 749 402 794 omnem
423 727 573 792 invidiam
595 727 682 792 solus
712 728 892 812 opponitur.
935 722 986 789 88.
1009 725 1114 802 Quare
1138 724 1216 810 quid
1238 724 1443 790 inridendum
1464 728 1534 790 Mu·

214 846 308 888 renac
335 832 389 888 aut
413 822 564 906 'cuiquam
586 830 728 885 nostrum
752 822 793 884 sit
813 821 847 883 in
867 820 928 883 hoc
950 819 1111 904 praeclaro
1133 820 1315 894 consulatu,
1344 841 1409 884 uon
1431 823 1532 898 video,

214 919 349 982 iudices:
373 935 453 1002 quae
475 936 551 979 vero
572 915 750 980 miseranda
771 924 861 990 sunt,
884 934 922 977 ea
944 914 1073 978 etmihi
1094 921 1168 976 ante
1190 913 1301 977 oculos
1322 925 1487 980 versantur
1500 923 1534 979 et

214 1032 271 1075 vos
292 1011 399 1075 ridere
422 1017 454 1074 et
474 1009 654 1092 perspicere
675 1009 818 1091 potestis.
861 1009 943 1072 XLI.
959 1007 1011 1082 Si,
1034 1007 1120 1090 quod
1135 1008 1276 1091 luppiter
1290 1029 1383 1073 omen
1398 1008 1557 1074 avertatis

213 1107 296 1169 hunc
318 1105 431 1168 restris
453 1102 618 1166 sententiis
641 1099 831 1176 afflixeritis,
861 1122 924 1184 (pro
946 1121 981 1165 se
1004 1101 1099 1164 miser
1119 1105 1244 1165 vertet?
1274 1103 1466 1168 domumnet
1498 1114 1534 1168 ut

215 1219 284 1263 eam
310 1197 479 1280 imaginem
505 1196 671 1259 clarissimi
698 1195 773 1270 viri,
806 1195 947 1279 parentis
976 1196 1042 1269 sui,
1073 1215 1169 1279 quam
1198 1197 1305 1278 paucis
1327 1205 1398 1260 ante
1420 1199 1533 1263 diebus

213 1294 386 1356 laureatam
407 1294 440 1355 in
463 1309 520 1353 sua
541 1289 749 1372 gratulatione
771 1290 950 1373 conspexit,
980 1291 1113 1353 eandem
1136 1288 1340 1354 deformatam
1362 1287 1534 1374 ignominia

214 1386 437 1470 lugentemque
458 1386 588 1448 rideat‘l
610 1404 651 1447 an
672 1384 712 1448 ad
734 1391 882 1459 matrem,
904 1404 986 1468 quae
1004 1384 1133 1459 misera,
1155 1383 1251 1446 modo
1265 1386 1427 1450 consulem
1442 1409 1533 1454 oscu-

214 1480 278 1544 lata
299 1480 399 1544 filium
421 1499 531 1553 suum,
553 1498 638 1540 nunc
661 1479 816 1541 cruciatur
836 1483 869 1540 et
889 1477 1023 1541 sollicita
1043 1485 1108 1552 cst,
1130 1499 1171 1542 ne
1186 1478 1321 1542 eundem
1343 1481 1439 1562 paulo
1461 1493 1533 1566 post
1544 1493 1581 1542 1⁰,

214 1573 383 1658 spoliatum
405 1573 490 1637 omni
513 1571 665 1655 dignitate
687 1571 888 1654 conspiciat?
931 1569 982 1634 89.
1006 1571 1068 1634 Sed
1092 1571 1169 1654 quid
1191 1592 1249 1655 ego
1264 1581 1394 1638 matrem
1409 1584 1463 1639 aut
1478 1577 1534 1642 do-

177 1745 181 1752 ,
215 1689 299 1732 mum
328 1667 471 1751 appello,
501 1686 596 1751 quem
624 1685 706 1728 nova
733 1685 836 1747 poena
864 1665 943 1748 legis
966 1671 998 1729 et
1019 1665 1111 1729 domo
1134 1673 1166 1729 et
1186 1675 1317 1751 parente
1339 1676 1371 1732 et
1391 1671 1531 1734 omnium

215 1782 343 1826 suorum
365 1760 591 1824 consuetudine
614 1767 848 1843 conspectuque
870 1759 998 1841 privati
1026 1759 1088 1821 loir
1108 1760 1203 1842 igitur
1223 1761 1402 1825 inexilium
1417 1764 1533 1828 miser‘l

216 1855 310 1932 Quor
332 1854 372 1918 ad
395 1852 575 1917 Orientisne
597 1861 719 1936 partes,
741 1853 773 1914 in
796 1852 912 1935 quibus
934 1873 1035 1916 annos
1055 1852 1169 1917 multos
1184 1855 1306 1938 legatus
1320 1854 1381 1920 fuit
1396 1865 1428 1921 et
1443 1879 1533 1922 exer-

215 1950 295 2014 citus
324 1949 415 2013 duxit
442 1955 474 2011 et
501 1969 552 2011 res
581 1946 732 2010 maximas
759 1947 878 2027 gessit?
914 1949 955 2009 At
975 1946 1071 2010 habet
1091 1967 1239 2030 magnum
1262 1949 1419 2027 dolorem,
1450 1952 1572 2015 undeet

215 2064 286 2106 cum
307 2042 426 2106 honore
447 2043 636 2116 decesseris,
659 2039 771 2104 eodem
794 2060 865 2102 cum
886 2040 1058 2122 ignominia
1079 2043 1204 2105 reverti.
1228 2044 1279 2109 An
1300 2063 1333 2106 se
1355 2045 1389 2108 in
1411 2052 1534 2110 contra·

214 2140 293 2202 riam
313 2144 433 2222 partem
454 2142 607 2199 terrarum
629 2135 740 2209 abdet,
762 2141 799 2196 ut
812 2133 913 2197 Gallia
929 2134 1152 2218 Transalpina,
1174 2157 1269 2220 quem
1288 2157 1389 2222 nuper
1410 2158 1532 2204 summo

216 2250 287 2294 cum
308 2230 441 2313 imperio
455 2228 662 2292 libentissime
676 2227 805 2301 viderit,
828 2226 963 2292 eundem
977 2229 1154 2311 lugentem,
1177 2239 1384 2306 maerentem,
1407 2233 1533 2298 exulem

216 2326 342 2388 rideat?
376 2326 412 2386 ln
441 2343 478 2388 ea
506 2343 600 2407 porro
625 2322 787 2406 provincia
811 2343 873 2406 quo
895 2323 1001 2386 animo
1024 2322 1058 2386 C.
1079 2325 1258 2401 Murenam,
1280 2325 1408 2410 fratrem
1430 2349 1533 2404 suum,

216 2419 450 2504 aspicietisqu
470 2417 566 2480 huius
588 2416 694 2490 dolor,
716 2418 775 2508 qu
792 2416 878 2479 illius
897 2436 1020 2480 maeror
1034 2411 1121 2516 criti)
1140 2438 1222 2500 quae
1236 2419 1401 2506 utriusque
1415 2423 1571 2487 tamon-ro
1739 2496 1747 2506 .

216 2513 314 2575 talio?
343 2520 460 2595 quanta
487 2519 591 2574 autem
620 2510 811 2595 perturbatio
833 2510 978 2574 fortunae
999 2519 1094 2595 atque
1116 2513 1287 2589 sermonis,
1311 2515 1397 2597 quod
1419 2520 1533 2602 quibus

216 2609 251 2670 in
279 2605 356 2669 locis
377 2605 486 2688 paucis
507 2612 581 2668 ante
603 2604 713 2668 diebus
734 2603 852 2668 factum
873 2625 944 2668 csse
965 2606 1126 2670 consulem
1147 2608 1310 2671 Murenam
1330 2611 1431 2675 nuntii
1452 2613 1534 2677 litte-

215 2718 332 2783 raeque
362 2698 585 2786 celebrassent,
616 2707 648 2762 et
674 2699 758 2762 unde
786 2698 927 2782 hospites
957 2707 1056 2784 atque
1079 2699 1171 2763 amici
1194 2701 1381 2783 gratulatum
1403 2706 1532 2771 Romam

216 2794 446 2880 concurrerint,
476 2801 607 2877 repente
636 2793 752 2856 existet
777 2794 846 2875 ipse
867 2795 997 2857 nuntius
1019 2814 1095 2857 suae
1117 2793 1329 2859 calamitatis?
1371 2795 1422 2861 90.
1445 2802 1533 2878 Quae

216 2889 243 2951 si
265 2888 393 2963 acerba,
415 2888 442 2950 si
464 2889 591 2962 misera,
613 2888 639 2950 si
661 2887 806 2950 luctuosa
828 2894 917 2962 sunt,
940 2888 966 2950 si
988 2887 1181 2951 alienissima
1201 2908 1221 2950 a
1242 2895 1483 2958 mansuetudine
1502 2903 1570 2958 etat

215 2981 431 3045 misericordia
451 2989 571 3056 vestra,
592 2981 729 3056 iudices,
752 2988 936 3045 conservate
956 2982 1067 3065 populi
1088 2982 1221 3045 Romani
1237 2980 1441 3064 beneficium,
1462 2989 1534 3052 red·

217 3075 281 3140 dite
303 3074 514 3160 reipublicae
536 3075 717 3150 consulem;
746 3075 818 3139 date
838 3075 900 3138 hoc
921 3076 1022 3158 ipsius
1043 3075 1171 3158 pudori,
1201 3075 1274 3140 date
1295 3079 1376 3161 patri
1399 3087 1533 3158 mortuo,

216 3171 287 3234 date
318 3170 426 3251 generi
456 3176 488 3233 et
514 3168 668 3244 familiae,
699 3168 771 3232 date
800 3169 894 3232 etiam
915 3170 1075 3244 Lanuvio,
1104 3170 1277 3257 manipipio
1299 3173 1533 3251 honestissimo,

216 3263 302 3348 quod
330 3262 364 3325 in
392 3263 450 3327 hac
478 3283 572 3327 causa
594 3271 659 3326 tota
682 3262 833 3347 frequens
855 3271 1072 3347 maestumque
1095 3263 1228 3327 vidistis.
1271 3266 1376 3330 Nolite
1398 3288 1416 3331 a
1438 3271 1533 3333 sacris

214 3357 326 3440 patriis
346 3357 477 3420 Iunonis
500 3358 660 3440 Sospitae,
683 3357 733 3420 cui
756 3377 865 3420 omnes
887 3357 1034 3420 consules
1054 3357 1159 3422 facere
1180 3378 1311 3423 necesse
1332 3368 1395 3436 est,
1426 3364 1570 3427 dome-ao

216 3452 329 3516 sticum
350 3459 382 3516 et
402 3472 493 3516 suum
515 3451 677 3515 consulem
698 3451 895 3534 potissimum
917 3451 1062 3516 avellere.
1094 3451 1197 3529 Quem
1212 3473 1270 3537 ego
1284 3455 1392 3531 robis,
1414 3456 1533 3543 siquid

280 3819 304 3869 4.
321 3817 422 3868 inimic
438 3819 524 3870 GHS.
545 3844 572 3855 -
598 3823 672 3879 atqie
688 3830 784 3868 onom
800 3819 834 3870 44.
854 3845 881 3853 -
905 3818 929 3869 4.
949 3818 1009 3882 pata
1025 3831 1078 3869 cm.
1098 3819 1132 3881 G,
1151 3818 1195 3880 qai
1209 3819 1281 3884 lu.
1299 3843 1329 3858 ·-
1352 3820 1378 3874 4.
1395 3828 1534 3880 merenda

215 3895 245 3944 G.
265 3920 292 3929 -
311 3894 359 3944 rior
379 3908 405 3944 v.
422 3919 449 3929 -
468 3905 499 3943 eo
515 3905 569 3943 cm.
588 3894 617 3943 G.
634 3919 662 3930 —
687 3893 711 3943 5.
726 3893 868 3955 perspicere
888 3893 956 3944 Eli:
977 3893 1120 3956 prospicere
1136 3894 1193 3943 Gr.
1212 3915 1241 3930 ·-
1259 3893 1280 3944 si
1297 3897 1362 3958 qaod
1377 3899 1399 3948 ai
1416 3902 1481 3962 qood
1497 3904 1532 3965 Ε,

216 3969 281 4030 qaod
296 3969 318 4019 ri
334 3971 363 4019 G.
384 3995 410 4005 -
437 3969 548 4031 Iuppiter
563 3968 597 4019 E:
618 3967 713 4030 Iupiter
729 3968 846 4020 GMOv,
866 3994 893 4003 -
921 3968 945 4019 6.
964 3969 1056 4032 einim
1073 3967 1104 4017 44.
1121 3993 1149 4003 -
1166 3971 1280 4018 ventur
1294 3983 1320 4021 v.
1341 3997 1369 4008 -
1386 3978 1415 4023 at
1430 3988 1483 4028 om.
1503 3980 1532 4040 G,

216 4049 261 4094 out
277 4045 306 4095 C.
328 4072 355 4080 -
374 4045 398 4094 44.
416 4045 488 4094 modo
504 4057 553 4094 cor.
571 4043 684 4094 condole
700 4043 740 4103 44,
757 4043 865 4094 modicos
880 4043 994 4093 oraim
1008 4045 1037 4094 (i.
1057 4069 1084 4080 -
1103 4043 1143 4095 to.
1162 4045 1288 4095 mactra
1303 4046 1336 4107 Ε,
1354 4060 1428 4100 mace
1442 4053 1480 4114 44,
1507 4056 1533 4104 in

215 4131 268 4182 quo
289 4118 385 4170 deinde
407 4131 449 4170 vr.
468 4123 491 4169 et
512 4118 588 4169 404444.
602 4143 637 4155 --
649 4117 769 4181 dipeitcte
785 4117 897 4180 desunt,
917 4115 966 4169 sed
987 4119 1014 4169 ln
1031 4131 1113 4182 marg·
1131 4131 1196 4170 vera
1212 4117 1290 4170 lectio
1306 4119 1357 4172 elle
1373 4136 1454 4178 manu
1470 4140 1534 4194 sup-

215 4190 284 4257 pleta
302 4196 351 4244 est.
371 4221 399 4232 -
415 4197 471 4256 port
483 4193 561 4255 poulo
576 4205 601 4242 v.
623 4217 651 4228 -
671 4193 711 4243 44.
729 4193 831 4242 donarat
845 4193 942 4256 oppetlc
957 4195 984 4244 io
1001 4208 1043 4256 ec,
1062 4207 1134 4257 quon
1149 4192 1248 4246 malim.
1269 4223 1297 4234 -
1316 4198 1355 4248 44.
1374 4203 1494 4266 amiton
1503 4207 1533 4257 G,

219 4293 246 4304 -
266 4269 309 4329 poi
319 4269 479 4332 --privetur
494 4282 521 4318 v.
542 4296 569 4305 -
583 4281 667 4330 poeno
682 4281 738 4318 om.
755 4267 784 4317 44.
805 4294 833 4303 -
851 4268 1001 4318 storacium
1016 4280 1070 4318 om.
1090 4269 1119 4318 G.
1140 4295 1167 4306 -
1186 4267 1226 4319 43.
1243 4277 1374 4334 coepero
1389 4287 1443 4328 om.
1462 4281 1491 4330 G.
1504 4307 1531 4316 -

214 4341 254 4392 44.
273 4343 307 4392 od
323 4356 376 4395 orn.
396 4346 425 4395 G.
444 4370 472 4380 -
487 4343 571 4406 portis
586 4341 680 4396 41441.
699 4369 726 4378 -
746 4341 840 4408 leam
855 4343 884 4392 E.
905 4370 932 4379 -
951 4344 992 4393 44.
1010 4346 1034 4391 et
1048 4355 1089 4392 rer
1104 4342 1167 4406 Lag.
1184 4341 1226 4393 44.
1245 4345 1272 4394 et
1288 4359 1320 4395 r:
1339 4352 1362 4398 et
1378 4361 1431 4401 om.
1450 4352 1533 4407 13th

215 4417 333 4480 Clle,
352 4421 430 4483 Lagg.
449 4417 552 4482 reliqui.
576 4417 642 4469 llioc
658 4417 718 4468 vide
735 4431 769 4468 ne
781 4415 954 4469 scribendum
964 4417 1014 4468 sit:
1032 4416 1059 4466 ira
1076 4415 1164 4478 9444444
1179 4430 1205 4466 o.
1222 4430 1256 4468 m.
1275 4418 1371 4483 epum
1384 4423 1445 4487 fuit,
1463 4440 1535 4478 οω-

214 4491 276 4540 citare
292 4493 378 4556 duxit,
396 4507 436 4544 res
451 4495 723 4558 sumpserit·
741 4506 850 4557 magnos
865 4499 901 4556 ψ.
917 4519 943 4528 -
963 4496 990 4543 ct
1006 4492 1069 4543 liv:
1088 4505 1119 4542 oc
1135 4493 1193 4543 EG.
1208 4519 1236 4530 -
1253 4507 1347 4558 omprrc
1362 4499 1448 4550 dolore
1463 4504 1491 4553 G.
1503 4529 1531 4538 -

215 4566 255 4616 46.
273 4567 402 4618 mearet
418 4569 486 4631 4444,
504 4571 592 4620 Parc:
619 4569 744 4620 accareu
765 4569 824 4630 Ev,
846 4566 861 4617 4
879 4568 942 4618 Oxx.
967 4592 994 4602 -
1022 4568 1062 4618 tr.
1081 4567 1185 4618 meror
1200 4581 1226 4619 v.
1251 4594 1279 4605 -
1305 4570 1345 4621 49.
1364 4571 1402 4638 a]
1421 4574 1483 4627 46,
1503 4604 1531 4613 -

214 4641 254 4692 ao.
274 4644 378 4705 caperer
391 4646 460 4696 mel:
479 4645 550 4707 odrp.
569 4645 598 4696 0.
618 4671 646 4680 -
665 4642 743 4708 dolo]
759 4643 842 4693 vauro
857 4643 886 4693 E.
907 4668 934 4677 -
955 4642 996 4692 44.
1015 4646 1089 4706 capae
1105 4655 1157 4692 om.
1176 4643 1216 4705 44,
1235 4656 1266 4694 cc
1282 4657 1341 4709 sup.
1359 4645 1403 4698 lin.
1421 4662 1457 4700 m.
1476 4665 1532 4703 sec.

216 4743 244 4752 -
262 4717 302 4768 aa.
320 4721 420 4782 sospites
435 4722 469 4772 44.
489 4744 517 4757 -
541 4717 581 4770 44.
599 4723 775 4769 coemerent
791 4719 885 4780 ECrp.
911 4743 938 4754 -
960 4717 1048 4769 eciam
1064 4714 1230 4769 Gulielmius:
1251 4719 1347 4770 recido
1364 4723 1429 4784 mei,
1453 4725 1531 4790 Logg.

214 4801 322 4856 omnes,
342 4795 403 4857 Cl',
421 4797 479 4846 Par.
492 4793 516 4845 4.
536 4794 565 4854 4,
584 4791 705 4844 ecciderr't
721 4793 783 4853 HS,
801 4793 859 4842 Par.
878 4792 902 4843 8.
921 4793 956 4854 a,
974 4793 1001 4844 44
1017 4804 1137 4852 m.sec.;
1156 4792 1327 4854 recideram
1346 4809 1374 4847 ec
1390 4799 1488 4850 mordet
1503 4801 1532 4862 4.,

214 4879 242 4918 eo
263 4871 365 4921 ocmdot
384 4871 414 4922 0.
439 4872 469 4921 ln
491 4867 676 4920 emendatione
699 4870 806 4932 recepta
827 4881 860 4918 ex
880 4867 1062 4933 superioribus
1077 4868 1106 4918 io
1120 4868 1152 4917 iit
1167 4868 1227 4919 locis
1242 4868 1417 4934 repetendum
1435 4875 1483 4924 est.
1503 4899 1530 4910 —

213 4941 265 5003 ipre
281 4957 334 4997 om.
352 4960 383 5008 χ,
401 4943 443 4995 ille
459 4945 488 4995 C.
512 4971 541 4983 -
567 4955 745 5006 procoma.
772 4968 800 4978 -
825 4942 867 4993 23.
885 4947 942 4992 emt
963 4951 1016 4992 om.
1034 4956 1063 5003 χ.
1089 4969 1116 4980 -
1142 4956 1160 4992 o
1175 4943 1212 4993 E:
1236 4954 1289 4993 om.
1309 4945 1483 4998 GllllSLv.
1503 4974 1529 4984 —

214 5016 255 5067 26.
274 5031 422 5070 amaricare
436 5019 465 5070 E.
480 5046 507 5056 -
522 5031 583 5081 pop.
601 5017 640 5083 4.]
655 5011 689 5082 pr
705 5019 735 5068 G.
750 5044 777 5054 -
795 5016 836 5068 48.
853 5017 966 5067 Lonorio
982 5018 1008 5070 44
1024 5031 1061 5068 m.
1079 5031 1134 5082 pr.:
1153 5018 1238 5068 loram
1255 5019 1289 5080 G,
1307 5017 1403 5070 laniato
1418 5033 1443 5083 v,
1462 5022 1533 5074 hoa·

213 5093 273 5144 uico
290 5096 431 5158 Ecflsp
449 5096 476 5144 et
492 5093 517 5147 44
534 5106 602 5144 corr.
622 5105 657 5144 m.
676 5105 731 5143 sec.
747 5119 775 5130 -
787 5091 829 5142 29.
846 5104 925 5142 corso
942 5104 995 5143 om.
1014 5093 1092 5144 EGC
1103 5094 1137 5154 Τ,
1155 5091 1217 5145 edd.
1235 5091 1336 5145 habent
1349 5096 1412 5160 post
1427 5099 1488 5148 tcta.
1504 5124 1531 5134 -

215 5173 268 5219 toto
288 5181 343 5248 orn¹
361 5169 447 5229 usa.
474 5195 501 5206 -
519 5169 560 5219 344.
576 5169 658 5232 patrie
675 5168 733 5219 GE.
754 5195 781 5205 -
798 5167 907 5230 larmir]
923 5167 951 5219 ie
966 5167 1073 5218 concinis
1088 5181 1115 5222 v.

1660 1191 1685 1274 t
