<?xml version="1.0" encoding="UTF-8"?>
<!DOCTYPE html PUBLIC "-//W3C//DTD XHTML 1.0 Transitional//EN"
    "http://www.w3.org/TR/xhtml1/DTD/xhtml1-transitional.dtd">
<html xmlns="http://www.w3.org/1999/xhtml" xml:lang="en" lang="en">
 <head>
  <title>
</title>
<meta http-equiv="Content-Type" content="text/html;charset=utf-8" />
  <meta name='ocr-system' content='tesseract 3.04.00' />
  <meta name='ocr-capabilities' content='ocr_page ocr_carea ocr_par ocr_line ocrx_word'/>
</head>
<body>
  <div class='ocr_page' id='page_1' title='image "./mtulliiciceroni00baitgoog_0442.png"; bbox 0 0 3642 5862; ppageno 0'>
   <div class='ocr_carea' id='block_1_1' title="bbox 312 411 1257 490">
    <p class='ocr_par' dir='ltr' id='par_1_1' title="bbox 312 411 1257 490">
     <span class='ocr_line' id='line_1_1' title="bbox 312 411 1257 490; baseline 0.015 -14"><span class='ocrx_word' id='word_1_1' title='bbox 312 411 375 482; x_wconf 86' lang='grc'><strong>446</strong></span> <span class='ocrx_word' id='word_1_2' title='bbox 681 419 724 486; x_wconf 78' lang='grc' dir='ltr'><strong>ΙΝ</strong></span> <span class='ocrx_word' id='word_1_3' title='bbox 744 420 910 487; x_wconf 71' lang='lat' dir='ltr'><strong>VERREM</strong></span> <span class='ocrx_word' id='word_1_4' title='bbox 929 421 1051 488; x_wconf 74' lang='lat' dir='ltr'>ACTIO</span> <span class='ocrx_word' id='word_1_5' title='bbox 1074 423 1257 490; x_wconf 78' lang='lat' dir='ltr'>SECUNDA</span> 
     </span>
    </p>
   </div>
   <div class='ocr_carea' id='block_1_2' title="bbox 151 587 1627 1195">
    <p class='ocr_par' dir='ltr' id='par_1_2' title="bbox 312 587 1627 679">
     <span class='ocr_line' id='line_1_2' title="bbox 312 587 1627 679; baseline 0.007 -24"><span class='ocrx_word' id='word_1_6' title='bbox 312 597 379 655; x_wconf 92' lang='lat' dir='ltr'><strong>tota</strong></span> <span class='ocrx_word' id='word_1_7' title='bbox 401 587 509 652; x_wconf 75' lang='lat' dir='ltr'><strong>Sicilia</strong></span> <span class='ocrx_word' id='word_1_8' title='bbox 531 588 633 654; x_wconf 84' lang='lat' dir='ltr'><strong>clerus</strong></span> <span class='ocrx_word' id='word_1_9' title='bbox 655 595 688 654; x_wconf 90' lang='lat' dir='ltr'><strong>ot</strong></span> <span class='ocrx_word' id='word_1_10' title='bbox 707 590 832 655; x_wconf 89' lang='lat' dir='ltr'><strong>nobilis.</strong></span> <span class='ocrx_word' id='word_1_11' title='bbox 874 592 912 656; x_wconf 94' lang='lat' dir='ltr'><strong>ln</strong></span> <span class='ocrx_word' id='word_1_12' title='bbox 942 611 1006 679; x_wconf 95' lang='lat' dir='ltr'><strong>quo</strong></span> <span class='ocrx_word' id='word_1_13' title='bbox 1041 593 1169 660; x_wconf 89' lang='lat' dir='ltr'><strong>bomine</strong></span> <span class='ocrx_word' id='word_1_14' title='bbox 1195 600 1317 658; x_wconf 90' lang='lat' dir='ltr'><strong>tantum</strong></span> <span class='ocrx_word' id='word_1_15' title='bbox 1338 595 1435 658; x_wconf 85' lang='lat' dir='ltr'><strong>enimi</strong></span> <span class='ocrx_word' id='word_1_16' title='bbox 1454 594 1533 674; x_wconf 88' lang='lat' dir='ltr'><strong>luit,</strong></span> <span class='ocrx_word' id='word_1_17' title='bbox 1560 619 1627 664; x_wconf 92' lang='lat' dir='ltr'><strong>non</strong></span> 
     </span>
    </p>

    <p class='ocr_par' dir='ltr' id='par_1_3' title="bbox 309 681 1627 958">
     <span class='ocr_line' id='line_1_3' title="bbox 310 681 1627 772; baseline 0.005 -22"><span class='ocrx_word' id='word_1_18' title='bbox 310 685 414 752; x_wconf 92' lang='lat' dir='ltr'><strong>solum</strong></span> <span class='ocrx_word' id='word_1_19' title='bbox 440 690 488 749; x_wconf 87' lang='lat' dir='ltr'><strong>ut·</strong></span> <span class='ocrx_word' id='word_1_20' title='bbox 502 683 599 748; x_wconf 90' lang='lat' dir='ltr'><strong>istum</strong></span> <span class='ocrx_word' id='word_1_21' title='bbox 624 684 721 748; x_wconf 88' lang='lat' dir='ltr'><strong>libere</strong></span> <span class='ocrx_word' id='word_1_22' title='bbox 743 684 884 749; x_wconf 88' lang='lat' dir='ltr'><strong>laederet</strong></span> <span class='ocrx_word' id='word_1_23' title='bbox 912 681 995 768; x_wconf 86' lang='lat' dir='ltr'><strong>(nam</strong></span> <span class='ocrx_word' id='word_1_24' title='bbox 1015 687 1050 750; x_wconf 92' lang='lat' dir='ltr'><strong>id</strong></span> <span class='ocrx_word' id='word_1_25' title='bbox 1072 689 1218 772; x_wconf 90' lang='lat' dir='ltr'><strong>quidem,</strong></span> <span class='ocrx_word' id='word_1_26' title='bbox 1252 689 1404 772; x_wconf 90' lang='lat' dir='ltr'><strong>quoniam</strong></span> <span class='ocrx_word' id='word_1_27' title='bbox 1426 693 1627 757; x_wconf 73' lang='lat' dir='ltr'><strong>momundum</strong></span> 
     </span>
     <span class='ocr_line' id='line_1_4' title="bbox 309 777 1626 867; baseline 0.004 -21"><span class='ocrx_word' id='word_1_28' title='bbox 309 780 444 856; x_wconf 83' lang='lat' dir='ltr'><strong>ridebat,</strong></span> <span class='ocrx_word' id='word_1_29' title='bbox 467 778 535 842; x_wconf 90' lang='lat' dir='ltr'><strong>sine</strong></span> <span class='ocrx_word' id='word_1_30' title='bbox 556 777 748 861; x_wconf 89' lang='lat' dir='ltr'><strong>periculose</strong></span> <span class='ocrx_word' id='word_1_31' title='bbox 768 777 871 842; x_wconf 85' lang='lat' dir='ltr'><strong>iacere</strong></span> <span class='ocrx_word' id='word_1_32' title='bbox 885 779 1101 865; x_wconf 72' lang='lat' dir='ltr'><strong>intelligebat),</strong></span> <span class='ocrx_word' id='word_1_33' title='bbox 1121 801 1230 846; x_wconf 83' lang='lat' dir='ltr'><strong>rerum</strong></span> <span class='ocrx_word' id='word_1_34' title='bbox 1246 790 1346 846; x_wconf 90' lang='lat' dir='ltr'><strong>morte</strong></span> <span class='ocrx_word' id='word_1_35' title='bbox 1361 787 1532 867; x_wconf 89' lang='lat' dir='ltr'><strong>proposito,</strong></span> <span class='ocrx_word' id='word_1_36' title='bbox 1554 807 1626 851; x_wconf 87' lang='lat' dir='ltr'><strong>oum</strong></span> 
     </span>
     <span class='ocr_line' id='line_1_5' title="bbox 309 874 1625 958; baseline 0.002 -17"><span class='ocrx_word' id='word_1_37' title='bbox 309 877 476 941; x_wconf 85' lang='lat' dir='ltr'><strong>lacrimans</strong></span> <span class='ocrx_word' id='word_1_38' title='bbox 497 874 530 937; x_wconf 90' lang='lat' dir='ltr'><strong>in</strong></span> <span class='ocrx_word' id='word_1_39' title='bbox 552 891 677 937; x_wconf 87' lang='lat' dir='ltr'><strong>carcere</strong></span> <span class='ocrx_word' id='word_1_40' title='bbox 697 881 796 954; x_wconf 73' lang='lat' dir='ltr'><strong>mater</strong></span> <span class='ocrx_word' id='word_1_41' title='bbox 816 879 926 938; x_wconf 89' lang='lat' dir='ltr'><strong>noctes</strong></span> <span class='ocrx_word' id='word_1_42' title='bbox 948 874 1080 958; x_wconf 87' lang='lat' dir='ltr'><strong>diesque</strong></span> <span class='ocrx_word' id='word_1_43' title='bbox 1093 875 1256 952; x_wconf 88' lang='lat' dir='ltr'><strong>assideret,</strong></span> <span class='ocrx_word' id='word_1_44' title='bbox 1278 876 1495 942; x_wconf 75' lang='lat' dir='ltr'><strong>defensionem</strong></span> <span class='ocrx_word' id='word_1_45' title='bbox 1512 899 1625 944; x_wconf 86' lang='lat' dir='ltr'><strong>causae</strong></span> 
     </span>
    </p>

    <p class='ocr_par' dir='ltr' id='par_1_4' title="bbox 271 967 1624 1057">
     <span class='ocr_line' id='line_1_6' title="bbox 271 967 1624 1057; baseline 0.005 -27"><span class='ocrx_word' id='word_1_46' title='bbox 271 983 287 1030; x_wconf 86' lang='grc'><strong>4</strong></span> <span class='ocrx_word' id='word_1_47' title='bbox 310 989 387 1036; x_wconf 90' lang='lat' dir='ltr'><strong>suae</strong></span> <span class='ocrx_word' id='word_1_48' title='bbox 408 967 548 1052; x_wconf 73' lang='lat' dir='ltr'><strong>scripsit:</strong></span> <span class='ocrx_word' id='word_1_49' title='bbox 571 985 666 1050; x_wconf 74' lang='grc'><strong>34444</strong></span> <span class='ocrx_word' id='word_1_50' title='bbox 687 987 771 1030; x_wconf 90' lang='lat' dir='ltr'><strong>nunc</strong></span> <span class='ocrx_word' id='word_1_51' title='bbox 792 987 886 1031; x_wconf 90' lang='lat' dir='ltr'><strong>nemo</strong></span> <span class='ocrx_word' id='word_1_52' title='bbox 908 974 957 1031; x_wconf 89' lang='lat' dir='ltr'><strong>est</strong></span> <span class='ocrx_word' id='word_1_53' title='bbox 977 969 1010 1030; x_wconf 92' lang='lat' dir='ltr'><strong>in</strong></span> <span class='ocrx_word' id='word_1_54' title='bbox 1033 969 1156 1044; x_wconf 86' lang='lat' dir='ltr'><strong>Sicilia,</strong></span> <span class='ocrx_word' id='word_1_55' title='bbox 1179 970 1257 1054; x_wconf 92' lang='lat' dir='ltr'><strong>quin</strong></span> <span class='ocrx_word' id='word_1_56' title='bbox 1278 970 1409 1046; x_wconf 90' lang='lat' dir='ltr'><strong>babeat,</strong></span> <span class='ocrx_word' id='word_1_57' title='bbox 1432 973 1510 1055; x_wconf 93' lang='lat' dir='ltr'><strong>quin</strong></span> <span class='ocrx_word' id='word_1_58' title='bbox 1532 974 1624 1057; x_wconf 74' lang='lat' dir='ltr'><strong>legat,</strong></span> 
     </span>
    </p>

    <p class='ocr_par' dir='ltr' id='par_1_5' title="bbox 151 1059 1625 1195">
     <span class='ocr_line' id='line_1_7' title="bbox 151 1059 1625 1195; baseline 0.003 -67"><span class='ocrx_word' id='word_1_59' title='bbox 151 1103 172 1195; x_wconf 54' lang='lat' dir='ltr'><strong>q</strong></span> <span class='ocrx_word' id='word_1_60' title='bbox 309 1067 387 1152; x_wconf 92' lang='lat' dir='ltr'><strong>quin</strong></span> <span class='ocrx_word' id='word_1_61' title='bbox 408 1063 455 1126; x_wconf 91' lang='lat' dir='ltr'><strong>tui</strong></span> <span class='ocrx_word' id='word_1_62' title='bbox 478 1061 604 1126; x_wconf 88' lang='lat' dir='ltr'><strong>sceleris</strong></span> <span class='ocrx_word' id='word_1_63' title='bbox 629 1067 661 1124; x_wconf 91' lang='lat' dir='ltr'><strong>et</strong></span> <span class='ocrx_word' id='word_1_64' title='bbox 682 1059 878 1126; x_wconf 77' lang='lat' dir='ltr'><strong>crudelitatis</strong></span> <span class='ocrx_word' id='word_1_65' title='bbox 907 1081 948 1126; x_wconf 83' lang='lat' dir='ltr'><strong>ex</strong></span> <span class='ocrx_word' id='word_1_66' title='bbox 976 1059 1031 1124; x_wconf 85' lang='lat' dir='ltr'><strong>illa</strong></span> <span class='ocrx_word' id='word_1_67' title='bbox 1061 1063 1203 1126; x_wconf 88' lang='lat' dir='ltr'><strong>oratione</strong></span> <span class='ocrx_word' id='word_1_68' title='bbox 1233 1062 1461 1128; x_wconf 76' lang='lat' dir='ltr'><strong>commonebat.</strong></span> <span class='ocrx_word' id='word_1_69' title='bbox 1502 1066 1539 1129; x_wconf 91' lang='lat' dir='ltr'><strong>ln</strong></span> <span class='ocrx_word' id='word_1_70' title='bbox 1560 1087 1625 1150; x_wconf 91' lang='lat' dir='ltr'><strong>qua</strong></span> 
     </span>
    </p>
   </div>
   <div class='ocr_carea' id='block_1_3' title="bbox 122 1148 1624 3504">
    <p class='ocr_par' dir='ltr' id='par_1_6' title="bbox 307 1148 1624 1337">
     <span class='ocr_line' id='line_1_8' title="bbox 308 1148 1624 1244; baseline 0.002 -21"><span class='ocrx_word' id='word_1_71' title='bbox 308 1148 522 1241; x_wconf 59' lang='lat' dir='ltr'><strong>docet,&#39;“quot</strong></span> <span class='ocrx_word' id='word_1_72' title='bbox 543 1175 562 1218; x_wconf 92' lang='lat' dir='ltr'><strong>a</strong></span> <span class='ocrx_word' id='word_1_73' title='bbox 583 1155 710 1219; x_wconf 68' lang='lat' dir='ltr'><strong>ciuitate</strong></span> <span class='ocrx_word' id='word_1_74' title='bbox 738 1175 796 1219; x_wconf 89' lang='lat' dir='ltr'><strong>sua</strong></span> <span class='ocrx_word' id='word_1_75' title='bbox 824 1161 936 1219; x_wconf 88' lang='lat' dir='ltr'><strong>nautas</strong></span> <span class='ocrx_word' id='word_1_76' title='bbox 964 1156 1138 1241; x_wconf 88' lang='lat' dir='ltr'><strong>acceperit,</strong></span> <span class='ocrx_word' id='word_1_77' title='bbox 1167 1163 1244 1240; x_wconf 90' lang='lat' dir='ltr'><strong>quot</strong></span> <span class='ocrx_word' id='word_1_78' title='bbox 1272 1164 1305 1220; x_wconf 93' lang='lat' dir='ltr'><strong>et</strong></span> <span class='ocrx_word' id='word_1_79' title='bbox 1332 1159 1442 1241; x_wconf 91' lang='lat' dir='ltr'><strong>quanti</strong></span> <span class='ocrx_word' id='word_1_80' title='bbox 1464 1179 1624 1244; x_wconf 84' lang='lat' dir='ltr'><strong>quemque</strong></span> 
     </span>
     <span class='ocr_line' id='line_1_9' title="bbox 307 1248 1622 1337; baseline 0.001 -20"><span class='ocrx_word' id='word_1_81' title='bbox 307 1252 470 1328; x_wconf 83' lang='lat' dir='ltr'><strong>dimiserit,</strong></span> <span class='ocrx_word' id='word_1_82' title='bbox 492 1256 572 1334; x_wconf 90' lang='lat' dir='ltr'><strong>quot</strong></span> <span class='ocrx_word' id='word_1_83' title='bbox 592 1267 699 1312; x_wconf 90' lang='lat' dir='ltr'><strong>secum</strong></span> <span class='ocrx_word' id='word_1_84' title='bbox 718 1248 882 1326; x_wconf 79' lang='lat' dir='ltr'><strong>babuerit:</strong></span> <span class='ocrx_word' id='word_1_85' title='bbox 905 1251 980 1313; x_wconf 87' lang='lat' dir='ltr'><strong>ilem</strong></span> <span class='ocrx_word' id='word_1_86' title='bbox 1003 1248 1043 1312; x_wconf 93' lang='lat' dir='ltr'><strong>de</strong></span> <span class='ocrx_word' id='word_1_87' title='bbox 1064 1251 1177 1313; x_wconf 88' lang='lat' dir='ltr'><strong>ceteris</strong></span> <span class='ocrx_word' id='word_1_88' title='bbox 1192 1251 1324 1314; x_wconf 85' lang='lat' dir='ltr'><strong>naribus</strong></span> <span class='ocrx_word' id='word_1_89' title='bbox 1339 1251 1431 1315; x_wconf 90' lang='lat' dir='ltr'><strong>dicit:</strong></span> <span class='ocrx_word' id='word_1_90' title='bbox 1454 1273 1622 1337; x_wconf 88' lang='lat' dir='ltr'><strong>quaecum</strong></span> 
     </span>
    </p>

    <p class='ocr_par' dir='ltr' id='par_1_7' title="bbox 307 1343 1622 1434">
     <span class='ocr_line' id='line_1_10' title="bbox 307 1343 1622 1434; baseline -0.001 -21"><span class='ocrx_word' id='word_1_91' title='bbox 307 1348 392 1434; x_wconf 84' lang='lat' dir='ltr'><strong>apud</strong></span> <span class='ocrx_word' id='word_1_92' title='bbox 414 1355 446 1410; x_wconf 88' lang='lat' dir='ltr'><strong>te</strong></span> <span class='ocrx_word' id='word_1_93' title='bbox 467 1345 602 1418; x_wconf 88' lang='lat' dir='ltr'><strong>diceret,</strong></span> <span class='ocrx_word' id='word_1_94' title='bbox 628 1344 724 1426; x_wconf 75' lang='lat' dir='ltr'><strong>virgis</strong></span> <span class='ocrx_word' id='word_1_95' title='bbox 746 1344 831 1406; x_wconf 87' lang='lat' dir='ltr'><strong>oculi</strong></span> <span class='ocrx_word' id='word_1_96' title='bbox 852 1343 1107 1408; x_wconf 85' lang='lat' dir='ltr'><strong>verberabantur.</strong></span> <span class='ocrx_word' id='word_1_97' title='bbox 1149 1345 1206 1408; x_wconf 89' lang='lat' dir='ltr'><strong>llle</strong></span> <span class='ocrx_word' id='word_1_98' title='bbox 1227 1354 1327 1408; x_wconf 91' lang='lat' dir='ltr'><strong>morte</strong></span> <span class='ocrx_word' id='word_1_99' title='bbox 1348 1347 1510 1430; x_wconf 87' lang='lat' dir='ltr'><strong>proposita</strong></span> <span class='ocrx_word' id='word_1_100' title='bbox 1530 1346 1622 1412; x_wconf 80' lang='lat' dir='ltr'><strong>facile</strong></span> 
     </span>
    </p>

    <p class='ocr_par' dir='ltr' id='par_1_8' title="bbox 271 1437 1623 1524">
     <span class='ocr_line' id='line_1_11' title="bbox 271 1437 1623 1524; baseline 0.003 -22"><span class='ocrx_word' id='word_1_101' title='bbox 271 1455 299 1503; x_wconf 85' lang='lat' dir='ltr'><strong>so</strong></span> <span class='ocrx_word' id='word_1_102' title='bbox 307 1443 448 1506; x_wconf 87' lang='lat' dir='ltr'><strong>dolorem</strong></span> <span class='ocrx_word' id='word_1_103' title='bbox 463 1439 606 1523; x_wconf 91' lang='lat' dir='ltr'><strong>corporis</strong></span> <span class='ocrx_word' id='word_1_104' title='bbox 620 1438 812 1522; x_wconf 87' lang='lat' dir='ltr'><strong>patiebatur:</strong></span> <span class='ocrx_word' id='word_1_105' title='bbox 835 1437 999 1514; x_wconf 84' lang='lat' dir='ltr'><strong>clamabat,</strong></span> <span class='ocrx_word' id='word_1_106' title='bbox 1020 1437 1052 1501; x_wconf 93' lang='lat' dir='ltr'><strong>id</strong></span> <span class='ocrx_word' id='word_1_107' title='bbox 1067 1438 1154 1521; x_wconf 91' lang='lat' dir='ltr'><strong>quod</strong></span> <span class='ocrx_word' id='word_1_108' title='bbox 1170 1439 1321 1523; x_wconf 88' lang='lat' dir='ltr'><strong>scriptum</strong></span> <span class='ocrx_word' id='word_1_109' title='bbox 1341 1441 1485 1524; x_wconf 87' lang='lat' dir='ltr'><strong>reliquit,</strong></span> <span class='ocrx_word' id='word_1_110' title='bbox 1503 1443 1623 1523; x_wconf 69' lang='lat' dir='ltr'><strong>succure</strong></span> 
     </span>
    </p>

    <p class='ocr_par' dir='ltr' id='par_1_9' title="bbox 305 1533 1619 1618">
     <span class='ocr_line' id='line_1_12' title="bbox 305 1533 1619 1618; baseline -0.002 -16"><span class='ocrx_word' id='word_1_111' title='bbox 305 1557 366 1602; x_wconf 79' lang='lat' dir='ltr'><strong>esse</strong></span> <span class='ocrx_word' id='word_1_112' title='bbox 390 1537 562 1618; x_wconf 81' lang='lat' dir='ltr'><strong>indiqnum,</strong></span> <span class='ocrx_word' id='word_1_113' title='bbox 585 1534 657 1615; x_wconf 86' lang='lat' dir='ltr'><strong>plue</strong></span> <span class='ocrx_word' id='word_1_114' title='bbox 683 1533 934 1614; x_wconf 63' lang='lat' dir='ltr'><strong>impudicissimae</strong></span> <span class='ocrx_word' id='word_1_115' title='bbox 962 1533 1098 1596; x_wconf 86' lang='lat' dir='ltr'><strong>mulieris</strong></span> <span class='ocrx_word' id='word_1_116' title='bbox 1124 1533 1204 1614; x_wconf 86' lang='lat' dir='ltr'><strong>opud</strong></span> <span class='ocrx_word' id='word_1_117' title='bbox 1230 1543 1257 1596; x_wconf 89' lang='lat' dir='ltr'><strong>te</strong></span> <span class='ocrx_word' id='word_1_118' title='bbox 1277 1534 1312 1596; x_wconf 89' lang='lat' dir='ltr'><strong>de</strong></span> <span class='ocrx_word' id='word_1_119' title='bbox 1333 1535 1494 1598; x_wconf 76' lang='lat' dir='ltr'><strong>Cleomenis</strong></span> <span class='ocrx_word' id='word_1_120' title='bbox 1514 1537 1619 1612; x_wconf 84' lang='lat' dir='ltr'><strong>solute,</strong></span> 
     </span>
    </p>

    <p class='ocr_par' dir='ltr' id='par_1_10' title="bbox 304 1621 1619 1718">
     <span class='ocr_line' id='line_1_13' title="bbox 304 1621 1619 1718; baseline -0.002 -21"><span class='ocrx_word' id='word_1_121' title='bbox 304 1651 394 1718; x_wconf 87' lang='lat' dir='ltr'><strong>quom</strong></span> <span class='ocrx_word' id='word_1_122' title='bbox 414 1633 448 1694; x_wconf 92' lang='lat' dir='ltr'><strong>de</strong></span> <span class='ocrx_word' id='word_1_123' title='bbox 469 1649 525 1693; x_wconf 80' lang='lat' dir='ltr'><strong>nec</strong></span> <span class='ocrx_word' id='word_1_124' title='bbox 544 1630 608 1692; x_wconf 87' lang='lat' dir='ltr'><strong>ue&#39;to</strong></span> <span class='ocrx_word' id='word_1_125' title='bbox 629 1628 771 1690; x_wconf 73' lang='lat' dir='ltr'><strong>laeuum</strong></span> <span class='ocrx_word' id='word_1_126' title='bbox 791 1628 900 1690; x_wconf 83' lang='lat' dir='ltr'><strong>metris</strong></span> <span class='ocrx_word' id='word_1_127' title='bbox 919 1627 1026 1690; x_wconf 84' lang='lat' dir='ltr'><strong>colere.</strong></span> <span class='ocrx_word' id='word_1_128' title='bbox 1070 1621 1141 1688; x_wconf 92' lang='grc'><strong>443.</strong></span> <span class='ocrx_word' id='word_1_129' title='bbox 1166 1627 1287 1690; x_wconf 85' lang='lat' dir='ltr'><strong>Deinde</strong></span> <span class='ocrx_word' id='word_1_130' title='bbox 1309 1629 1404 1692; x_wconf 87' lang='lat' dir='ltr'><strong>etiam</strong></span> <span class='ocrx_word' id='word_1_131' title='bbox 1425 1628 1504 1692; x_wconf 87' lang='lat' dir='ltr'><strong>illud</strong></span> <span class='ocrx_word' id='word_1_132' title='bbox 1526 1629 1619 1694; x_wconf 82' lang='lat' dir='ltr'><strong>video</strong></span> 
     </span>
    </p>

    <p class='ocr_par' dir='ltr' id='par_1_11' title="bbox 305 1720 1618 1806">
     <span class='ocr_line' id='line_1_14' title="bbox 305 1720 1618 1806; baseline -0.004 -15"><span class='ocrx_word' id='word_1_133' title='bbox 305 1745 375 1791; x_wconf 90' lang='lat' dir='ltr'><strong>esse</strong></span> <span class='ocrx_word' id='word_1_134' title='bbox 397 1724 533 1797; x_wconf 90' lang='lat' dir='ltr'><strong>dictum,</strong></span> <span class='ocrx_word' id='word_1_135' title='bbox 561 1720 666 1806; x_wconf 93' lang='lat' dir='ltr'><strong>quod,</strong></span> <span class='ocrx_word' id='word_1_136' title='bbox 689 1722 821 1785; x_wconf 89' lang='lat' dir='ltr'><strong>sirecte</strong></span> <span class='ocrx_word' id='word_1_137' title='bbox 843 1740 900 1784; x_wconf 91' lang='lat' dir='ltr'><strong>vos</strong></span> <span class='ocrx_word' id='word_1_138' title='bbox 921 1722 1058 1806; x_wconf 90' lang='lat' dir='ltr'><strong>populus</strong></span> <span class='ocrx_word' id='word_1_139' title='bbox 1078 1721 1238 1785; x_wconf 82' lang='lat' dir='ltr'><strong>Romanus</strong></span> <span class='ocrx_word' id='word_1_140' title='bbox 1260 1723 1424 1805; x_wconf 70' lang='lat' dir='ltr'><strong>cognorit,</strong></span> <span class='ocrx_word' id='word_1_141' title='bbox 1454 1740 1519 1784; x_wconf 93' lang='lat' dir='ltr'><strong>non</strong></span> <span class='ocrx_word' id='word_1_142' title='bbox 1539 1721 1618 1786; x_wconf 85' lang='lat' dir='ltr'><strong>salso</strong></span> 
     </span>
    </p>

    <p class='ocr_par' dir='ltr' id='par_1_12' title="bbox 304 1814 1620 1898">
     <span class='ocr_line' id='line_1_15' title="bbox 304 1814 1620 1898; baseline -0.003 -14"><span class='ocrx_word' id='word_1_143' title='bbox 304 1819 358 1884; x_wconf 88' lang='lat' dir='ltr'><strong>ille</strong></span> <span class='ocrx_word' id='word_1_144' title='bbox 388 1820 427 1883; x_wconf 90' lang='lat' dir='ltr'><strong>de</strong></span> <span class='ocrx_word' id='word_1_145' title='bbox 449 1817 540 1882; x_wconf 86' lang='lat' dir='ltr'><strong>vobis</strong></span> <span class='ocrx_word' id='word_1_146' title='bbox 570 1818 632 1880; x_wconf 92' lang='lat' dir='ltr'><strong>iam</strong></span> <span class='ocrx_word' id='word_1_147' title='bbox 662 1816 695 1878; x_wconf 93' lang='lat' dir='ltr'><strong>in</strong></span> <span class='ocrx_word' id='word_1_148' title='bbox 724 1823 824 1878; x_wconf 90' lang='lat' dir='ltr'><strong>morte</strong></span> <span class='ocrx_word' id='word_1_149' title='bbox 852 1815 922 1897; x_wconf 87' lang='lat' dir='ltr'><strong>ipsa</strong></span> <span class='ocrx_word' id='word_1_150' title='bbox 949 1814 1154 1898; x_wconf 85' lang='lat' dir='ltr'><strong>praedicavit:</strong></span> <span class='ocrx_word' id='word_1_151' title='bbox 1183 1816 1249 1878; x_wconf 81' lang='lat' dir='ltr'><strong>lt&#39;on</strong></span> <span class='ocrx_word' id='word_1_152' title='bbox 1274 1835 1361 1896; x_wconf 85' lang='lat' dir='ltr'><strong>posse</strong></span> <span class='ocrx_word' id='word_1_153' title='bbox 1392 1817 1508 1880; x_wconf 85' lang='lat' dir='ltr'><strong>Verrem</strong></span> <span class='ocrx_word' id='word_1_154' title='bbox 1535 1826 1620 1880; x_wconf 86' lang='lat' dir='ltr'><strong>testes</strong></span> 
     </span>
    </p>

    <p class='ocr_par' dir='ltr' id='par_1_13' title="bbox 179 1909 1617 2093">
     <span class='ocr_line' id='line_1_16' title="bbox 179 1909 1617 1996; baseline 0 -22"><span class='ocrx_word' id='word_1_155' title='bbox 179 1949 182 1956; x_wconf 69' lang='grc'><strong><em>»</em></strong></span> <span class='ocrx_word' id='word_1_156' title='bbox 267 1913 501 1996; x_wconf 57' lang='lat' dir='ltr'><strong>&amp;interficiendo</strong></span> <span class='ocrx_word' id='word_1_157' title='bbox 521 1929 577 1973; x_wconf 85' lang='lat' dir='ltr'><strong>nos</strong></span> <span class='ocrx_word' id='word_1_158' title='bbox 597 1910 801 1990; x_wconf 68' lang='lat' dir='ltr'><strong>exstinquere:</strong></span> <span class='ocrx_word' id='word_1_159' title='bbox 830 1911 1000 1990; x_wconf 75' lang='lat' dir='ltr'><strong>praviorem</strong></span> <span class='ocrx_word' id='word_1_160' title='bbox 1026 1909 1106 1990; x_wconf 80' lang='lat' dir='ltr'><strong>opsed</strong></span> <span class='ocrx_word' id='word_1_161' title='bbox 1131 1909 1275 1990; x_wconf 71' lang='grc'><strong>4444444444</strong></span> <span class='ocrx_word' id='word_1_162' title='bbox 1301 1911 1412 1972; x_wconf 85' lang='lat' dir='ltr'><strong>iudices</strong></span> <span class='ocrx_word' id='word_1_163' title='bbox 1437 1932 1469 1973; x_wconf 88' lang='lat' dir='ltr'><strong>ee</strong></span> <span class='ocrx_word' id='word_1_164' title='bbox 1494 1913 1561 1990; x_wconf 74' lang='lat' dir='ltr'><strong>lore</strong></span> <span class='ocrx_word' id='word_1_165' title='bbox 1581 1913 1617 1974; x_wconf 87' lang='lat' dir='ltr'><strong>ob</strong></span> 
     </span>
     <span class='ocr_line' id='line_1_17' title="bbox 300 2002 1616 2093; baseline -0.004 -20"><span class='ocrx_word' id='word_1_166' title='bbox 300 2009 408 2093; x_wconf 77' lang='lat' dir='ltr'><strong>inseris</strong></span> <span class='ocrx_word' id='word_1_167' title='bbox 429 2015 539 2080; x_wconf 81' lang='grc'><strong>4444444,</strong></span> <span class='ocrx_word' id='word_1_168' title='bbox 562 2023 652 2087; x_wconf 91' lang='lat' dir='ltr'><strong>qucm</strong></span> <span class='ocrx_word' id='word_1_169' title='bbox 673 2005 700 2066; x_wconf 86' lang='lat' dir='ltr'><strong>si</strong></span> <span class='ocrx_word' id='word_1_170' title='bbox 714 2003 805 2067; x_wconf 81' lang='lat' dir='ltr'><strong>¹olous</strong></span> <span class='ocrx_word' id='word_1_171' title='bbox 826 2003 859 2064; x_wconf 92' lang='lat' dir='ltr'><strong>in</strong></span> <span class='ocrx_word' id='word_1_172' title='bbox 873 2002 1016 2064; x_wconf 77' lang='lat' dir='ltr'><strong>:iudicium</strong></span> <span class='ocrx_word' id='word_1_173' title='bbox 1024 2003 1254 2084; x_wconf 79' lang='lat' dir='ltr'><strong>produceretur:</strong></span> <span class='ocrx_word' id='word_1_174' title='bbox 1276 2011 1340 2066; x_wconf 90' lang='lat' dir='ltr'><strong>lum</strong></span> <span class='ocrx_word' id='word_1_175' title='bbox 1352 2006 1499 2067; x_wconf 79' lang='lat' dir='ltr'><strong>auaritiae</strong></span> <span class='ocrx_word' id='word_1_176' title='bbox 1511 2006 1616 2078; x_wconf 89' lang='lat' dir='ltr'><strong>solum,</strong></span> 
     </span>
    </p>

    <p class='ocr_par' dir='ltr' id='par_1_14' title="bbox 303 2097 1618 2175">
     <span class='ocr_line' id='line_1_18' title="bbox 303 2097 1618 2175; baseline -0.003 -9"><span class='ocrx_word' id='word_1_177' title='bbox 303 2105 331 2166; x_wconf 88' lang='lat' dir='ltr'><strong>ei</strong></span> <span class='ocrx_word' id='word_1_178' title='bbox 351 2103 469 2175; x_wconf 87' lang='lat' dir='ltr'><strong>uiueret,</strong></span> <span class='ocrx_word' id='word_1_179' title='bbox 493 2119 580 2170; x_wconf 84' lang='lat' dir='ltr'><strong>amec,</strong></span> <span class='ocrx_word' id='word_1_180' title='bbox 602 2115 669 2160; x_wconf 85' lang='lat' dir='ltr'><strong>erem</strong></span> <span class='ocrx_word' id='word_1_181' title='bbox 689 2098 735 2159; x_wconf 86' lang='lat' dir='ltr'><strong>ilo</strong></span> <span class='ocrx_word' id='word_1_182' title='bbox 756 2105 828 2158; x_wconf 84' lang='lat' dir='ltr'><strong>esset</strong></span> <span class='ocrx_word' id='word_1_183' title='bbox 848 2103 977 2168; x_wconf 83' lang='lat' dir='ltr'><strong>necatus,</strong></span> <span class='ocrx_word' id='word_1_184' title='bbox 999 2097 1124 2169; x_wconf 78' lang='lat' dir='ltr'><strong>sceleris,</strong></span> <span class='ocrx_word' id='word_1_185' title='bbox 1147 2097 1299 2172; x_wconf 71' lang='lat' dir='ltr'><strong>eudociae</strong></span> <span class='ocrx_word' id='word_1_186' title='bbox 1321 2098 1504 2162; x_wconf 78' lang='lat' dir='ltr'><strong>crudelitatis</strong></span> <span class='ocrx_word' id='word_1_187' title='bbox 1519 2107 1618 2162; x_wconf 91' lang='lat' dir='ltr'><strong>testem</strong></span> 
     </span>
    </p>

    <p class='ocr_par' dir='ltr' id='par_1_15' title="bbox 298 2190 1616 2282">
     <span class='ocr_line' id='line_1_19' title="bbox 298 2190 1616 2282; baseline -0.003 -22"><span class='ocrx_word' id='word_1_188' title='bbox 298 2201 375 2282; x_wconf 76' lang='lat' dir='ltr'><strong>sore.</strong></span> <span class='ocrx_word' id='word_1_189' title='bbox 417 2197 483 2258; x_wconf 90' lang='lat' dir='ltr'><strong>lam</strong></span> <span class='ocrx_word' id='word_1_190' title='bbox 500 2193 556 2258; x_wconf 89' lang='lat' dir='ltr'><strong>illa</strong></span> <span class='ocrx_word' id='word_1_191' title='bbox 574 2191 750 2276; x_wconf 86' lang='lat' dir='ltr'><strong>praeclara:</strong></span> <span class='ocrx_word' id='word_1_192' title='bbox 772 2190 839 2254; x_wconf 86' lang='lat' dir='ltr'><strong>Non</strong></span> <span class='ocrx_word' id='word_1_193' title='bbox 856 2191 973 2252; x_wconf 86' lang='lat' dir='ltr'><strong>testium</strong></span> <span class='ocrx_word' id='word_1_194' title='bbox 987 2191 1073 2252; x_wconf 82' lang='lat' dir='ltr'><strong>eudo</strong></span> <span class='ocrx_word' id='word_1_195' title='bbox 1090 2199 1232 2262; x_wconf 82' lang='lat' dir='ltr'><strong>cateruas,</strong></span> <span class='ocrx_word' id='word_1_196' title='bbox 1255 2209 1322 2254; x_wconf 88' lang='lat' dir='ltr'><strong>cum</strong></span> <span class='ocrx_word' id='word_1_197' title='bbox 1339 2199 1392 2254; x_wconf 88' lang='lat' dir='ltr'><strong>tuo</strong></span> <span class='ocrx_word' id='word_1_198' title='bbox 1406 2210 1454 2255; x_wconf 86' lang='lat' dir='ltr'><strong>ree</strong></span> <span class='ocrx_word' id='word_1_199' title='bbox 1468 2203 1616 2274; x_wconf 76' lang='grc'><strong>43444444,</strong></span> 
     </span>
    </p>

    <p class='ocr_par' dir='ltr' id='par_1_16' title="bbox 288 2284 1618 2366">
     <span class='ocr_line' id='line_1_20' title="bbox 288 2284 1618 2366; baseline -0.006 -10"><span class='ocrx_word' id='word_1_200' title='bbox 288 2287 352 2356; x_wconf 54' lang='lat' dir='ltr'><strong>&#39;sed</strong></span> <span class='ocrx_word' id='word_1_201' title='bbox 371 2292 408 2356; x_wconf 86' lang='lat' dir='ltr'><strong>sb</strong></span> <span class='ocrx_word' id='word_1_202' title='bbox 427 2291 475 2354; x_wconf 86' lang='lat' dir='ltr'><strong>dis</strong></span> <span class='ocrx_word' id='word_1_203' title='bbox 494 2288 632 2351; x_wconf 85' lang='lat' dir='ltr'><strong>monibus</strong></span> <span class='ocrx_word' id='word_1_204' title='bbox 651 2285 850 2348; x_wconf 84' lang='lat' dir='ltr'><strong>imtccemium</strong></span> <span class='ocrx_word' id='word_1_205' title='bbox 870 2285 985 2348; x_wconf 80' lang='lat' dir='ltr'><strong>Poenos</strong></span> <span class='ocrx_word' id='word_1_206' title='bbox 998 2284 1193 2366; x_wconf 77' lang='lat' dir='ltr'><strong>scelerumque</strong></span> <span class='ocrx_word' id='word_1_207' title='bbox 1206 2285 1318 2348; x_wconf 83' lang='lat' dir='ltr'><strong>Furios</strong></span> <span class='ocrx_word' id='word_1_208' title='bbox 1330 2287 1365 2348; x_wconf 89' lang='lat' dir='ltr'><strong>e&#39;n</strong></span> <span class='ocrx_word' id='word_1_209' title='bbox 1377 2293 1461 2348; x_wconf 91' lang='lat' dir='ltr'><strong>tuum</strong></span> <span class='ocrx_word' id='word_1_210' title='bbox 1473 2287 1618 2350; x_wconf 84' lang='lat' dir='ltr'><strong>iudicium</strong></span> 
     </span>
    </p>

    <p class='ocr_par' dir='ltr' id='par_1_17' title="bbox 264 2375 1617 2564">
     <span class='ocr_line' id='line_1_21' title="bbox 264 2375 1616 2460; baseline -0.003 -12"><span class='ocrx_word' id='word_1_211' title='bbox 264 2393 362 2451; x_wconf 75' lang='lat' dir='ltr'><strong>ecesse</strong></span> <span class='ocrx_word' id='word_1_212' title='bbox 381 2393 539 2448; x_wconf 84' lang='lat' dir='ltr'><strong>uenturos:</strong></span> <span class='ocrx_word' id='word_1_213' title='bbox 560 2400 621 2444; x_wconf 87' lang='lat' dir='ltr'><strong>sese</strong></span> <span class='ocrx_word' id='word_1_214' title='bbox 642 2379 707 2442; x_wconf 85' lang='lat' dir='ltr'><strong>ideo</strong></span> <span class='ocrx_word' id='word_1_215' title='bbox 729 2378 869 2442; x_wconf 87' lang='lat' dir='ltr'><strong>leuiorem</strong></span> <span class='ocrx_word' id='word_1_216' title='bbox 891 2397 977 2442; x_wconf 87' lang='lat' dir='ltr'><strong>suum</strong></span> <span class='ocrx_word' id='word_1_217' title='bbox 997 2397 1099 2442; x_wconf 79' lang='lat' dir='ltr'><strong>comm</strong></span> <span class='ocrx_word' id='word_1_218' title='bbox 1117 2379 1236 2460; x_wconf 80' lang='lat' dir='ltr'><strong>finqere,</strong></span> <span class='ocrx_word' id='word_1_219' title='bbox 1257 2378 1335 2460; x_wconf 89' lang='lat' dir='ltr'><strong>quod</strong></span> <span class='ocrx_word' id='word_1_220' title='bbox 1353 2380 1417 2442; x_wconf 82' lang='lat' dir='ltr'><strong>lom</strong></span> <span class='ocrx_word' id='word_1_221' title='bbox 1436 2389 1503 2443; x_wconf 84' lang='lat' dir='ltr'><strong>mue</strong></span> <span class='ocrx_word' id='word_1_222' title='bbox 1522 2375 1616 2444; x_wconf 76' lang='grc'><strong>444444</strong></span> 
     </span>
     <span class='ocr_line' id='line_1_22' title="bbox 301 2461 1617 2564; baseline -0.005 -19"><span class='ocrx_word' id='word_1_223' title='bbox 301 2461 591 2546; x_wconf 61' lang='grc' dir='ltr'><strong>4444444444Γ4444444</strong></span> <span class='ocrx_word' id='word_1_224' title='bbox 612 2473 781 2555; x_wconf 83' lang='lat' dir='ltr'><strong>Seatiique,</strong></span> <span class='ocrx_word' id='word_1_225' title='bbox 810 2473 856 2534; x_wconf 93' lang='lat' dir='ltr'><strong>tui</strong></span> <span class='ocrx_word' id='word_1_226' title='bbox 876 2473 1041 2564; x_wconf 66' lang='lat' dir='ltr'><strong>carnificis,</strong></span> <span class='ocrx_word' id='word_1_227' title='bbox 1067 2473 1181 2535; x_wconf 86' lang='lat' dir='ltr'><strong>uultum</strong></span> <span class='ocrx_word' id='word_1_228' title='bbox 1201 2481 1228 2535; x_wconf 86' lang='lat' dir='ltr'><strong>et</strong></span> <span class='ocrx_word' id='word_1_229' title='bbox 1247 2491 1369 2535; x_wconf 83' lang='lat' dir='ltr'><strong>monmn</strong></span> <span class='ocrx_word' id='word_1_230' title='bbox 1388 2475 1526 2550; x_wconf 83' lang='lat' dir='ltr'><strong>uidisset,</strong></span> <span class='ocrx_word' id='word_1_231' title='bbox 1549 2495 1617 2538; x_wconf 87' lang='lat' dir='ltr'><strong>eum</strong></span> 
     </span>
    </p>

    <p class='ocr_par' dir='ltr' id='par_1_18' title="bbox 299 2567 1614 2652">
     <span class='ocr_line' id='line_1_23' title="bbox 299 2567 1614 2652; baseline -0.004 -14"><span class='ocrx_word' id='word_1_232' title='bbox 299 2577 333 2638; x_wconf 86' lang='lat' dir='ltr'><strong>in</strong></span> <span class='ocrx_word' id='word_1_233' title='bbox 362 2581 504 2637; x_wconf 85' lang='lat' dir='ltr'><strong>concentu</strong></span> <span class='ocrx_word' id='word_1_234' title='bbox 530 2571 641 2633; x_wconf 85' lang='lat' dir='ltr'><strong>ciuium</strong></span> <span class='ocrx_word' id='word_1_235' title='bbox 661 2570 866 2631; x_wconf 79' lang='lat' dir='ltr'><strong>Romanorum</strong></span> <span class='ocrx_word' id='word_1_236' title='bbox 892 2567 977 2629; x_wconf 87' lang='lat' dir='ltr'><strong>imsu</strong></span> <span class='ocrx_word' id='word_1_237' title='bbox 1006 2576 1056 2629; x_wconf 90' lang='lat' dir='ltr'><strong>tuo</strong></span> <span class='ocrx_word' id='word_1_238' title='bbox 1076 2569 1174 2630; x_wconf 83' lang='lat' dir='ltr'><strong>securi</strong></span> <span class='ocrx_word' id='word_1_239' title='bbox 1194 2569 1271 2630; x_wconf 85' lang='lat' dir='ltr'><strong>ciues</strong></span> <span class='ocrx_word' id='word_1_240' title='bbox 1292 2569 1421 2630; x_wconf 85' lang='lat' dir='ltr'><strong>Itoencui</strong></span> <span class='ocrx_word' id='word_1_241' title='bbox 1441 2571 1614 2652; x_wconf 76' lang='lat' dir='ltr'><strong>feriremur.</strong></span> 
     </span>
    </p>

    <p class='ocr_par' dir='ltr' id='par_1_19' title="bbox 268 2661 1615 2744">
     <span class='ocr_line' id='line_1_24' title="bbox 268 2661 1615 2744; baseline -0.001 -16"><span class='ocrx_word' id='word_1_242' title='bbox 268 2723 270 2728; x_wconf 81' lang='grc'>,</span> <span class='ocrx_word' id='word_1_243' title='bbox 299 2665 371 2733; x_wconf 84' lang='grc'><strong>444.</strong></span> <span class='ocrx_word' id='word_1_244' title='bbox 392 2670 439 2732; x_wconf 86' lang='lat' dir='ltr'><strong>Ne</strong></span> <span class='ocrx_word' id='word_1_245' title='bbox 461 2664 579 2742; x_wconf 85' lang='lat' dir='ltr'><strong>multa,</strong></span> <span class='ocrx_word' id='word_1_246' title='bbox 599 2662 741 2737; x_wconf 89' lang='lat' dir='ltr'><strong>iudices,</strong></span> <span class='ocrx_word' id='word_1_247' title='bbox 763 2661 922 2735; x_wconf 87' lang='lat' dir='ltr'><strong>libertate,</strong></span> <span class='ocrx_word' id='word_1_248' title='bbox 944 2679 1038 2744; x_wconf 90' lang='lat' dir='ltr'><strong>quam</strong></span> <span class='ocrx_word' id='word_1_249' title='bbox 1061 2680 1117 2725; x_wconf 85' lang='lat' dir='ltr'><strong>ros</strong></span> <span class='ocrx_word' id='word_1_250' title='bbox 1139 2661 1234 2725; x_wconf 91' lang='lat' dir='ltr'><strong>sociis</strong></span> <span class='ocrx_word' id='word_1_251' title='bbox 1256 2661 1404 2737; x_wconf 86' lang='lat' dir='ltr'><strong>dedistis,</strong></span> <span class='ocrx_word' id='word_1_252' title='bbox 1425 2662 1485 2727; x_wconf 91' lang='lat' dir='ltr'><strong>bac</strong></span> <span class='ocrx_word' id='word_1_253' title='bbox 1506 2663 1560 2726; x_wconf 87' lang='lat' dir='ltr'><strong>ille</strong></span> <span class='ocrx_word' id='word_1_254' title='bbox 1580 2663 1615 2726; x_wconf 91' lang='lat' dir='ltr'><strong>in</strong></span> 
     </span>
    </p>

    <p class='ocr_par' dir='ltr' id='par_1_20' title="bbox 203 2753 1616 2843">
     <span class='ocr_line' id='line_1_25' title="bbox 203 2753 1616 2843; baseline -0.006 -15"><span class='ocrx_word' id='word_1_255' title='bbox 203 2793 241 2817; x_wconf 52' lang='lat' dir='ltr'>x</span> <span class='ocrx_word' id='word_1_256' title='bbox 299 2761 501 2828; x_wconf 88' lang='lat' dir='ltr'><strong>acerbissimo</strong></span> <span class='ocrx_word' id='word_1_257' title='bbox 515 2756 671 2843; x_wconf 88' lang='lat' dir='ltr'><strong>supplicio</strong></span> <span class='ocrx_word' id='word_1_258' title='bbox 686 2755 879 2819; x_wconf 86' lang='lat' dir='ltr'><strong>miserrimae</strong></span> <span class='ocrx_word' id='word_1_259' title='bbox 895 2753 1053 2817; x_wconf 87' lang='lat' dir='ltr'><strong>servitutis</strong></span> <span class='ocrx_word' id='word_1_260' title='bbox 1067 2755 1185 2819; x_wconf 81' lang='lat' dir='ltr'><strong>abusm</strong></span> <span class='ocrx_word' id='word_1_261' title='bbox 1199 2763 1257 2818; x_wconf 82' lang='lat' dir='ltr'><strong>est.</strong></span> <span class='ocrx_word' id='word_1_262' title='bbox 1288 2754 1397 2818; x_wconf 84' lang='lat' dir='ltr'><strong>XLIV.</strong></span> <span class='ocrx_word' id='word_1_263' title='bbox 1420 2757 1616 2820; x_wconf 88' lang='lat' dir='ltr'><strong>Condemnat</strong></span> 
     </span>
    </p>

    <p class='ocr_par' dir='ltr' id='par_1_21' title="bbox 261 2847 1612 2931">
     <span class='ocr_line' id='line_1_26' title="bbox 261 2847 1612 2931; baseline -0.003 -13"><span class='ocrx_word' id='word_1_264' title='bbox 261 2867 289 2918; x_wconf 77' lang='grc'><strong>44</strong></span> <span class='ocrx_word' id='word_1_265' title='bbox 299 2877 408 2923; x_wconf 90' lang='lat' dir='ltr'><strong>omnes</strong></span> <span class='ocrx_word' id='word_1_266' title='bbox 424 2856 464 2919; x_wconf 90' lang='lat' dir='ltr'><strong>de</strong></span> <span class='ocrx_word' id='word_1_267' title='bbox 486 2851 611 2917; x_wconf 89' lang='lat' dir='ltr'><strong>consilii</strong></span> <span class='ocrx_word' id='word_1_268' title='bbox 626 2849 799 2914; x_wconf 87' lang='lat' dir='ltr'><strong>sententia:</strong></span> <span class='ocrx_word' id='word_1_269' title='bbox 821 2855 926 2911; x_wconf 71' lang='lat' dir='ltr'><strong>manen</strong></span> <span class='ocrx_word' id='word_1_270' title='bbox 939 2867 1042 2931; x_wconf 90' lang='lat' dir='ltr'><strong>neque</strong></span> <span class='ocrx_word' id='word_1_271' title='bbox 1057 2847 1116 2912; x_wconf 92' lang='lat' dir='ltr'><strong>iste</strong></span> <span class='ocrx_word' id='word_1_272' title='bbox 1132 2849 1164 2911; x_wconf 90' lang='lat' dir='ltr'><strong>iu</strong></span> <span class='ocrx_word' id='word_1_273' title='bbox 1179 2854 1265 2911; x_wconf 86' lang='lat' dir='ltr'><strong>tants</strong></span> <span class='ocrx_word' id='word_1_274' title='bbox 1278 2867 1313 2910; x_wconf 88' lang='lat' dir='ltr'><strong>re</strong></span> <span class='ocrx_word' id='word_1_275' title='bbox 1327 2855 1375 2911; x_wconf 93' lang='lat' dir='ltr'><strong>tot</strong></span> <span class='ocrx_word' id='word_1_276' title='bbox 1388 2849 1553 2913; x_wconf 91' lang='lat' dir='ltr'><strong>bominum</strong></span> <span class='ocrx_word' id='word_1_277' title='bbox 1575 2852 1612 2914; x_wconf 83' lang='lat' dir='ltr'><strong>T.</strong></span> 
     </span>
    </p>

    <p class='ocr_par' dir='ltr' id='par_1_22' title="bbox 122 2940 1612 3219">
     <span class='ocr_line' id='line_1_27' title="bbox 123 2940 1612 3043; baseline -0.005 -27"><span class='ocrx_word' id='word_1_278' title='bbox 123 3030 126 3043; x_wconf 34' lang='grc' dir='ltr'>Ι</span> <span class='ocrx_word' id='word_1_279' title='bbox 296 2952 438 3016; x_wconf 82' lang='lat' dir='ltr'><strong>Vettium</strong></span> <span class='ocrx_word' id='word_1_280' title='bbox 458 2947 498 3011; x_wconf 88' lang='lat' dir='ltr'><strong>ad</strong></span> <span class='ocrx_word' id='word_1_281' title='bbox 520 2965 554 3010; x_wconf 92' lang='lat' dir='ltr'><strong>se</strong></span> <span class='ocrx_word' id='word_1_282' title='bbox 576 2943 715 3019; x_wconf 87' lang='lat' dir='ltr'><strong>arcessit,</strong></span> <span class='ocrx_word' id='word_1_283' title='bbox 737 2949 937 3026; x_wconf 81' lang='lat' dir='ltr'><strong>quaestorem</strong></span> <span class='ocrx_word' id='word_1_284' title='bbox 959 2960 1061 3017; x_wconf 91' lang='lat' dir='ltr'><strong>suum,</strong></span> <span class='ocrx_word' id='word_1_285' title='bbox 1082 2941 1172 3005; x_wconf 90' lang='lat' dir='ltr'><strong>cuius</strong></span> <span class='ocrx_word' id='word_1_286' title='bbox 1186 2940 1320 3005; x_wconf 89' lang='lat' dir='ltr'><strong>consilio</strong></span> <span class='ocrx_word' id='word_1_287' title='bbox 1334 2949 1487 3020; x_wconf 85' lang='lat' dir='ltr'><strong>uteretur,</strong></span> <span class='ocrx_word' id='word_1_288' title='bbox 1508 2964 1612 3029; x_wconf 87' lang='lat' dir='ltr'><strong>neque</strong></span> 
     </span>
     <span class='ocr_line' id='line_1_28' title="bbox 122 3034 1611 3128; baseline -0.002 -25"><span class='ocrx_word' id='word_1_289' title='bbox 122 3041 130 3078; x_wconf 87' lang='lat'><strong>¹&#39;</strong></span> <span class='ocrx_word' id='word_1_290' title='bbox 250 3040 256 3104; x_wconf 74' lang='grc' dir='ltr'><strong>ἶ,</strong></span> <span class='ocrx_word' id='word_1_291' title='bbox 296 3047 330 3110; x_wconf 88' lang='grc' dir='ltr'><strong>Ρ.</strong></span> <span class='ocrx_word' id='word_1_292' title='bbox 354 3045 514 3117; x_wconf 84' lang='lat' dir='ltr'><strong>Ceruium,</strong></span> <span class='ocrx_word' id='word_1_293' title='bbox 543 3038 637 3128; x_wconf 73' lang='lat' dir='ltr'><strong>talem</strong></span> <span class='ocrx_word' id='word_1_294' title='bbox 659 3037 777 3112; x_wconf 86' lang='lat' dir='ltr'><strong>virum,</strong></span> <span class='ocrx_word' id='word_1_295' title='bbox 804 3036 960 3120; x_wconf 78' lang='lat' dir='ltr'><strong>legatum,</strong></span> <span class='ocrx_word' id='word_1_296' title='bbox 989 3034 1062 3119; x_wconf 90' lang='lat' dir='ltr'><strong>qui,</strong></span> <span class='ocrx_word' id='word_1_297' title='bbox 1091 3035 1166 3118; x_wconf 90' lang='lat' dir='ltr'><strong>quia</strong></span> <span class='ocrx_word' id='word_1_298' title='bbox 1186 3036 1309 3118; x_wconf 73' lang='lat' dir='ltr'><strong>legatus</strong></span> <span class='ocrx_word' id='word_1_299' title='bbox 1330 3037 1391 3100; x_wconf 91' lang='lat' dir='ltr'><strong>istc</strong></span> <span class='ocrx_word' id='word_1_300' title='bbox 1413 3047 1556 3120; x_wconf 86' lang='lat' dir='ltr'><strong>praetore</strong></span> <span class='ocrx_word' id='word_1_301' title='bbox 1577 3037 1611 3100; x_wconf 90' lang='lat' dir='ltr'><strong>in</strong></span> 
     </span>
     <span class='ocr_line' id='line_1_29' title="bbox 296 3128 1612 3219; baseline -0.007 -16"><span class='ocrx_word' id='word_1_302' title='bbox 296 3139 404 3203; x_wconf 84' lang='lat' dir='ltr'><strong>Sicilia</strong></span> <span class='ocrx_word' id='word_1_303' title='bbox 424 3136 494 3212; x_wconf 83' lang='lat' dir='ltr'><strong>luit,</strong></span> <span class='ocrx_word' id='word_1_304' title='bbox 515 3133 633 3219; x_wconf 91' lang='lat' dir='ltr'><strong>primus</strong></span> <span class='ocrx_word' id='word_1_305' title='bbox 655 3131 694 3194; x_wconf 92' lang='lat' dir='ltr'><strong>ab</strong></span> <span class='ocrx_word' id='word_1_306' title='bbox 715 3132 777 3194; x_wconf 89' lang='lat' dir='ltr'><strong>isto</strong></span> <span class='ocrx_word' id='word_1_307' title='bbox 798 3129 896 3192; x_wconf 81' lang='lat' dir='ltr'><strong>iudex</strong></span> <span class='ocrx_word' id='word_1_308' title='bbox 917 3129 1053 3192; x_wconf 89' lang='lat' dir='ltr'><strong>reiectus</strong></span> <span class='ocrx_word' id='word_1_309' title='bbox 1074 3137 1138 3192; x_wconf 90' lang='lat' dir='ltr'><strong>est:</strong></span> <span class='ocrx_word' id='word_1_310' title='bbox 1160 3128 1216 3192; x_wconf 91' lang='lat' dir='ltr'><strong>sed</strong></span> <span class='ocrx_word' id='word_1_311' title='bbox 1239 3129 1278 3194; x_wconf 91' lang='lat' dir='ltr'><strong>do</strong></span> <span class='ocrx_word' id='word_1_312' title='bbox 1292 3129 1458 3205; x_wconf 74' lang='lat' dir='ltr'><strong>lauouum,</strong></span> <span class='ocrx_word' id='word_1_313' title='bbox 1479 3129 1540 3194; x_wconf 91' lang='lat' dir='ltr'><strong>boc</strong></span> <span class='ocrx_word' id='word_1_314' title='bbox 1554 3139 1612 3206; x_wconf 88' lang='lat' dir='ltr'><strong>est,</strong></span> 
     </span>
    </p>

    <p class='ocr_par' dir='ltr' id='par_1_23' title="bbox 296 3216 1612 3302">
     <span class='ocr_line' id='line_1_30' title="bbox 296 3216 1612 3302; baseline -0.008 -5"><span class='ocrx_word' id='word_1_315' title='bbox 296 3234 337 3297; x_wconf 91' lang='lat' dir='ltr'><strong>de</strong></span> <span class='ocrx_word' id='word_1_316' title='bbox 358 3231 510 3297; x_wconf 88' lang='lat' dir='ltr'><strong>comitum</strong></span> <span class='ocrx_word' id='word_1_317' title='bbox 531 3247 660 3294; x_wconf 87' lang='lat' dir='ltr'><strong>suorum</strong></span> <span class='ocrx_word' id='word_1_318' title='bbox 682 3225 839 3290; x_wconf 88' lang='lat' dir='ltr'><strong>sententia</strong></span> <span class='ocrx_word' id='word_1_319' title='bbox 860 3223 1049 3288; x_wconf 89' lang='lat' dir='ltr'><strong>condemnat</strong></span> <span class='ocrx_word' id='word_1_320' title='bbox 1070 3243 1188 3287; x_wconf 90' lang='lat' dir='ltr'><strong>omnes.</strong></span> <span class='ocrx_word' id='word_1_321' title='bbox 1218 3216 1289 3284; x_wconf 86' lang='grc'><strong>445.</strong></span> <span class='ocrx_word' id='word_1_322' title='bbox 1310 3223 1370 3287; x_wconf 83' lang='lat' dir='ltr'><strong>llic</strong></span> <span class='ocrx_word' id='word_1_323' title='bbox 1384 3225 1489 3288; x_wconf 89' lang='lat' dir='ltr'><strong>cuncti</strong></span> <span class='ocrx_word' id='word_1_324' title='bbox 1504 3225 1612 3302; x_wconf 80' lang='lat' dir='ltr'><strong>Siculi,</strong></span> 
     </span>
    </p>

    <p class='ocr_par' dir='ltr' id='par_1_24' title="bbox 152 3313 1613 3504">
     <span class='ocr_line' id='line_1_31' title="bbox 154 3313 1613 3417; baseline -0.008 -23"><span class='ocrx_word' id='word_1_325' title='bbox 154 3337 204 3417; x_wconf 64' lang='lat' dir='ltr'><strong>f,</strong></span> <span class='ocrx_word' id='word_1_326' title='bbox 257 3325 470 3395; x_wconf 79' lang='lat' dir='ltr'><strong>nfidelissimi</strong></span> <span class='ocrx_word' id='word_1_327' title='bbox 491 3332 586 3408; x_wconf 91' lang='lat' dir='ltr'><strong>atque</strong></span> <span class='ocrx_word' id='word_1_328' title='bbox 608 3319 821 3405; x_wconf 86' lang='lat' dir='ltr'><strong>antiquissimi</strong></span> <span class='ocrx_word' id='word_1_329' title='bbox 842 3318 932 3393; x_wconf 90' lang='lat' dir='ltr'><strong>socii,</strong></span> <span class='ocrx_word' id='word_1_330' title='bbox 953 3317 1098 3402; x_wconf 90' lang='lat' dir='ltr'><strong>plurimis</strong></span> <span class='ocrx_word' id='word_1_331' title='bbox 1120 3316 1221 3381; x_wconf 85' lang='lat' dir='ltr'><strong>allecti</strong></span> <span class='ocrx_word' id='word_1_332' title='bbox 1236 3313 1396 3380; x_wconf 88' lang='lat' dir='ltr'><strong>beneficiis</strong></span> <span class='ocrx_word' id='word_1_333' title='bbox 1411 3336 1429 3379; x_wconf 85' lang='lat' dir='ltr'><strong>a</strong></span> <span class='ocrx_word' id='word_1_334' title='bbox 1443 3317 1613 3382; x_wconf 86' lang='lat' dir='ltr'><strong>maioribus</strong></span> 
     </span>
     <span class='ocr_line' id='line_1_32' title="bbox 152 3399 1612 3504; baseline -0.012 -14"><span class='ocrx_word' id='word_1_335' title='bbox 152 3399 172 3454; x_wconf 52' lang='lat'><strong>‘³</strong></span> <span class='ocrx_word' id='word_1_336' title='bbox 294 3412 426 3497; x_wconf 69' lang='lat' dir='ltr'><strong>noctus,</strong></span> <span class='ocrx_word' id='word_1_337' title='bbox 455 3418 593 3504; x_wconf 75' lang='lat' dir='ltr'><strong>gravilm</strong></span> <span class='ocrx_word' id='word_1_338' title='bbox 614 3419 851 3480; x_wconf 84' lang='lat' dir='ltr'><strong>commorentur</strong></span> <span class='ocrx_word' id='word_1_339' title='bbox 872 3412 966 3476; x_wconf 89' lang='lat' dir='ltr'><strong>etde</strong></span> <span class='ocrx_word' id='word_1_340' title='bbox 988 3412 1054 3475; x_wconf 91' lang='lat' dir='ltr'><strong>suis</strong></span> <span class='ocrx_word' id='word_1_341' title='bbox 1075 3410 1226 3494; x_wconf 90' lang='lat' dir='ltr'><strong>periculis</strong></span> <span class='ocrx_word' id='word_1_342' title='bbox 1247 3409 1444 3495; x_wconf 75' lang='lat' dir='ltr'><strong>fortunisque</strong></span> <span class='ocrx_word' id='word_1_343' title='bbox 1466 3410 1612 3474; x_wconf 89' lang='lat' dir='ltr'><strong>omnibus</strong></span> 
     </span>
    </p>
   </div>
   <div class='ocr_carea' id='block_1_4' title="bbox 297 3549 1608 3586">
    <p class='ocr_par' dir='ltr' id='par_1_25' title="bbox 297 3549 1608 3586">
     <span class='ocr_line' id='line_1_33' title="bbox 297 3549 1608 3586; baseline -0.003 -18"><span class='ocrx_word' id='word_1_344' title='bbox 297 3549 1608 3586; x_wconf 82' lang='lat'><strong>...--—---------·-—-·-·--------··</strong></span> 
     </span>
    </p>
   </div>
   <div class='ocr_carea' id='block_1_5' title="bbox 291 3629 1662 4314">
    <p class='ocr_par' dir='ltr' id='par_1_26' title="bbox 291 3629 1662 4241">
     <span class='ocr_line' id='line_1_34' title="bbox 359 3629 1607 3703; baseline -0.014 -1"><span class='ocrx_word' id='word_1_345' title='bbox 359 3653 383 3703; x_wconf 92' lang='grc'><strong>4.</strong></span> <span class='ocrx_word' id='word_1_346' title='bbox 401 3629 455 3701; x_wconf 76' lang='grc'><strong>4444</strong></span> <span class='ocrx_word' id='word_1_347' title='bbox 471 3656 524 3695; x_wconf 91' lang='lat' dir='ltr'><strong>cm.</strong></span> <span class='ocrx_word' id='word_1_348' title='bbox 535 3640 582 3702; x_wconf 84' lang='grc'><strong>443,</strong></span> <span class='ocrx_word' id='word_1_349' title='bbox 601 3636 678 3690; x_wconf 89' lang='lat' dir='ltr'><strong>codd.</strong></span> <span class='ocrx_word' id='word_1_350' title='bbox 691 3635 783 3689; x_wconf 75' lang='lat' dir='ltr'><strong>bamb.</strong></span> <span class='ocrx_word' id='word_1_351' title='bbox 799 3661 826 3672; x_wconf 96' lang='lat'><em>-</em></span> <span class='ocrx_word' id='word_1_352' title='bbox 840 3635 952 3687; x_wconf 81' lang='lat' dir='ltr'><strong>Siciliam</strong></span> <span class='ocrx_word' id='word_1_353' title='bbox 961 3633 998 3684; x_wconf 83' lang='grc'><strong>443</strong></span> <span class='ocrx_word' id='word_1_354' title='bbox 1010 3632 1089 3684; x_wconf 87' lang='lat' dir='ltr'><strong>codd.</strong></span> <span class='ocrx_word' id='word_1_355' title='bbox 1102 3632 1205 3694; x_wconf 80' lang='lat' dir='ltr'><strong>bamb:</strong></span> <span class='ocrx_word' id='word_1_356' title='bbox 1220 3633 1433 3696; x_wconf 66' lang='lat' dir='ltr'><strong>putuerunt„</strong></span> <span class='ocrx_word' id='word_1_357' title='bbox 1443 3633 1530 3684; x_wconf 75' lang='lat' dir='ltr'><strong>sicllia</strong></span> <span class='ocrx_word' id='word_1_358' title='bbox 1540 3635 1607 3686; x_wconf 85' lang='lat' dir='ltr'><strong>conl.</strong></span> 
     </span>
     <span class='ocr_line' id='line_1_35' title="bbox 293 3705 1611 3795; baseline -0.016 -19"><span class='ocrx_word' id='word_1_359' title='bbox 293 3729 396 3795; x_wconf 70' lang='lat' dir='ltr'><strong>Zumpt.</strong></span> <span class='ocrx_word' id='word_1_360' title='bbox 417 3751 444 3764; x_wconf 88' lang='lat'>-</span> <span class='ocrx_word' id='word_1_361' title='bbox 462 3723 487 3774; x_wconf 76' lang='lat'><strong>2.</strong></span> <span class='ocrx_word' id='word_1_362' title='bbox 504 3717 665 3769; x_wconf 81' lang='lat' dir='ltr'><strong>moriundum</strong></span> <span class='ocrx_word' id='word_1_363' title='bbox 680 3716 700 3766; x_wconf 84' lang='lat' dir='ltr'>R</span> <span class='ocrx_word' id='word_1_364' title='bbox 718 3712 764 3764; x_wconf 88' lang='lat' dir='ltr'><strong>Ld.</strong></span> <span class='ocrx_word' id='word_1_365' title='bbox 783 3711 863 3776; x_wconf 77' lang='lat' dir='ltr'><strong>ngas:</strong></span> <span class='ocrx_word' id='word_1_366' title='bbox 885 3709 1040 3760; x_wconf 58' lang='lat' dir='ltr'><strong>morionum</strong></span> <span class='ocrx_word' id='word_1_367' title='bbox 1056 3705 1112 3758; x_wconf 88' lang='lat' dir='ltr'><strong>rell.</strong></span> <span class='ocrx_word' id='word_1_368' title='bbox 1131 3708 1160 3758; x_wconf 85' lang='lat'><strong>0.</strong></span> <span class='ocrx_word' id='word_1_369' title='bbox 1181 3733 1209 3746; x_wconf 87' lang='lat'><strong>-·</strong></span> <span class='ocrx_word' id='word_1_370' title='bbox 1227 3707 1253 3759; x_wconf 78' lang='grc'><strong>9.</strong></span> <span class='ocrx_word' id='word_1_371' title='bbox 1270 3719 1296 3759; x_wconf 84' lang='lat' dir='ltr'><strong>se</strong></span> <span class='ocrx_word' id='word_1_372' title='bbox 1312 3719 1365 3760; x_wconf 91' lang='lat' dir='ltr'><strong>cm.</strong></span> <span class='ocrx_word' id='word_1_373' title='bbox 1384 3708 1420 3760; x_wconf 84' lang='grc'><strong>443</strong></span> <span class='ocrx_word' id='word_1_374' title='bbox 1437 3709 1513 3774; x_wconf 77' lang='grc'><strong>4399.</strong></span> <span class='ocrx_word' id='word_1_375' title='bbox 1540 3711 1611 3774; x_wconf 76' lang='lat' dir='ltr'><strong>[Erat</strong></span> 
     </span>
     <span class='ocr_line' id='line_1_36' title="bbox 292 3782 1662 3860; baseline -0.026 -2"><span class='ocrx_word' id='word_1_376' title='bbox 292 3807 352 3860; x_wconf 88' lang='lat' dir='ltr'><strong>tort.</strong></span> <span class='ocrx_word' id='word_1_377' title='bbox 369 3803 397 3854; x_wconf 87' lang='lat' dir='ltr'><strong>in</strong></span> <span class='ocrx_word' id='word_1_378' title='bbox 413 3796 559 3860; x_wconf 75' lang='lat' dir='ltr'><strong>archetypo</strong></span> <span class='ocrx_word' id='word_1_379' title='bbox 576 3805 601 3843; x_wconf 85' lang='lat' dir='ltr'><strong>ee</strong></span> <span class='ocrx_word' id='word_1_380' title='bbox 617 3794 678 3842; x_wconf 87' lang='lat' dir='ltr'><strong>unte</strong></span> <span class='ocrx_word' id='word_1_381' title='bbox 694 3787 765 3854; x_wconf 79' lang='grc'><strong>4944]</strong></span> <span class='ocrx_word' id='word_1_382' title='bbox 778 3814 806 3824; x_wconf 94' lang='grc'>-</span> <span class='ocrx_word' id='word_1_383' title='bbox 820 3801 877 3838; x_wconf 86' lang='lat' dir='ltr'><strong>eum</strong></span> <span class='ocrx_word' id='word_1_384' title='bbox 891 3789 973 3836; x_wconf 83' lang='lat' dir='ltr'><strong>meter</strong></span> <span class='ocrx_word' id='word_1_385' title='bbox 988 3785 1015 3834; x_wconf 88' lang='lat' dir='ltr'><strong>in</strong></span> <span class='ocrx_word' id='word_1_386' title='bbox 1031 3795 1131 3834; x_wconf 82' lang='lat' dir='ltr'><strong>comere</strong></span> <span class='ocrx_word' id='word_1_387' title='bbox 1148 3783 1208 3847; x_wconf 81' lang='lat' dir='ltr'><strong>(om.</strong></span> <span class='ocrx_word' id='word_1_388' title='bbox 1222 3782 1298 3849; x_wconf 76' lang='lat' dir='ltr'><strong>lucr.)</strong></span> <span class='ocrx_word' id='word_1_389' title='bbox 1314 3783 1395 3847; x_wconf 72' lang='grc'><strong>4349.</strong></span> <span class='ocrx_word' id='word_1_390' title='bbox 1407 3809 1434 3821; x_wconf 91' lang='grc'>-</span> <span class='ocrx_word' id='word_1_391' title='bbox 1446 3783 1471 3836; x_wconf 74' lang='lat' dir='ltr'><strong>t.</strong></span> <span class='ocrx_word' id='word_1_392' title='bbox 1489 3785 1611 3836; x_wconf 62' lang='lat' dir='ltr'><strong>mm</strong></span> <span class='ocrx_word' id='word_1_393' title='bbox 1659 3837 1662 3846; x_wconf 33' lang='grc' dir='ltr'>Ι</span> 
     </span>
     <span class='ocr_line' id='line_1_37' title="bbox 292 3859 1609 3938; baseline -0.018 -8"><span class='ocrx_word' id='word_1_394' title='bbox 292 3879 322 3934; x_wconf 77' lang='lat' dir='ltr'><strong>lt.</strong></span> <span class='ocrx_word' id='word_1_395' title='bbox 342 3907 369 3919; x_wconf 93' lang='lat'><strong>·-</strong></span> <span class='ocrx_word' id='word_1_396' title='bbox 389 3876 429 3928; x_wconf 89' lang='grc'><strong>49.</strong></span> <span class='ocrx_word' id='word_1_397' title='bbox 447 3872 513 3938; x_wconf 87' lang='lat' dir='ltr'><strong>quod</strong></span> <span class='ocrx_word' id='word_1_398' title='bbox 527 3869 648 3932; x_wconf 72' lang='lat' dir='ltr'><strong>rotulam</strong></span> <span class='ocrx_word' id='word_1_399' title='bbox 663 3869 699 3918; x_wconf 89' lang='lat' dir='ltr'><strong>eet</strong></span> <span class='ocrx_word' id='word_1_400' title='bbox 713 3861 831 3925; x_wconf 77' lang='lat' dir='ltr'><strong>relinquit</strong></span> <span class='ocrx_word' id='word_1_401' title='bbox 847 3862 891 3914; x_wconf 81' lang='grc'><strong>443.</strong></span> <span class='ocrx_word' id='word_1_402' title='bbox 913 3887 940 3898; x_wconf 90' lang='lat'>-</span> <span class='ocrx_word' id='word_1_403' title='bbox 958 3862 1000 3912; x_wconf 89' lang='grc'><strong>44.</strong></span> <span class='ocrx_word' id='word_1_404' title='bbox 1017 3860 1104 3924; x_wconf 76' lang='lat' dir='ltr'><strong>repud.</strong></span> <span class='ocrx_word' id='word_1_405' title='bbox 1121 3860 1151 3910; x_wconf 82' lang='lat' dir='ltr'><strong>u.</strong></span> <span class='ocrx_word' id='word_1_406' title='bbox 1172 3885 1199 3895; x_wconf 96' lang='lat'><em>-</em></span> <span class='ocrx_word' id='word_1_407' title='bbox 1218 3864 1281 3922; x_wconf 72' lang='lat' dir='ltr'><strong>apuu</strong></span> <span class='ocrx_word' id='word_1_408' title='bbox 1295 3860 1325 3910; x_wconf 83' lang='lat' dir='ltr'><strong>lt.</strong></span> <span class='ocrx_word' id='word_1_409' title='bbox 1345 3883 1372 3895; x_wconf 88' lang='lat'>-</span> <span class='ocrx_word' id='word_1_410' title='bbox 1393 3859 1433 3910; x_wconf 77' lang='lat' dir='ltr'><strong>tt.</strong></span> <span class='ocrx_word' id='word_1_411' title='bbox 1451 3859 1513 3909; x_wconf 82' lang='lat' dir='ltr'><strong>illud</strong></span> <span class='ocrx_word' id='word_1_412' title='bbox 1534 3860 1609 3910; x_wconf 83' lang='lat' dir='ltr'><strong>ettcm</strong></span> 
     </span>
     <span class='ocr_line' id='line_1_38' title="bbox 293 3931 1608 4009; baseline -0.018 -1"><span class='ocrx_word' id='word_1_413' title='bbox 293 3957 330 4008; x_wconf 73' lang='lat' dir='ltr'><strong>Gt</strong></span> <span class='ocrx_word' id='word_1_414' title='bbox 347 3955 375 4005; x_wconf 84' lang='lat' dir='ltr'><strong>l..</strong></span> <span class='ocrx_word' id='word_1_415' title='bbox 390 3978 418 3990; x_wconf 91' lang='lat'><em>-</em></span> <span class='ocrx_word' id='word_1_416' title='bbox 431 3949 471 4001; x_wconf 75' lang='lat' dir='ltr'><strong>ta.</strong></span> <span class='ocrx_word' id='word_1_417' title='bbox 489 3946 548 4009; x_wconf 90' lang='lat' dir='ltr'><strong>non]</strong></span> <span class='ocrx_word' id='word_1_418' title='bbox 563 3956 625 3995; x_wconf 87' lang='lat' dir='ltr'><strong>ncm</strong></span> <span class='ocrx_word' id='word_1_419' title='bbox 641 3944 671 3994; x_wconf 79' lang='lat' dir='ltr'><strong>u.</strong></span> <span class='ocrx_word' id='word_1_420' title='bbox 686 3967 713 3978; x_wconf 91' lang='lat'>-</span> <span class='ocrx_word' id='word_1_421' title='bbox 730 3937 771 3991; x_wconf 80' lang='grc'><strong>44.</strong></span> <span class='ocrx_word' id='word_1_422' title='bbox 789 3939 842 3989; x_wconf 71' lang='lat' dir='ltr'><strong>mm</strong></span> <span class='ocrx_word' id='word_1_423' title='bbox 857 3937 957 4000; x_wconf 81' lang='lat' dir='ltr'><strong>inipso</strong></span> <span class='ocrx_word' id='word_1_424' title='bbox 971 3940 1049 3987; x_wconf 90' lang='lat' dir='ltr'><strong>morte</strong></span> <span class='ocrx_word' id='word_1_425' title='bbox 1066 3936 1094 3985; x_wconf 88' lang='lat' dir='ltr'><strong>de</strong></span> <span class='ocrx_word' id='word_1_426' title='bbox 1109 3933 1177 3984; x_wconf 82' lang='lat' dir='ltr'><strong>uobis</strong></span> <span class='ocrx_word' id='word_1_427' title='bbox 1193 3931 1258 3984; x_wconf 91' lang='lat' dir='ltr'><strong>dell.</strong></span> <span class='ocrx_word' id='word_1_428' title='bbox 1272 3932 1309 3983; x_wconf 78' lang='lat'><strong>0.</strong></span> <span class='ocrx_word' id='word_1_429' title='bbox 1321 3931 1415 3996; x_wconf 75' lang='lat' dir='ltr'><strong>(utut,</strong></span> <span class='ocrx_word' id='word_1_430' title='bbox 1433 3931 1514 3983; x_wconf 87' lang='lat' dir='ltr'><strong>babet</strong></span> <span class='ocrx_word' id='word_1_431' title='bbox 1529 3934 1608 3985; x_wconf 85' lang='lat' dir='ltr'><strong>eliam</strong></span> 
     </span>
     <span class='ocr_line' id='line_1_39' title="bbox 292 4007 1606 4096; baseline -0.017 -14"><span class='ocrx_word' id='word_1_432' title='bbox 292 4029 370 4096; x_wconf 73' lang='grc'><strong>4399,</strong></span> <span class='ocrx_word' id='word_1_433' title='bbox 389 4025 436 4079; x_wconf 86' lang='lat' dir='ltr'><strong>sed</strong></span> <span class='ocrx_word' id='word_1_434' title='bbox 454 4023 543 4074; x_wconf 88' lang='lat' dir='ltr'><strong>addito</strong></span> <span class='ocrx_word' id='word_1_435' title='bbox 559 4033 607 4072; x_wconf 85' lang='lat' dir='ltr'><strong>suc</strong></span> <span class='ocrx_word' id='word_1_436' title='bbox 622 4019 684 4086; x_wconf 89' lang='lat' dir='ltr'><strong>post</strong></span> <span class='ocrx_word' id='word_1_437' title='bbox 697 4013 772 4080; x_wconf 81' lang='lat' dir='ltr'><strong>ipsc.)</strong></span> <span class='ocrx_word' id='word_1_438' title='bbox 786 4042 813 4054; x_wconf 89' lang='lat'><em>-</em></span> <span class='ocrx_word' id='word_1_439' title='bbox 826 4013 892 4064; x_wconf 84' lang='lat' dir='ltr'><strong>tertis</strong></span> <span class='ocrx_word' id='word_1_440' title='bbox 907 4014 936 4064; x_wconf 80' lang='grc'><strong>44,</strong></span> <span class='ocrx_word' id='word_1_441' title='bbox 950 4039 978 4048; x_wconf 98' lang='grc'>-</span> <span class='ocrx_word' id='word_1_442' title='bbox 993 4013 1032 4063; x_wconf 81' lang='grc'><strong>45.</strong></span> <span class='ocrx_word' id='word_1_443' title='bbox 1050 4023 1095 4061; x_wconf 89' lang='lat' dir='ltr'><strong>nos</strong></span> <span class='ocrx_word' id='word_1_444' title='bbox 1110 4009 1179 4061; x_wconf 80' lang='lat' dir='ltr'><strong>1le</strong></span> <span class='ocrx_word' id='word_1_445' title='bbox 1196 4007 1258 4060; x_wconf 88' lang='lat' dir='ltr'><strong>Ld.:</strong></span> <span class='ocrx_word' id='word_1_446' title='bbox 1274 4021 1319 4058; x_wconf 84' lang='lat' dir='ltr'><strong>uos</strong></span> <span class='ocrx_word' id='word_1_447' title='bbox 1334 4008 1368 4059; x_wconf 84' lang='lat' dir='ltr'><strong>ol</strong></span> <span class='ocrx_word' id='word_1_448' title='bbox 1387 4009 1417 4058; x_wconf 88' lang='lat' dir='ltr'><strong>ct</strong></span> <span class='ocrx_word' id='word_1_449' title='bbox 1432 4008 1471 4058; x_wconf 90' lang='lat' dir='ltr'><strong>sic</strong></span> <span class='ocrx_word' id='word_1_450' title='bbox 1487 4009 1521 4060; x_wconf 90' lang='lat' dir='ltr'><strong>de</strong></span> <span class='ocrx_word' id='word_1_451' title='bbox 1538 4011 1606 4061; x_wconf 92' lang='lat' dir='ltr'><strong>conl.</strong></span> 
     </span>
     <span class='ocr_line' id='line_1_40' title="bbox 292 4081 1606 4165; baseline -0.022 -8"><span class='ocrx_word' id='word_1_452' title='bbox 292 4104 379 4158; x_wconf 86' lang='lat' dir='ltr'><strong>ltedv.</strong></span> <span class='ocrx_word' id='word_1_453' title='bbox 397 4102 424 4152; x_wconf 93' lang='lat' dir='ltr'><strong>in</strong></span> <span class='ocrx_word' id='word_1_454' title='bbox 441 4098 518 4165; x_wconf 88' lang='lat' dir='ltr'><strong>episl.</strong></span> <span class='ocrx_word' id='word_1_455' title='bbox 536 4108 563 4162; x_wconf 88' lang='lat' dir='ltr'><strong>p.</strong></span> <span class='ocrx_word' id='word_1_456' title='bbox 581 4093 637 4154; x_wconf 73' lang='lat' dir='ltr'><strong>le:</strong></span> <span class='ocrx_word' id='word_1_457' title='bbox 663 4091 797 4142; x_wconf 73' lang='lat' dir='ltr'><strong>reinduam</strong></span> <span class='ocrx_word' id='word_1_458' title='bbox 817 4100 902 4139; x_wconf 87' lang='lat' dir='ltr'><strong>uocem</strong></span> <span class='ocrx_word' id='word_1_459' title='bbox 917 4086 985 4138; x_wconf 89' lang='lat' dir='ltr'><strong>ocul.</strong></span> <span class='ocrx_word' id='word_1_460' title='bbox 1007 4085 1068 4136; x_wconf 83' lang='lat' dir='ltr'><strong>bak.</strong></span> <span class='ocrx_word' id='word_1_461' title='bbox 1087 4099 1113 4151; x_wconf 92' lang='lat' dir='ltr'><strong>p.</strong></span> <span class='ocrx_word' id='word_1_462' title='bbox 1132 4083 1187 4146; x_wconf 74' lang='grc'><strong>49,</strong></span> <span class='ocrx_word' id='word_1_463' title='bbox 1207 4081 1428 4146; x_wconf 69' lang='lat' dir='ltr'><strong>commoniti:</strong></span> <span class='ocrx_word' id='word_1_464' title='bbox 1453 4097 1523 4134; x_wconf 82' lang='lat' dir='ltr'><strong>cece:</strong></span> <span class='ocrx_word' id='word_1_465' title='bbox 1539 4083 1606 4135; x_wconf 78' lang='lat' dir='ltr'><strong>sont.</strong></span> 
     </span>
     <span class='ocr_line' id='line_1_41' title="bbox 291 4157 1606 4241; baseline -0.016 -9"><span class='ocrx_word' id='word_1_466' title='bbox 291 4178 379 4233; x_wconf 77' lang='lat' dir='ltr'><strong>Medo.</strong></span> <span class='ocrx_word' id='word_1_467' title='bbox 397 4177 444 4241; x_wconf 87' lang='lat' dir='ltr'><strong>op.</strong></span> <span class='ocrx_word' id='word_1_468' title='bbox 461 4175 482 4224; x_wconf 94' lang='lat'><strong>1.</strong></span> <span class='ocrx_word' id='word_1_469' title='bbox 500 4186 527 4239; x_wconf 89' lang='lat' dir='ltr'><strong>p.</strong></span> <span class='ocrx_word' id='word_1_470' title='bbox 546 4170 619 4228; x_wconf 73' lang='lat' dir='ltr'><strong>eto:</strong></span> <span class='ocrx_word' id='word_1_471' title='bbox 644 4179 686 4218; x_wconf 85' lang='lat' dir='ltr'><strong>eos</strong></span> <span class='ocrx_word' id='word_1_472' title='bbox 701 4162 790 4224; x_wconf 79' lang='lat' dir='ltr'><strong>Halm:</strong></span> <span class='ocrx_word' id='word_1_473' title='bbox 816 4161 888 4214; x_wconf 86' lang='lat' dir='ltr'><strong>dolet</strong></span> <span class='ocrx_word' id='word_1_474' title='bbox 902 4175 948 4214; x_wconf 78' lang='lat' dir='ltr'><strong>uos</strong></span> <span class='ocrx_word' id='word_1_475' title='bbox 962 4160 1138 4224; x_wconf 77' lang='lat' dir='ltr'><strong>Wesenberg.</strong></span> <span class='ocrx_word' id='word_1_476' title='bbox 1157 4157 1173 4210; x_wconf 93' lang='lat' dir='ltr'><strong>l.</strong></span> <span class='ocrx_word' id='word_1_477' title='bbox 1192 4157 1209 4210; x_wconf 94' lang='lat' dir='ltr'><strong>l.</strong></span> <span class='ocrx_word' id='word_1_478' title='bbox 1228 4171 1255 4225; x_wconf 88' lang='lat' dir='ltr'><strong>p.</strong></span> <span class='ocrx_word' id='word_1_479' title='bbox 1273 4158 1330 4221; x_wconf 81' lang='lat' dir='ltr'><strong>m.;</strong></span> <span class='ocrx_word' id='word_1_480' title='bbox 1356 4159 1464 4210; x_wconf 84' lang='lat' dir='ltr'><strong>orlmino</strong></span> <span class='ocrx_word' id='word_1_481' title='bbox 1478 4159 1606 4211; x_wconf 73' lang='lat' dir='ltr'><strong>undull.</strong></span> 
     </span>
    </p>

    <p class='ocr_par' dir='ltr' id='par_1_27' title="bbox 291 4235 1609 4314">
     <span class='ocr_line' id='line_1_42' title="bbox 291 4235 1609 4314; baseline -0.023 -7"><span class='ocrx_word' id='word_1_482' title='bbox 291 4257 322 4307; x_wconf 92' lang='lat'><strong>0.</strong></span> <span class='ocrx_word' id='word_1_483' title='bbox 340 4280 369 4290; x_wconf 97' lang='lat'>-</span> <span class='ocrx_word' id='word_1_484' title='bbox 387 4250 533 4314; x_wconf 76' lang='grc'><strong>4444434444</strong></span> <span class='ocrx_word' id='word_1_485' title='bbox 547 4247 577 4297; x_wconf 83' lang='lat' dir='ltr'><strong>lt.</strong></span> <span class='ocrx_word' id='word_1_486' title='bbox 596 4269 626 4282; x_wconf 91' lang='lat'>-</span> <span class='ocrx_word' id='word_1_487' title='bbox 643 4240 761 4305; x_wconf 77' lang='lat' dir='ltr'><strong>copientis</strong></span> <span class='ocrx_word' id='word_1_488' title='bbox 781 4240 811 4290; x_wconf 85' lang='grc'><strong>44.</strong></span> <span class='ocrx_word' id='word_1_489' title='bbox 831 4265 859 4275; x_wconf 94' lang='lat'>-</span> <span class='ocrx_word' id='word_1_490' title='bbox 881 4250 907 4288; x_wconf 86' lang='lat' dir='ltr'><strong>se</strong></span> <span class='ocrx_word' id='word_1_491' title='bbox 926 4238 983 4301; x_wconf 72' lang='lat' dir='ltr'><strong>{oro</strong></span> <span class='ocrx_word' id='word_1_492' title='bbox 998 4238 1028 4287; x_wconf 81' lang='lat' dir='ltr'><strong>u.</strong></span> <span class='ocrx_word' id='word_1_493' title='bbox 1048 4263 1076 4273; x_wconf 97' lang='lat'>-</span> <span class='ocrx_word' id='word_1_494' title='bbox 1095 4235 1135 4285; x_wconf 82' lang='lat' dir='ltr'><strong>td.</strong></span> <span class='ocrx_word' id='word_1_495' title='bbox 1156 4235 1229 4284; x_wconf 86' lang='lat' dir='ltr'><strong>ulucs</strong></span> <span class='ocrx_word' id='word_1_496' title='bbox 1251 4235 1281 4284; x_wconf 80' lang='lat' dir='ltr'><strong>a.</strong></span> <span class='ocrx_word' id='word_1_497' title='bbox 1299 4245 1340 4298; x_wconf 90' lang='lat' dir='ltr'><strong>pr.</strong></span> <span class='ocrx_word' id='word_1_498' title='bbox 1359 4245 1395 4284; x_wconf 88' lang='lat' dir='ltr'><strong>m.</strong></span> <span class='ocrx_word' id='word_1_499' title='bbox 1415 4257 1444 4272; x_wconf 90' lang='lat'><strong>·-</strong></span> <span class='ocrx_word' id='word_1_500' title='bbox 1462 4235 1503 4286; x_wconf 79' lang='grc'><strong>47,</strong></span> <span class='ocrx_word' id='word_1_501' title='bbox 1525 4239 1609 4286; x_wconf 64' lang='lat' dir='ltr'><strong>turm</strong></span> 
     </span>
    </p>
   </div>
   <div class='ocr_carea' id='block_1_6' title="bbox 288 4306 1645 5208">
    <p class='ocr_par' dir='ltr' id='par_1_28' title="bbox 288 4306 1645 5208">
     <span class='ocr_line' id='line_1_43' title="bbox 291 4306 1609 4390; baseline -0.016 -8"><span class='ocrx_word' id='word_1_502' title='bbox 291 4343 345 4382; x_wconf 92' lang='lat' dir='ltr'><strong>om.</strong></span> <span class='ocrx_word' id='word_1_503' title='bbox 364 4328 442 4390; x_wconf 80' lang='grc'><strong>4433.</strong></span> <span class='ocrx_word' id='word_1_504' title='bbox 460 4323 566 4389; x_wconf 84' lang='lat' dir='ltr'><strong>praeter</strong></span> <span class='ocrx_word' id='word_1_505' title='bbox 582 4318 623 4371; x_wconf 83' lang='lat' dir='ltr'><strong>tu.</strong></span> <span class='ocrx_word' id='word_1_506' title='bbox 644 4343 672 4354; x_wconf 91' lang='lat'><em>-</em></span> <span class='ocrx_word' id='word_1_507' title='bbox 691 4314 731 4365; x_wconf 90' lang='grc'><strong>49.</strong></span> <span class='ocrx_word' id='word_1_508' title='bbox 749 4313 798 4378; x_wconf 86' lang='lat' dir='ltr'><strong>sed]</strong></span> <span class='ocrx_word' id='word_1_509' title='bbox 815 4313 858 4364; x_wconf 83' lang='lat' dir='ltr'><strong>sed</strong></span> <span class='ocrx_word' id='word_1_510' title='bbox 873 4318 925 4364; x_wconf 82' lang='lat' dir='ltr'><strong>tmn</strong></span> <span class='ocrx_word' id='word_1_511' title='bbox 942 4312 957 4362; x_wconf 84' lang='lat'>6</span> <span class='ocrx_word' id='word_1_512' title='bbox 974 4313 1057 4375; x_wconf 77' lang='lat' dir='ltr'><strong>lagg:</strong></span> <span class='ocrx_word' id='word_1_513' title='bbox 1080 4310 1122 4361; x_wconf 85' lang='lat' dir='ltr'><strong>sed</strong></span> <span class='ocrx_word' id='word_1_514' title='bbox 1137 4321 1193 4359; x_wconf 84' lang='lat' dir='ltr'><strong>cum</strong></span> <span class='ocrx_word' id='word_1_515' title='bbox 1209 4309 1286 4373; x_wconf 68' lang='lat' dir='ltr'><strong>tenc.</strong></span> <span class='ocrx_word' id='word_1_516' title='bbox 1307 4333 1334 4344; x_wconf 89' lang='lat'><em>-</em></span> <span class='ocrx_word' id='word_1_517' title='bbox 1353 4307 1385 4358; x_wconf 87' lang='lat' dir='ltr'><strong>ob</strong></span> <span class='ocrx_word' id='word_1_518' title='bbox 1401 4309 1437 4360; x_wconf 82' lang='grc'><strong>449</strong></span> <span class='ocrx_word' id='word_1_519' title='bbox 1454 4306 1470 4359; x_wconf 82' lang='grc' dir='ltr'><strong><em>λ</em></strong></span> <span class='ocrx_word' id='word_1_520' title='bbox 1487 4309 1567 4374; x_wconf 77' lang='grc' dir='ltr'><strong>4349ε</strong></span> <span class='ocrx_word' id='word_1_521' title='bbox 1591 4323 1609 4362; x_wconf 87' lang='lat' dir='ltr'><strong>s</strong></span> 
     </span>
     <span class='ocr_line' id='line_1_44' title="bbox 290 4383 1607 4457; baseline -0.017 0"><span class='ocrx_word' id='word_1_522' title='bbox 290 4405 356 4457; x_wconf 85' lang='lat' dir='ltr'><strong>dell.</strong></span> <span class='ocrx_word' id='word_1_523' title='bbox 375 4402 404 4454; x_wconf 87' lang='lat'><strong>0.</strong></span> <span class='ocrx_word' id='word_1_524' title='bbox 425 4428 451 4438; x_wconf 98' lang='lat'>-</span> <span class='ocrx_word' id='word_1_525' title='bbox 470 4399 508 4449; x_wconf 83' lang='lat' dir='ltr'><strong>dte</strong></span> <span class='ocrx_word' id='word_1_526' title='bbox 523 4397 557 4447; x_wconf 82' lang='lat' dir='ltr'><strong>u:</strong></span> <span class='ocrx_word' id='word_1_527' title='bbox 580 4393 627 4444; x_wconf 75' lang='lat' dir='ltr'><strong>dile</strong></span> <span class='ocrx_word' id='word_1_528' title='bbox 643 4393 671 4442; x_wconf 92' lang='lat'><strong>0.</strong></span> <span class='ocrx_word' id='word_1_529' title='bbox 692 4416 720 4428; x_wconf 91' lang='lat'><em>-</em></span> <span class='ocrx_word' id='word_1_530' title='bbox 737 4388 903 4451; x_wconf 80' lang='lat' dir='ltr'><strong>seelemunqsu</strong></span> <span class='ocrx_word' id='word_1_531' title='bbox 919 4386 1075 4448; x_wconf 85' lang='lat' dir='ltr'><strong>Lambinus:</strong></span> <span class='ocrx_word' id='word_1_532' title='bbox 1098 4385 1329 4448; x_wconf 79' lang='lat' dir='ltr'><strong>ueursqumnquce</strong></span> <span class='ocrx_word' id='word_1_533' title='bbox 1344 4385 1365 4435; x_wconf 89' lang='grc'><strong>44</strong></span> <span class='ocrx_word' id='word_1_534' title='bbox 1382 4383 1418 4434; x_wconf 73' lang='lat' dir='ltr'><strong>Gi</strong></span> <span class='ocrx_word' id='word_1_535' title='bbox 1435 4383 1481 4435; x_wconf 88' lang='lat' dir='ltr'><strong>Ld.</strong></span> <span class='ocrx_word' id='word_1_536' title='bbox 1508 4383 1564 4448; x_wconf 80' lang='lat' dir='ltr'><strong>(sed</strong></span> <span class='ocrx_word' id='word_1_537' title='bbox 1579 4385 1607 4435; x_wconf 93' lang='lat' dir='ltr'><strong>bl</strong></span> 
     </span>
     <span class='ocr_line' id='line_1_45' title="bbox 291 4457 1606 4542; baseline -0.019 -10"><span class='ocrx_word' id='word_1_538' title='bbox 291 4480 409 4542; x_wconf 85' lang='lat' dir='ltr'><strong>duo-que</strong></span> <span class='ocrx_word' id='word_1_539' title='bbox 424 4487 473 4541; x_wconf 92' lang='lat' dir='ltr'><strong>pro</strong></span> <span class='ocrx_word' id='word_1_540' title='bbox 489 4471 578 4537; x_wconf 78' lang='lat' dir='ltr'><strong>quael:</strong></span> <span class='ocrx_word' id='word_1_541' title='bbox 595 4465 684 4519; x_wconf 80' lang='lat' dir='ltr'><strong>uetere</strong></span> <span class='ocrx_word' id='word_1_542' title='bbox 699 4477 824 4528; x_wconf 83' lang='lat' dir='ltr'><strong>quumque</strong></span> <span class='ocrx_word' id='word_1_543' title='bbox 838 4465 878 4514; x_wconf 87' lang='lat' dir='ltr'><strong>uel</strong></span> <span class='ocrx_word' id='word_1_544' title='bbox 893 4477 939 4526; x_wconf 84' lang='lat' dir='ltr'><strong>que</strong></span> <span class='ocrx_word' id='word_1_545' title='bbox 950 4464 999 4523; x_wconf 75' lang='lat' dir='ltr'><strong>Gt:</strong></span> <span class='ocrx_word' id='word_1_546' title='bbox 1017 4461 1193 4512; x_wconf 78' lang='lat' dir='ltr'><strong>meleretomun</strong></span> <span class='ocrx_word' id='word_1_547' title='bbox 1203 4458 1284 4521; x_wconf 72' lang='grc' dir='ltr'><strong>ι349ς</strong></span> <span class='ocrx_word' id='word_1_548' title='bbox 1302 4459 1525 4520; x_wconf 77' lang='lat' dir='ltr'><strong>scebrctcmmqru</strong></span> <span class='ocrx_word' id='word_1_549' title='bbox 1540 4457 1606 4509; x_wconf 88' lang='lat' dir='ltr'><strong>dett.</strong></span> 
     </span>
     <span class='ocr_line' id='line_1_46' title="bbox 291 4532 1605 4610; baseline -0.017 -4"><span class='ocrx_word' id='word_1_550' title='bbox 291 4553 320 4606; x_wconf 93' lang='lat'><strong>0.</strong></span> <span class='ocrx_word' id='word_1_551' title='bbox 337 4553 456 4604; x_wconf 73' lang='grc'><strong>44444444</strong></span> <span class='ocrx_word' id='word_1_552' title='bbox 472 4553 547 4610; x_wconf 81' lang='lat' dir='ltr'><strong>utque</strong></span> <span class='ocrx_word' id='word_1_553' title='bbox 564 4543 654 4595; x_wconf 89' lang='lat' dir='ltr'><strong>nescio</strong></span> <span class='ocrx_word' id='word_1_554' title='bbox 675 4541 750 4592; x_wconf 90' lang='lat' dir='ltr'><strong>cuius</strong></span> <span class='ocrx_word' id='word_1_555' title='bbox 766 4539 834 4590; x_wconf 90' lang='lat' dir='ltr'><strong>coni.</strong></span> <span class='ocrx_word' id='word_1_556' title='bbox 853 4552 894 4604; x_wconf 88' lang='lat' dir='ltr'><strong>ap.</strong></span> <span class='ocrx_word' id='word_1_557' title='bbox 913 4536 1070 4589; x_wconf 88' lang='lat' dir='ltr'><strong>Lambinum</strong></span> <span class='ocrx_word' id='word_1_558' title='bbox 1087 4533 1163 4600; x_wconf 88' lang='lat' dir='ltr'><strong>prob.</strong></span> <span class='ocrx_word' id='word_1_559' title='bbox 1181 4532 1267 4585; x_wconf 85' lang='lat' dir='ltr'><strong>llodv.</strong></span> <span class='ocrx_word' id='word_1_560' title='bbox 1285 4546 1312 4598; x_wconf 89' lang='lat' dir='ltr'><strong>p.</strong></span> <span class='ocrx_word' id='word_1_561' title='bbox 1327 4532 1382 4583; x_wconf 75' lang='grc'><strong>499.</strong></span> <span class='ocrx_word' id='word_1_562' title='bbox 1401 4532 1440 4584; x_wconf 87' lang='lat' dir='ltr'><strong>Cl.</strong></span> <span class='ocrx_word' id='word_1_563' title='bbox 1453 4534 1605 4585; x_wconf 85' lang='lat' dir='ltr'><strong>etiamBak.</strong></span> 
     </span>
     <span class='ocr_line' id='line_1_47' title="bbox 289 4606 1608 4694; baseline -0.014 -15"><span class='ocrx_word' id='word_1_564' title='bbox 289 4643 317 4694; x_wconf 93' lang='lat' dir='ltr'><strong>p.</strong></span> <span class='ocrx_word' id='word_1_565' title='bbox 329 4627 386 4688; x_wconf 80' lang='lat' dir='ltr'><strong>i&#39;l.;</strong></span> <span class='ocrx_word' id='word_1_566' title='bbox 405 4626 460 4676; x_wconf 81' lang='lat' dir='ltr'><strong>Rau</strong></span> <span class='ocrx_word' id='word_1_567' title='bbox 475 4624 506 4674; x_wconf 91' lang='lat' dir='ltr'><strong>ll.</strong></span> <span class='ocrx_word' id='word_1_568' title='bbox 525 4635 552 4687; x_wconf 91' lang='lat' dir='ltr'><strong>p.</strong></span> <span class='ocrx_word' id='word_1_569' title='bbox 565 4620 621 4670; x_wconf 77' lang='lat'><strong>⁴25.</strong></span> <span class='ocrx_word' id='word_1_570' title='bbox 638 4615 805 4676; x_wconf 72' lang='lat' dir='ltr'><strong>recursusque</strong></span> <span class='ocrx_word' id='word_1_571' title='bbox 819 4613 911 4664; x_wconf 70' lang='lat' dir='ltr'><strong>Ficta:</strong></span> <span class='ocrx_word' id='word_1_572' title='bbox 926 4611 1006 4664; x_wconf 87' lang='lat' dir='ltr'><strong>delet.</strong></span> <span class='ocrx_word' id='word_1_573' title='bbox 1021 4635 1048 4646; x_wconf 92' lang='lat'>-</span> <span class='ocrx_word' id='word_1_574' title='bbox 1061 4609 1102 4661; x_wconf 76' lang='lat'><strong>20.</strong></span> <span class='ocrx_word' id='word_1_575' title='bbox 1120 4621 1206 4659; x_wconf 82' lang='lat' dir='ltr'><strong>caruere</strong></span> <span class='ocrx_word' id='word_1_576' title='bbox 1221 4621 1293 4658; x_wconf 79' lang='lat' dir='ltr'><strong>eumn</strong></span> <span class='ocrx_word' id='word_1_577' title='bbox 1310 4606 1373 4658; x_wconf 85' lang='lat' dir='ltr'><strong>dett.</strong></span> <span class='ocrx_word' id='word_1_578' title='bbox 1387 4608 1416 4659; x_wconf 91' lang='lat'><strong>0.</strong></span> <span class='ocrx_word' id='word_1_579' title='bbox 1431 4633 1458 4644; x_wconf 88' lang='lat'><strong>-·</strong></span> <span class='ocrx_word' id='word_1_580' title='bbox 1472 4609 1513 4659; x_wconf 76' lang='lat' dir='ltr'><strong>tl.</strong></span> <span class='ocrx_word' id='word_1_581' title='bbox 1526 4609 1608 4660; x_wconf 76' lang='grc'><strong>84444-</strong></span> 
     </span>
     <span class='ocr_line' id='line_1_48' title="bbox 290 4678 1604 4769; baseline -0.019 -12"><span class='ocrx_word' id='word_1_582' title='bbox 290 4718 337 4769; x_wconf 86' lang='lat' dir='ltr'><strong>que</strong></span> <span class='ocrx_word' id='word_1_583' title='bbox 352 4702 388 4754; x_wconf 80' lang='grc'><strong>443</strong></span> <span class='ocrx_word' id='word_1_584' title='bbox 406 4703 433 4752; x_wconf 86' lang='lat' dir='ltr'><strong>cl</strong></span> <span class='ocrx_word' id='word_1_585' title='bbox 449 4701 527 4762; x_wconf 79' lang='grc'><strong>4433.</strong></span> <span class='ocrx_word' id='word_1_586' title='bbox 546 4705 648 4747; x_wconf 89' lang='lat' dir='ltr'><strong>omnes.</strong></span> <span class='ocrx_word' id='word_1_587' title='bbox 663 4717 691 4729; x_wconf 94' lang='lat'><em>-</em></span> <span class='ocrx_word' id='word_1_588' title='bbox 704 4689 799 4740; x_wconf 76' lang='grc'><strong>44444444</strong></span> <span class='ocrx_word' id='word_1_589' title='bbox 809 4689 839 4740; x_wconf 83' lang='grc'><strong>44.</strong></span> <span class='ocrx_word' id='word_1_590' title='bbox 850 4714 878 4724; x_wconf 88' lang='grc'><strong>-</strong></span> <span class='ocrx_word' id='word_1_591' title='bbox 890 4688 931 4739; x_wconf 73' lang='grc'><strong>93.</strong></span> <span class='ocrx_word' id='word_1_592' title='bbox 949 4684 1117 4737; x_wconf 74' lang='lat' dir='ltr'><strong>ltbmlcternit</strong></span> <span class='ocrx_word' id='word_1_593' title='bbox 1134 4682 1191 4747; x_wconf 85' lang='lat' dir='ltr'><strong>(sed</strong></span> <span class='ocrx_word' id='word_1_594' title='bbox 1206 4695 1233 4733; x_wconf 89' lang='lat' dir='ltr'><strong>m</strong></span> <span class='ocrx_word' id='word_1_595' title='bbox 1249 4681 1390 4748; x_wconf 83' lang='lat' dir='ltr'><strong>punctulo),</strong></span> <span class='ocrx_word' id='word_1_596' title='bbox 1407 4678 1465 4744; x_wconf 81' lang='lat' dir='ltr'><strong>lc,</strong></span> <span class='ocrx_word' id='word_1_597' title='bbox 1483 4683 1561 4747; x_wconf 74' lang='lat' dir='ltr'><strong>legg.</strong></span> <span class='ocrx_word' id='word_1_598' title='bbox 1576 4709 1604 4722; x_wconf 88' lang='lat'><em>-</em></span> 
     </span>
     <span class='ocr_line' id='line_1_49' title="bbox 288 4756 1603 4838; baseline -0.017 -7"><span class='ocrx_word' id='word_1_599' title='bbox 288 4781 354 4832; x_wconf 76' lang='lat' dir='ltr'><strong>bono</strong></span> <span class='ocrx_word' id='word_1_600' title='bbox 370 4777 421 4838; x_wconf 86' lang='grc'><strong>443,</strong></span> <span class='ocrx_word' id='word_1_601' title='bbox 446 4773 524 4825; x_wconf 90' lang='lat' dir='ltr'><strong>codd.</strong></span> <span class='ocrx_word' id='word_1_602' title='bbox 542 4767 671 4823; x_wconf 86' lang='lat' dir='ltr'><strong>Lambini.</strong></span> <span class='ocrx_word' id='word_1_603' title='bbox 701 4765 740 4818; x_wconf 88' lang='lat' dir='ltr'><strong>Cl.</strong></span> <span class='ocrx_word' id='word_1_604' title='bbox 758 4766 845 4816; x_wconf 85' lang='lat' dir='ltr'><strong>Garat.</strong></span> <span class='ocrx_word' id='word_1_605' title='bbox 864 4764 897 4814; x_wconf 87' lang='lat' dir='ltr'><strong>od</strong></span> <span class='ocrx_word' id='word_1_606' title='bbox 914 4761 978 4814; x_wconf 86' lang='lat' dir='ltr'><strong>Pbll.</strong></span> <span class='ocrx_word' id='word_1_607' title='bbox 996 4762 1026 4812; x_wconf 83' lang='lat' dir='ltr'><strong>X.</strong></span> <span class='ocrx_word' id='word_1_608' title='bbox 1053 4774 1079 4826; x_wconf 89' lang='lat' dir='ltr'><strong>p.</strong></span> <span class='ocrx_word' id='word_1_609' title='bbox 1097 4758 1154 4810; x_wconf 78' lang='lat' dir='ltr'><strong>eol.</strong></span> <span class='ocrx_word' id='word_1_610' title='bbox 1179 4756 1303 4809; x_wconf 86' lang='lat' dir='ltr'><strong>Werusd.</strong></span> <span class='ocrx_word' id='word_1_611' title='bbox 1323 4785 1351 4797; x_wconf 90' lang='lat'><em>-</em></span> <span class='ocrx_word' id='word_1_612' title='bbox 1369 4757 1410 4809; x_wconf 82' lang='lat' dir='ltr'><strong>aa.</strong></span> <span class='ocrx_word' id='word_1_613' title='bbox 1429 4759 1508 4809; x_wconf 86' lang='lat' dir='ltr'><strong>onmis</strong></span> <span class='ocrx_word' id='word_1_614' title='bbox 1527 4761 1555 4810; x_wconf 81' lang='lat' dir='ltr'><strong>R.</strong></span> <span class='ocrx_word' id='word_1_615' title='bbox 1575 4783 1603 4796; x_wconf 88' lang='lat'><strong>·—</strong></span> 
     </span>
     <span class='ocr_line' id='line_1_50' title="bbox 289 4833 1607 4908; baseline -0.017 -1"><span class='ocrx_word' id='word_1_616' title='bbox 289 4861 325 4908; x_wconf 87' lang='lat' dir='ltr'><strong>tot</strong></span> <span class='ocrx_word' id='word_1_617' title='bbox 339 4853 465 4906; x_wconf 80' lang='lat' dir='ltr'><strong>lominum</strong></span> <span class='ocrx_word' id='word_1_618' title='bbox 483 4854 509 4901; x_wconf 89' lang='lat' dir='ltr'><strong>.t.</strong></span> <span class='ocrx_word' id='word_1_619' title='bbox 526 4847 638 4898; x_wconf 85' lang='lat' dir='ltr'><strong>ueceimn</strong></span> <span class='ocrx_word' id='word_1_620' title='bbox 657 4845 677 4895; x_wconf 86' lang='grc'><strong>44</strong></span> <span class='ocrx_word' id='word_1_621' title='bbox 694 4855 734 4908; x_wconf 91' lang='lat' dir='ltr'><strong>pr.</strong></span> <span class='ocrx_word' id='word_1_622' title='bbox 752 4853 803 4901; x_wconf 91' lang='lat' dir='ltr'><strong>m.;</strong></span> <span class='ocrx_word' id='word_1_623' title='bbox 829 4843 873 4892; x_wconf 85' lang='lat' dir='ltr'><strong>tot.</strong></span> <span class='ocrx_word' id='word_1_624' title='bbox 890 4839 955 4888; x_wconf 80' lang='lat' dir='ltr'><strong>bom</strong></span> <span class='ocrx_word' id='word_1_625' title='bbox 973 4841 1039 4887; x_wconf 86' lang='lat' dir='ltr'><strong>tolus</strong></span> <span class='ocrx_word' id='word_1_626' title='bbox 1055 4835 1148 4886; x_wconf 72' lang='lat' dir='ltr'><strong>muimn</strong></span> <span class='ocrx_word' id='word_1_627' title='bbox 1163 4834 1184 4885; x_wconf 80' lang='lat' dir='ltr'><strong>ll</strong></span> <span class='ocrx_word' id='word_1_628' title='bbox 1201 4847 1269 4884; x_wconf 89' lang='lat' dir='ltr'><strong>corr.</strong></span> <span class='ocrx_word' id='word_1_629' title='bbox 1288 4845 1323 4885; x_wconf 92' lang='lat' dir='ltr'><strong>m.</strong></span> <span class='ocrx_word' id='word_1_630' title='bbox 1341 4833 1372 4894; x_wconf 73' lang='lat' dir='ltr'><strong>i:</strong></span> <span class='ocrx_word' id='word_1_631' title='bbox 1399 4838 1442 4885; x_wconf 87' lang='lat' dir='ltr'><strong>tol.</strong></span> <span class='ocrx_word' id='word_1_632' title='bbox 1459 4833 1523 4885; x_wconf 79' lang='lat' dir='ltr'><strong>bom.</strong></span> <span class='ocrx_word' id='word_1_633' title='bbox 1542 4839 1607 4885; x_wconf 88' lang='lat' dir='ltr'><strong>totve</strong></span> 
     </span>
     <span class='ocr_line' id='line_1_51' title="bbox 288 4907 1602 4996; baseline -0.015 -16"><span class='ocrx_word' id='word_1_634' title='bbox 288 4929 366 4996; x_wconf 80' lang='lat' dir='ltr'><strong>(tome</strong></span> <span class='ocrx_word' id='word_1_635' title='bbox 381 4926 439 4990; x_wconf 82' lang='lat' dir='ltr'><strong>Ld,</strong></span> <span class='ocrx_word' id='word_1_636' title='bbox 457 4925 502 4988; x_wconf 74' lang='grc'><strong>(42)</strong></span> <span class='ocrx_word' id='word_1_637' title='bbox 523 4922 615 4974; x_wconf 84' lang='lat' dir='ltr'><strong>civium</strong></span> <span class='ocrx_word' id='word_1_638' title='bbox 629 4919 656 4971; x_wconf 86' lang='lat' dir='ltr'><strong>P.</strong></span> <span class='ocrx_word' id='word_1_639' title='bbox 677 4917 780 4970; x_wconf 80' lang='lat' dir='ltr'><strong>Vetlisun</strong></span> <span class='ocrx_word' id='word_1_640' title='bbox 798 4914 848 4975; x_wconf 69' lang='grc' dir='ltr'><strong>ως</strong></span> <span class='ocrx_word' id='word_1_641' title='bbox 872 4918 908 4965; x_wconf 89' lang='lat' dir='ltr'><strong>tot</strong></span> <span class='ocrx_word' id='word_1_642' title='bbox 922 4911 1049 4964; x_wconf 80' lang='lat' dir='ltr'><strong>lominum</strong></span> <span class='ocrx_word' id='word_1_643' title='bbox 1064 4921 1142 4960; x_wconf 78' lang='lat' dir='ltr'><strong>como</strong></span> <span class='ocrx_word' id='word_1_644' title='bbox 1157 4909 1183 4960; x_wconf 83' lang='lat' dir='ltr'><strong>P.</strong></span> <span class='ocrx_word' id='word_1_645' title='bbox 1204 4907 1312 4959; x_wconf 86' lang='lat' dir='ltr'><strong>Vectimn</strong></span> <span class='ocrx_word' id='word_1_646' title='bbox 1328 4909 1405 4972; x_wconf 77' lang='lat' dir='ltr'><strong>Lsgg.</strong></span> <span class='ocrx_word' id='word_1_647' title='bbox 1428 4909 1485 4974; x_wconf 86' lang='lat' dir='ltr'><strong>(sed</strong></span> <span class='ocrx_word' id='word_1_648' title='bbox 1500 4909 1533 4960; x_wconf 75' lang='lat'><strong>29</strong></span> <span class='ocrx_word' id='word_1_649' title='bbox 1548 4921 1602 4960; x_wconf 90' lang='lat' dir='ltr'><strong>cm.</strong></span> 
     </span>
     <span class='ocr_line' id='line_1_52' title="bbox 288 4981 1606 5072; baseline -0.019 -14"><span class='ocrx_word' id='word_1_650' title='bbox 288 5007 340 5072; x_wconf 61' lang='lat' dir='ltr'><strong>Pl:</strong></span> <span class='ocrx_word' id='word_1_651' title='bbox 366 5008 401 5056; x_wconf 89' lang='lat' dir='ltr'><strong>tot</strong></span> <span class='ocrx_word' id='word_1_652' title='bbox 416 5003 481 5052; x_wconf 83' lang='lat' dir='ltr'><strong>bom.</strong></span> <span class='ocrx_word' id='word_1_653' title='bbox 499 5003 564 5050; x_wconf 86' lang='lat' dir='ltr'><strong>lotoe</strong></span> <span class='ocrx_word' id='word_1_654' title='bbox 579 4995 671 5048; x_wconf 84' lang='lat' dir='ltr'><strong>ciuium</strong></span> <span class='ocrx_word' id='word_1_655' title='bbox 687 5004 764 5043; x_wconf 83' lang='lat' dir='ltr'><strong>cuum</strong></span> <span class='ocrx_word' id='word_1_656' title='bbox 780 4991 807 5041; x_wconf 83' lang='lat' dir='ltr'><strong>P.</strong></span> <span class='ocrx_word' id='word_1_657' title='bbox 827 4989 931 5040; x_wconf 85' lang='lat' dir='ltr'><strong>Vettium</strong></span> <span class='ocrx_word' id='word_1_658' title='bbox 947 4987 975 5038; x_wconf 95' lang='lat'><strong>0.</strong></span> <span class='ocrx_word' id='word_1_659' title='bbox 1005 4985 1044 5036; x_wconf 86' lang='lat' dir='ltr'><strong>Cl.</strong></span> <span class='ocrx_word' id='word_1_660' title='bbox 1062 4983 1149 5036; x_wconf 88' lang='lat' dir='ltr'><strong>lledv.</strong></span> <span class='ocrx_word' id='word_1_661' title='bbox 1168 4984 1215 5048; x_wconf 88' lang='lat' dir='ltr'><strong>Op.</strong></span> <span class='ocrx_word' id='word_1_662' title='bbox 1233 4983 1252 5033; x_wconf 94' lang='lat' dir='ltr'><strong>l.</strong></span> <span class='ocrx_word' id='word_1_663' title='bbox 1275 4995 1302 5048; x_wconf 92' lang='lat' dir='ltr'><strong>p.</strong></span> <span class='ocrx_word' id='word_1_664' title='bbox 1320 4981 1377 5034; x_wconf 81' lang='grc'><strong>374.</strong></span> <span class='ocrx_word' id='word_1_665' title='bbox 1397 5009 1424 5021; x_wconf 89' lang='lat'><strong>·-</strong></span> <span class='ocrx_word' id='word_1_666' title='bbox 1443 4983 1484 5034; x_wconf 78' lang='grc'><strong>49.</strong></span> <span class='ocrx_word' id='word_1_667' title='bbox 1502 4983 1606 5033; x_wconf 75' lang='grc'><strong>44444444</strong></span> 
     </span>
     <span class='ocr_line' id='line_1_53' title="bbox 289 5055 1645 5143; baseline -0.017 -12"><span class='ocrx_word' id='word_1_668' title='bbox 289 5080 367 5143; x_wconf 70' lang='grc'><strong>4433.</strong></span> <span class='ocrx_word' id='word_1_669' title='bbox 383 5079 492 5143; x_wconf 80' lang='lat' dir='ltr'><strong>prester</strong></span> <span class='ocrx_word' id='word_1_670' title='bbox 506 5073 547 5126; x_wconf 76' lang='lat'><strong>29.</strong></span> <span class='ocrx_word' id='word_1_671' title='bbox 563 5096 590 5110; x_wconf 89' lang='lat'><strong>·-</strong></span> <span class='ocrx_word' id='word_1_672' title='bbox 608 5070 648 5122; x_wconf 78' lang='lat'><strong>27.</strong></span> <span class='ocrx_word' id='word_1_673' title='bbox 666 5069 776 5134; x_wconf 78' lang='grc'><strong>44344444</strong></span> <span class='ocrx_word' id='word_1_674' title='bbox 791 5077 845 5115; x_wconf 92' lang='lat' dir='ltr'><strong>orn.</strong></span> <span class='ocrx_word' id='word_1_675' title='bbox 863 5063 940 5127; x_wconf 78' lang='lat' dir='ltr'><strong>ngas.</strong></span> <span class='ocrx_word' id='word_1_676' title='bbox 955 5087 983 5099; x_wconf 94' lang='lat'><strong>·-</strong></span> <span class='ocrx_word' id='word_1_677' title='bbox 995 5059 1042 5110; x_wconf 83' lang='lat' dir='ltr'><strong>isto</strong></span> <span class='ocrx_word' id='word_1_678' title='bbox 1056 5057 1395 5121; x_wconf 76' lang='lat' dir='ltr'><strong>orcelore--udulsecentee</strong></span> <span class='ocrx_word' id='word_1_679' title='bbox 1410 5057 1435 5123; x_wconf 74' lang='lat'><strong>5.</strong></span> <span class='ocrx_word' id='word_1_680' title='bbox 1448 5058 1504 5109; x_wconf 90' lang='grc'><strong>449.</strong></span> <span class='ocrx_word' id='word_1_681' title='bbox 1521 5070 1547 5108; x_wconf 85' lang='lat' dir='ltr'><strong>v.</strong></span> <span class='ocrx_word' id='word_1_682' title='bbox 1560 5055 1601 5108; x_wconf 86' lang='lat' dir='ltr'><strong>tl.</strong></span> <span class='ocrx_word' id='word_1_683' title='bbox 1643 5119 1645 5122; x_wconf 22' lang='grc' dir='ltr'>Ι</span> 
     </span>
     <span class='ocr_line' id='line_1_54' title="bbox 289 5127 1601 5208; baseline -0.019 0"><span class='ocrx_word' id='word_1_684' title='bbox 289 5153 371 5208; x_wconf 51' lang='lat' dir='ltr'><strong>habet</strong></span> <span class='ocrx_word' id='word_1_685' title='bbox 386 5152 418 5205; x_wconf 78' lang='lat' dir='ltr'><strong>ve</strong></span> <span class='ocrx_word' id='word_1_686' title='bbox 437 5177 465 5190; x_wconf 90' lang='grc'><strong>““”</strong></span> <span class='ocrx_word' id='word_1_687' title='bbox 482 5149 524 5204; x_wconf 63' lang='lat'><strong>²8·</strong></span> <span class='ocrx_word' id='word_1_688' title='bbox 541 5146 645 5202; x_wconf 55' lang='lat' dir='ltr'><strong>mmm</strong></span> <span class='ocrx_word' id='word_1_689' title='bbox 659 5143 691 5196; x_wconf 78' lang='lat' dir='ltr'><strong>vs</strong></span> <span class='ocrx_word' id='word_1_690' title='bbox 711 5168 736 5184; x_wconf 82' lang='lat'><strong>¹¹</strong></span> <span class='ocrx_word' id='word_1_691' title='bbox 756 5139 798 5194; x_wconf 63' lang='lat'><strong>²9·</strong></span> <span class='ocrx_word' id='word_1_692' title='bbox 815 5138 895 5191; x_wconf 41' lang='lat' dir='ltr'><strong>omn</strong></span> <span class='ocrx_word' id='word_1_693' title='bbox 910 5137 940 5190; x_wconf 73' lang='lat' dir='ltr'><strong>R·</strong></span> <span class='ocrx_word' id='word_1_694' title='bbox 960 5161 987 5175; x_wconf 80' lang='lat'><strong>&#39;¹&#39;</strong></span> <span class='ocrx_word' id='word_1_695' title='bbox 1006 5134 1048 5190; x_wconf 64' lang='lat' dir='ltr'><strong>ao·</strong></span> <span class='ocrx_word' id='word_1_696' title='bbox 1064 5133 1155 5199; x_wconf 51' lang='lat' dir='ltr'><strong>ww&amp;</strong></span> <span class='ocrx_word' id='word_1_697' title='bbox 1169 5133 1234 5188; x_wconf 72' lang='lat' dir='ltr'><strong>RV·</strong></span> <span class='ocrx_word' id='word_1_698' title='bbox 1247 5131 1329 5184; x_wconf 64' lang='lat'>&#39;⁸3⁴⁸</span> <span class='ocrx_word' id='word_1_699' title='bbox 1345 5132 1437 5184; x_wconf 60' lang='lat' dir='ltr'><em>m</em></span> <span class='ocrx_word' id='word_1_700' title='bbox 1451 5143 1506 5184; x_wconf 67' lang='lat' dir='ltr'><strong>ome</strong></span> <span class='ocrx_word' id='word_1_701' title='bbox 1523 5127 1601 5196; x_wconf 57' lang='lat' dir='ltr'><strong>Lm·</strong></span> 
     </span>
    </p>
   </div>
   <div class='ocr_carea' id='block_1_7' title="bbox 0 0 1826 5862">
    <p class='ocr_par' dir='ltr' id='par_1_29' title="bbox 0 0 1826 5862">
     <span class='ocr_line' id='line_1_55' title="bbox 0 0 1826 5862; baseline 0 6"><span class='ocrx_word' id='word_1_702' title='bbox 0 0 1826 5862; x_wconf 95' lang='lat' dir='ltr'><strong> </strong></span> 
     </span>
    </p>
   </div>
  </div>
 </body>
</html>
