3644 5874
261 417 322 482 7t8
669 420 818 484 ORATIO
841 420 918 486 PRO
940 423 975 484 L.
997 421 1163 487 Mutuus

258 589 385 673 guendi.
426 590 530 674 Atque
551 589 629 653 baec
651 591 750 664 cives,
772 590 872 664 cives,
895 592 1042 675 inquam,
1065 593 1089 654 si
1112 612 1167 655 eos
1188 592 1248 654 hoo
1271 591 1398 654 nomine
1421 588 1578 674 appellari

260 684 306 747 ias
329 693 393 758 ost,
420 683 459 746 de
488 685 587 767 patria
610 705 665 747 sua
687 692 718 747 et
739 687 877 768 cogitant
897 693 930 749 et
951 687 1186 769 cogitaverunt:
1214 687 1327 750 horum
1349 706 1406 766 ego
1429 683 1578 768 quotidie

259 777 400 840 consiliis
415 797 554 852 occurro,
575 780 738 842 audaciam
753 779 898 854 debilito,
921 781 1029 843 sceleri
1047 781 1171 843 resisto.
1205 779 1266 842 Sed
1282 799 1413 853 moneo,
1434 777 1576 841 iudices:

257 872 290 934 in
313 870 401 934 exitu
423 871 485 934 iam
509 879 556 935 est
578 893 666 935 meus
686 873 885 936 consulatus:
907 873 1006 936 nolite
1027 874 1104 936 mibi
1124 873 1306 938 subtrahere
1322 872 1469 935 vinarium
1485 889 1576 932 meae

234 965 455 1048 ediligentiae:
485 965 584 1029 nolite
605 965 744 1030 adimere
766 985 854 1042 eum,
882 967 931 1031 oui
959 988 1026 1030 rem
1048 968 1205 1050 publicam
1228 968 1320 1050 cupio
1342 964 1465 1030 tradere
1486 964 1576 1026 inco-

257 1061 393 1135 lumem,
421 1061 460 1124 ab
488 1061 537 1124 bis
566 1061 659 1125 tantis
681 1061 831 1144 periculis
854 1059 1092 1124 defendendam.
1137 1055 1382 1124 xxxiiiiiiii.
1405 1061 1510 1143 Atque
1533 1059 1575 1120 ad

256 1153 335 1216 baec
356 1153 455 1230 mala,
483 1156 623 1230 iudices,
650 1154 728 1238 quid
754 1153 883 1218 accedat
904 1155 1006 1230 aliud,
1037 1175 1101 1218 non
1122 1154 1261 1219 videtis?
1294 1157 1354 1228 Te,
1384 1162 1414 1217 te
1436 1151 1574 1236 appello,

258 1249 352 1311 Cato:
374 1267 479 1311 nonne
501 1249 656 1332 prospicis
671 1254 889 1332 tempestatem
904 1249 979 1312 anni
997 1250 1064 1312 tuit
1086 1249 1151 1312 iam
1165 1250 1249 1312 enim
1263 1250 1411 1314 hesterna
1424 1247 1574 1309 contione

256 1343 394 1405 intonuit
414 1363 477 1405 vox
498 1343 674 1424 perniciosa
690 1342 843 1424 designati
865 1343 996 1417 tribuni,
1019 1343 1158 1428 collegae
1175 1344 1237 1407 tui:
1261 1351 1368 1406 eontra
1383 1362 1478 1425 quem
1493 1340 1575 1402 mul-

221 1444 323 1499 totum
351 1441 405 1498 tua
432 1455 535 1509 mens,
564 1435 695 1498 multum
725 1455 835 1498 omnes
856 1435 932 1499 boui
953 1423 1177 1520 providerunt,
1208 1439 1261 1522 qui
1283 1447 1314 1500 te
1336 1437 1375 1500 ad
1396 1437 1574 1499 tribunatus

257 1529 439 1613 petitionem
466 1536 666 1592 vocaverunt.
711 1529 837 1605 Omnia,
870 1551 952 1614 quae
981 1551 1039 1614 per
1063 1531 1124 1594 boc
1154 1531 1324 1594 triennium
1351 1533 1464 1614 agitata
1489 1538 1573 1604 sunt,

257 1623 318 1687 iam
347 1624 387 1686 ab
415 1643 454 1686 eo
477 1631 633 1706 tempore,
664 1643 728 1706 quo
751 1642 769 1685 a
791 1625 825 1686 L.
849 1624 982 1688 Catilina
1003 1633 1035 1688 et
1057 1625 1113 1688 Cn.
1134 1626 1247 1689 Pisone
1268 1625 1380 1687 initum
1403 1623 1572 1687 consilium

257 1724 382 1782 senatus
404 1714 612 1781 interficiendi
633 1717 720 1782 scitis
742 1737 828 1794 esse,
851 1720 883 1782 in
904 1720 963 1782 hos
986 1719 1070 1794 dies,
1093 1717 1126 1782 in
1141 1719 1198 1782 bos
1213 1739 1353 1794 menses,
1374 1721 1407 1782 in
1421 1718 1574 1782 boetem·

76 1821 181 1915 Μ’
220 1835 322 1971 ull}
339 1800 1470 1993 ‘illicitisteribiliterttidllirtttllzi
1490 1832 1574 1969 lit?

332 1954 341 1983 5
1565 1954 1574 1982 ἱ

258 2001 313 2066 sed
335 2001 433 2064 multo
457 2001 549 2064 etiam
571 2000 671 2083 magis
694 1999 802 2063 divino
824 1999 959 2063 consilio
983 2001 1097 2084 eripiar
1118 2007 1213 2084 atque
1229 2000 1372 2064 evoleml
1394 2001 1504 2082 Neque
1519 2000 1573 2062 isti

258 2117 308 2160 me
331 2114 400 2158 meo
423 2095 549 2157 nomine
572 2093 720 2168 interfici,
743 2095 798 2157 sed
821 2093 1000 2177 vigilantem
1023 2095 1183 2158 consulem
1198 2096 1238 2158 de
1252 2095 1298 2158 rei
1320 2095 1464 2178 publicae
1482 2113 1575 2176 prae-

258 2188 339 2253 sidio
362 2187 523 2252 demoveri
544 2188 671 2251 volunt:
701 2208 759 2250 nec
786 2188 890 2251 minus
911 2189 1044 2264 vellent,
1072 2189 1162 2265 Cato,
1192 2198 1222 2252 te
1245 2208 1374 2274 quoque
1395 2189 1503 2273 aliqua
1525 2209 1574 2250 ra-

258 2285 359 2357 tione,
388 2283 414 2346 si
436 2292 582 2366 possent,
609 2284 737 2356 tollere,
765 2283 798 2345 id
822 2283 920 2366 quod,
944 2283 1019 2346 mibi
1042 2285 1150 2359 erede,
1173 2293 1205 2346 et
1224 2290 1320 2366 agunt
1340 2291 1371 2346 et
1391 2283 1572 2345 moliuntur.

219 2376 389 2449 revident,
413 2379 617 2459 quantumin
639 2384 671 2439 te
693 2379 733 2439 sit
747 2379 860 2451 animi,
883 2385 1037 2461 quantum
1051 2378 1184 2461 ingenii,
1207 2385 1358 2462 quantum
1372 2377 1572 2449 auctoritatis,

258 2479 410 2555 quantum
432 2471 479 2532 rei
500 2471 645 2554 publicae
667 2471 835 2554 praesidii:
858 2470 914 2534 sed
937 2490 1006 2533 cum
1029 2473 1185 2535 consulari
1206 2475 1389 2535 auctoritate
1411 2478 1443 2535 et
1456 2471 1571 2534 auxilio

258 2566 424 2649 spoliatam
446 2563 510 2627 vim
533 2565 732 2630 tribuniciam
747 2565 898 2639 viderint,
921 2572 986 2629 tum
1009 2586 1043 2628 se
1063 2565 1187 2629 facilius
1210 2567 1360 2629 inermem
1382 2572 1413 2627 et
1429 2563 1572 2627 debilita-

257 2667 324 2723 tum
346 2667 377 2722 te
400 2677 604 2741 oppressuros
626 2660 825 2722 arbitrantur.
868 2661 945 2723 Nam
974 2679 1015 2722 ne
1037 2657 1209 2723 sufficiatur
1230 2657 1341 2722 consul
1362 2679 1425 2722 non
1445 2659 1571 2720 timent:

258 2754 366 2816 vident
386 2752 419 2814 in
443 2758 567 2814 tuorum
589 2758 742 2836 potestate
765 2752 954 2834 collegarum
976 2753 1061 2828 foro;
1091 2759 1218 2838 sperant
1245 2753 1304 2816 sibi
1327 2752 1484 2826 Silanum,
1512 2751 1573 2814 ela·

109 2833 148 2940 ,ἶ
217 2858 326 2911 aerum
349 2849 467 2928 virum,
497 2845 564 2907 sine
587 2844 723 2928 collega,
745 2853 776 2908 te
799 2847 867 2909 siue
890 2846 1038 2920 consule,
1060 2867 1127 2910 rem
1149 2849 1305 2931 publicam
1326 2847 1394 2909 sine
1414 2846 1573 2930 praesidio

258 2943 350 3007 obiici
379 2961 483 3024 posse.
526 2933 577 2999 83.
599 2937 658 3000 His
688 2939 782 3002 tantis
810 2940 844 3002 in
871 2940 963 3004 rebus
993 2941 1149 3025 tantisque
1177 2943 1209 3004 in
1237 2940 1384 3024 periculis
1406 2947 1455 3002 est
1474 2949 1573 3014 tuum,

256 3037 298 3098 Μ.
322 3035 413 3108 Cato,
437 3032 492 3118 qui
514 3031 591 3093 mihi
614 3051 678 3095 non
701 3033 773 3108 tibi,
797 3033 852 3096 sed
873 3035 993 3117 patriae
1014 3042 1106 3098 natus
1128 3055 1197 3099 esse
1212 3035 1353 3109 videare,
1374 3033 1573 3118 videtequid

257 3133 383 3211 agatur,
405 3126 540 3190 rotinere
562 3126 753 3202 adiutorem,
777 3127 992 3202 defensorem,
1015 3128 1134 3191 socium
1156 3131 1236 3192 inre
1254 3128 1391 3214 publica,
1414 3128 1573 3191 consulem

258 3242 321 3284 non
355 3221 520 3304 cupidum,
553 3221 733 3295 consulem,
768 3220 854 3305 quod
883 3222 1017 3284 maxime
1040 3228 1163 3306 tempus
1185 3223 1244 3286 boo
1264 3222 1416 3305 postulat,
1448 3221 1572 3286 fortuna

219 3315 461 3380 eooonstitutum
476 3316 516 3378 ad
532 3314 775 3398 amplexandum
792 3315 907 3389 otium,
930 3315 1062 3378 scientia
1075 3316 1115 3378 ad
1130 3316 1247 3380 bellum
1262 3315 1447 3398 gerendum,
1469 3317 1573 3378 animo

258 3418 290 3474 et
310 3429 370 3474 usu
392 3409 433 3473 ad
455 3410 542 3493 quod
563 3408 642 3473 velis
664 3410 835 3492 negotium.

323 3702 347 3750 l.
365 3699 442 3762 does,
460 3699 525 3749 cicer
540 3699 644 3759 inquom
654 3698 680 3749 Μ
698 3699 725 3748 ei
736 3696 840 3758 Quintil.
853 3699 895 3749 lli.
908 3699 936 3760 Ξ,
951 3697 996 3748 ⁴8:
1015 3711 1062 3760 que
1078 3699 1099 3747 si
1115 3698 1179 3748 eires
1194 3698 1299 3760 inquom
1314 3697 1412 3762 cro,
1431 3711 1496 3760 oum
1510 3699 1573 3750 cites

257 3776 360 3837 inquom
377 3788 432 3837 χν,
455 3775 508 3826 sine
523 3775 626 3836 inquom
643 3775 672 3824 G.
697 3800 724 3809 -
747 3774 791 3825 boc
813 3787 853 3824 eos
873 3773 977 3834 Quintil.
1003 3801 1030 3811 —-
1056 3775 1080 3824 ἓ.
1099 3774 1187 3824 cotidie
1203 3776 1232 3824 G.
1255 3800 1282 3809 -
1310 3773 1333 3824 3.
1351 3775 1393 3824 sed
1407 3787 1493 3825 moneo
1510 3777 1571 3836 mei,

258 3851 331 3910 orn,
349 3849 441 3913 lagg:
460 3851 501 3901 sod
517 3863 560 3900 oce
574 3862 661 3899 moneo
678 3851 734 3900 Lo.
749 3875 776 3886 -
796 3849 820 3900 l.
840 3851 892 3900 iam
909 3855 943 3899 est
958 3850 1028 3899 mei:
1047 3855 1082 3900 est
1097 3850 1150 3900 inm
1167 3850 1222 3900 LO.
1239 3876 1265 3885 —
1284 3849 1307 3899 c.
1327 3849 1455 3912 defendens
1470 3852 1533 3916 (ἰψ.
1544 3879 1570 3887 -

257 3925 329 3985 etqui
345 3925 404 3974 boec
420 3938 448 3985 χ.
463 3951 489 3960 -
509 3925 533 3974 l.
552 3925 651 3975 oceidm
667 3930 703 3987 ψ.
718 3949 745 3961 -
765 3923 834 3988 tete]
851 3928 914 3986 tov,
933 3929 956 3974 ie
972 3929 1054 3974 tornea
1071 3940 1098 3985 χ.
1113 3951 1140 3960 -
1159 3925 1183 3974 8.
1201 3925 1326 3974 terremus
1339 3925 1379 3983 Μ,
1397 3929 1502 3974 emme
1517 3927 1570 3988 Er,

256 3997 351 4049 lex.
371 4025 397 4034 -
417 3999 531 4050 concione
548 4000 577 4049 0.
596 4025 624 4034 -
643 3999 667 4048 9.
687 3999 827 4063 desipuerit
843 4001 876 4057 ὓς
899 3999 1020 4063 despecti
1042 4001 1195 4064 suspectum
1217 3999 1270 4049 iarn
1292 3997 1419 4049 Lambino
1439 4001 1572 4051 Ernestius

258 4075 286 4123 et
301 4073 413 4124 Beclius
430 4074 486 4124 sine
503 4085 584 4124 cause
600 4073 703 4124 uncinis
720 4071 891 4124 incluserunt.
910 4100 938 4109 —
956 4073 1048 4124 tribuni
1065 4088 1095 4124 v:
1125 4075 1170 4124 ra.
1189 4074 1255 4134 EM,
1274 4085 1326 4123 om.
1345 4076 1375 4124 G.
1394 4101 1420 4110 -
1441 4077 1481 4126 to.
1497 4077 1572 4141 meru]

257 4149 297 4198 uis
311 4154 347 4211 ψ.
369 4175 396 4185 -
414 4147 588 4198 moltonnum.
607 4149 637 4197 G.
658 4175 685 4184 —
705 4149 745 4198 te.
764 4149 807 4199 Co.
828 4149 884 4199 Ev:
911 4162 933 4198 c.
952 4151 986 4207 G,
1005 4149 1032 4199 L.
1051 4151 1084 4200 Μ.
1106 4177 1132 4187 -
1152 4150 1192 4198 to.
1211 4149 1301 4212 eripiet
1316 4153 1390 4211 atque
1405 4150 1481 4200 molet
1496 4151 1524 4201 E.
1544 4179 1570 4187 -

257 4225 306 4285 isti]
323 4223 363 4272 isti
379 4236 421 4273 mo
437 4223 472 4284 C,
490 4223 605 4273 emistirno
622 4223 650 4272 E.
671 4249 697 4258 -
718 4223 758 4273 ⁴8.
777 4223 899 4273 wnoveri
915 4222 1023 4274 bamb:
1043 4224 1161 4274 desecari
1177 4225 1238 4288 Lag.
1257 4223 1292 4285 9.,
1311 4225 1432 4274 movere
1449 4226 1509 4288 Lag.
1521 4225 1572 4286 il..

258 4301 283 4351 Μ
299 4313 335 4350 m.
348 4311 414 4360 see,
432 4299 502 4360 Ηψ;
521 4309 646 4348 rennuere
663 4297 726 4359 ΟΕ,
746 4298 1002 4360 deuouereGMOo,
1022 4298 1099 4350 codd.
1112 4297 1168 4348 rell.
1184 4326 1210 4336 -
1230 4299 1283 4348 aiio
1297 4298 1438 4349 rationali.
1453 4325 1479 4334 -
1499 4299 1573 4351 liet

258 4375 319 4424 ante
335 4377 416 4437 opemt
431 4370 537 4424 mallem
554 4373 670 4424 abesset.
697 4399 724 4409 -
750 4373 791 4423 20.
808 4375 864 4424 cide
880 4389 908 4434 χ.
928 4400 955 4410 -
975 4376 1016 4425 Μ.
1036 4375 1198 4436 quantumin
1214 4375 1291 4436 reip.
1310 4375 1347 4436 Μ,
1371 4387 1447 4437 quom
1462 4389 1526 4438 mse.
1543 4391 1571 4436 χ.

261 4477 287 4486 -
305 4449 397 4512 presidi
418 4452 448 4498 G.
472 4475 499 4484 -
524 4448 565 4499 23.
583 4453 606 4499 to
627 4461 680 4500 om.
700 4451 729 4498 G.
753 4475 780 4484 —
804 4447 844 4499 il.
862 4450 944 4499 vident
960 4455 982 4500 te
998 4451 1025 4499 in
1041 4455 1141 4500 tuorum
1158 4461 1285 4513 perverse
1303 4449 1329 4499 L.
1353 4475 1380 4484 -
1403 4449 1519 4500 dinam
1534 4452 1571 4512 Μ,

256 4527 380 4589 ryttoctsm
397 4525 486 4586 Cllv,
505 4523 629 4586 sylomcm
644 4526 677 4585 E,
695 4525 811 4575 somnum
827 4527 857 4576 G.
878 4552 905 4562 —
924 4526 964 4577 26.
982 4525 1044 4576 obici
1061 4525 1150 4576 EGld.
1171 4551 1198 4559 —
1216 4524 1366 4588 imperiectio
1382 4525 1415 4586 Ε,
1432 4526 1459 4574 in
1476 4538 1528 4575 om.
1546 4539 1571 4575 v.

261 4627 286 4639 -
306 4601 347 4651 27.
366 4601 408 4662 qai
431 4599 492 4648 mibi
516 4613 567 4649 non
585 4600 763 4651 tibi--notos
783 4614 833 4652 esse
851 4601 964 4663 videare,
989 4600 1079 4664 oreos]
1102 4601 1140 4650 sie
1163 4599 1255 4664 scripsi
1272 4613 1304 4648 en·
1320 4601 1435 4664 vestigiis
1452 4599 1573 4653 eodieunr

259 4679 383 4741 (itemque
401 4674 514 4725 Klotrius
532 4676 559 4724 et
574 4673 718 4738 Madvigius
736 4675 770 4726 ed
787 4676 841 4726 Cic.
861 4677 890 4726 de
906 4676 978 4726 Fine.
998 4675 1020 4725 b.
1038 4681 1061 4726 et
1076 4688 1109 4725 m.
1127 4689 1153 4738 p.
1172 4673 1244 4736 iii,
1267 4675 1316 4725 nisi
1333 4675 1404 4738 quod
1419 4677 1511 4727 viderie
1526 4691 1573 4741 pro

256 4756 358 4805 videare
373 4751 472 4801 addere
491 4747 664 4813 malueruntl:
683 4751 726 4810 qai
742 4765 792 4800 non
808 4751 880 4810 miii,
899 4765 949 4801 oon
965 4751 1020 4812 tibi,
1039 4752 1081 4801 sed
1093 4750 1195 4813 patriae
1211 4754 1285 4799 notas
1295 4763 1331 4810 es,
1349 4751 1432 4801 videro
1442 4751 1462 4800 0
1474 4754 1501 4800 et
1512 4751 1572 4802 edd.

258 4830 369 4895 priores.
392 4826 444 4876 Sed
460 4823 561 4875 babent
576 4839 626 4874 non
643 4828 703 4874 ante
719 4827 781 4875 mibi
796 4826 844 4877 soli
861 4828 902 4887 Μ,
920 4827 981 4889 Lag.
1001 4827 1024 4875 9.
1044 4825 1095 4886 Μ,
1114 4826 1238 4876 omittunt
1254 4825 1340 4887 EGv,
1363 4826 1378 4874 6
1396 4825 1473 4886 0xx.,
1495 4826 1572 4890 Legg.

259 4901 329 4963 rell.;
347 4906 422 4952 nuos
437 4914 463 4950 es
479 4899 579 4950 babent
594 4901 659 4960 btv,
678 4901 739 4964 Lag.
758 4903 782 4951 9.
800 4899 841 4952 el.
860 4901 905 4959 a&
929 4907 1004 4951 notos
1020 4906 1079 4950 esset
1095 4903 1131 4961 G,
1153 4905 1229 4950 notes
1244 4912 1294 4949 esse
1309 4899 1401 4963 reliqui
1418 4911 1525 4958 omnes;
1547 4901 1573 4949 in

261 4980 320 5041 Lag.
340 4977 379 5026 sa.
404 4975 519 5039 denique
541 4976 581 5025 est
602 4975 712 5026 eidem
728 4989 777 5041 pro
792 4977 883 5026 videre.
903 5002 930 5012 -
953 4977 993 5026 98,
1012 4976 1105 5026 socium
1121 4987 1174 5026 orn.
1193 4989 1219 5025 v.
1238 5001 1265 5010 -
1289 4976 1412 5025 aarum
1431 4988 1482 5024 non
1502 4975 1574 5036 cepi-

259 5055 318 5105 dom
335 5066 388 5104 orn.
402 5054 430 5104 E.
442 5077 468 5087 -
480 5051 521 5102 Μ.
533 5057 628 5115 tenpus
643 5050 688 5103 boc
705 5052 797 5103 Gllv:
815 5050 860 5101 boc
875 5057 970 5113 tempos
985 5053 1014 5104 li.
1027 5049 1170 5114 -poatolot
1185 5063 1235 5100 eoo
1251 5051 1368 5114 merdoso
1383 5049 1512 5101 consulent
1520 5049 1535 5116 s
1561 5077 1575 5089 ·

259 5135 322 5182 tarso
337 5129 463 5185 coarcat
479 5128 507 5182 E.
