3684 5862
288 315 309 382 s
687 275 1212 394 omaro’mor.oumurro

289 495 396 552 essent
416 486 526 550 saltem
547 485 734 550 mediocria:
757 507 867 552 verum
888 487 934 552 ita
954 507 989 552 se
1010 509 1060 552 res
1075 489 1185 565 habet,
1208 495 1243 551 ut
1257 507 1331 572 ego,
1355 487 1410 572 qui
1424 507 1529 574 neque
1543 507 1605 552 usu

288 584 365 646 satis
395 590 427 647 et
455 581 584 664 ingenio
614 600 726 665 parum
756 602 904 664 possum,
941 604 1013 646 cum
1041 591 1176 668 patrono
1199 582 1408 646 disertissimo
1432 603 1606 666 comparer,

287 677 320 739 P.
344 677 528 754 Quinctius,
553 677 603 740 cui
627 683 739 739 tenues
761 696 854 759 opes,
878 677 984 741 nullae
1005 678 1187 755 facultates,
1210 679 1343 761 exiguae
1363 678 1536 742 amicorum
1553 697 1607 742 co·

287 773 359 854 piae
374 780 461 848 sunt,
481 792 553 836 cum
567 771 748 834 adversario
765 773 994 854 gratiosIssimo
1008 773 1188 836 contendat.
1219 771 1249 835 3.
1271 772 1353 836 lllnd
1369 792 1498 859 quaque
1512 773 1605 838 nobis

263 869 410 932 iaccedit
430 866 684 940 incommodum,
708 866 794 949 quod
816 868 857 930 M.
872 867 999 942 lunius,
1024 889 1080 951 qur
1071 868 1177 932 banc
1192 888 1336 942 causam,
1360 868 1526 956 aliqum,
1547 867 1606 930 ali·

145 1005 160 1088 6
287 963 412 1047 quoties
435 963 520 1045 apud
542 970 573 1024 te
596 961 674 1044 egit,
697 959 794 1023 homo
817 962 879 1025 ct'
870 982 903 1024 in
925 961 996 1025 aliis
1019 963 1123 1026 causis
1138 965 1328 1026 exercitatus
1350 964 1413 1027 et
1403 984 1437 1026 in
1450 963 1510 1026 bac
1524 961 1605 1025 mul-

285 1065 353 1120 tum
375 1064 407 1120 ct
429 1077 524 1140 saepe
538 1063 698 1130 versatus,
718 1045 781 1120 boc
802 1063 945 1139 tempore
967 1057 1056 1119 abest
1076 1078 1161 1122 nova
1181 1057 1339 1140 legatione
1361 1057 1549 1142 impeditus,
1573 1061 1606 1119 et

286 1152 326 1214 ad
353 1173 403 1215 me
431 1159 561 1217 ventum
588 1159 650 1226 est,
678 1150 749 1234 qui,
777 1157 814 1212 ut
835 1171 958 1214 summa
979 1150 1128 1215 haberem
1150 1160 1271 1228 cetera,
1301 1153 1452 1234 temporis
1475 1151 1604 1236 quidem

286 1256 369 1312 certe
391 1249 446 1312 vix
468 1248 544 1312 satis
566 1245 680 1320 habui,
702 1252 739 1308 ut
757 1265 824 1308 rem
840 1253 977 1320 tantam,
1000 1253 1048 1309 toi
1062 1248 1286 1312 controversiis
1304 1248 1507 1330 implicatam,
1529 1266 1604 1331 pos·

249 1349 352 1406 lisam
382 1361 582 1427 cognoscere.
634 1339 664 1404 l.
694 1340 756 1415 lta,
789 1340 876 1426 quod
905 1341 984 1404 mihi
1014 1343 1181 1406 consuevit
1207 1342 1240 1406 in
1271 1343 1385 1406 ceteris
1407 1343 1511 1406 causis
1533 1360 1603 1404 esse

284 1438 484 1514 adiumento,
513 1437 545 1499 id
568 1455 697 1521 quoque
718 1435 752 1497 in
773 1433 833 1497 hac
856 1455 952 1498 causa
974 1434 1088 1500 deficit.
1132 1438 1225 1512 Nam,
1259 1457 1322 1521 quo
1345 1438 1451 1500 minus
1473 1436 1601 1520 ingenio

282 1553 430 1617 possum,
461 1531 638 1596 subsidium
660 1528 738 1591 mibi
760 1529 815 1591 dili
839 1530 956 1592 entiam
979 1533 1177 1615 comparavi:
1212 1551 1295 1616 quae
1322 1540 1441 1617 quanta
1462 1531 1600 1611 sit,[nisi

119 1613 193 1698 ,τά
283 1634 408 1711 tempus
431 1635 462 1690 et
483 1627 619 1710 spatium
641 1625 749 1687 datum
765 1623 806 1686 sit
812 1549 838 1722 il
844 1624 979 1707 intelligi
996 1645 1060 1688 non
1076 1633 1191 1709 potest.
1226 1625 1315 1702 Quae
1331 1647 1395 1711 quo
1411 1629 1503 1711 plura
1518 1633 1601 1701 sunt,

285 1721 317 1783 C.
332 1723 457 1807 Aquili,
480 1742 517 1786 eo
540 1729 572 1784 te
594 1726 625 1783 ct
645 1719 722 1794 bos,
746 1718 802 1802 qui
824 1719 882 1780 tibi
904 1719 937 1782 in
961 1721 1095 1782 consilio
1111 1726 1201 1796 sunt,
1225 1721 1358 1784 meliore
1373 1730 1478 1786 mente
1493 1729 1602 1786 nostra

245 1817 378 1882 alvcrba
400 1819 509 1881 audire
533 1813 708 1899 oportebit,
732 1818 769 1876 ut
789 1813 899 1876 multis
920 1814 1130 1877 incommodis
1152 1815 1268 1878 veritas
1290 1815 1453 1880 debilitata
1474 1818 1601 1881 tandem

282 1913 441 1996 aequitate
463 1911 575 1975 talium
598 1910 738 1972 virorum
759 1915 928 1972 recreetur.
962 1907 992 1971 5.
1015 1908 1110 1985 Quod
1133 1910 1159 1972 si
1175 1916 1211 1973 tu
1225 1909 1323 1973 iudex
1336 1911 1424 1974 nullo
1440 1911 1599 1994 pracsidio

278 2005 378 2072 fuisse
399 2007 547 2072 ridebere
571 2011 682 2069 contra
702 2003 768 2066 vim
790 2009 822 2066 et
843 2003 975 2086 gratiam
997 2003 1162 2068 solitudini
1184 2012 1279 2088 atque
1302 2003 1446 2089 inopiae:
1469 2007 1496 2070 si
1515 2005 1599 2089 apud

278 2100 340 2165 hac
363 2101 533 2166 consilium
556 2120 598 2165 ex
619 2099 750 2182 opibus,
773 2117 838 2160 non
854 2098 1040 2162 exveritate
1055 2118 1151 2162 causa
1164 2099 1338 2181 pendetur:
1362 2100 1599 2182 proiectopihii

280 2205 329 2262 est
358 2197 421 2262 iam
453 2202 597 2260 sanctum
609 2191 723 2278 >atque
742 2191 903 2262 sincerum
916 2193 958 2269 iin
980 2193 1122 2269 civitate,
1152 2193 1249 2269 nihil,
1280 2195 1367 2279 quod
1388 2195 1598 2260 humilitatem

114 2259 209 2366 fl*
240 2276 470 2378 loculusquam
497 2291 634 2375 gravitas
663 2295 695 2352 et
723 2287 823 2352 virtus
845 2287 960 2352 iudicis
983 2279 1185 2354 consolaturi*
1221 2289 1310 2352 Certe
1332 2297 1387 2353 aut
1407 2290 1492 2374 apud
1513 2297 1545 2353 te
1567 2297 1598 2353 et

218 2385 225 2450 .’
279 2409 350 2465 cos,
382 2387 438 2473 qui
466 2386 524 2450 tibi
552 2385 684 2460 adsunt,
716 2383 832 2448 veritas
860 2384 991 2459 valebit,
1024 2391 1080 2448 aut
1105 2405 1146 2448 ex
1171 2384 1234 2448 hoc
1261 2385 1333 2448 loco
1363 2385 1544 2496 repulsuri
1566 2390 1599 2447 et

278 2483 379 2568 gratia
400 2483 524 2558 locum,
547 2480 602 2542 ubi
623 2479 791 2554 consistat,
816 2479 956 2562 reperire
977 2499 1043 2543 non
1065 2479 1192 2562 poterit.
1235 2476 1368 2558 Il.(Non
1391 2501 1428 2544 eo
1452 2481 1523 2544 dico
1531 2483 1551 2557 ,i
1565 2479 1598 2543 C.

74 2647 85 2654 ,
276 2575 420 2661 Aquili,
427 2597 491 2661 quo
513 2528 592 2640 lnibi
613 2573 774 2642 venium
797 2573 927 2637 dubium
949 2581 1004 2638 tua
1025 2571 1104 2638 fides
1119 2583 1151 2639 et
1166 2575 1361 2657 constantia,
1381 2582 1437 2639 aut
1452 2595 1517 2660 quo
1532 2594 1598 2638 non

84 2631 184 2705 fv
276 2672 310 2734 in
337 2672 406 2747 his,
436 2691 518 2756 quos
547 2669 603 2733 tibi
634 2667 863 2744 advocasti,
843 2669 919 2732 viris
942 2668 1122 2733 lectissimis
1144 2669 1297 2745 civitatis,
1329 2689 1419 2753 spem
1440 2688 1596 2734 summam

171 2749 189 2843 l
237 2765 391 2828 itbabere
413 2767 446 2828 P.
463 2765 633 2842 Quinctius
655 2764 778 2828 debeat.
818 2761 847 2826 6.
872 2759 941 2839 (Γ
937 2755 957 2825 d
980 2784 1054 2847 ergo
1077 2767 1146 2828 esti
1132 2762 1319 2827 lPrimum
1333 2765 1518 2848 magnitudo
1540 2784 1597 2848 pe-

274 2860 367 2924 riculi
398 2879 521 2924 summo
550 2859 665 2923 timore
693 2859 856 2922 hominem
886 2855 1003 2935 afficit,
1035 2860 1122 2944 quod
1150 2879 1214 2921 uno
1248 2858 1366 2922 iudidio
1399 2860 1438 2924 de
1459 2859 1595 2924 fortunis

275 2956 423 3019 omnibus
445 2955 603 3028 deceruit:
625 2953 723 3037 idque
746 2955 822 3016 dum
843 2953 977 3037 cogitat,
1000 2974 1065 3016 non
1081 2955 1185 3018 minus
1205 2973 1300 3036 saepe
1316 2955 1345 3017 ei
1358 2953 1494 3019 venitin
1507 2973 1595 3017 men·

274 3057 337 3114 iem
366 3050 534 3134 potestatis
562 3067 659 3133 quam
686 3049 856 3133 aequitatis
885 3055 974 3123 tuae,
1001 3057 1171 3132 propterea
1193 3049 1280 3132 qnod
1302 3069 1427 3124 omnes,
1458 3068 1594 3134 quorum

273 3146 306 3207 in
328 3145 458 3208 alterius
480 3163 577 3207 manu
597 3143 664 3207 vita
685 3145 791 3226 posita
813 3151 877 3219 est,
901 3143 1029 3226 saepius
1051 3144 1132 3206 illud
1155 3143 1314 3226 cogitant,
1338 3144 1416 3228 quid
1437 3143 1593 3227 possitis,

234 3240 364 3307 manius
386 3241 420 3304 in
443 3239 564 3303 ditione
579 3259 616 3302 ac
631 3246 789 3321 potestate
805 3247 894 3315 sunt,
918 3259 1014 3323 quam
1037 3239 1115 3323 quid
1130 3239 1244 3302 debeat
1266 3239 1379 3302 lacere.
1420 3234 1449 3302 7.
1472 3238 1593 3303 Deinde

271 3337 367 3400 babet
395 3335 610 3401 adversarium
633 3336 665 3397 P.
688 3334 858 3411 Quinctius
885 3335 983 3398 verbo
1014 3335 1087 3398 Sex.
1109 3335 1281 3412 Naevium,
1310 3355 1345 3398 rc
1366 3353 1441 3400 vera
1460 3331 1593 3397 huiusce

319 3617 344 3668 4.
361 3630 402 3668 res
417 3629 442 3668 sa
452 3616 483 3667 V.
496 3643 523 3654 -
541 3627 620 3679 acqua
635 3615 680 3667 aaa
695 3629 743 3666 asu
753 3616 778 3666 k.
795 3642 822 3653 -
840 3617 865 3666 i.
874 3615 968 3679 possim
978 3614 1009 3666 V.
1025 3641 1049 3650 -·
1065 3614 1089 3665 3.
1104 3615 1175 3664 cuias
1185 3627 1246 3667 cum
1258 3613 1336 3667 codd.
1350 3613 1554 3668 llelmsiadiensl
1565 3613 1592 3665 et

268 3693 412 3746 Dresdensi
428 3691 543 3743 Klotzius
557 3692 607 3755 led.
621 3691 675 3757 alt.)
694 3691 753 3743 coll.
771 3705 798 3757 p.
813 3692 891 3742 Caec.
905 3691 946 3753 ii,
960 3690 1000 3741 99.
1016 3715 1043 3726 -
1063 3691 1086 3740 ii.
1100 3691 1191 3740 9994944
1208 3689 1289 3755 (quod
1300 3693 1413 3742 coniecit
1423 3691 1531 3756 quddam
1546 3703 1588 3756 ep.

267 3767 434 3831 Lambinum)
447 3769 536 3818 Gam.
556 3766 594 3818 ei.
608 3765 631 3831 5.
643 3768 683 3818 lli.
697 3770 724 3818 ot
740 3767 868 3818 Iiuhnlien
880 3765 914 3816 ad
928 3764 1003 3816 Iiuiil.
1016 3767 1119 3830 Lupum
1129 3779 1155 3831 p.
1168 3765 1192 3815 3.
1209 3791 1236 3802 -
1248 3766 1312 3816 banc
1323 3779 1435 3830 causam,
1454 3768 1481 3819 0.
1492 3767 1589 3832 Aquili,

268 3845 399 3906 aliquoties
409 3841 523 3894 Illotzius
536 3842 587 3906 (ed.
603 3842 669 3904 alil:
689 3843 753 3893 4999
764 3843 894 3906 aliquoties
905 3841 1008 3906 (mediis
1020 3841 1133 3905 omissis)
1151 3843 1171 3891 B
1184 3843 1205 3891 G
1216 3855 1231 3891 a
1242 3840 1260 3891 b
1273 3855 1287 3892 c
1300 3841 1317 3892 d
1329 3856 1343 3893 e
1353 3842 1365 3893 i
1373 3843 1413 3906 gli
1422 3844 1430 3894 i
1439 3842 1447 3894 l
1456 3857 1509 3896 mn
1521 3845 1548 3896 et
1557 3844 1588 3906 A,

265 3923 330 3972 hanc
346 3931 463 3979 causam,
480 3919 578 3980 Aquili,
601 3919 731 3980 aliquoties
746 3918 830 3972 430.
848 3918 923 3984 (banc
939 3918 1085 3980 aliquotiens
1101 3919 1170 3982 apud
1186 3923 1209 3968 49
1224 3919 1274 3982 cqit
1290 3931 1394 3968 causam
1408 3918 1492 3982 Aquili
1507 3919 1544 3984 i.)
1560 3944 1588 3955 -

235 4014 241 4025 ·
266 3991 729 4056 6.muliumccsaepsBGllrlm.-
744 3992 1587 4056 aidini.-impilcliameetA.—possimuacdehii1n.

267 4097 295 4108 -
310 4072 350 4122 ll.
364 4083 461 4134 quaqua
471 4083 510 4120 ms
520 4071 547 4119 iu
561 4071 580 4119 L
593 4068 626 4120 de
644 4071 803 4120 coniectura.
819 4097 846 4106 —
866 4083 914 4133 qua
929 4071 1012 4120 minus
1028 4067 1090 4133 eet]
1112 4067 1283 4130 Quintilianus
1300 4071 1320 4120 i.
1334 4071 1363 4120 0.
1376 4069 1417 4131 44,
1430 4069 1455 4132 4,
1474 4069 1521 4121 iil:
1541 4083 1590 4133 quo

266 4146 316 4211 (alii
328 4148 402 4210 quad,
413 4145 455 4198 alii
468 4146 543 4208 quia:
555 4144 645 4196 malim
657 4141 706 4208 quo
719 4145 737 4196 i.
748 4159 773 4196 e.
786 4145 915 4210 quantana)
926 4145 1024 4209 inqenio
1034 4145 1117 4194 minus
1123 4157 1234 4207 possum,
1246 4144 1381 4196 9949494999
1390 4145 1452 4195 milit
1462 4146 1590 4211 diliqntliu

265 4223 316 4288 (alii
327 4225 399 4273 recte
411 4221 575 4286 diligentiam)
586 4222 739 4285 conparavi.
751 4249 779 4259 -
793 4222 833 4272 ii.
847 4221 982 4271 subsidium
999 4219 1104 4271 codices
1117 4218 1279 4280 Quintiliani:
1292 4219 1399 4272 subsidio
1411 4233 1473 4274 cum
1484 4221 1590 4274 Cicero·

263 4300 304 4350 nis
321 4297 458 4351 codicibus
474 4297 587 4351 4430.
615 4298 653 4350 ct.
674 4298 727 4349 Cic.
748 4296 781 4349 de
800 4297 960 4360 Orat.l,iil,
975 4295 1031 4347 499.
1046 4323 1074 4332 -
1092 4293 1132 4347 il.
1151 4301 1208 4346 9994
1223 4295 1587 4362 Btiabcdelghilmn:

262 4375 354 4426 adsunt
368 4373 483 4426 sito.
500 4393 529 4409 -
547 4370 773 4423 oselioreliIotzius
791 4371 842 4435 (ed.
855 4371 922 4435 pri:
939 4371 1037 4421 mdlari
1047 4372 1138 4422 ceteri.
1150 4397 1178 4408 -
1198 4371 1238 4422 46.
1251 4371 1314 4422 nulli
1325 4373 1353 4423 L.
1373 4373 1412 4424 ci.
1425 4372 1460 4423 ad
1470 4371 1587 4426 4499999.

261 4450 286 4512 9,
304 4450 346 4510 44,
359 4449 403 4499 li:
421 4448 490 4498 99449
504 4449 646 4498 adiumento
663 4461 720 4498 csso.
738 4460 766 4512 p.
784 4448 878 4499 iiascio
896 4447 970 4498 Com.
990 4445 1014 4510 5.
1032 4445 1080 4499 is:
1099 4448 1161 4498 nulli
1176 4449 1280 4500 99994444.
1301 4475 1330 4486 -
1349 4449 1389 4501 49.
1406 4449 1468 4514 iana]
1485 4455 1540 4502 4999
1554 4451 1585 4502 A.

263 4549 291 4562 ·-
311 4523 393 4588 atqua]
415 4537 494 4586 aequo
511 4525 594 4574 ekrn
611 4525 684 4574 944.
705 4549 733 4559 -
757 4523 818 4572 nibil
839 4527 873 4573 csl
896 4521 960 4584 quod
980 4521 1060 4572 BGd
1083 4525 1110 4572 et
1129 4524 1159 4574 A.
1176 4549 1203 4560 -
1226 4524 1267 4575 44.
1286 4524 1368 4575 locum
1384 4536 1437 4576 om.
1455 4523 1481 4576 k.
1497 4551 1525 4562 -
1544 4523 1588 4576 ubi

259 4611 300 4649 res
316 4598 433 4649 consistat
449 4597 615 4648 Gabcdet
622 4597 680 4660 344
697 4599 725 4648 et
740 4598 774 4658 A,
800 4597 871 4661 quod
889 4596 1003 4661 probant
1019 4595 1133 4648 lllotzius
1149 4597 1260 4649 Praelat.
1280 4598 1323 4650 ed.
1341 4612 1381 4664 pr.
1403 4613 1431 4664 p.
1449 4599 1527 4651 LVIII
1543 4611 1585 4664 sq.

260 4676 287 4725 94
303 4673 418 4738 seyflert
433 4670 468 4723 ad
484 4672 555 4725 Luci,
573 4686 599 4739 p.
615 4673 672 4724 446.
702 4675 740 4723 Iu
756 4671 791 4722 ci.
809 4673 833 4737 fi.
847 4672 887 4722 49,
900 4671 941 4722 43.
957 4697 983 4710 -
1004 4671 1044 4722 43.
1063 4673 1129 4734 quod
1144 4673 1205 4721 miii
1221 4672 1279 4736 943
1295 4675 1431 4738 almerge
1448 4673 1474 4729 ii.
1495 4699 1523 4712 -
1542 4678 1588 4726 aul

259 4751 325 4813 quod
341 4748 434 4814 (93.9.
457 4773 484 4786 -
503 4747 545 4800 it.
563 4747 776 4813 inimiculis)
795 4759 848 4798 om.
865 4745 1164 4810 Buabcdeigimn
1181 4747 1281 4801 9443.
1302 4773 1330 4786 -
1347 4749 1585 4814 illiniunt.

261 4851 287 4865 -
308 4826 444 4876 4994494999
459 4822 617 4877 Lambinus:
636 4821 785 4874 9499696949
801 4835 862 4874 cum
880 4821 1017 4873 codicibus
1033 4821 1118 4874 430.
1143 4821 1209 4874 Vide
1227 4823 1396 4875 Gamionium
1412 4823 1447 4874 sd
1464 4823 1539 4876 Catil.
1557 4823 1584 4888 4,

259 4902 284 4964 6,
302 4901 342 4952 43.
361 4915 388 4967 p.
406 4901 463 4952 4439.
484 4927 512 4937 -
530 4911 653 4952 naamam
673 4898 787 4962 Quintius
802 4897 891 4949 496999
907 4897 992 4950 dabant
1006 4895 1032 4948 k.
1053 4924 1080 4935 -
1098 4898 1139 4948 46.
1158 4898 1244 4966 afficit]
1260 4900 1358 4965 conficit
1375 4901 1481 4952 9944.
1507 4897 1582 4953 Cant.

258 4977 339 5042 Epist.
358 4975 393 5028 ad
409 4975 499 5028 Famil.
519 4977 559 5039 44,
578 4976 604 5038 i,
623 4975 647 5027 3.
667 5001 695 5014 ·-
721 4974 761 5028 28.
780 4973 918 5040 9949949449]
943 4975 983 5027 uis
999 4973 1129 5039 palatano
1145 4974 1274 5042 Gekm,
1297 4975 1344 5030 iun
1360 4975 1491 5044 matula
1505 4987 1532 5030 9.
1553 4999 1582 5015 ···

258 5049 299 5103 34.
317 5051 425 5106 Noudion
441 5053 491 5106 Al.
507 5051 637 5118 ubique·
