3642 5862
550 432 617 496 ιιι.
639 431 693 496 rv.
724 430 798 496 cn.
821 429 945 496 nxvn.
976 427 1011 516 a.
1032 426 1220 495 irs-ias.
1484 425 1549 495 are

227 605 336 674 erunt,
370 599 447 664 mihi
473 601 577 683 parati
607 599 675 663 sint
698 600 900 684 respondere.
942 601 987 663 Ac
1015 619 1055 663 ne
1084 600 1189 664 subito
1211 621 1230 666 a
1250 621 1302 665 me
1322 601 1548 686 opprimantur,

225 697 304 759 haec
336 715 405 758 sum
438 701 621 777 rogaturus:
653 695 772 757 Navem
802 694 922 778 populo
949 695 1090 759 Romano
1113 695 1310 760 debeantnei
1345 696 1548 761 Fatebuntur.

225 788 470 854 Praebuerintne
492 795 635 872 praetore
658 787 691 851 G.
714 783 835 850 Verre?
867 789 1042 872 Negabunt
1075 789 1318 855 Aedificarintne
1338 810 1451 856 navem
1473 808 1549 854 one·

225 883 340 947 nariam
362 883 529 946 maximam
550 882 691 965 publice,
724 901 820 966 quam
841 883 933 947 Verri
954 883 1133 947 dederunt‘l
1165 885 1286 966 Negare
1307 905 1371 948 non
1392 891 1548 970 poterunt.

225 977 427 1040 Frumentum
450 976 489 1040 ab
511 977 551 1041 iis
567 977 778 1061 sumpseritne
796 977 828 1039 G.
843 978 968 1053 Verres,
991 978 1076 1062 quod
1098 977 1217 1061 populo
1238 979 1379 1043 Romano
1401 980 1572 1058 mitteretis

225 1069 317 1136 sicuti
339 1071 542 1154 superiores?
573 1071 748 1153 Negahunt.
783 1070 867 1145 Quid
889 1072 1024 1135 militum
1045 1080 1100 1136 aut
1120 1078 1287 1136 nautarum
1308 1093 1365 1157 per
1378 1075 1549 1138 triennium

227 1164 392 1228 dederint?
429 1164 558 1227 Nullum
581 1165 689 1227 datum
717 1164 831 1227 dicent.
874 1165 986 1228 Fuisse
1008 1165 1186 1228 Messanam
1208 1167 1348 1231 omnium
1369 1168 1461 1232 istius
1481 1166 1547 1231 iur-

226 1266 330 1323 torum
351 1278 388 1322 ac
414 1259 600 1344 praedarum
622 1259 822 1343 receptricem
844 1278 959 1343 negare
982 1278 1047 1322 non
1067 1267 1233 1343 poterunt:
1266 1261 1421 1344 permulta
1442 1261 1549 1326 multis

158 1357 162 1372 ³
227 1352 359 1417 navibus
387 1353 475 1416 illine
503 1359 681 1436 exportata,
710 1350 792 1415 hane
819 1371 932 1416 navem
962 1353 1100 1436 deniqne
1125 1353 1295 1416 maximam
1315 1374 1335 1418 a
1355 1355 1549 1420 Mamertinis

227 1446 348 1522 datam,
370 1453 514 1512 onustam
536 1467 607 1510 eum
629 1447 690 1510 isto
713 1446 886 1528 profectam
906 1445 1097 1509 fatebuntur.
1141 1441 1213 1509 iti.
1237 1447 1339 1524 Quam
1353 1450 1394 1513 oh
1409 1469 1476 1530 rem
1491 1448 1587 1513 tihiio

225 1543 308 1608 habe
330 1560 406 1604 sane
428 1541 520 1604 istam
535 1540 749 1604 laudationem
770 1542 1046 1604 Mamertinorum:
1073 1539 1300 1623 Syracusanam
1323 1543 1451 1627 quidem
1473 1543 1551 1608 ciri·

226 1643 339 1711 tatem,
362 1641 398 1699 ut
419 1635 474 1698 ahs
496 1643 527 1698 te
549 1636 661 1698 allecta
676 1642 740 1709 est,
763 1634 807 1698 ita
821 1635 854 1697 in
874 1642 906 1699 to
921 1654 992 1698 esse
1006 1633 1174 1698 animatam
1188 1636 1348 1713 videmus,
1370 1637 1454 1721 apud
1469 1656 1550 1721 qnos

226 1729 321 1793 etiam
345 1729 455 1792 Verria
476 1727 532 1792 illa
552 1728 710 1812 flagitiosa
731 1728 854 1793 sublata
875 1734 958 1793 eunt.
994 1728 1120 1792 Etenim
1141 1729 1270 1792 minime
1293 1731 1499 1794 conveniebat
1521 1733 1551 1794 ei

226 1825 357 1887 deorum
384 1822 521 1886 honores
549 1823 675 1896 haberi,
707 1822 764 1907 qni
786 1822 952 1887 simulacra
974 1822 1105 1886 deorum
1125 1822 1314 1887 abstulisset.
1357 1825 1459 1890 Etiam
1480 1822 1551 1889 her·

226 1918 296 1982 eule
318 1915 397 1981 illud
419 1917 453 1979 in
477 1917 683 2000 Syracusanis
706 1917 818 1981 merito
839 1916 1139 2000 reprehenderetur,
1168 1916 1213 1991 si,
1236 1937 1307 1981 eum
1329 1917 1413 1983 diem
1433 1917 1589 1982 iestumu

225 2010 372 2074 ludorum
395 2012 435 2074 de
457 2010 546 2074 fastis
568 2011 633 2074 suis
655 2011 856 2075 sustulissent
877 2010 1115 2074 celeberrimum
1137 2017 1169 2073 et
1189 2012 1436 2087 sanctissimum,
1464 2011 1551 2095 quod

226 2123 264 2167 eo
286 2105 356 2186 ipso
379 2107 431 2169 die
446 2106 617 2190 Syracusae
634 2106 817 2170 aMarcello
833 2114 940 2192 captae
956 2126 1026 2169 esse
1042 2104 1203 2181 dicuntur,
1225 2105 1322 2171 iidem
1337 2107 1422 2170 diem
1435 2105 1550 2169 festum

226 2199 333 2262 Verris
362 2201 489 2263 nomine
516 2204 661 2281 agerent,
690 2220 762 2263 cum
792 2201 852 2263 iste
874 2220 893 2264 a
915 2198 1139 2285 Syracusanis,
1171 2218 1253 2284 qnae
1274 2201 1328 2264 ille
1349 2199 1551 2264 calamitosus

226 2293 295 2356 dies
317 2293 505 2378 reliquerat,
529 2293 709 2358 ademisset.
746 2295 790 2359 ho
813 2293 917 2358 videte
939 2293 1076 2358 hominis
1099 2294 1327 2378 impudentiam
1348 2301 1443 2379 atque
1465 2285 1552 2356 ¹arro·

225 2387 381 2471 gantiam,
404 2387 543 2464 indices,
572 2387 628 2472 qui
650 2408 715 2451 non
737 2388 839 2452 solum
860 2388 971 2453 Verria
990 2387 1070 2450 haec
1092 2387 1196 2472 turpia
1215 2409 1251 2452 ac
1271 2387 1405 2454 ridicula
1426 2405 1468 2450 ex
1487 2385 1588 2449 lde-ao

225 2480 314 2546 raclii
335 2481 471 2566 pecunia
492 2482 703 2558 constituerit,
733 2501 842 2546 verum
872 2482 966 2548 etiam
988 2481 1148 2546 Marcellia
1168 2482 1238 2546 tolli
1258 2482 1436 2567 imperarit,
1463 2488 1499 2544 ut
1520 2478 1550 2544 ei

225 2593 313 2640 saera
340 2574 479 2639 iacerent
506 2576 693 2660 quotannis,
724 2578 814 2641 cuius
842 2596 941 2660 opera
961 2575 1103 2641 omnium
1124 2595 1280 2640 annorum
1300 2595 1389 2641 sacra
1409 2576 1550 2660 deosque

224 2668 344 2753 patrios
374 2670 558 2747 amiserant3
589 2671 658 2734 eins
686 2678 793 2736 autem
814 2669 953 2736 familiae
975 2670 1044 2734 dies
1065 2667 1162 2734 festos
1184 2670 1349 2746 tollerent,
1376 2691 1435 2757 per
1455 2690 1550 2757 quarn

226 2770 346 2830 ceteros
369 2784 499 2850 qnoque
519 2762 620 2829 festos
643 2764 711 2830 dies
732 2772 963 2866 recuperarent.

290 3035 315 3086 i.
339 3045 371 3086 oo
390 3048 443 3086 om.
466 3033 532 3086 dett.
557 3059 586 3070 —
613 3033 717 3098 otpaim.
739 3036 768 3086 n.
793 3058 821 3073 -
848 3034 873 3085 2.
889 3048 948 3098 pop.
967 3033 1048 3100 nom]
1065 3016 1134 3087 h‘a.
1152 3034 1186 3095 Bi
1209 3033 1324 3098 praetom'
1340 3032 1414 3085 ica.
1437 3031 1507 3100 (nam
1524 3034 1551 3086 in

227 3147 286 3199 cod.
304 3149 368 3212 Reg.
386 3148 413 3198 P.
431 3147 459 3198 li.
478 3145 624 3209 significat:
643 3153 761 3209 praetor,
779 3115 806 3198 ᾗ.
819 3113 846 3198 i.
860 3163 886 3182 ε
901 3147 1088 3210 popotmliom.
1101 3158 1216 3210 raroque
1227 3146 1254 3197 in
1267 3147 1320 3197 hoe
1331 3146 1433 3206 codice,
1450 3148 1481 3197 ut
1492 3148 1518 3198 h.
1531 3145 1550 3199 l.
1615 3215 1619 3223 ι

227 3224 325 3275 lactum
344 3223 398 3282 est,
416 3221 467 3272 hae
485 3224 563 3272 notae
581 3224 797 3286 commutantur.)
815 3222 898 3273 Codd.
917 3223 981 3274 dett.
1000 3235 1054 3272 om.
1071 3223 1099 3272 h.
1114 3235 1173 3272 voe.
1193 3221 1228 3286 [Si
1244 3223 1271 3273 in
1288 3224 1307 3273 ll
1325 3235 1407 3288 super
1421 3223 1448 3274 P.
1461 3223 1490 3274 li.
1509 3221 1553 3273 lit·

225 3301 283 3350 tera
300 3312 315 3348 o
331 3295 374 3347 vel
389 3297 400 3347 t
416 3297 596 3360 superscripta
609 3297 659 3356 est,
677 3294 835 3360 plerumque
847 3309 925 3348 cesus
936 3298 1086 3348 terminatio
1097 3296 1271 3361 significatur,
1291 3309 1376 3361 eaque
1388 3297 1551 3361 significatio,

224 3374 255 3424 ut
270 3373 413 3423 Bursienns
430 3372 555 3434 testatur,
573 3369 630 3421 lere
647 3383 729 3421 manu
745 3371 864 3422 secunda
875 3371 963 3422 addita
976 3374 1025 3422 est
1044 3369 1136 3436 lirum]
1150 3397 1178 3408 -
1195 3370 1340 3435 [medeatur
1350 3373 1388 3423 sio
1400 3373 1433 3432 li;
1450 3372 1466 3437 s
1537 3399 1552 3412 ·

224 3469 267 3516 tar
284 3467 334 3526 Gi;
352 3465 517 3520 amaricatur
532 3463 597 3522 Ld.;
615 3465 781 3528 conticentur
797 3465 842 3516 Gi.
863 3492 890 3501 -
910 3465 934 3516 3.
953 3463 1170 3529 aedificaverimus
1186 3463 1251 3516 dett.
1270 3465 1299 3515 0.
1318 3464 1376 3526 (sed
1392 3477 1446 3516 non
1463 3464 1550 3530 lagg.)

227 3566 254 3579 -
274 3541 299 3593 l.
318 3541 430 3592 dederim
445 3538 480 3591 de
496 3541 558 3592 Ern.
578 3539 647 3592 coni.
660 3540 689 3592 0.
705 3567 732 3576 -
753 3542 778 3591 t.
795 3541 979 3605 [aaronem
994 3539 1059 3591 dett.
1073 3540 1101 3591 0.
1117 3566 1145 3578 -
1163 3539 1195 3590 iis
1210 3541 1244 3590 n:
1262 3540 1299 3590 ita
1316 3538 1381 3590 dett.
1395 3565 1423 3576 -
1440 3553 1552 3605 mopte-

223 3622 297 3668 rotae
313 3616 363 3677 n3;
389 3616 521 3678 empserit
537 3614 601 3665 dett.
621 3615 650 3666 0.
674 3639 701 3650 -
729 3615 755 3667 0.
775 3628 829 3668 om.
847 3615 912 3668 dett.
930 3617 965 3676 03
992 3616 1019 3666 in
1035 3618 1055 3667 li
1074 3617 1115 3666 eet
1132 3615 1163 3666 G.
1182 3641 1209 3650 -
1229 3613 1254 3668 7.
1272 3615 1391 3667 dadoeuot
1407 3615 1454 3667 Ld.
1472 3617 1550 3680 lagg.

225 3690 290 3743 dett.
310 3716 339 3727 —
368 3691 393 3740 9.
412 3695 519 3753 seperta
536 3689 565 3740 n.
591 3715 619 3726 —
646 3689 750 3752 micae
765 3705 856 3742 novari
872 3690 937 3743 dett.
955 3691 985 3742 0.
1010 3714 1037 3726 -
1065 3691 1105 3741 40.
1124 3701 1181 3740 man
1196 3690 1243 3740 isto
1257 3695 1373 3753 praetore
1390 3689 1454 3741 dett.
1473 3691 1501 3742 0.
1522 3717 1549 3726 -

224 3767 268 3818 tibi
285 3779 338 3817 om.
357 3765 435 3829 Laii.
456 3791 483 3802 -
503 3768 543 3818 il.
561 3767 739 3817 Mamertinam
751 3765 815 3819 dett.
829 3768 858 3819 0.
873 3794 900 3804 -
920 3767 960 3818 li.
980 3765 1118 3830 adsectoli.
1133 3793 1161 3803 -
1179 3765 1300 3829 aithagg.
1314 3764 1379 3816 dett.
1393 3794 1422 3804 -
1440 3767 1480 3817 ⁴3.
1495 3766 1553 3817 Ver·

223 3843 266 3893 ria
282 3842 332 3902 na,
352 3843 445 3905 Longa
466 3841 559 3892 Verreo
575 3840 610 3902 0,
629 3843 657 3892 et
673 3843 713 3892 sie
729 3841 803 3894 inira.
824 3867 851 3880 -
877 3840 973 3906 timia]
991 3833 1067 3891 otiari
1083 3841 1160 3904 Lgill.
1181 3867 1208 3878 -
1228 3840 1269 3892 ii.
1286 3841 1422 3892 solutast
1436 3841 1502 3894 dett.
1520 3843 1550 3894 0.

227 3945 254 3954 -
273 3917 409 3968 maleredo
427 3917 456 3980 (s.
474 3916 600 3979 melereto)
619 3915 683 3968 dett
702 3918 732 3967 0.
753 3944 780 3954 -
798 3917 839 3968 i'i.
858 3917 922 3966 idem
939 3918 972 3976 R,
990 3915 1069 3980 Lgit.
1089 3943 1116 3954 -
1137 3916 1177 3968 ⁴8.
1197 3929 1215 3966 a
1231 3915 1321 3978 Sorae.
1339 3917 1374 3977 li,
1393 3917 1443 3966 Gi:
1462 3929 1480 3968 o
1496 3930 1549 3968 om.

225 3990 281 4043 rell.
300 3995 329 4044 0.
351 4019 378 4030 -
396 3992 542 4043 admonitore
558 3993 610 4042 dies
625 3993 659 4053 ll,
683 3992 710 4042 in
727 3991 824 4056 quibus
841 3990 931 4043 verbis
947 3991 973 4041 in
990 3990 1050 4042 cod.
1070 3989 1160 4042 lolium
1177 3989 1287 4053 desinit,
1305 3993 1334 4041 ul
1350 3987 1451 4055 reliqua
1466 3989 1550 4042 verba

225 4064 284 4116 libri
301 4066 495 4118 desiderentur.
522 4069 577 4118 Nee
596 4069 687 4117 tumen
703 4065 809 4126 videtur
825 4067 914 4118 lolium
931 4065 958 4116 in
976 4064 1036 4117 cod.
1055 4067 1194 4118 excidisse.
1209 4094 1237 4104 -
1256 4067 1295 4117 49.
1312 4066 1449 4129 reliquerat
1464 4063 1490 4127 i,
1504 4067 1549 4130 63,

225 4139 309 4202 haiil:
328 4141 457 4203 reliquerit
473 4142 537 4192 dett.
558 4143 586 4192 0.
607 4167 632 4178 -
653 4155 685 4192 oo
701 4143 750 4192 03:
770 4147 798 4192 ot
813 4141 878 4192 dett.
896 4141 926 4192 0.
947 4166 974 4177 -
993 4141 1034 4193 io.
1052 4143 1091 4207 oe]
1108 4143 1155 4193 lioc
1171 4142 1256 4206 naam
1273 4141 1334 4194 haec
1350 4140 1407 4194 rell.
1425 4141 1504 4207 lagg.
1519 4166 1548 4179 -

224 4213 266 4264 ii.
283 4215 415 4268 lloraellio
431 4214 462 4278 λ,
481 4216 517 4268 63
534 4216 620 4282 igit:
638 4215 774 4268 Mareelm
790 4218 819 4268 0.
846 4215 971 4268 Ceterum
988 4215 1021 4270 oi.
1040 4219 1096 4270 lieu
1111 4219 1143 4269 ll.
1161 4231 1188 4282 p.
1206 4217 1248 4270 si.
