3684 5862
677 437 751 504 cu.
772 437 896 504 1-m.
925 436 983 524 ss.
1004 434 1109 503 i-s.
1456 509 1460 516 ,
1511 435 1550 504 ai

236 610 339 694 capite
361 615 395 676 et
414 608 550 674 fortunis
572 608 717 684 alterius,
740 609 1006 694 quemadmodum
1028 612 1280 683 consueverunt,
1304 627 1432 674 causam
1453 608 1554 674 velint

235 705 350 769 dicere.
386 705 480 781 Quod
501 705 604 768 adhuc
626 725 683 768 vos
705 705 851 788 ignorare
873 725 940 768 non
961 705 1075 768 mirum
1097 710 1161 780 est,
1183 711 1353 788 propterea
1375 706 1462 789 quod
1477 724 1553 768 con-

236 801 320 864 sulto
349 801 389 863 ah
416 799 653 866 accusatoribus
682 800 751 864 eius
778 801 841 874 rei,
875 820 957 884 quae
980 799 1127 864 conflavit
1147 800 1209 863 hcc
1229 799 1399 872 iudicium,
1432 800 1552 864 mentio

234 892 318 956 facta
347 914 413 958 non
441 902 498 959 est.
543 877 598 964 6.(
602 894 692 969 Quae
714 916 765 958 res
788 915 826 958 ea
847 879 927 966 esti)
950 897 1038 958 Bona
1059 895 1157 978 patris
1178 894 1311 958 huiusce
1334 894 1407 958 Sex.
1429 895 1552 970 Roscii,
1643 935 1666 956 ..
1706 889 1709 900 '

237 1008 318 1072 qnae
347 995 421 1052 sunt
449 990 609 1073 sexagies,
630 979 725 1074 ‘quae
753 990 792 1052 de
822 989 891 1053 viro
923 988 1095 1052 clarissimo
1119 994 1150 1052 et
1170 986 1359 1064 fortissimo,
1390 988 1591 1076 L.··Sulla,5
1707 1015 1710 1024 ·

236 1102 331 1166 quem
352 1082 483 1148 honoris
505 1104 600 1148 causa
621 1084 768 1157 nominc,
791 1083 915 1147 duohus
937 1083 1065 1148 milibus
1086 1103 1247 1146 nummum
1263 1103 1332 1146 sese
1348 1084 1425 1147 dicit
1439 1085 1553 1149 emisse

234 1177 420 1241 adolescens
442 1178 493 1244 uel
515 1179 754 1263 potentissimas
775 1178 837 1240 hoc
860 1184 1002 1259 tempore
1017 1185 1145 1242 nostrae
1161 1177 1313 1252 civitatis,
1335 1177 1369 1240 l..
1387 1177 1553 1243 Cornelius

236 1270 469 1356 Chrysogonus.
511 1276 542 1337 Is
565 1273 713 1348 archis,
741 1272 878 1346 iudices,
906 1273 969 1334 hoc
989 1271 1146 1353 postulat,
1176 1277 1226 1345 ut,
1249 1273 1400 1354 quoniam
1422 1267 1456 1336 in
1476 1273 1554 1338 alie·

235 1386 307 1430 nam
337 1369 505 1450 pecuniam
526 1375 590 1432 mm
618 1368 745 1451 plenam
768 1373 864 1450 atque
887 1365 1080 1450 praeclaram
1102 1364 1190 1427 nullo
1211 1365 1279 1427 inre
1301 1366 1453 1430 invaserit
1474 1389 1555 1451 quo·

234 1462 384 1546 niamque
412 1463 442 1529 ei
470 1463 626 1547 pecuniae
653 1463 719 1526 vita
745 1461 819 1524 Sex.
847 1461 953 1524 Roscii
981 1461 1105 1524 obstare
1128 1466 1224 1542 atquc
1246 1457 1372 1523 officere
1394 1459 1590 1538 rideatur,to

235 1556 367 1622 deleatis
389 1579 430 1622 ex
452 1560 560 1651 animo
582 1578 640 1621 suo
664 1556 878 1640 suspicionem
902 1575 1091 1638 omnemque
1114 1561 1231 1617 metum
1250 1553 1385 1618 tollatis:
1407 1575 1477 1620 sese
1492 1557 1554 1621 hoc

234 1649 387 1716 incolumi
415 1673 481 1716 non
512 1652 680 1716 arbitratur
709 1650 805 1712 huius
827 1650 1007 1714 innocentis
1030 1648 1254 1731 patrimonium
1276 1654 1340 1712 tam
1362 1650 1500 1732 amplum
1522 1659 1555 1716 et

235 1748 402 1828 copiosum
423 1766 519 1829 posse
542 1746 701 1821 ohtinere;
724 1747 871 1808 damnato
895 1750 927 1808 et
949 1744 1049 1808 eiecto
1072 1751 1179 1826 sperat
1192 1762 1226 1806 se
1247 1763 1355 1825 posse,
1378 1746 1465 1829 qnod
1480 1748 1554 1809 ade-

235 1849 308 1922 ptus
331 1845 380 1906 est
400 1862 459 1924 per
481 1841 602 1915 scelus,
624 1840 658 1903 id
679 1859 738 1922 per
757 1839 916 1902 luxuriam
937 1839 1098 1902 effundere
1121 1845 1218 1922 atque
1233 1859 1427 1904 consumere.
1461 1842 1554 1906 Hunc

237 1933 297 1996 sihi
320 1955 361 1998 ex
382 1936 488 1999 animo
511 1935 710 2018 scrupulum,
734 1934 789 2019 qui
812 1954 845 1998 se
868 1935 936 1997 dies
958 1940 1133 2017 noctesque
1156 1933 1348 1996 stimulat'ac
1368 1936 1496 2019 pnngit,
1518 1943 1591 2001 utto

237 2027 395 2105 evellatis,
424 2030 566 2113 postulat
596 2036 633 2092 ut
662 2029 701 2092 ad
728 2028 811 2090 hanc
843 2048 931 2091 suam
962 2027 1111 2111 praedam
1133 2033 1198 2090 mm
1218 2026 1371 2090 nefariam
1392 2030 1554 2095 adiutores

237 2139 294 2184 ros
316 2118 538 2205 profiteamini.
581 2120 611 2186 7.
642 2122 675 2186 Si
697 2123 786 2187 vohis
808 2142 912 2207 acqua
933 2129 965 2185 ct
984 2122 1119 2186 honesta
1139 2122 1314 2204 postulatio
1336 2123 1476 2201 videtur,
1506 2126 1555 2190 iu-

237 2215 337 2292 dices,
367 2237 425 2301 ego
456 2227 566 2282 contra
585 2218 714 2281 brevem
735 2215 982 2301 postulationem
1003 2213 1101 2280 allero
1124 2223 1169 2291 et,
1201 2217 1362 2300 quomodo
1385 2219 1462 2282 mihi
1484 2241 1556 2304 per-

237 2313 372 2387 suadeo,
394 2313 558 2397 aliquanto
581 2313 774 2396 aequiorem.
818 2312 871 2374 111.
893 2311 1034 2376 Primum
1055 2331 1075 2374 a
1097 2309 1302 2395 Chrysogono
1325 2320 1420 2396 peto,
1442 2322 1479 2378 ut
1499 2336 1555 2398 pe-

237 2407 329 2470 cunia
359 2407 559 2491 fortunisque
588 2407 705 2470 nostris
731 2413 898 2470 contentus
921 2407 977 2480 sit,
1010 2405 1196 2489 sanguinem
1218 2414 1249 2472 ct
1270 2408 1367 2472 vitam
1389 2430 1429 2474 ne
1449 2416 1592 2493 petat;¹⁰

236 2500 351 2565 deiude
373 2521 393 2565 a
412 2502 519 2576 vohis,
541 2501 681 2576 iudices,
702 2505 739 2564 ut
759 2501 928 2566 audacium
950 2502 1061 2565 sceleri
1075 2501 1247 2578 resistatis,
1269 2503 1488 2568 innocentium
1503 2526 1555 2570 ca·

234 2593 407 2659 lumitatem
435 2596 547 2662 levetis
577 2603 608 2659 et
636 2596 669 2659 in
704 2615 799 2660 causa
830 2597 902 2660 Sex.
924 2597 1032 2660 Roscii
1054 2596 1250 2679 periculum,
1279 2598 1365 2682 quod
1387 2599 1422 2661 in
1444 2619 1554 2664 omnes

234 2687 423 2766 intenditur,
445 2692 649 2776 propulsatis.
683 2688 712 2752 8.
737 2679 879 2784 Quod(si
902 2698 958 2752 aut
978 2711 1074 2754 causa
1095 2691 1236 2756 criminis
1254 2699 1309 2755 aut
1322 2691 1398 2756 lacti
1414 2694 1553 2777 suspicio

236 2791 291 2849 aut
312 2786 473 2871 quaelihet
494 2786 633 2870 denique
654 2785 704 2849 vel
726 2785 857 2848 minima
877 2804 929 2847 res
950 2759 1151 2898 reperietur)
1164 2805 1259 2869 quam
1281 2787 1322 2849 oh
1343 2808 1411 2852 rem
1426 2789 1555 2852 videan-

1737 2872 1739 2880 ι

1729 2887 1740 2898 η

236 2887 287 2943 tur
308 2881 355 2944 illi
378 2880 525 2946 nonnihil
547 2880 700 2945 tamenin
716 2879 886 2943 descrendo
901 2883 1031 2944 nomine
1046 2889 1162 2958 secuti,
1185 2889 1364 2965 postremo,
1387 2884 1415 2946 si
1429 2889 1592 2967 praeterit
1645 2881 1698 2920 ·'‘

235 2995 304 3039 eam
325 2976 490 3059 praedam,
513 2995 608 3059 quam
630 2975 712 3048 dixi,
735 2975 909 3058 quidquam
931 2975 1018 3040 aliud
1033 2996 1146 3040 causae
1161 2976 1362 3052 inveneritis,
1384 2999 1450 3042 non
1464 2999 1557 3042 rccu-

235 3061 357 3144 samus,
380 3070 459 3153 quin
481 3069 608 3132 illorum
629 3068 757 3131 libidini
779 3068 852 3132 Sex.
868 3070 975 3132 Roscii
997 3070 1063 3134 vita
1083 3070 1226 3134 dedatur.
1264 3071 1320 3135 Sin
1342 3073 1428 3137 aliud
1450 3075 1556 3157 agitur

235 3164 330 3239 nihil,
361 3165 424 3228 uisi
452 3171 489 3227 ut
516 3163 555 3226 iis
577 3183 617 3227 ne
641 3163 718 3246 quid
740 3163 837 3238 desit,
861 3165 975 3247 quihus
998 3167 1074 3229 satis
1101 3166 1181 3229 nihil
1210 3174 1275 3244 est;
1309 3167 1336 3230 si
1363 3167 1425 3232 hoc
1451 3169 1554 3232 solnm

233 3258 295 3321 hoc
326 3265 470 3341 tempore
500 3265 678 3341 pugnatur,
710 3263 746 3319 ut
777 3255 817 3319 ad
843 3258 931 3321 illam
956 3259 1094 3342 opimam
1116 3260 1375 3345 praeclaramque
1405 3263 1555 3346 praedam
1588 3317 1594 3328 .

235 3353 395 3417 damnatio
430 3353 502 3416 Sex.
530 3347 638 3416 Roscii
672 3350 759 3415 velut
790 3353 934 3416 cumulus
962 3355 1246 3432 accedat:,'nonne
1276 3375 1347 3420 cum
1375 3355 1475 3421 multa
1506 3357 1592 3422 ἱππ-30

235 3439 359 3529 digna,l'
375 3452 442 3509 tum
466 3445 518 3509 vel
538 3445 600 3508 hoc
622 3444 877 3527 indignissimum
897 3441 974 3537 est)
990 3467 1047 3510 ros
1069 3447 1203 3512 idoneos
1223 3449 1365 3525 habitos,
1394 3471 1452 3534 per
1475 3472 1556 3536 quo·
1629 3447 1723 3555 „Q

234 3559 305 3605 rum
327 3541 498 3605 sententias
520 3540 634 3624 iusque
656 3539 823 3604 iurandum
845 3537 878 3602 id
900 3546 1125 3625 assequantur,
1148 3541 1236 3625 quod
1251 3550 1344 3606 antea
1358 3544 1419 3627 ipsi
1434 3545 1555 3610 scelere
1644 3535 1686 3560 “

236 3641 268 3700 et
287 3634 372 3698 ferro
394 3635 522 3719 assequi
543 3637 800 3700 consueverunt?
837 3635 900 3712 Qui
923 3657 963 3700 ex
985 3633 1111 3699 civitate
1133 3633 1167 3698 in
1189 3641 1333 3700 senatum
1354 3646 1487 3723 propter
1507 3641 1556 3704 di·

299 3877 323 3930 l.
341 3879 613 3940 coenomanicae,
632 3879 692 3941 Lag.
711 3877 809 3930 acon
828 3877 1040 3938 concreverictv;
1058 3882 1207 3930 coemant
1221 3877 1285 3930 iilo.
1303 3906 1330 3916 -
1349 3881 1374 3931 δ.
1392 3883 1556 3948 aaoeoqioesti

237 3951 401 4019 (corruptum
418 3967 451 4004 ex
466 3953 608 4018 acceptans,
632 3956 662 4004 ut
678 3954 761 4004 estin
778 3951 794 4005 4
810 3954 907 4018 naga).
930 3979 957 3990 -
981 3955 1044 4005 otor.
1062 3959 1086 4004 et
1105 3953 1164 4018 sort.
1183 3953 1199 4006 4
1216 3956 1308 4020 Lnga,
1336 3970 1388 4020 ac,
1411 3961 1555 4014 Arusianus

234 4041 260 4096 p.
278 4030 326 4082 227
344 4029 433 4081 Lind:
450 4030 509 4093 sort.
528 4035 552 4080 et
567 4030 631 4080 otor.
650 4029 726 4080 codd.
745 4027 800 4078 reli.
819 4029 847 4078 0.
870 4055 896 4064 -
915 4029 986 4090 spito
1003 4029 1027 4078 lt
1039 4037 1081 4077 va
1095 4041 1124 4088 c;
1142 4029 1199 4080 sitio
1211 4031 1232 4080 G
1243 4030 1278 4094 [et
1289 4030 1513 4100 sicplerumquc).
1525 4063 1552 4074 -

234 4105 259 4156 8.
277 4104 404 4168 quoniam]
423 4105 466 4166 qui
482 4118 507 4154 v.
529 4129 556 4141 -
578 4105 619 4155 tt).
639 4102 744 4168 obstare]
761 4103 861 4154 obscero
879 4105 907 4153 G.
928 4131 956 4140 -
981 4104 1020 4154 tt.
1040 4117 1184 4166 omoeoque
1198 4109 1290 4155 metam
1306 4107 1367 4174 Lag.
1385 4110 1433 4162 26:
1458 4126 1556 4164 moen

233 4186 372 4243 coccoque
388 4177 444 4230 rell.
464 4180 492 4230 0.
514 4205 539 4218 -
560 4179 600 4230 43.
619 4183 703 4242 morat
719 4181 744 4230 ll
755 4191 771 4228 v
783 4193 798 4230 a
810 4192 841 4229 c:
859 4185 938 4242 speret
950 4181 981 4242 G,
1000 4181 1025 4230 S.
1039 4179 1116 4244 vict,
1135 4179 1208 4240 Poll..
1222 4181 1237 4231 3
1253 4183 1316 4234 Oxx.
1331 4212 1358 4221 -
1377 4199 1402 4235 sc
1418 4199 1471 4239 om.
1484 4203 1510 4240 v.
1525 4216 1553 4226 -

235 4255 274 4306 tt.
292 4255 327 4321 id]
344 4270 395 4305 noc
412 4256 441 4304 G.
463 4281 490 4290 -
509 4255 549 4306 to.
572 4254 623 4304 dics
643 4269 674 4306 oc
692 4260 773 4304 noctes
789 4254 890 4310 Probus
907 4255 941 4306 de
958 4255 1065 4305 nomine
1084 4255 1108 4319 5.
1127 4254 1167 4306 lt.
1187 4255 1213 4306 in
1228 4255 1302 4307 Acci.
1321 4273 1447 4324 qrcmm.;
1473 4270 1556 4314 nectes

234 4330 331 4393 dicoque
347 4331 409 4393 Lag.
427 4328 468 4379 26.
489 4355 515 4364 -
534 4330 641 4380 stimulet
657 4343 687 4380 oc
701 4334 799 4394 portqot
816 4331 884 4380 coni.
903 4331 982 4389 Ern.;
1001 4328 1050 4380 sed
1067 4329 1156 4380 firmat
1169 4332 1259 4396 pocati
1275 4333 1385 4388 Probus.
1407 4365 1434 4374 -
1454 4338 1493 4389 46.
1509 4352 1556 4402 po·

233 4406 309 4456 atolot
324 4405 360 4471 ot]
376 4404 486 4468 postolat
501 4408 525 4454 et
542 4405 609 4454 coni.
630 4404 805 4464 Hotomanns3
824 4406 894 4456 oca
910 4409 1017 4456 autem:
1035 4410 1064 4454 ot
1080 4406 1189 4456 mellotis
1200 4407 1324 4470 postulat·
1338 4413 1448 4474 postolat
1462 4419 1490 4464 nt
1502 4418 1553 4466 cet.

234 4482 267 4529 st
283 4479 382 4543 pendet
398 4482 500 4529 tantum
517 4479 650 4543 posterius
666 4486 694 4528 ot
710 4480 861 4542 aposttdot,
882 4482 955 4545 prius
973 4480 1011 4544 (ot
1026 4481 1144 4546 mellotis)
1164 4481 1198 4532 ad
1215 4485 1298 4536 totam
1317 4489 1474 4540 sententiam
1492 4503 1555 4554 per-

236 4555 312 4616 tinet,
330 4566 392 4605 cum
409 4555 479 4605 dicat
495 4557 599 4606 orator:
620 4555 670 4605 aad
681 4555 753 4606 huuc
764 4553 918 4619 scrupulum
929 4555 980 4606 sthi
997 4571 1029 4608 ex
1041 4557 1129 4606 animo
1141 4555 1308 4609 evellendum
1319 4563 1434 4625 postulat
1444 4567 1474 4616 nt
1485 4568 1553 4616 cet.»

240 4649 268 4666 ι·
281 4628 320 4678 li.
337 4628 366 4691 si]
384 4630 432 4678 otei
448 4632 476 4680 G.
498 4657 526 4668 -·
545 4631 585 4682 48.
604 4631 690 4694 adsero
707 4633 736 4682 G.
757 4657 784 4667 -
803 4632 843 4682 20.
861 4631 900 4696 oo]
917 4646 967 4682 ooo
984 4633 1045 4694 Lag.
1058 4631 1098 4682 26.
1116 4657 1143 4668 -
1161 4633 1202 4682 Sl.
1221 4635 1373 4687 edomitotia
1388 4639 1450 4703 Lag.
1464 4639 1503 4690 ta.
1524 4667 1552 4678 -

237 4702 278 4755 St.
299 4703 327 4753 to
347 4717 428 4754 mnam
448 4703 526 4758 codd.
549 4709 577 4757 et
594 4719 635 4756 ac
657 4706 715 4769 (sed
731 4704 831 4772 aliquot
847 4708 938 4769 mnis,
964 4709 994 4757 ut
1010 4707 1036 4760 ld
1053 4709 1080 4758 et
1096 4705 1111 4759 4
1128 4707 1232 4772 haggi:
1255 4711 1283 4760 in
1299 4711 1411 4764 omnem
1426 4728 1456 4778 v,
1482 4714 1554 4765 unde

234 4778 320 4832 Madv.
344 4780 492 4844 suspicatus
515 4783 568 4834 est:
592 4780 712 4832 manthos.
733 4808 760 4818 -
783 4783 824 4834 23.
842 4782 881 4833 oei
899 4783 961 4847 facti
980 4784 1030 4835 Mt.
1051 4810 1079 4820 -·
1104 4781 1145 4835 tt.
1163 4783 1212 4850 ras]
1226 4799 1292 4848 pora
1306 4800 1324 4836 v
1340 4789 1368 4838 et
1383 4789 1444 4852 Lag.
1463 4789 1503 4840 ac.
1524 4815 1551 4824 —

236 4855 276 4906 it.
295 4853 385 4918 mmm]
403 4859 456 4904 tarn
470 4857 528 4918 Ra;
547 4869 600 4908 om.
618 4855 671 4908 Pal.
685 4857 709 4908 3.
725 4884 753 4894 -
771 4858 811 4908 ti.
830 4858 939 4924 theom]
956 4873 1042 4910 eonon
1056 4861 1077 4910 G
1094 4856 1166 4910 solus
1183 4872 1216 4911 ex
1233 4862 1315 4923 notis,
1335 4860 1407 4926 quod
1422 4863 1458 4912 ita
1474 4875 1554 4928 prae-

235 4929 376 4982 terendum
390 4929 508 4992 ridetur,
526 4934 555 4982 ut
571 4944 650 4996 supra
666 4933 707 4984 isti
723 4946 772 4997 pro
788 4932 825 4983 titt
841 4932 950 4998 legatur.
971 4961 998 4971 -
1016 4935 1057 4987 28.
1076 4936 1115 5000 iis]
1132 4937 1155 4986 ia
1171 4938 1205 4996 G;
1224 4937 1261 4988 hia
1276 4950 1295 4987 r
1312 4939 1339 4988 et
1355 4937 1458 5001 3Lagg.
1474 4964 1502 4976 -
1520 4945 1555 4990 cat

235 5017 288 5058 om.
307 5006 335 5056 G.
357 5033 385 5044 -·
408 5005 484 5056 ailtic
503 5007 564 5070 lag.
582 5007 624 5059 26.
648 5035 675 5044 ·-
698 5009 738 5060 3⁰.
760 5009 840 5060 marito
860 5009 975 5074 malique
995 5013 1022 5062 et
1043 5010 1139 5062 deinde
1159 5012 1366 5076 mattpcicaimom
1382 5013 1443 5076 Lag.
1462 5013 1503 5065 26.
1524 5043 1552 5054 -

233 5079 273 5130 33.
291 5081 393 5144 odaeqoi
409 5081 439 5131 G.
454 5105 483 5118 -
500 5087 678 5134 cocmermt
692 5085 753 5148 ing.
769 5084 816 5150 26,
835 5087 894 5136 Gv:
912 5090 1061 5139 conmonuit
1076 5085 1163 5150 illac,
1180 5083 1253 5152 rell,
1272 5087 1305 5150 0,
1324 5091 1551 5144 cocmcrootconi.

232 5154 295 5211 aru.
312 5155 499 5224 probabiliter;
517 5169 544 5210 r.
563 5159 652 5211 umen
667 5158 763 5212 iordan
779 5157 796 5212 i.
816 5172 840 5211 c.
857 5173 885 5228 p.
899 5161 956 5214 oto.
