<?xml version="1.0" encoding="UTF-8"?>
<!DOCTYPE html PUBLIC "-//W3C//DTD XHTML 1.0 Transitional//EN"
    "http://www.w3.org/TR/xhtml1/DTD/xhtml1-transitional.dtd">
<html xmlns="http://www.w3.org/1999/xhtml" xml:lang="en" lang="en">
 <head>
  <title>
</title>
<meta http-equiv="Content-Type" content="text/html;charset=utf-8" />
  <meta name='ocr-system' content='tesseract 3.04.00' />
  <meta name='ocr-capabilities' content='ocr_page ocr_carea ocr_par ocr_line ocrx_word'/>
</head>
<body>
  <div class='ocr_page' id='page_1' title='image "./mtulliiciceroni00baitgoog_0625.png"; bbox 0 0 3578 5862; ppageno 0'>
   <div class='ocr_carea' id='block_1_1' title="bbox 539 403 1540 493">
    <p class='ocr_par' dir='ltr' id='par_1_1' title="bbox 539 403 1540 493">
     <span class='ocr_line' id='line_1_1' title="bbox 539 403 1540 493; baseline -0.003 -19"><span class='ocrx_word' id='word_1_1' title='bbox 539 408 613 474; x_wconf 70' lang='lat' dir='ltr'><strong>cn.</strong></span> <span class='ocrx_word' id='word_1_2' title='bbox 634 409 916 474; x_wconf 80' lang='lat' dir='ltr'><strong>nxvm-uxx.</strong></span> <span class='ocrx_word' id='word_1_3' title='bbox 943 407 1001 493; x_wconf 76' lang='lat' dir='ltr'><strong>§t-</strong></span> <span class='ocrx_word' id='word_1_4' title='bbox 1023 403 1214 472; x_wconf 78' lang='lat' dir='ltr'><strong>roa-roo.</strong></span> <span class='ocrx_word' id='word_1_5' title='bbox 1477 405 1540 472; x_wconf 82' lang='lat' dir='ltr'><strong>seo</strong></span> 
     </span>
    </p>
   </div>
   <div class='ocr_carea' id='block_1_2' title="bbox 17 560 1541 756">
    <p class='ocr_par' dir='ltr' id='par_1_2' title="bbox 0 560 1541 779">
     <span class='ocr_line' id='line_1_2' title="bbox 17 560 1541 665; baseline -0.003 -19"><span class='ocrx_word' id='word_1_6' title='bbox 17 566 21 591; x_wconf 63' lang='lat'>¹</span> <span class='ocrx_word' id='word_1_7' title='bbox 85 560 113 584; x_wconf 41' lang='lat'><em>⁸</em></span> <span class='ocrx_word' id='word_1_8' title='bbox 215 581 398 665; x_wconf 76' lang='lat' dir='ltr'><strong>diligentia,</strong></span> <span class='ocrx_word' id='word_1_9' title='bbox 430 579 465 644; x_wconf 90' lang='lat' dir='ltr'><strong>in</strong></span> <span class='ocrx_word' id='word_1_10' title='bbox 487 579 630 663; x_wconf 88' lang='lat' dir='ltr'><strong>singulos</strong></span> <span class='ocrx_word' id='word_1_11' title='bbox 651 581 826 663; x_wconf 83' lang='lat' dir='ltr'><strong>municipes</strong></span> <span class='ocrx_word' id='word_1_12' title='bbox 847 581 1042 663; x_wconf 88' lang='lat' dir='ltr'><strong>benignitas,</strong></span> <span class='ocrx_word' id='word_1_13' title='bbox 1063 581 1096 643; x_wconf 91' lang='lat' dir='ltr'><strong>in</strong></span> <span class='ocrx_word' id='word_1_14' title='bbox 1119 599 1230 642; x_wconf 93' lang='lat' dir='ltr'><strong>omnes</strong></span> <span class='ocrx_word' id='word_1_15' title='bbox 1251 578 1397 644; x_wconf 86' lang='lat' dir='ltr'><strong>hemines</strong></span> <span class='ocrx_word' id='word_1_16' title='bbox 1419 579 1541 642; x_wconf 87' lang='lat' dir='ltr'><strong>iustitia</strong></span> 
     </span>
     <span class='ocr_line' id='line_1_3' title="bbox 216 671 1540 756; baseline -0.005 -16.122"><span class='ocrx_word' id='word_1_17' title='bbox 216 682 247 740; x_wconf 89' lang='lat' dir='ltr'><strong>et</strong></span> <span class='ocrx_word' id='word_1_18' title='bbox 275 672 363 738; x_wconf 86' lang='lat' dir='ltr'><strong>fides.</strong></span> <span class='ocrx_word' id='word_1_19' title='bbox 401 675 566 738; x_wconf 86' lang='lat' dir='ltr'><strong>Praeterea</strong></span> <span class='ocrx_word' id='word_1_20' title='bbox 593 673 788 738; x_wconf 80' lang='lat' dir='ltr'><strong>nobilitatem</strong></span> <span class='ocrx_word' id='word_1_21' title='bbox 818 674 904 738; x_wconf 87' lang='lat' dir='ltr'><strong>illam</strong></span> <span class='ocrx_word' id='word_1_22' title='bbox 934 677 1016 738; x_wconf 89' lang='lat' dir='ltr'><strong>inter</strong></span> <span class='ocrx_word' id='word_1_23' title='bbox 1037 693 1115 736; x_wconf 87' lang='lat' dir='ltr'><strong>suos</strong></span> <span class='ocrx_word' id='word_1_24' title='bbox 1136 672 1306 756; x_wconf 88' lang='lat' dir='ltr'><strong>locumque</strong></span> <span class='ocrx_word' id='word_1_25' title='bbox 1328 692 1348 736; x_wconf 85' lang='lat' dir='ltr'><strong>a</strong></span> <span class='ocrx_word' id='word_1_26' title='bbox 1368 671 1540 734; x_wconf 89' lang='lat' dir='ltr'><strong>maioribus</strong></span> 
     </span>
    </p>
   </div>
   <div class='ocr_carea' id='block_1_3' title="bbox 168 765 1541 946">
    <p class='ocr_par' dir='ltr' id='par_1_3' title="bbox 168 765 1541 946">
     <span class='ocr_line' id='line_1_4' title="bbox 168 765 1541 851; baseline -0.004 -18"><span class='ocrx_word' id='word_1_27' title='bbox 168 781 172 788; x_wconf 88' lang='lat'>&#39;</span> <span class='ocrx_word' id='word_1_28' title='bbox 215 768 363 834; x_wconf 87' lang='lat' dir='ltr'><strong>traditum</strong></span> <span class='ocrx_word' id='word_1_29' title='bbox 385 768 430 832; x_wconf 90' lang='lat' dir='ltr'><strong>sic</strong></span> <span class='ocrx_word' id='word_1_30' title='bbox 452 774 575 844; x_wconf 87' lang='lat' dir='ltr'><strong>tuetur,</strong></span> <span class='ocrx_word' id='word_1_31' title='bbox 596 776 632 831; x_wconf 91' lang='lat' dir='ltr'><strong>ut</strong></span> <span class='ocrx_word' id='word_1_32' title='bbox 646 768 801 832; x_wconf 88' lang='lat' dir='ltr'><strong>maiorum</strong></span> <span class='ocrx_word' id='word_1_33' title='bbox 823 770 1025 851; x_wconf 82' lang='lat' dir='ltr'><strong>gravitatem,</strong></span> <span class='ocrx_word' id='word_1_34' title='bbox 1048 767 1272 842; x_wconf 88' lang='lat' dir='ltr'><strong>constantiam,</strong></span> <span class='ocrx_word' id='word_1_35' title='bbox 1294 767 1442 850; x_wconf 86' lang='lat' dir='ltr'><strong>gratiam,</strong></span> <span class='ocrx_word' id='word_1_36' title='bbox 1462 765 1541 828; x_wconf 95' lang='lat' dir='ltr'><strong>libe·</strong></span> 
     </span>
     <span class='ocr_line' id='line_1_5' title="bbox 213 858 1541 946; baseline -0.005 -20"><span class='ocrx_word' id='word_1_37' title='bbox 213 863 371 927; x_wconf 89' lang='lat' dir='ltr'><strong>ralitatem</strong></span> <span class='ocrx_word' id='word_1_38' title='bbox 399 869 596 946; x_wconf 88' lang='lat' dir='ltr'><strong>assequatur.</strong></span> <span class='ocrx_word' id='word_1_39' title='bbox 643 863 755 946; x_wconf 84' lang='lat' dir='ltr'><strong>Itaque</strong></span> <span class='ocrx_word' id='word_1_40' title='bbox 784 863 823 926; x_wconf 89' lang='lat' dir='ltr'><strong>iis</strong></span> <span class='ocrx_word' id='word_1_41' title='bbox 853 882 925 924; x_wconf 91' lang='lat' dir='ltr'><strong>eum</strong></span> <span class='ocrx_word' id='word_1_42' title='bbox 953 861 1057 925; x_wconf 89' lang='lat' dir='ltr'><strong>verbis</strong></span> <span class='ocrx_word' id='word_1_43' title='bbox 1086 861 1213 944; x_wconf 90' lang='lat' dir='ltr'><strong>publice</strong></span> <span class='ocrx_word' id='word_1_44' title='bbox 1242 858 1389 934; x_wconf 88' lang='lat' dir='ltr'><strong>laudant,</strong></span> <span class='ocrx_word' id='word_1_45' title='bbox 1419 865 1541 921; x_wconf 92' lang='lat' dir='ltr'><strong>utnon</strong></span> 
     </span>
    </p>
   </div>
   <div class='ocr_carea' id='block_1_4' title="bbox 77 951 1565 1039">
    <p class='ocr_par' dir='ltr' id='par_1_4' title="bbox 23 935 1565 1039">
     <span class='ocr_line' id='line_1_6' title="bbox 77 951 1565 1039; baseline -0.003 -17.14"><span class='ocrx_word' id='word_1_46' title='bbox 77 951 110 1009; x_wconf 70' lang='grc' dir='ltr'><strong><em>ἰ</em></strong></span> <span class='ocrx_word' id='word_1_47' title='bbox 214 957 319 1021; x_wconf 90' lang='lat' dir='ltr'><strong>solum</strong></span> <span class='ocrx_word' id='word_1_48' title='bbox 347 956 565 1020; x_wconf 87' lang='lat' dir='ltr'><strong>testimouium</strong></span> <span class='ocrx_word' id='word_1_49' title='bbox 595 977 688 1020; x_wconf 90' lang='lat' dir='ltr'><strong>suum</strong></span> <span class='ocrx_word' id='word_1_50' title='bbox 716 955 932 1039; x_wconf 87' lang='lat' dir='ltr'><strong>iudiciumque</strong></span> <span class='ocrx_word' id='word_1_51' title='bbox 962 955 1157 1038; x_wconf 86' lang='lat' dir='ltr'><strong>significent,</strong></span> <span class='ocrx_word' id='word_1_52' title='bbox 1186 971 1297 1017; x_wconf 90' lang='lat' dir='ltr'><strong>verum</strong></span> <span class='ocrx_word' id='word_1_53' title='bbox 1319 954 1412 1017; x_wconf 89' lang='lat' dir='ltr'><strong>etiam</strong></span> <span class='ocrx_word' id='word_1_54' title='bbox 1434 971 1565 1018; x_wconf 79' lang='lat' dir='ltr'><strong>curamo</strong></span> 
     </span>
    </p>
   </div>
   <div class='ocr_carea' id='block_1_5' title="bbox 213 1046 1695 3573">
    <p class='ocr_par' dir='ltr' id='par_1_5' title="bbox 213 1046 1695 3573">
     <span class='ocr_line' id='line_1_7' title="bbox 214 1046 1543 1132; baseline -0.007 -17"><span class='ocrx_word' id='word_1_55' title='bbox 214 1051 311 1115; x_wconf 91' lang='lat' dir='ltr'><strong>animi</strong></span> <span class='ocrx_word' id='word_1_56' title='bbox 339 1071 376 1114; x_wconf 89' lang='lat' dir='ltr'><strong>ac</strong></span> <span class='ocrx_word' id='word_1_57' title='bbox 398 1050 551 1115; x_wconf 85' lang='lat' dir='ltr'><strong>dolorem.</strong></span> <span class='ocrx_word' id='word_1_58' title='bbox 588 1051 678 1127; x_wconf 87' lang='lat' dir='ltr'><strong>Quae</strong></span> <span class='ocrx_word' id='word_1_59' title='bbox 700 1051 775 1114; x_wconf 91' lang='lat' dir='ltr'><strong>dum</strong></span> <span class='ocrx_word' id='word_1_60' title='bbox 798 1049 937 1114; x_wconf 87' lang='lat' dir='ltr'><strong>laudatio</strong></span> <span class='ocrx_word' id='word_1_61' title='bbox 959 1050 1126 1124; x_wconf 87' lang='lat' dir='ltr'><strong>recitatur,</strong></span> <span class='ocrx_word' id='word_1_62' title='bbox 1156 1067 1213 1114; x_wconf 91' lang='lat' dir='ltr'><strong>vos</strong></span> <span class='ocrx_word' id='word_1_63' title='bbox 1236 1066 1370 1132; x_wconf 86' lang='lat' dir='ltr'><strong>quaeso,</strong></span> <span class='ocrx_word' id='word_1_64' title='bbox 1394 1046 1449 1130; x_wconf 93' lang='lat' dir='ltr'><strong>qui</strong></span> <span class='ocrx_word' id='word_1_65' title='bbox 1473 1063 1543 1108; x_wconf 91' lang='lat' dir='ltr'><strong>eam</strong></span> 
     </span>
     <span class='ocr_line' id='line_1_8' title="bbox 215 1143 576 1228; baseline 0.003 -21"><span class='ocrx_word' id='word_1_66' title='bbox 215 1144 389 1220; x_wconf 88' lang='lat' dir='ltr'><strong>detulistis,</strong></span> <span class='ocrx_word' id='word_1_67' title='bbox 410 1143 576 1228; x_wconf 74' lang='lat' dir='ltr'><strong>assurgite.</strong></span> 
     </span>
     <span class='ocr_line' id='line_1_9' title="bbox 300 1233 1544 1321; baseline -0.003 -21"><span class='ocrx_word' id='word_1_68' title='bbox 300 1233 373 1300; x_wconf 79' lang='grc'><strong>497.</strong></span> <span class='ocrx_word' id='word_1_69' title='bbox 393 1238 442 1302; x_wconf 88' lang='lat' dir='ltr'><strong>Ex</strong></span> <span class='ocrx_word' id='word_1_70' title='bbox 463 1237 600 1302; x_wconf 88' lang='lat' dir='ltr'><strong>lacrimis</strong></span> <span class='ocrx_word' id='word_1_71' title='bbox 622 1237 752 1313; x_wconf 88' lang='lat' dir='ltr'><strong>horum,</strong></span> <span class='ocrx_word' id='word_1_72' title='bbox 781 1237 919 1312; x_wconf 83' lang='lat' dir='ltr'><strong>iudices,</strong></span> <span class='ocrx_word' id='word_1_73' title='bbox 949 1237 1131 1321; x_wconf 83' lang='lat' dir='ltr'><strong>existimare</strong></span> <span class='ocrx_word' id='word_1_74' title='bbox 1153 1236 1304 1320; x_wconf 87' lang='lat' dir='ltr'><strong>potestis,</strong></span> <span class='ocrx_word' id='word_1_75' title='bbox 1334 1255 1443 1312; x_wconf 88' lang='lat' dir='ltr'><strong>omnes</strong></span> <span class='ocrx_word' id='word_1_76' title='bbox 1464 1233 1544 1297; x_wconf 87' lang='lat' dir='ltr'><strong>baec</strong></span> 
     </span>
     <span class='ocr_line' id='line_1_10' title="bbox 216 1330 1545 1413; baseline -0.006 -15"><span class='ocrx_word' id='word_1_77' title='bbox 216 1331 404 1398; x_wconf 76' lang='lat' dir='ltr'><strong>decuriones</strong></span> <span class='ocrx_word' id='word_1_78' title='bbox 435 1330 613 1396; x_wconf 89' lang='lat' dir='ltr'><strong>decrevisse</strong></span> <span class='ocrx_word' id='word_1_79' title='bbox 642 1332 850 1395; x_wconf 80' lang='lat' dir='ltr'><strong>lacrimantes.</strong></span> <span class='ocrx_word' id='word_1_80' title='bbox 890 1333 957 1413; x_wconf 83' lang='lat' dir='ltr'><strong>Age</strong></span> <span class='ocrx_word' id='word_1_81' title='bbox 986 1351 1075 1406; x_wconf 89' lang='lat' dir='ltr'><strong>vero,</strong></span> <span class='ocrx_word' id='word_1_82' title='bbox 1103 1331 1281 1395; x_wconf 90' lang='lat' dir='ltr'><strong>vicinorum</strong></span> <span class='ocrx_word' id='word_1_83' title='bbox 1303 1335 1458 1413; x_wconf 89' lang='lat' dir='ltr'><strong>quantum</strong></span> <span class='ocrx_word' id='word_1_84' title='bbox 1480 1335 1545 1390; x_wconf 88' lang='lat' dir='ltr'><strong>stu·</strong></span> 
     </span>
     <span class='ocr_line' id='line_1_11' title="bbox 216 1420 1582 1510; baseline -0.004 -20"><span class='ocrx_word' id='word_1_85' title='bbox 216 1427 321 1501; x_wconf 93' lang='lat' dir='ltr'><strong>dium,</strong></span> <span class='ocrx_word' id='word_1_86' title='bbox 343 1445 439 1510; x_wconf 91' lang='lat' dir='ltr'><strong>quam</strong></span> <span class='ocrx_word' id='word_1_87' title='bbox 455 1425 648 1488; x_wconf 85' lang='lat' dir='ltr'><strong>incredibilis</strong></span> <span class='ocrx_word' id='word_1_88' title='bbox 663 1425 900 1500; x_wconf 85' lang='lat' dir='ltr'><strong>benevolentia,</strong></span> <span class='ocrx_word' id='word_1_89' title='bbox 924 1432 1040 1510; x_wconf 85' lang='lat' dir='ltr'><strong>quanta</strong></span> <span class='ocrx_word' id='word_1_90' title='bbox 1058 1445 1134 1490; x_wconf 90' lang='lat' dir='ltr'><strong>cura</strong></span> <span class='ocrx_word' id='word_1_91' title='bbox 1149 1425 1212 1489; x_wconf 84' lang='lat' dir='ltr'><strong>esti</strong></span> <span class='ocrx_word' id='word_1_92' title='bbox 1235 1425 1305 1488; x_wconf 89' lang='lat' dir='ltr'><strong>Non</strong></span> <span class='ocrx_word' id='word_1_93' title='bbox 1319 1422 1367 1486; x_wconf 94' lang='lat' dir='ltr'><strong>illi</strong></span> <span class='ocrx_word' id='word_1_94' title='bbox 1382 1422 1415 1484; x_wconf 90' lang='lat' dir='ltr'><strong>in</strong></span> <span class='ocrx_word' id='word_1_95' title='bbox 1429 1420 1582 1490; x_wconf 78' lang='lat' dir='ltr'><strong>libellisro</strong></span> 
     </span>
     <span class='ocr_line' id='line_1_12' title="bbox 216 1519 1546 1601; baseline -0.004 -19"><span class='ocrx_word' id='word_1_96' title='bbox 216 1519 432 1583; x_wconf 86' lang='lat' dir='ltr'><strong>laudationem</strong></span> <span class='ocrx_word' id='word_1_97' title='bbox 454 1519 612 1582; x_wconf 89' lang='lat' dir='ltr'><strong>decretam</strong></span> <span class='ocrx_word' id='word_1_98' title='bbox 633 1520 803 1592; x_wconf 87' lang='lat' dir='ltr'><strong>miserunt,</strong></span> <span class='ocrx_word' id='word_1_99' title='bbox 826 1519 881 1582; x_wconf 90' lang='lat' dir='ltr'><strong>sed</strong></span> <span class='ocrx_word' id='word_1_100' title='bbox 900 1519 1044 1582; x_wconf 89' lang='lat' dir='ltr'><strong>homines</strong></span> <span class='ocrx_word' id='word_1_101' title='bbox 1058 1519 1318 1592; x_wconf 90' lang='lat' dir='ltr'><strong>honestissimos,</strong></span> <span class='ocrx_word' id='word_1_102' title='bbox 1340 1536 1422 1601; x_wconf 90' lang='lat' dir='ltr'><strong>quos</strong></span> <span class='ocrx_word' id='word_1_103' title='bbox 1437 1534 1546 1578; x_wconf 89' lang='lat' dir='ltr'><strong>nosse-</strong></span> 
     </span>
     <span class='ocr_line' id='line_1_13' title="bbox 216 1609 1546 1697; baseline -0.005 -21"><span class='ocrx_word' id='word_1_104' title='bbox 216 1633 286 1676; x_wconf 90' lang='lat' dir='ltr'><strong>mus</strong></span> <span class='ocrx_word' id='word_1_105' title='bbox 308 1631 432 1689; x_wconf 92' lang='lat' dir='ltr'><strong>omnes,</strong></span> <span class='ocrx_word' id='word_1_106' title='bbox 453 1613 516 1676; x_wconf 90' lang='lat' dir='ltr'><strong>bue</strong></span> <span class='ocrx_word' id='word_1_107' title='bbox 537 1611 720 1696; x_wconf 79' lang='lat' dir='ltr'><strong>frequentes</strong></span> <span class='ocrx_word' id='word_1_108' title='bbox 742 1613 854 1676; x_wconf 83' lang='lat' dir='ltr'><strong>adesse</strong></span> <span class='ocrx_word' id='word_1_109' title='bbox 870 1621 902 1677; x_wconf 87' lang='lat' dir='ltr'><strong>et</strong></span> <span class='ocrx_word' id='word_1_110' title='bbox 922 1613 1007 1676; x_wconf 89' lang='lat' dir='ltr'><strong>bunc</strong></span> <span class='ocrx_word' id='word_1_111' title='bbox 1023 1621 1208 1697; x_wconf 83' lang='lat' dir='ltr'><strong>praesentes</strong></span> <span class='ocrx_word' id='word_1_112' title='bbox 1222 1613 1354 1676; x_wconf 88' lang='lat' dir='ltr'><strong>laudare</strong></span> <span class='ocrx_word' id='word_1_113' title='bbox 1367 1609 1546 1674; x_wconf 86' lang='lat' dir='ltr'><strong>voluerunt</strong></span> 
     </span>
     <span class='ocr_line' id='line_1_14' title="bbox 215 1661 1685 1790; baseline -0.005 -19"><span class='ocrx_word' id='word_1_114' title='bbox 215 1707 340 1771; x_wconf 81' lang='lat' dir='ltr'><strong>Adsunt</strong></span> <span class='ocrx_word' id='word_1_115' title='bbox 358 1706 545 1783; x_wconf 88' lang='lat' dir='ltr'><strong>Ferentani,</strong></span> <span class='ocrx_word' id='word_1_116' title='bbox 573 1707 719 1772; x_wconf 89' lang='lat' dir='ltr'><strong>homines</strong></span> <span class='ocrx_word' id='word_1_117' title='bbox 742 1707 947 1782; x_wconf 89' lang='lat' dir='ltr'><strong>nobilissimi,</strong></span> <span class='ocrx_word' id='word_1_118' title='bbox 975 1697 1147 1770; x_wconf 82' lang='lat' dir='ltr'><strong>Marrucini</strong></span> <span class='ocrx_word' id='word_1_119' title='bbox 1179 1707 1255 1770; x_wconf 89' lang='lat' dir='ltr'><strong>item</strong></span> <span class='ocrx_word' id='word_1_120' title='bbox 1282 1707 1350 1790; x_wconf 90' lang='lat' dir='ltr'><strong>pari</strong></span> <span class='ocrx_word' id='word_1_121' title='bbox 1373 1704 1547 1787; x_wconf 85' lang='lat' dir='ltr'><strong>dignitate:</strong></span> <span class='ocrx_word' id='word_1_122' title='bbox 1584 1725 1599 1764; x_wconf 60' lang='lat' dir='ltr'><strong>a</strong></span> <span class='ocrx_word' id='word_1_123' title='bbox 1654 1661 1685 1766; x_wconf 49' lang='lat' dir='ltr'><strong>ds</strong></span> 
     </span>
     <span class='ocr_line' id='line_1_15' title="bbox 216 1767 1598 1959; baseline -0.004 -95"><span class='ocrx_word' id='word_1_124' title='bbox 216 1802 324 1864; x_wconf 89' lang='lat' dir='ltr'><strong>Teano</strong></span> <span class='ocrx_word' id='word_1_125' title='bbox 350 1800 454 1883; x_wconf 79' lang='lat' dir='ltr'><strong>Apulo</strong></span> <span class='ocrx_word' id='word_1_126' title='bbox 485 1807 581 1885; x_wconf 88' lang='lat' dir='ltr'><strong>atque</strong></span> <span class='ocrx_word' id='word_1_127' title='bbox 610 1794 744 1865; x_wconf 60' lang='lat' dir='ltr'><strong>Luceria</strong></span> <span class='ocrx_word' id='word_1_128' title='bbox 767 1801 892 1885; x_wconf 87' lang='lat' dir='ltr'><strong>equites</strong></span> <span class='ocrx_word' id='word_1_129' title='bbox 918 1802 1095 1878; x_wconf 82' lang='lat' dir='ltr'><strong>Romanos,</strong></span> <span class='ocrx_word' id='word_1_130' title='bbox 1125 1791 1272 1864; x_wconf 78' lang='lat' dir='ltr'><strong>homines</strong></span> <span class='ocrx_word' id='word_1_131' title='bbox 1293 1799 1546 1886; x_wconf 81' lang='lat' dir='ltr'><strong>honestissimos,</strong></span> <span class='ocrx_word' id='word_1_132' title='bbox 1569 1767 1598 1959; x_wconf 49' lang='lat' dir='ltr'><em>j</em></span> 
     </span>
     <span class='ocr_line' id='line_1_16' title="bbox 216 1890 1568 1979; baseline -0.002 -23"><span class='ocrx_word' id='word_1_133' title='bbox 216 1894 395 1958; x_wconf 86' lang='lat' dir='ltr'><strong>laudatores</strong></span> <span class='ocrx_word' id='word_1_134' title='bbox 425 1895 558 1960; x_wconf 88' lang='lat' dir='ltr'><strong>videtis:</strong></span> <span class='ocrx_word' id='word_1_135' title='bbox 588 1897 732 1959; x_wconf 81' lang='lat' dir='ltr'><strong>boviano</strong></span> <span class='ocrx_word' id='word_1_136' title='bbox 761 1902 892 1979; x_wconf 89' lang='lat' dir='ltr'><strong>totoque</strong></span> <span class='ocrx_word' id='word_1_137' title='bbox 915 1916 956 1958; x_wconf 80' lang='lat' dir='ltr'><strong>ex</strong></span> <span class='ocrx_word' id='word_1_138' title='bbox 977 1896 1108 1958; x_wconf 89' lang='lat' dir='ltr'><strong>Samnio</strong></span> <span class='ocrx_word' id='word_1_139' title='bbox 1132 1916 1204 1959; x_wconf 90' lang='lat' dir='ltr'><strong>cum</strong></span> <span class='ocrx_word' id='word_1_140' title='bbox 1226 1893 1426 1957; x_wconf 86' lang='lat' dir='ltr'><strong>laudationes</strong></span> <span class='ocrx_word' id='word_1_141' title='bbox 1446 1890 1568 1961; x_wconf 77' lang='lat' dir='ltr'><strong>bone-r</strong></span> 
     </span>
     <span class='ocr_line' id='line_1_17' title="bbox 216 1987 1546 2074; baseline -0.005 -22"><span class='ocrx_word' id='word_1_142' title='bbox 216 1987 373 2052; x_wconf 86' lang='lat' dir='ltr'><strong>stissimae</strong></span> <span class='ocrx_word' id='word_1_143' title='bbox 395 1989 513 2053; x_wconf 89' lang='lat' dir='ltr'><strong>missae</strong></span> <span class='ocrx_word' id='word_1_144' title='bbox 535 1998 624 2065; x_wconf 87' lang='lat' dir='ltr'><strong>sunt,</strong></span> <span class='ocrx_word' id='word_1_145' title='bbox 646 1997 714 2052; x_wconf 89' lang='lat' dir='ltr'><strong>tum</strong></span> <span class='ocrx_word' id='word_1_146' title='bbox 736 1988 882 2053; x_wconf 90' lang='lat' dir='ltr'><strong>homines</strong></span> <span class='ocrx_word' id='word_1_147' title='bbox 905 1990 1093 2074; x_wconf 84' lang='lat' dir='ltr'><strong>amplissimi</strong></span> <span class='ocrx_word' id='word_1_148' title='bbox 1113 1989 1367 2072; x_wconf 88' lang='lat' dir='ltr'><strong>nobilissimique</strong></span> <span class='ocrx_word' id='word_1_149' title='bbox 1382 1991 1546 2050; x_wconf 88' lang='lat' dir='ltr'><strong>venerunt.</strong></span> 
     </span>
     <span class='ocr_line' id='line_1_18' title="bbox 216 2076 1670 2206; baseline -0.002 -63"><span class='ocrx_word' id='word_1_150' title='bbox 216 2076 376 2146; x_wconf 79' lang='lat' dir='ltr'><strong>tos.1am</strong></span> <span class='ocrx_word' id='word_1_151' title='bbox 398 2083 454 2165; x_wconf 92' lang='lat' dir='ltr'><strong>qui</strong></span> <span class='ocrx_word' id='word_1_152' title='bbox 476 2083 508 2146; x_wconf 91' lang='lat' dir='ltr'><strong>in</strong></span> <span class='ocrx_word' id='word_1_153' title='bbox 530 2103 606 2166; x_wconf 87' lang='lat' dir='ltr'><strong>agro</strong></span> <span class='ocrx_word' id='word_1_154' title='bbox 628 2083 770 2147; x_wconf 89' lang='lat' dir='ltr'><strong>Larinati</strong></span> <span class='ocrx_word' id='word_1_155' title='bbox 793 2085 939 2166; x_wconf 87' lang='lat' dir='ltr'><strong>praedia,</strong></span> <span class='ocrx_word' id='word_1_156' title='bbox 970 2085 1025 2168; x_wconf 92' lang='lat' dir='ltr'><strong>qui</strong></span> <span class='ocrx_word' id='word_1_157' title='bbox 1048 2084 1194 2167; x_wconf 85' lang='lat' dir='ltr'><strong>negotia,</strong></span> <span class='ocrx_word' id='word_1_158' title='bbox 1226 2085 1355 2167; x_wconf 91' lang='lat' dir='ltr'><strong>quires</strong></span> <span class='ocrx_word' id='word_1_159' title='bbox 1384 2079 1547 2161; x_wconf 88' lang='lat' dir='ltr'><strong>pecuarias</strong></span> <span class='ocrx_word' id='word_1_160' title='bbox 1647 2117 1670 2206; x_wconf 51' lang='grc' dir='ltr'><em>ζ</em></span> 
     </span>
     <span class='ocr_line' id='line_1_19' title="bbox 215 2173 1549 2260; baseline -0.003 -22"><span class='ocrx_word' id='word_1_161' title='bbox 215 2175 351 2250; x_wconf 87' lang='lat' dir='ltr'><strong>babent,</strong></span> <span class='ocrx_word' id='word_1_162' title='bbox 372 2174 501 2256; x_wconf 70' lang='lat' dir='ltr'><strong>bonesti</strong></span> <span class='ocrx_word' id='word_1_163' title='bbox 521 2177 668 2240; x_wconf 89' lang='lat' dir='ltr'><strong>homines</strong></span> <span class='ocrx_word' id='word_1_164' title='bbox 692 2185 724 2240; x_wconf 92' lang='lat' dir='ltr'><strong>et</strong></span> <span class='ocrx_word' id='word_1_165' title='bbox 745 2197 868 2240; x_wconf 88' lang='lat' dir='ltr'><strong>summo</strong></span> <span class='ocrx_word' id='word_1_166' title='bbox 884 2177 1054 2260; x_wconf 89' lang='lat' dir='ltr'><strong>splendore</strong></span> <span class='ocrx_word' id='word_1_167' title='bbox 1076 2177 1228 2260; x_wconf 88' lang='lat' dir='ltr'><strong>praediti,</strong></span> <span class='ocrx_word' id='word_1_168' title='bbox 1250 2174 1380 2240; x_wconf 87' lang='lat' dir='ltr'><strong>difficile</strong></span> <span class='ocrx_word' id='word_1_169' title='bbox 1398 2173 1485 2236; x_wconf 87' lang='lat' dir='ltr'><strong>dictu</strong></span> <span class='ocrx_word' id='word_1_170' title='bbox 1501 2178 1549 2234; x_wconf 89' lang='lat' dir='ltr'><strong>est</strong></span> 
     </span>
     <span class='ocr_line' id='line_1_20' title="bbox 216 2266 1546 2354; baseline -0.003 -20"><span class='ocrx_word' id='word_1_171' title='bbox 216 2289 312 2353; x_wconf 84' lang='lat' dir='ltr'><strong>quam</strong></span> <span class='ocrx_word' id='word_1_172' title='bbox 342 2269 406 2334; x_wconf 88' lang='lat' dir='ltr'><strong>sint</strong></span> <span class='ocrx_word' id='word_1_173' title='bbox 432 2270 580 2346; x_wconf 88' lang='lat' dir='ltr'><strong>solliciti,</strong></span> <span class='ocrx_word' id='word_1_174' title='bbox 608 2290 705 2354; x_wconf 89' lang='lat' dir='ltr'><strong>quam</strong></span> <span class='ocrx_word' id='word_1_175' title='bbox 733 2271 887 2335; x_wconf 89' lang='lat' dir='ltr'><strong>laborent.</strong></span> <span class='ocrx_word' id='word_1_176' title='bbox 929 2275 998 2336; x_wconf 89' lang='lat' dir='ltr'><strong>Non</strong></span> <span class='ocrx_word' id='word_1_177' title='bbox 1030 2271 1123 2336; x_wconf 87' lang='lat' dir='ltr'><strong>multi</strong></span> <span class='ocrx_word' id='word_1_178' title='bbox 1144 2272 1221 2334; x_wconf 91' lang='lat' dir='ltr'><strong>mibi</strong></span> <span class='ocrx_word' id='word_1_179' title='bbox 1244 2271 1283 2334; x_wconf 88' lang='lat' dir='ltr'><strong>ab</strong></span> <span class='ocrx_word' id='word_1_180' title='bbox 1303 2288 1369 2332; x_wconf 89' lang='lat' dir='ltr'><strong>uno</strong></span> <span class='ocrx_word' id='word_1_181' title='bbox 1391 2268 1437 2332; x_wconf 90' lang='lat' dir='ltr'><strong>sic</strong></span> <span class='ocrx_word' id='word_1_182' title='bbox 1458 2266 1546 2349; x_wconf 86' lang='lat' dir='ltr'><strong>diligi</strong></span> 
     </span>
     <span class='ocr_line' id='line_1_21' title="bbox 215 2362 1584 2437; baseline 0.005 -11"><span class='ocrx_word' id='word_1_183' title='bbox 215 2362 380 2437; x_wconf 90' lang='lat' dir='ltr'><strong>videntur,</strong></span> <span class='ocrx_word' id='word_1_184' title='bbox 402 2371 438 2426; x_wconf 92' lang='lat' dir='ltr'><strong>ut</strong></span> <span class='ocrx_word' id='word_1_185' title='bbox 459 2362 512 2427; x_wconf 89' lang='lat' dir='ltr'><strong>bic</strong></span> <span class='ocrx_word' id='word_1_186' title='bbox 533 2363 573 2428; x_wconf 87' lang='lat' dir='ltr'><strong>ab</strong></span> <span class='ocrx_word' id='word_1_187' title='bbox 594 2365 633 2428; x_wconf 92' lang='lat' dir='ltr'><strong>iis</strong></span> <span class='ocrx_word' id='word_1_188' title='bbox 656 2365 822 2428; x_wconf 87' lang='lat' dir='ltr'><strong>universis.</strong></span> <span class='ocrx_word' id='word_1_189' title='bbox 1556 2385 1584 2433; x_wconf 79' lang='lat' dir='ltr'><strong>ao</strong></span> 
     </span>
     <span class='ocr_line' id='line_1_22' title="bbox 301 2456 1546 2532; baseline 0 -14"><span class='ocrx_word' id='word_1_190' title='bbox 301 2457 398 2519; x_wconf 79' lang='lat' dir='ltr'><strong>Lxx.</strong></span> <span class='ocrx_word' id='word_1_191' title='bbox 422 2456 525 2532; x_wconf 87' lang='lat' dir='ltr'><strong>Quam</strong></span> <span class='ocrx_word' id='word_1_192' title='bbox 548 2458 642 2521; x_wconf 92' lang='lat' dir='ltr'><strong>doleo</strong></span> <span class='ocrx_word' id='word_1_193' title='bbox 664 2457 775 2522; x_wconf 87' lang='lat' dir='ltr'><strong>abesse</strong></span> <span class='ocrx_word' id='word_1_194' title='bbox 798 2459 837 2520; x_wconf 90' lang='lat' dir='ltr'><strong>ab</strong></span> <span class='ocrx_word' id='word_1_195' title='bbox 859 2459 954 2523; x_wconf 92' lang='lat' dir='ltr'><strong>buius</strong></span> <span class='ocrx_word' id='word_1_196' title='bbox 978 2459 1098 2522; x_wconf 87' lang='lat' dir='ltr'><strong>iudicio</strong></span> <span class='ocrx_word' id='word_1_197' title='bbox 1119 2460 1155 2521; x_wconf 91' lang='lat' dir='ltr'><strong>L.</strong></span> <span class='ocrx_word' id='word_1_198' title='bbox 1174 2457 1400 2531; x_wconf 85' lang='lat' dir='ltr'><strong>Volusienum,</strong></span> <span class='ocrx_word' id='word_1_199' title='bbox 1423 2474 1546 2519; x_wconf 91' lang='lat' dir='ltr'><strong>summo</strong></span> 
     </span>
     <span class='ocr_line' id='line_1_23' title="bbox 216 2503 1690 2701; baseline -0.001 -87"><span class='ocrx_word' id='word_1_200' title='bbox 216 2550 388 2635; x_wconf 89' lang='lat' dir='ltr'><strong>splendore</strong></span> <span class='ocrx_word' id='word_1_201' title='bbox 416 2551 579 2615; x_wconf 90' lang='lat' dir='ltr'><strong>bominem</strong></span> <span class='ocrx_word' id='word_1_202' title='bbox 610 2572 646 2615; x_wconf 87' lang='lat' dir='ltr'><strong>ae</strong></span> <span class='ocrx_word' id='word_1_203' title='bbox 674 2551 790 2615; x_wconf 88' lang='lat' dir='ltr'><strong>virtute</strong></span> <span class='ocrx_word' id='word_1_204' title='bbox 818 2552 1013 2635; x_wconf 80' lang='lat' dir='ltr'><strong>praeditum!</strong></span> <span class='ocrx_word' id='word_1_205' title='bbox 1046 2552 1169 2616; x_wconf 85' lang='lat' dir='ltr'><strong>Vellem</strong></span> <span class='ocrx_word' id='word_1_206' title='bbox 1198 2557 1397 2635; x_wconf 86' lang='lat' dir='ltr'><strong>praesentem</strong></span> <span class='ocrx_word' id='word_1_207' title='bbox 1419 2567 1547 2632; x_wconf 90' lang='lat' dir='ltr'><strong>possem</strong></span> <span class='ocrx_word' id='word_1_208' title='bbox 1579 2559 1600 2701; x_wconf 57' lang='lat' dir='ltr'><strong>q</strong></span> <span class='ocrx_word' id='word_1_209' title='bbox 1656 2503 1690 2618; x_wconf 56' lang='grc' dir='ltr'><em>ί</em></span> 
     </span>
     <span class='ocr_line' id='line_1_24' title="bbox 214 2629 1548 2730; baseline -0.003 -22"><span class='ocrx_word' id='word_1_210' title='bbox 214 2647 247 2708; x_wconf 89' lang='grc' dir='ltr'><strong>Ρ.</strong></span> <span class='ocrx_word' id='word_1_211' title='bbox 269 2644 452 2708; x_wconf 87' lang='lat' dir='ltr'><strong>Helvidium</strong></span> <span class='ocrx_word' id='word_1_212' title='bbox 475 2629 609 2722; x_wconf 73' lang='lat' dir='ltr'><strong>llu&#39;lbm,</strong></span> <span class='ocrx_word' id='word_1_213' title='bbox 640 2647 780 2730; x_wconf 88' lang='lat' dir='ltr'><strong>equitem</strong></span> <span class='ocrx_word' id='word_1_214' title='bbox 801 2645 979 2710; x_wconf 86' lang='lat' dir='ltr'><strong>Romanum</strong></span> <span class='ocrx_word' id='word_1_215' title='bbox 1002 2647 1144 2710; x_wconf 91' lang='lat' dir='ltr'><strong>omnium</strong></span> <span class='ocrx_word' id='word_1_216' title='bbox 1167 2645 1417 2718; x_wconf 87' lang='lat' dir='ltr'><strong>ornatissimum,</strong></span> <span class='ocrx_word' id='word_1_217' title='bbox 1445 2641 1548 2705; x_wconf 92' lang='lat' dir='ltr'><strong>nomi-</strong></span> 
     </span>
     <span class='ocr_line' id='line_1_25' title="bbox 213 2735 1548 2826; baseline -0.002 -24"><span class='ocrx_word' id='word_1_218' title='bbox 213 2739 308 2802; x_wconf 88' lang='lat' dir='ltr'><strong>narcl</strong></span> <span class='ocrx_word' id='word_1_219' title='bbox 338 2739 393 2822; x_wconf 93' lang='lat' dir='ltr'><strong>qui</strong></span> <span class='ocrx_word' id='word_1_220' title='bbox 422 2759 494 2802; x_wconf 89' lang='lat' dir='ltr'><strong>cum</strong></span> <span class='ocrx_word' id='word_1_221' title='bbox 520 2739 618 2804; x_wconf 91' lang='lat' dir='ltr'><strong>huius</strong></span> <span class='ocrx_word' id='word_1_222' title='bbox 645 2761 741 2804; x_wconf 85' lang='lat' dir='ltr'><strong>causa</strong></span> <span class='ocrx_word' id='word_1_223' title='bbox 770 2740 838 2804; x_wconf 91' lang='lat' dir='ltr'><strong>dies</strong></span> <span class='ocrx_word' id='word_1_224' title='bbox 856 2749 1042 2826; x_wconf 85' lang='lat' dir='ltr'><strong>noctesque</strong></span> <span class='ocrx_word' id='word_1_225' title='bbox 1073 2739 1219 2822; x_wconf 78' lang='lat' dir='ltr'><strong>vigilaret</strong></span> <span class='ocrx_word' id='word_1_226' title='bbox 1247 2746 1373 2803; x_wconf 89' lang='lat' dir='ltr'><strong>etcum</strong></span> <span class='ocrx_word' id='word_1_227' title='bbox 1395 2757 1445 2802; x_wconf 91' lang='lat' dir='ltr'><strong>me</strong></span> <span class='ocrx_word' id='word_1_228' title='bbox 1466 2735 1548 2800; x_wconf 89' lang='lat' dir='ltr'><strong>bane</strong></span> 
     </span>
     <span class='ocr_line' id='line_1_26' title="bbox 215 2831 1585 2918; baseline -0.002 -21"><span class='ocrx_word' id='word_1_229' title='bbox 215 2852 344 2897; x_wconf 88' lang='lat' dir='ltr'><strong>eausam</strong></span> <span class='ocrx_word' id='word_1_230' title='bbox 366 2831 510 2908; x_wconf 88' lang='lat' dir='ltr'><strong>doceret,</strong></span> <span class='ocrx_word' id='word_1_231' title='bbox 533 2835 566 2897; x_wconf 93' lang='lat' dir='ltr'><strong>in</strong></span> <span class='ocrx_word' id='word_1_232' title='bbox 589 2835 735 2898; x_wconf 86' lang='lat' dir='ltr'><strong>morbum</strong></span> <span class='ocrx_word' id='word_1_233' title='bbox 757 2855 885 2918; x_wconf 86' lang='lat' dir='ltr'><strong>gravem</strong></span> <span class='ocrx_word' id='word_1_234' title='bbox 907 2835 1186 2918; x_wconf 89' lang='lat' dir='ltr'><strong>periculosumque</strong></span> <span class='ocrx_word' id='word_1_235' title='bbox 1208 2831 1341 2897; x_wconf 87' lang='lat' dir='ltr'><strong>incidit:</strong></span> <span class='ocrx_word' id='word_1_236' title='bbox 1364 2834 1478 2916; x_wconf 89' lang='lat' dir='ltr'><strong>inquo</strong></span> <span class='ocrx_word' id='word_1_237' title='bbox 1501 2837 1585 2904; x_wconf 71' lang='lat' dir='ltr'><strong>tce-25</strong></span> 
     </span>
     <span class='ocr_line' id='line_1_27' title="bbox 214 2924 1548 3013; baseline -0.002 -22"><span class='ocrx_word' id='word_1_238' title='bbox 214 2947 289 2992; x_wconf 92' lang='lat' dir='ltr'><strong>meu</strong></span> <span class='ocrx_word' id='word_1_239' title='bbox 310 2946 375 2990; x_wconf 90' lang='lat' dir='ltr'><strong>nou</strong></span> <span class='ocrx_word' id='word_1_240' title='bbox 397 2928 501 2990; x_wconf 87' lang='lat' dir='ltr'><strong>minus</strong></span> <span class='ocrx_word' id='word_1_241' title='bbox 525 2927 690 3011; x_wconf 86' lang='lat' dir='ltr'><strong>decapite</strong></span> <span class='ocrx_word' id='word_1_242' title='bbox 716 2928 810 2992; x_wconf 93' lang='lat' dir='ltr'><strong>buius</strong></span> <span class='ocrx_word' id='word_1_243' title='bbox 834 2949 928 3013; x_wconf 88' lang='lat' dir='ltr'><strong>quam</strong></span> <span class='ocrx_word' id='word_1_244' title='bbox 951 2928 990 2992; x_wconf 89' lang='lat' dir='ltr'><strong>de</strong></span> <span class='ocrx_word' id='word_1_245' title='bbox 1012 2949 1070 2994; x_wconf 89' lang='lat' dir='ltr'><strong>sua</strong></span> <span class='ocrx_word' id='word_1_246' title='bbox 1092 2929 1157 2992; x_wconf 86' lang='lat' dir='ltr'><strong>vita</strong></span> <span class='ocrx_word' id='word_1_247' title='bbox 1178 2927 1309 2991; x_wconf 77' lang='lat' dir='ltr'><strong>laborat.</strong></span> <span class='ocrx_word' id='word_1_248' title='bbox 1344 2925 1400 2991; x_wconf 87' lang='lat' dir='ltr'><strong>Cn.</strong></span> <span class='ocrx_word' id='word_1_249' title='bbox 1422 2924 1548 2990; x_wconf 88' lang='lat' dir='ltr'><strong>Tudicii</strong></span> 
     </span>
     <span class='ocr_line' id='line_1_28' title="bbox 214 3018 1695 3144; baseline -0.002 -58"><span class='ocrx_word' id='word_1_250' title='bbox 214 3021 389 3096; x_wconf 88' lang='lat' dir='ltr'><strong>senatoris,</strong></span> <span class='ocrx_word' id='word_1_251' title='bbox 411 3021 472 3084; x_wconf 90' lang='lat' dir='ltr'><strong>viri</strong></span> <span class='ocrx_word' id='word_1_252' title='bbox 496 3023 608 3104; x_wconf 89' lang='lat' dir='ltr'><strong>optimi</strong></span> <span class='ocrx_word' id='word_1_253' title='bbox 632 3029 664 3086; x_wconf 88' lang='lat' dir='ltr'><strong>et</strong></span> <span class='ocrx_word' id='word_1_254' title='bbox 684 3022 920 3098; x_wconf 88' lang='lat' dir='ltr'><strong>honestissimi,</strong></span> <span class='ocrx_word' id='word_1_255' title='bbox 942 3043 999 3106; x_wconf 87' lang='lat' dir='ltr'><strong>par</strong></span> <span class='ocrx_word' id='word_1_256' title='bbox 1021 3021 1164 3088; x_wconf 89' lang='lat' dir='ltr'><strong>studium</strong></span> <span class='ocrx_word' id='word_1_257' title='bbox 1182 3041 1221 3084; x_wconf 87' lang='lat' dir='ltr'><strong>ex</strong></span> <span class='ocrx_word' id='word_1_258' title='bbox 1236 3020 1418 3084; x_wconf 88' lang='lat' dir='ltr'><strong>testimonio</strong></span> <span class='ocrx_word' id='word_1_259' title='bbox 1434 3025 1467 3082; x_wconf 89' lang='lat' dir='ltr'><strong>et</strong></span> <span class='ocrx_word' id='word_1_260' title='bbox 1480 3018 1548 3083; x_wconf 86' lang='lat' dir='ltr'><strong>lau·</strong></span> <span class='ocrx_word' id='word_1_261' title='bbox 1667 3029 1695 3144; x_wconf 63' lang='lat' dir='ltr'><em>l</em></span> 
     </span>
     <span class='ocr_line' id='line_1_29' title="bbox 215 3111 1548 3198; baseline -0.001 -21"><span class='ocrx_word' id='word_1_262' title='bbox 215 3114 344 3178; x_wconf 90' lang='lat' dir='ltr'><strong>datione</strong></span> <span class='ocrx_word' id='word_1_263' title='bbox 367 3111 578 3196; x_wconf 71' lang='lat' dir='ltr'><strong>cognoscetis]</strong></span> <span class='ocrx_word' id='word_1_264' title='bbox 613 3115 733 3178; x_wconf 85' lang='lat' dir='ltr'><strong>Eadem</strong></span> <span class='ocrx_word' id='word_1_265' title='bbox 756 3135 827 3198; x_wconf 91' lang='lat' dir='ltr'><strong>spe,</strong></span> <span class='ocrx_word' id='word_1_266' title='bbox 856 3117 912 3179; x_wconf 90' lang='lat' dir='ltr'><strong>sed</strong></span> <span class='ocrx_word' id='word_1_267' title='bbox 935 3118 1055 3180; x_wconf 88' lang='lat' dir='ltr'><strong>maiore</strong></span> <span class='ocrx_word' id='word_1_268' title='bbox 1077 3113 1270 3178; x_wconf 85' lang='lat' dir='ltr'><strong>verecundia</strong></span> <span class='ocrx_word' id='word_1_269' title='bbox 1292 3113 1330 3176; x_wconf 91' lang='lat' dir='ltr'><strong>de</strong></span> <span class='ocrx_word' id='word_1_270' title='bbox 1353 3121 1400 3188; x_wconf 90' lang='lat' dir='ltr'><strong>te,</strong></span> <span class='ocrx_word' id='word_1_271' title='bbox 1428 3114 1461 3175; x_wconf 89' lang='lat' dir='ltr'><strong>P.</strong></span> <span class='ocrx_word' id='word_1_272' title='bbox 1483 3113 1548 3176; x_wconf 85' lang='lat' dir='ltr'><strong>Vo-</strong></span> 
     </span>
     <span class='ocr_line' id='line_1_30' title="bbox 214 3206 1547 3291; baseline 0 -22"><span class='ocrx_word' id='word_1_273' title='bbox 214 3208 332 3281; x_wconf 90' lang='lat' dir='ltr'><strong>lumni,</strong></span> <span class='ocrx_word' id='word_1_274' title='bbox 356 3208 507 3291; x_wconf 91' lang='lat' dir='ltr'><strong>quoniam</strong></span> <span class='ocrx_word' id='word_1_275' title='bbox 530 3207 629 3270; x_wconf 85' lang='lat' dir='ltr'><strong>iudex</strong></span> <span class='ocrx_word' id='word_1_276' title='bbox 652 3227 686 3271; x_wconf 90' lang='lat' dir='ltr'><strong>es</strong></span> <span class='ocrx_word' id='word_1_277' title='bbox 708 3209 740 3270; x_wconf 90' lang='lat' dir='ltr'><strong>in</strong></span> <span class='ocrx_word' id='word_1_278' title='bbox 762 3211 801 3271; x_wconf 84' lang='grc' dir='ltr'><strong>Α.</strong></span> <span class='ocrx_word' id='word_1_279' title='bbox 820 3208 1016 3282; x_wconf 88' lang='lat' dir='ltr'><strong>Cluentium,</strong></span> <span class='ocrx_word' id='word_1_280' title='bbox 1039 3207 1183 3272; x_wconf 90' lang='lat' dir='ltr'><strong>dicimus.</strong></span> <span class='ocrx_word' id='word_1_281' title='bbox 1219 3209 1261 3272; x_wconf 84' lang='lat' dir='ltr'><strong>llt</strong></span> <span class='ocrx_word' id='word_1_282' title='bbox 1281 3228 1322 3270; x_wconf 91' lang='lat' dir='ltr'><strong>ne</strong></span> <span class='ocrx_word' id='word_1_283' title='bbox 1344 3207 1475 3289; x_wconf 91' lang='lat' dir='ltr'><strong>longum</strong></span> <span class='ocrx_word' id='word_1_284' title='bbox 1498 3206 1547 3280; x_wconf 88' lang='lat' dir='ltr'><strong>sit,</strong></span> 
     </span>
     <span class='ocr_line' id='line_1_31' title="bbox 216 3297 1584 3374; baseline 0.001 -12"><span class='ocrx_word' id='word_1_285' title='bbox 216 3301 358 3362; x_wconf 89' lang='lat' dir='ltr'><strong>omnium</strong></span> <span class='ocrx_word' id='word_1_286' title='bbox 381 3300 557 3364; x_wconf 86' lang='lat' dir='ltr'><strong>vicinorum</strong></span> <span class='ocrx_word' id='word_1_287' title='bbox 586 3319 741 3362; x_wconf 89' lang='lat' dir='ltr'><strong>summam</strong></span> <span class='ocrx_word' id='word_1_288' title='bbox 771 3319 841 3363; x_wconf 91' lang='lat' dir='ltr'><strong>esse</strong></span> <span class='ocrx_word' id='word_1_289' title='bbox 870 3301 903 3363; x_wconf 93' lang='lat' dir='ltr'><strong>in</strong></span> <span class='ocrx_word' id='word_1_290' title='bbox 932 3302 1018 3366; x_wconf 90' lang='lat' dir='ltr'><strong>bunc</strong></span> <span class='ocrx_word' id='word_1_291' title='bbox 1038 3302 1291 3365; x_wconf 86' lang='lat' dir='ltr'><strong>benevolentiam</strong></span> <span class='ocrx_word' id='word_1_292' title='bbox 1314 3297 1584 3374; x_wconf 80' lang='lat' dir='ltr'><strong>confirmamus.30</strong></span> 
     </span>
     <span class='ocr_line' id='line_1_32' title="bbox 216 3388 1547 3478; baseline 0.002 -25"><span class='ocrx_word' id='word_1_293' title='bbox 216 3388 288 3455; x_wconf 91' lang='grc'><strong>499.</strong></span> <span class='ocrx_word' id='word_1_294' title='bbox 311 3393 433 3456; x_wconf 90' lang='lat' dir='ltr'><strong>Horum</strong></span> <span class='ocrx_word' id='word_1_295' title='bbox 456 3395 598 3458; x_wconf 90' lang='lat' dir='ltr'><strong>omnium</strong></span> <span class='ocrx_word' id='word_1_296' title='bbox 621 3394 778 3468; x_wconf 90' lang='lat' dir='ltr'><strong>studium,</strong></span> <span class='ocrx_word' id='word_1_297' title='bbox 808 3413 932 3469; x_wconf 88' lang='lat' dir='ltr'><strong>curam,</strong></span> <span class='ocrx_word' id='word_1_298' title='bbox 962 3393 1159 3478; x_wconf 85' lang='lat' dir='ltr'><strong>diligentiam</strong></span> <span class='ocrx_word' id='word_1_299' title='bbox 1182 3412 1352 3478; x_wconf 91' lang='lat' dir='ltr'><strong>meumque</strong></span> <span class='ocrx_word' id='word_1_300' title='bbox 1373 3413 1438 3456; x_wconf 90' lang='lat' dir='ltr'><strong>una</strong></span> <span class='ocrx_word' id='word_1_301' title='bbox 1459 3392 1547 3456; x_wconf 90' lang='lat' dir='ltr'><strong>labo-</strong></span> 
     </span>
     <span class='ocr_line' id='line_1_33' title="bbox 215 3486 1547 3573; baseline -0.001 -22"><span class='ocrx_word' id='word_1_302' title='bbox 215 3507 298 3563; x_wconf 92' lang='lat' dir='ltr'><strong>rem,</strong></span> <span class='ocrx_word' id='word_1_303' title='bbox 322 3486 377 3570; x_wconf 93' lang='lat' dir='ltr'><strong>qui</strong></span> <span class='ocrx_word' id='word_1_304' title='bbox 400 3493 498 3551; x_wconf 90' lang='lat' dir='ltr'><strong>totam</strong></span> <span class='ocrx_word' id='word_1_305' title='bbox 520 3488 603 3551; x_wconf 87' lang='lat' dir='ltr'><strong>benc</strong></span> <span class='ocrx_word' id='word_1_306' title='bbox 626 3507 751 3551; x_wconf 87' lang='lat' dir='ltr'><strong>eausam</strong></span> <span class='ocrx_word' id='word_1_307' title='bbox 772 3493 879 3552; x_wconf 88' lang='lat' dir='ltr'><strong>vetere</strong></span> <span class='ocrx_word' id='word_1_308' title='bbox 902 3489 1046 3570; x_wconf 82' lang='lat' dir='ltr'><strong>instituto</strong></span> <span class='ocrx_word' id='word_1_309' title='bbox 1062 3488 1148 3552; x_wconf 89' lang='lat' dir='ltr'><strong>solus</strong></span> <span class='ocrx_word' id='word_1_310' title='bbox 1163 3489 1324 3573; x_wconf 85' lang='lat' dir='ltr'><strong>peroravi,</strong></span> <span class='ocrx_word' id='word_1_311' title='bbox 1346 3495 1547 3571; x_wconf 85' lang='lat' dir='ltr'><strong>vestramque</strong></span> 
     </span>
    </p>
   </div>
   <div class='ocr_carea' id='block_1_6' title="bbox 11 3581 1548 3666">
    <p class='ocr_par' dir='ltr' id='par_1_6' title="bbox 11 3581 1548 3666">
     <span class='ocr_line' id='line_1_34' title="bbox 11 3581 1548 3666; baseline -0.003 -19"><span class='ocrx_word' id='word_1_312' title='bbox 11 3595 16 3617; x_wconf 71' lang='lat'>⁵</span> <span class='ocrx_word' id='word_1_313' title='bbox 98 3628 102 3637; x_wconf 89' lang='lat'>-</span> <span class='ocrx_word' id='word_1_314' title='bbox 217 3581 328 3656; x_wconf 89' lang='lat' dir='ltr'><strong>simul,</strong></span> <span class='ocrx_word' id='word_1_315' title='bbox 351 3581 491 3656; x_wconf 90' lang='lat' dir='ltr'><strong>iudices,</strong></span> <span class='ocrx_word' id='word_1_316' title='bbox 517 3583 711 3664; x_wconf 88' lang='lat' dir='ltr'><strong>aequitatem</strong></span> <span class='ocrx_word' id='word_1_317' title='bbox 734 3588 766 3644; x_wconf 88' lang='lat' dir='ltr'><strong>et</strong></span> <span class='ocrx_word' id='word_1_318' title='bbox 787 3584 1062 3646; x_wconf 87' lang='lat' dir='ltr'><strong>mansuetudinem</strong></span> <span class='ocrx_word' id='word_1_319' title='bbox 1084 3602 1148 3644; x_wconf 86' lang='lat' dir='ltr'><strong>una</strong></span> <span class='ocrx_word' id='word_1_320' title='bbox 1169 3590 1270 3646; x_wconf 88' lang='lat' dir='ltr'><strong>mater</strong></span> <span class='ocrx_word' id='word_1_321' title='bbox 1292 3589 1464 3666; x_wconf 88' lang='lat' dir='ltr'><strong>oppugnat.</strong></span> <span class='ocrx_word' id='word_1_322' title='bbox 1506 3581 1548 3643; x_wconf 80' lang='lat' dir='ltr'><strong>At</strong></span> 
     </span>
    </p>
   </div>
   <div class='ocr_carea' id='block_1_7' title="bbox 215 3674 1698 3974">
    <p class='ocr_par' dir='ltr' id='par_1_7' title="bbox 215 3674 1698 3974">
     <span class='ocr_line' id='line_1_35' title="bbox 217 3674 1547 3759; baseline 0.001 -21"><span class='ocrx_word' id='word_1_323' title='bbox 217 3695 297 3759; x_wconf 91' lang='lat' dir='ltr'><strong>quae</strong></span> <span class='ocrx_word' id='word_1_324' title='bbox 321 3678 444 3737; x_wconf 76' lang='lat' dir='ltr'><strong>mater?</strong></span> <span class='ocrx_word' id='word_1_325' title='bbox 468 3675 571 3751; x_wconf 88' lang='lat' dir='ltr'><strong>Quam</strong></span> <span class='ocrx_word' id='word_1_326' title='bbox 594 3695 719 3739; x_wconf 88' lang='lat' dir='ltr'><strong>caecam</strong></span> <span class='ocrx_word' id='word_1_327' title='bbox 743 3675 928 3740; x_wconf 83' lang='lat' dir='ltr'><strong>crudelitate</strong></span> <span class='ocrx_word' id='word_1_328' title='bbox 951 3685 982 3739; x_wconf 87' lang='lat' dir='ltr'><strong>et</strong></span> <span class='ocrx_word' id='word_1_329' title='bbox 1003 3677 1123 3741; x_wconf 87' lang='lat' dir='ltr'><strong>scelere</strong></span> <span class='ocrx_word' id='word_1_330' title='bbox 1146 3675 1220 3739; x_wconf 86' lang='lat' dir='ltr'><strong>ferri</strong></span> <span class='ocrx_word' id='word_1_331' title='bbox 1234 3674 1364 3751; x_wconf 88' lang='lat' dir='ltr'><strong>videtis,</strong></span> <span class='ocrx_word' id='word_1_332' title='bbox 1388 3675 1477 3738; x_wconf 88' lang='lat' dir='ltr'><strong>ouius</strong></span> <span class='ocrx_word' id='word_1_333' title='bbox 1492 3695 1547 3739; x_wconf 91' lang='lat' dir='ltr'><strong>cu·</strong></span> 
     </span>
     <span class='ocr_line' id='line_1_36' title="bbox 215 3767 1583 3854; baseline -0.001 -22"><span class='ocrx_word' id='word_1_334' title='bbox 215 3769 379 3851; x_wconf 87' lang='lat' dir='ltr'><strong>piditatem</strong></span> <span class='ocrx_word' id='word_1_335' title='bbox 401 3767 490 3832; x_wconf 87' lang='lat' dir='ltr'><strong>nulla</strong></span> <span class='ocrx_word' id='word_1_336' title='bbox 511 3789 662 3853; x_wconf 90' lang='lat' dir='ltr'><strong>umquam</strong></span> <span class='ocrx_word' id='word_1_337' title='bbox 685 3769 848 3852; x_wconf 87' lang='lat' dir='ltr'><strong>turpitudo</strong></span> <span class='ocrx_word' id='word_1_338' title='bbox 872 3770 1057 3845; x_wconf 87' lang='lat' dir='ltr'><strong>retardavit,</strong></span> <span class='ocrx_word' id='word_1_339' title='bbox 1081 3789 1163 3854; x_wconf 89' lang='lat' dir='ltr'><strong>quae</strong></span> <span class='ocrx_word' id='word_1_340' title='bbox 1178 3769 1263 3834; x_wconf 87' lang='lat' dir='ltr'><strong>vitiis</strong></span> <span class='ocrx_word' id='word_1_341' title='bbox 1277 3769 1374 3833; x_wconf 88' lang='lat' dir='ltr'><strong>animi</strong></span> <span class='ocrx_word' id='word_1_342' title='bbox 1394 3768 1428 3831; x_wconf 91' lang='lat' dir='ltr'><strong>in</strong></span> <span class='ocrx_word' id='word_1_343' title='bbox 1443 3767 1583 3847; x_wconf 63' lang='lat' dir='ltr'><strong>deta-35</strong></span> 
     </span>
     <span class='ocr_line' id='line_1_37' title="bbox 215 3847 1698 3974; baseline -0.001 -48"><span class='ocrx_word' id='word_1_344' title='bbox 215 3864 310 3926; x_wconf 76' lang='lat' dir='ltr'><strong>rimam</strong></span> <span class='ocrx_word' id='word_1_345' title='bbox 340 3869 446 3946; x_wconf 89' lang='lat' dir='ltr'><strong>partes</strong></span> <span class='ocrx_word' id='word_1_346' title='bbox 476 3863 545 3926; x_wconf 89' lang='lat' dir='ltr'><strong>iura</strong></span> <span class='ocrx_word' id='word_1_347' title='bbox 566 3863 730 3926; x_wconf 88' lang='lat' dir='ltr'><strong>bominum</strong></span> <span class='ocrx_word' id='word_1_348' title='bbox 753 3864 909 3928; x_wconf 88' lang='lat' dir='ltr'><strong>convertit</strong></span> <span class='ocrx_word' id='word_1_349' title='bbox 930 3865 1052 3940; x_wconf 91' lang='lat' dir='ltr'><strong>omnia,</strong></span> <span class='ocrx_word' id='word_1_350' title='bbox 1066 3855 1178 3966; x_wconf 79' lang='lat' dir='ltr'><strong>(cuius</strong></span> <span class='ocrx_word' id='word_1_351' title='bbox 1200 3883 1238 3927; x_wconf 88' lang='lat' dir='ltr'><strong>ea</strong></span> <span class='ocrx_word' id='word_1_352' title='bbox 1259 3861 1393 3927; x_wconf 88' lang='lat' dir='ltr'><strong>stultitia</strong></span> <span class='ocrx_word' id='word_1_353' title='bbox 1414 3847 1490 3967; x_wconf 45' lang='lat' dir='ltr'><strong>fist)</strong></span> <span class='ocrx_word' id='word_1_354' title='bbox 1511 3868 1547 3925; x_wconf 89' lang='lat' dir='ltr'><strong>ut</strong></span> <span class='ocrx_word' id='word_1_355' title='bbox 1625 3905 1647 3948; x_wconf 59' lang='lat'><em>4</em></span> <span class='ocrx_word' id='word_1_356' title='bbox 1662 3865 1698 3974; x_wconf 60' lang='lat' dir='ltr'><em>Z</em></span> 
     </span>
    </p>
   </div>
   <div class='ocr_carea' id='block_1_8' title="bbox 212 4141 1564 5182">
    <p class='ocr_par' dir='ltr' id='par_1_8' title="bbox 212 4141 1564 5182">
     <span class='ocr_line' id='line_1_38' title="bbox 280 4141 1544 4208; baseline 0.001 -14"><span class='ocrx_word' id='word_1_357' title='bbox 280 4142 304 4194; x_wconf 87' lang='lat' dir='ltr'><strong>l.</strong></span> <span class='ocrx_word' id='word_1_358' title='bbox 323 4148 490 4206; x_wconf 76' lang='lat' dir='ltr'><strong>osmquonlur</strong></span> <span class='ocrx_word' id='word_1_359' title='bbox 506 4143 532 4192; x_wconf 88' lang='lat' dir='ltr'><strong>S.</strong></span> <span class='ocrx_word' id='word_1_360' title='bbox 553 4167 580 4177; x_wconf 92' lang='lat'><em>-</em></span> <span class='ocrx_word' id='word_1_361' title='bbox 603 4143 636 4192; x_wconf 81' lang='lat' dir='ltr'><strong>iis</strong></span> <span class='ocrx_word' id='word_1_362' title='bbox 652 4155 706 4192; x_wconf 93' lang='lat' dir='ltr'><strong>om.</strong></span> <span class='ocrx_word' id='word_1_363' title='bbox 725 4143 752 4192; x_wconf 88' lang='lat' dir='ltr'><strong>F.</strong></span> <span class='ocrx_word' id='word_1_364' title='bbox 775 4169 801 4178; x_wconf 92' lang='lat'><em>-</em></span> <span class='ocrx_word' id='word_1_365' title='bbox 826 4141 932 4205; x_wconf 76' lang='lat' dir='ltr'><strong>publicis</strong></span> <span class='ocrx_word' id='word_1_366' title='bbox 949 4145 976 4193; x_wconf 88' lang='lat' dir='ltr'><strong>F.</strong></span> <span class='ocrx_word' id='word_1_367' title='bbox 996 4169 1023 4180; x_wconf 84' lang='lat'><em>-</em></span> <span class='ocrx_word' id='word_1_368' title='bbox 1043 4144 1067 4194; x_wconf 86' lang='grc'><strong>6.</strong></span> <span class='ocrx_word' id='word_1_369' title='bbox 1086 4142 1150 4207; x_wconf 86' lang='lat' dir='ltr'><strong>eom]</strong></span> <span class='ocrx_word' id='word_1_370' title='bbox 1168 4144 1220 4193; x_wconf 81' lang='lat' dir='ltr'><strong>tom</strong></span> <span class='ocrx_word' id='word_1_371' title='bbox 1237 4143 1293 4194; x_wconf 80' lang='grc' dir='ltr'><strong>ΤΑ.</strong></span> <span class='ocrx_word' id='word_1_372' title='bbox 1316 4167 1343 4178; x_wconf 83' lang='lat'><strong>·-</strong></span> <span class='ocrx_word' id='word_1_373' title='bbox 1371 4142 1396 4193; x_wconf 80' lang='lat'><strong>7.</strong></span> <span class='ocrx_word' id='word_1_374' title='bbox 1413 4145 1544 4208; x_wconf 69' lang='lat' dir='ltr'><strong>maugits.</strong></span> 
     </span>
     <span class='ocr_line' id='line_1_39' title="bbox 214 4214 1542 4280; baseline -0.001 -12"><span class='ocrx_word' id='word_1_375' title='bbox 214 4217 372 4268; x_wconf 74' lang='lat' dir='ltr'><strong>elvosrlo</strong></span> <span class='ocrx_word' id='word_1_376' title='bbox 390 4217 539 4268; x_wconf 80' lang='lat' dir='ltr'><strong>CLVFNFll</strong></span> <span class='ocrx_word' id='word_1_377' title='bbox 553 4217 600 4266; x_wconf 79' lang='grc' dir='ltr'><strong>ΤΧ</strong></span> <span class='ocrx_word' id='word_1_378' title='bbox 614 4217 826 4269; x_wconf 78' lang='lat' dir='ltr'><em>DECVRIONVM</em></span> <span class='ocrx_word' id='word_1_379' title='bbox 842 4217 1040 4270; x_wconf 78' lang='lat' dir='ltr'><strong>LAFlNAFlVll</strong></span> <span class='ocrx_word' id='word_1_380' title='bbox 1054 4219 1210 4269; x_wconf 80' lang='grc' dir='ltr'><strong>04404444Το.</strong></span> <span class='ocrx_word' id='word_1_381' title='bbox 1229 4218 1271 4268; x_wconf 78' lang='lat' dir='ltr'><strong>lice</strong></span> <span class='ocrx_word' id='word_1_382' title='bbox 1287 4227 1340 4280; x_wconf 80' lang='lat' dir='ltr'><strong>mg.</strong></span> <span class='ocrx_word' id='word_1_383' title='bbox 1358 4214 1392 4280; x_wconf 79' lang='grc'><strong>9,</strong></span> <span class='ocrx_word' id='word_1_384' title='bbox 1411 4217 1439 4267; x_wconf 94' lang='grc'><strong>0.</strong></span> <span class='ocrx_word' id='word_1_385' title='bbox 1455 4243 1483 4252; x_wconf 88' lang='grc'>-</span> <span class='ocrx_word' id='word_1_386' title='bbox 1502 4217 1542 4268; x_wconf 98' lang='grc'><strong>40.</strong></span> 
     </span>
     <span class='ocr_line' id='line_1_40' title="bbox 215 4292 1545 4352; baseline 0 -10"><span class='ocrx_word' id='word_1_387' title='bbox 215 4305 292 4352; x_wconf 80' lang='lat' dir='ltr'><strong>qoem</strong></span> <span class='ocrx_word' id='word_1_388' title='bbox 306 4293 456 4344; x_wconf 78' lang='lat' dir='ltr'><strong>incredibilis</strong></span> <span class='ocrx_word' id='word_1_389' title='bbox 466 4319 502 4330; x_wconf 93' lang='lat'><strong>--</strong></span> <span class='ocrx_word' id='word_1_390' title='bbox 513 4305 577 4342; x_wconf 85' lang='lat' dir='ltr'><strong>curo</strong></span> <span class='ocrx_word' id='word_1_391' title='bbox 594 4297 629 4343; x_wconf 82' lang='lat' dir='ltr'><strong>est</strong></span> <span class='ocrx_word' id='word_1_392' title='bbox 644 4305 697 4342; x_wconf 91' lang='lat' dir='ltr'><strong>om.</strong></span> <span class='ocrx_word' id='word_1_393' title='bbox 710 4293 737 4342; x_wconf 91' lang='lat' dir='ltr'><strong>F.</strong></span> <span class='ocrx_word' id='word_1_394' title='bbox 750 4319 776 4328; x_wconf 93' lang='lat'><em>-</em></span> <span class='ocrx_word' id='word_1_395' title='bbox 795 4295 835 4342; x_wconf 88' lang='grc'><strong>44.</strong></span> <span class='ocrx_word' id='word_1_396' title='bbox 855 4293 1023 4344; x_wconf 82' lang='lat' dir='ltr'><strong>laudattoccm</strong></span> <span class='ocrx_word' id='word_1_397' title='bbox 1040 4295 1163 4344; x_wconf 80' lang='lat' dir='ltr'><strong>decretam</strong></span> <span class='ocrx_word' id='word_1_398' title='bbox 1179 4295 1238 4342; x_wconf 89' lang='lat' dir='ltr'><strong>ST:</strong></span> <span class='ocrx_word' id='word_1_399' title='bbox 1257 4292 1430 4344; x_wconf 79' lang='lat' dir='ltr'><strong>leudottocmn</strong></span> <span class='ocrx_word' id='word_1_400' title='bbox 1446 4293 1545 4343; x_wconf 83' lang='lat' dir='ltr'><strong>decreto</strong></span> 
     </span>
     <span class='ocr_line' id='line_1_41' title="bbox 214 4365 1564 4440; baseline -0.001 -21"><span class='ocrx_word' id='word_1_401' title='bbox 214 4366 358 4423; x_wconf 75' lang='grc'><strong>444490.</strong></span> <span class='ocrx_word' id='word_1_402' title='bbox 371 4397 398 4408; x_wconf 88' lang='lat'><em>-</em></span> <span class='ocrx_word' id='word_1_403' title='bbox 418 4369 457 4419; x_wconf 86' lang='grc'><strong>43.</strong></span> <span class='ocrx_word' id='word_1_404' title='bbox 470 4369 590 4440; x_wconf 69' lang='lat' dir='ltr'><strong>Frentani</strong></span> <span class='ocrx_word' id='word_1_405' title='bbox 608 4369 625 4418; x_wconf 90' lang='lat' dir='ltr'><strong>F</strong></span> <span class='ocrx_word' id='word_1_406' title='bbox 634 4368 663 4418; x_wconf 91' lang='lat'><strong>0.</strong></span> <span class='ocrx_word' id='word_1_407' title='bbox 683 4367 722 4418; x_wconf 87' lang='lat' dir='ltr'><strong>Cl.</strong></span> <span class='ocrx_word' id='word_1_408' title='bbox 736 4365 828 4432; x_wconf 85' lang='lat' dir='ltr'><strong>Polyb.</strong></span> <span class='ocrx_word' id='word_1_409' title='bbox 841 4369 872 4418; x_wconf 91' lang='lat' dir='ltr'><strong>ll.</strong></span> <span class='ocrx_word' id='word_1_410' title='bbox 885 4367 926 4430; x_wconf 85' lang='grc'><strong>94,</strong></span> <span class='ocrx_word' id='word_1_411' title='bbox 937 4368 977 4419; x_wconf 90' lang='grc'><strong>49.</strong></span> <span class='ocrx_word' id='word_1_412' title='bbox 991 4365 1095 4418; x_wconf 90' lang='lat' dir='ltr'><strong>Florum</strong></span> <span class='ocrx_word' id='word_1_413' title='bbox 1108 4367 1127 4418; x_wconf 92' lang='lat'><strong>1.</strong></span> <span class='ocrx_word' id='word_1_414' title='bbox 1139 4367 1179 4428; x_wconf 90' lang='grc'><strong>48,</strong></span> <span class='ocrx_word' id='word_1_415' title='bbox 1190 4368 1214 4418; x_wconf 80' lang='lat'><strong>7.</strong></span> <span class='ocrx_word' id='word_1_416' title='bbox 1234 4394 1261 4403; x_wconf 95' lang='lat'>-</span> <span class='ocrx_word' id='word_1_417' title='bbox 1280 4368 1432 4419; x_wconf 74' lang='lat' dir='ltr'><strong>llemelm&#39;i</strong></span> <span class='ocrx_word' id='word_1_418' title='bbox 1448 4369 1502 4418; x_wconf 83' lang='lat' dir='ltr'><strong>ST.</strong></span> <span class='ocrx_word' id='word_1_419' title='bbox 1514 4393 1541 4404; x_wconf 91' lang='lat'><em>-</em></span> <span class='ocrx_word' id='word_1_420' title='bbox 1563 4403 1564 4406; x_wconf 22' lang='lat'>¹</span> 
     </span>
     <span class='ocr_line' id='line_1_42' title="bbox 215 4440 1545 4497; baseline 0 -4"><span class='ocrx_word' id='word_1_421' title='bbox 215 4441 256 4494; x_wconf 83' lang='lat' dir='ltr'><strong>ll.</strong></span> <span class='ocrx_word' id='word_1_422' title='bbox 274 4444 383 4494; x_wconf 73' lang='lat' dir='ltr'><strong>honines</strong></span> <span class='ocrx_word' id='word_1_423' title='bbox 397 4443 577 4496; x_wconf 74' lang='lat' dir='ltr'><strong>honestissimos</strong></span> <span class='ocrx_word' id='word_1_424' title='bbox 593 4443 678 4494; x_wconf 86' lang='lat' dir='ltr'><strong>STL:</strong></span> <span class='ocrx_word' id='word_1_425' title='bbox 697 4443 878 4494; x_wconf 76' lang='lat' dir='ltr'><strong>honestissimos</strong></span> <span class='ocrx_word' id='word_1_426' title='bbox 893 4443 1002 4494; x_wconf 75' lang='lat' dir='ltr'><strong>homines</strong></span> <span class='ocrx_word' id='word_1_427' title='bbox 1018 4440 1131 4497; x_wconf 68' lang='lat' dir='ltr'><strong>FASO.</strong></span> <span class='ocrx_word' id='word_1_428' title='bbox 1151 4470 1178 4480; x_wconf 87' lang='lat'>—</span> <span class='ocrx_word' id='word_1_429' title='bbox 1199 4443 1239 4493; x_wconf 82' lang='grc'><strong>44.</strong></span> <span class='ocrx_word' id='word_1_430' title='bbox 1258 4442 1353 4496; x_wconf 74' lang='lat' dir='ltr'><strong>oetaeo</strong></span> <span class='ocrx_word' id='word_1_431' title='bbox 1370 4441 1431 4496; x_wconf 73' lang='lat' dir='ltr'><strong>ul.</strong></span> <span class='ocrx_word' id='word_1_432' title='bbox 1450 4443 1545 4494; x_wconf 84' lang='lat' dir='ltr'><strong>Emen-</strong></span> 
     </span>
     <span class='ocr_line' id='line_1_43' title="bbox 215 4513 1541 4582; baseline 0.002 -15"><span class='ocrx_word' id='word_1_433' title='bbox 215 4516 289 4568; x_wconf 85' lang='lat' dir='ltr'><strong>davit</strong></span> <span class='ocrx_word' id='word_1_434' title='bbox 304 4517 360 4568; x_wconf 86' lang='lat' dir='ltr'><strong>Nic.</strong></span> <span class='ocrx_word' id='word_1_435' title='bbox 377 4518 511 4582; x_wconf 80' lang='lat' dir='ltr'><strong>Angelius.</strong></span> <span class='ocrx_word' id='word_1_436' title='bbox 531 4544 558 4554; x_wconf 92' lang='lat'><em>-</em></span> <span class='ocrx_word' id='word_1_437' title='bbox 578 4518 618 4568; x_wconf 82' lang='grc'><strong>47.</strong></span> <span class='ocrx_word' id='word_1_438' title='bbox 636 4518 758 4568; x_wconf 80' lang='lat' dir='ltr'><strong>loricato</strong></span> <span class='ocrx_word' id='word_1_439' title='bbox 773 4519 801 4568; x_wconf 86' lang='lat'><strong>1..</strong></span> <span class='ocrx_word' id='word_1_440' title='bbox 817 4546 845 4556; x_wconf 90' lang='lat'>—</span> <span class='ocrx_word' id='word_1_441' title='bbox 860 4519 1048 4581; x_wconf 64' lang='lat' dir='ltr'><strong>peccavisset,</strong></span> <span class='ocrx_word' id='word_1_442' title='bbox 1066 4531 1119 4582; x_wconf 80' lang='lat' dir='ltr'><strong>mg.</strong></span> <span class='ocrx_word' id='word_1_443' title='bbox 1136 4515 1166 4580; x_wconf 78' lang='lat' dir='ltr'><strong>o,</strong></span> <span class='ocrx_word' id='word_1_444' title='bbox 1185 4518 1219 4568; x_wconf 90' lang='lat'><strong>0:</strong></span> <span class='ocrx_word' id='word_1_445' title='bbox 1234 4518 1397 4581; x_wconf 70' lang='lat' dir='ltr'><strong>peremtorias</strong></span> <span class='ocrx_word' id='word_1_446' title='bbox 1413 4513 1499 4570; x_wconf 74' lang='lat' dir='ltr'><strong>ose.</strong></span> <span class='ocrx_word' id='word_1_447' title='bbox 1514 4543 1541 4550; x_wconf 94' lang='lat'>—</span> 
     </span>
     <span class='ocr_line' id='line_1_44' title="bbox 216 4591 1545 4656; baseline -0.002 -12"><span class='ocrx_word' id='word_1_448' title='bbox 216 4592 256 4644; x_wconf 88' lang='grc'><strong>48.</strong></span> <span class='ocrx_word' id='word_1_449' title='bbox 269 4596 304 4642; x_wconf 85' lang='lat' dir='ltr'><strong>est</strong></span> <span class='ocrx_word' id='word_1_450' title='bbox 320 4604 373 4642; x_wconf 89' lang='lat' dir='ltr'><strong>om.</strong></span> <span class='ocrx_word' id='word_1_451' title='bbox 388 4593 416 4642; x_wconf 95' lang='grc' dir='ltr'><strong>Τ.</strong></span> <span class='ocrx_word' id='word_1_452' title='bbox 431 4618 458 4628; x_wconf 96' lang='grc'>-</span> <span class='ocrx_word' id='word_1_453' title='bbox 477 4592 518 4642; x_wconf 85' lang='grc'><strong>90.</strong></span> <span class='ocrx_word' id='word_1_454' title='bbox 537 4592 568 4641; x_wconf 77' lang='lat' dir='ltr'><strong>its</strong></span> <span class='ocrx_word' id='word_1_455' title='bbox 579 4591 637 4642; x_wconf 81' lang='lat' dir='ltr'><strong>ST:</strong></span> <span class='ocrx_word' id='word_1_456' title='bbox 655 4592 693 4641; x_wconf 77' lang='lat' dir='ltr'><strong>bis</strong></span> <span class='ocrx_word' id='word_1_457' title='bbox 704 4593 796 4642; x_wconf 86' lang='lat' dir='ltr'><strong>ceteri.</strong></span> <span class='ocrx_word' id='word_1_458' title='bbox 812 4619 839 4628; x_wconf 80' lang='lat'>-</span> <span class='ocrx_word' id='word_1_459' title='bbox 857 4594 898 4644; x_wconf 88' lang='grc'><strong>94.</strong></span> <span class='ocrx_word' id='word_1_460' title='bbox 912 4607 988 4655; x_wconf 84' lang='lat' dir='ltr'><strong>quom</strong></span> <span class='ocrx_word' id='word_1_461' title='bbox 1002 4594 1071 4644; x_wconf 81' lang='lat' dir='ltr'><strong>doleo</strong></span> <span class='ocrx_word' id='word_1_462' title='bbox 1082 4591 1246 4645; x_wconf 86' lang='lat' dir='ltr'><strong>Classcnius:</strong></span> <span class='ocrx_word' id='word_1_463' title='bbox 1266 4595 1365 4656; x_wconf 80' lang='lat' dir='ltr'><strong>quondo</strong></span> <span class='ocrx_word' id='word_1_464' title='bbox 1382 4591 1449 4652; x_wconf 62' lang='lat' dir='ltr'><strong>am</strong></span> <span class='ocrx_word' id='word_1_465' title='bbox 1468 4603 1545 4654; x_wconf 81' lang='lat' dir='ltr'><strong>quem</strong></span> 
     </span>
     <span class='ocr_line' id='line_1_45' title="bbox 214 4664 1542 4731; baseline -0.002 -13"><span class='ocrx_word' id='word_1_466' title='bbox 214 4681 265 4718; x_wconf 80' lang='lat' dir='ltr'><strong>oon</strong></span> <span class='ocrx_word' id='word_1_467' title='bbox 287 4678 349 4717; x_wconf 91' lang='lat' dir='ltr'><strong>cum</strong></span> <span class='ocrx_word' id='word_1_468' title='bbox 371 4665 414 4717; x_wconf 90' lang='lat' dir='ltr'><strong>ed.</strong></span> <span class='ocrx_word' id='word_1_469' title='bbox 432 4667 536 4716; x_wconf 87' lang='lat' dir='ltr'><strong>Iuntina</strong></span> <span class='ocrx_word' id='word_1_470' title='bbox 553 4664 638 4719; x_wconf 63' lang='lat'><strong>1220.</strong></span> <span class='ocrx_word' id='word_1_471' title='bbox 659 4691 686 4702; x_wconf 89' lang='lat'>-</span> <span class='ocrx_word' id='word_1_472' title='bbox 714 4666 795 4731; x_wconf 80' lang='lat' dir='ltr'><strong>boios]</strong></span> <span class='ocrx_word' id='word_1_473' title='bbox 812 4666 857 4715; x_wconf 84' lang='lat' dir='ltr'><strong>boe</strong></span> <span class='ocrx_word' id='word_1_474' title='bbox 873 4667 901 4716; x_wconf 92' lang='lat' dir='ltr'><strong>l..</strong></span> <span class='ocrx_word' id='word_1_475' title='bbox 921 4693 949 4703; x_wconf 93' lang='lat'><em>-</em></span> <span class='ocrx_word' id='word_1_476' title='bbox 976 4668 1017 4717; x_wconf 82' lang='grc'><strong>99.</strong></span> <span class='ocrx_word' id='word_1_477' title='bbox 1037 4669 1188 4730; x_wconf 64' lang='lat' dir='ltr'><strong>praedem.</strong></span> <span class='ocrx_word' id='word_1_478' title='bbox 1204 4667 1291 4718; x_wconf 84' lang='lat' dir='ltr'><strong>uellem</strong></span> <span class='ocrx_word' id='word_1_479' title='bbox 1303 4672 1459 4731; x_wconf 60' lang='lat' dir='ltr'><strong>praesertum</strong></span> <span class='ocrx_word' id='word_1_480' title='bbox 1476 4664 1542 4718; x_wconf 75' lang='lat' dir='ltr'><strong>tls:</strong></span> 
     </span>
     <span class='ocr_line' id='line_1_46' title="bbox 212 4737 1544 4806; baseline 0 -14"><span class='ocrx_word' id='word_1_481' title='bbox 212 4741 357 4805; x_wconf 79' lang='lat' dir='ltr'><strong>praeditum</strong></span> <span class='ocrx_word' id='word_1_482' title='bbox 371 4739 477 4792; x_wconf 78' lang='lat' dir='ltr'><strong>vellens?</strong></span> <span class='ocrx_word' id='word_1_483' title='bbox 495 4747 651 4804; x_wconf 67' lang='lat' dir='ltr'><strong>praecem</strong></span> <span class='ocrx_word' id='word_1_484' title='bbox 668 4737 699 4801; x_wconf 67' lang='lat' dir='ltr'><strong>ssi</strong></span> <span class='ocrx_word' id='word_1_485' title='bbox 716 4741 860 4803; x_wconf 80' lang='lat' dir='ltr'><strong>praeditum</strong></span> <span class='ocrx_word' id='word_1_486' title='bbox 875 4741 981 4792; x_wconf 69' lang='lat' dir='ltr'><strong>oeten?</strong></span> <span class='ocrx_word' id='word_1_487' title='bbox 997 4755 1074 4806; x_wconf 83' lang='lat' dir='ltr'><strong>quom</strong></span> <span class='ocrx_word' id='word_1_488' title='bbox 1089 4744 1174 4794; x_wconf 77' lang='lat' dir='ltr'><strong>cellen</strong></span> <span class='ocrx_word' id='word_1_489' title='bbox 1187 4749 1343 4806; x_wconf 73' lang='lat' dir='ltr'><strong>promeruero</strong></span> <span class='ocrx_word' id='word_1_490' title='bbox 1359 4744 1415 4794; x_wconf 85' lang='lat' dir='ltr'><strong>LO.</strong></span> <span class='ocrx_word' id='word_1_491' title='bbox 1430 4769 1457 4779; x_wconf 88' lang='lat'>-</span> <span class='ocrx_word' id='word_1_492' title='bbox 1472 4755 1544 4805; x_wconf 81' lang='lat' dir='ltr'><strong>posse</strong></span> 
     </span>
     <span class='ocr_line' id='line_1_47' title="bbox 215 4813 1544 4877; baseline -0.002 -9"><span class='ocrx_word' id='word_1_493' title='bbox 215 4816 272 4868; x_wconf 90' lang='lat' dir='ltr'><strong>LO.</strong></span> <span class='ocrx_word' id='word_1_494' title='bbox 288 4843 315 4852; x_wconf 97' lang='lat'><em>-</em></span> <span class='ocrx_word' id='word_1_495' title='bbox 333 4814 375 4866; x_wconf 81' lang='grc'><strong>94.</strong></span> <span class='ocrx_word' id='word_1_496' title='bbox 394 4827 472 4864; x_wconf 82' lang='lat' dir='ltr'><strong>causo</strong></span> <span class='ocrx_word' id='word_1_497' title='bbox 489 4828 542 4865; x_wconf 91' lang='lat' dir='ltr'><strong>om.</strong></span> <span class='ocrx_word' id='word_1_498' title='bbox 555 4816 585 4866; x_wconf 92' lang='grc' dir='ltr'><strong>Τ.</strong></span> <span class='ocrx_word' id='word_1_499' title='bbox 601 4843 627 4852; x_wconf 90' lang='lat'>-</span> <span class='ocrx_word' id='word_1_500' title='bbox 646 4817 687 4866; x_wconf 76' lang='grc'><strong>94.</strong></span> <span class='ocrx_word' id='word_1_501' title='bbox 702 4829 750 4877; x_wconf 83' lang='lat' dir='ltr'><strong>quo</strong></span> <span class='ocrx_word' id='word_1_502' title='bbox 768 4829 821 4866; x_wconf 88' lang='lat' dir='ltr'><strong>om.</strong></span> <span class='ocrx_word' id='word_1_503' title='bbox 834 4817 862 4866; x_wconf 93' lang='grc' dir='ltr'><strong>Τ.</strong></span> <span class='ocrx_word' id='word_1_504' title='bbox 877 4841 903 4851; x_wconf 91' lang='lat'><em>-</em></span> <span class='ocrx_word' id='word_1_505' title='bbox 923 4816 963 4866; x_wconf 86' lang='grc'><strong>96.</strong></span> <span class='ocrx_word' id='word_1_506' title='bbox 977 4816 1107 4868; x_wconf 83' lang='lat' dir='ltr'><strong>laborabat</strong></span> <span class='ocrx_word' id='word_1_507' title='bbox 1119 4815 1143 4869; x_wconf 81' lang='grc'><strong>9.</strong></span> <span class='ocrx_word' id='word_1_508' title='bbox 1159 4845 1186 4854; x_wconf 89' lang='grc'>-</span> <span class='ocrx_word' id='word_1_509' title='bbox 1202 4819 1286 4868; x_wconf 81' lang='lat' dir='ltr'><strong>Tudici</strong></span> <span class='ocrx_word' id='word_1_510' title='bbox 1303 4813 1444 4876; x_wconf 56' lang='lat' dir='ltr'><strong>SFAL&amp;</strong></span> <span class='ocrx_word' id='word_1_511' title='bbox 1464 4817 1544 4867; x_wconf 75' lang='grc'><strong>4444444</strong></span> 
     </span>
     <span class='ocr_line' id='line_1_48' title="bbox 215 4887 1540 4957; baseline 0.001 -16"><span class='ocrx_word' id='word_1_512' title='bbox 215 4892 244 4941; x_wconf 91' lang='grc' dir='ltr'><strong>Τ.</strong></span> <span class='ocrx_word' id='word_1_513' title='bbox 260 4915 287 4925; x_wconf 95' lang='grc'><strong>-</strong></span> <span class='ocrx_word' id='word_1_514' title='bbox 306 4889 347 4940; x_wconf 84' lang='grc'><strong>97.</strong></span> <span class='ocrx_word' id='word_1_515' title='bbox 366 4903 399 4940; x_wconf 78' lang='lat' dir='ltr'><strong>cc</strong></span> <span class='ocrx_word' id='word_1_516' title='bbox 410 4889 550 4940; x_wconf 80' lang='lat' dir='ltr'><strong>Graevius:</strong></span> <span class='ocrx_word' id='word_1_517' title='bbox 569 4895 592 4940; x_wconf 90' lang='lat' dir='ltr'><strong>et</strong></span> <span class='ocrx_word' id='word_1_518' title='bbox 608 4891 626 4940; x_wconf 89' lang='lat' dir='ltr'><strong>F</strong></span> <span class='ocrx_word' id='word_1_519' title='bbox 635 4895 655 4940; x_wconf 74' lang='grc' dir='ltr'>Α</span> <span class='ocrx_word' id='word_1_520' title='bbox 666 4887 726 4950; x_wconf 65' lang='lat' dir='ltr'><strong>sm</strong></span> <span class='ocrx_word' id='word_1_521' title='bbox 745 4891 772 4940; x_wconf 80' lang='lat' dir='ltr'><strong>ln</strong></span> <span class='ocrx_word' id='word_1_522' title='bbox 783 4891 816 4950; x_wconf 81' lang='lat'><strong>03</strong></span> <span class='ocrx_word' id='word_1_523' title='bbox 836 4903 889 4941; x_wconf 89' lang='lat' dir='ltr'><strong>om.</strong></span> <span class='ocrx_word' id='word_1_524' title='bbox 903 4891 957 4940; x_wconf 83' lang='lat' dir='ltr'><strong>ST.</strong></span> <span class='ocrx_word' id='word_1_525' title='bbox 976 4891 1014 4943; x_wconf 88' lang='lat' dir='ltr'><strong>Cl.</strong></span> <span class='ocrx_word' id='word_1_526' title='bbox 1028 4891 1194 4956; x_wconf 84' lang='lat' dir='ltr'><strong>Wesenberg</strong></span> <span class='ocrx_word' id='word_1_527' title='bbox 1211 4893 1245 4943; x_wconf 85' lang='lat' dir='ltr'><strong>ad</strong></span> <span class='ocrx_word' id='word_1_528' title='bbox 1262 4905 1301 4942; x_wconf 94' lang='lat' dir='ltr'><strong>or.</strong></span> <span class='ocrx_word' id='word_1_529' title='bbox 1320 4905 1347 4957; x_wconf 94' lang='lat' dir='ltr'><strong>p.</strong></span> <span class='ocrx_word' id='word_1_530' title='bbox 1359 4891 1444 4943; x_wconf 85' lang='lat' dir='ltr'><strong>Sestio</strong></span> <span class='ocrx_word' id='word_1_531' title='bbox 1461 4905 1487 4957; x_wconf 95' lang='lat' dir='ltr'><strong>p.</strong></span> <span class='ocrx_word' id='word_1_532' title='bbox 1500 4892 1540 4943; x_wconf 80' lang='lat'><strong>32.</strong></span> 
     </span>
     <span class='ocr_line' id='line_1_49' title="bbox 216 4962 1542 5030; baseline -0.002 -12"><span class='ocrx_word' id='word_1_533' title='bbox 216 4967 243 5018; x_wconf 89' lang='lat' dir='ltr'><strong>et</strong></span> <span class='ocrx_word' id='word_1_534' title='bbox 259 4965 294 5016; x_wconf 94' lang='lat' dir='ltr'><strong>de</strong></span> <span class='ocrx_word' id='word_1_535' title='bbox 310 4964 467 5029; x_wconf 85' lang='lat' dir='ltr'><strong>permutatis</strong></span> <span class='ocrx_word' id='word_1_536' title='bbox 479 4962 567 5014; x_wconf 88' lang='lat' dir='ltr'><strong>verbis</strong></span> <span class='ocrx_word' id='word_1_537' title='bbox 585 4970 608 5014; x_wconf 83' lang='lat' dir='ltr'><strong>ct</strong></span> <span class='ocrx_word' id='word_1_538' title='bbox 618 4966 699 5029; x_wconf 84' lang='lat' dir='ltr'><strong>atque</strong></span> <span class='ocrx_word' id='word_1_539' title='bbox 711 4977 744 5016; x_wconf 81' lang='lat' dir='ltr'><strong>ec</strong></span> <span class='ocrx_word' id='word_1_540' title='bbox 754 4979 809 5015; x_wconf 85' lang='lat' dir='ltr'><strong>var.</strong></span> <span class='ocrx_word' id='word_1_541' title='bbox 822 4963 882 5016; x_wconf 88' lang='lat' dir='ltr'><strong>lect.</strong></span> <span class='ocrx_word' id='word_1_542' title='bbox 896 4964 929 5015; x_wconf 88' lang='lat' dir='ltr'><strong>od</strong></span> <span class='ocrx_word' id='word_1_543' title='bbox 940 4978 967 5030; x_wconf 89' lang='lat' dir='ltr'><strong>p.</strong></span> <span class='ocrx_word' id='word_1_544' title='bbox 977 4967 1034 5018; x_wconf 86' lang='grc'><strong>4443.</strong></span> <span class='ocrx_word' id='word_1_545' title='bbox 1047 4981 1072 5018; x_wconf 89' lang='lat' dir='ltr'><strong>v.</strong></span> <span class='ocrx_word' id='word_1_546' title='bbox 1087 4968 1126 5018; x_wconf 88' lang='grc'><strong>44.</strong></span> <span class='ocrx_word' id='word_1_547' title='bbox 1140 4996 1165 5004; x_wconf 93' lang='grc'>-</span> <span class='ocrx_word' id='word_1_548' title='bbox 1185 4968 1386 5020; x_wconf 68' lang='lat' dir='ltr'><strong>testimonianze.</strong></span> <span class='ocrx_word' id='word_1_549' title='bbox 1402 4992 1428 5002; x_wconf 91' lang='lat'><em>-</em></span> <span class='ocrx_word' id='word_1_550' title='bbox 1442 4967 1484 5017; x_wconf 88' lang='grc'><strong>98.</strong></span> <span class='ocrx_word' id='word_1_551' title='bbox 1496 4981 1542 5016; x_wconf 87' lang='grc' dir='ltr'><strong>υο-</strong></span> 
     </span>
     <span class='ocr_line' id='line_1_50' title="bbox 213 5039 1542 5105; baseline 0 -12"><span class='ocrx_word' id='word_1_552' title='bbox 213 5042 303 5093; x_wconf 81' lang='lat' dir='ltr'><strong>lumini</strong></span> <span class='ocrx_word' id='word_1_553' title='bbox 319 5043 347 5093; x_wconf 92' lang='grc' dir='ltr'><strong>Τ.</strong></span> <span class='ocrx_word' id='word_1_554' title='bbox 362 5068 390 5078; x_wconf 96' lang='grc'>-</span> <span class='ocrx_word' id='word_1_555' title='bbox 409 5041 450 5092; x_wconf 87' lang='grc'><strong>30.</strong></span> <span class='ocrx_word' id='word_1_556' title='bbox 463 5041 573 5091; x_wconf 81' lang='lat' dir='ltr'><strong>monium</strong></span> <span class='ocrx_word' id='word_1_557' title='bbox 584 5055 637 5092; x_wconf 91' lang='lat' dir='ltr'><strong>om.</strong></span> <span class='ocrx_word' id='word_1_558' title='bbox 651 5042 679 5092; x_wconf 94' lang='grc' dir='ltr'><strong>Τ.</strong></span> <span class='ocrx_word' id='word_1_559' title='bbox 695 5067 722 5078; x_wconf 90' lang='lat'><em>-</em></span> <span class='ocrx_word' id='word_1_560' title='bbox 742 5042 781 5092; x_wconf 87' lang='grc'><strong>34.</strong></span> <span class='ocrx_word' id='word_1_561' title='bbox 795 5042 905 5091; x_wconf 76' lang='lat' dir='ltr'><strong>mentum</strong></span> <span class='ocrx_word' id='word_1_562' title='bbox 920 5041 1009 5092; x_wconf 76' lang='lat' dir='ltr'><strong>borum</strong></span> <span class='ocrx_word' id='word_1_563' title='bbox 1020 5043 1045 5092; x_wconf 90' lang='lat' dir='ltr'><strong>S.</strong></span> <span class='ocrx_word' id='word_1_564' title='bbox 1060 5067 1086 5078; x_wconf 82' lang='lat'><em>-</em></span> <span class='ocrx_word' id='word_1_565' title='bbox 1106 5043 1145 5093; x_wconf 88' lang='grc'><strong>39.</strong></span> <span class='ocrx_word' id='word_1_566' title='bbox 1163 5048 1320 5105; x_wconf 73' lang='lat' dir='ltr'><strong>ceommque</strong></span> <span class='ocrx_word' id='word_1_567' title='bbox 1330 5043 1393 5091; x_wconf 93' lang='grc' dir='ltr'><strong>Τ.-</strong></span> <span class='ocrx_word' id='word_1_568' title='bbox 1413 5039 1453 5092; x_wconf 84' lang='grc'><strong>34.</strong></span> <span class='ocrx_word' id='word_1_569' title='bbox 1466 5055 1542 5094; x_wconf 83' lang='lat' dir='ltr'><strong>coeco</strong></span> 
     </span>
     <span class='ocr_line' id='line_1_51' title="bbox 214 5115 1500 5182; baseline -0.003 -12"><span class='ocrx_word' id='word_1_570' title='bbox 214 5119 243 5170; x_wconf 87' lang='lat' dir='ltr'><strong>F.</strong></span> <span class='ocrx_word' id='word_1_571' title='bbox 263 5143 290 5154; x_wconf 89' lang='lat'><em>-</em></span> <span class='ocrx_word' id='word_1_572' title='bbox 310 5115 351 5169; x_wconf 86' lang='grc'><strong>30.</strong></span> <span class='ocrx_word' id='word_1_573' title='bbox 369 5118 440 5170; x_wconf 83' lang='lat' dir='ltr'><strong>ecies</strong></span> <span class='ocrx_word' id='word_1_574' title='bbox 455 5131 487 5170; x_wconf 79' lang='lat' dir='ltr'><strong>so</strong></span> <span class='ocrx_word' id='word_1_575' title='bbox 502 5123 532 5170; x_wconf 79' lang='lat' dir='ltr'><strong>st.</strong></span> <span class='ocrx_word' id='word_1_576' title='bbox 550 5123 597 5182; x_wconf 79' lang='lat' dir='ltr'><strong>est,</strong></span> <span class='ocrx_word' id='word_1_577' title='bbox 617 5123 644 5168; x_wconf 82' lang='lat' dir='ltr'><strong>ut</strong></span> <span class='ocrx_word' id='word_1_578' title='bbox 659 5131 717 5170; x_wconf 83' lang='lat' dir='ltr'><strong>eam</strong></span> <span class='ocrx_word' id='word_1_579' title='bbox 732 5131 803 5169; x_wconf 78' lang='lat' dir='ltr'><strong>semo</strong></span> <span class='ocrx_word' id='word_1_580' title='bbox 819 5117 942 5170; x_wconf 79' lang='lat' dir='ltr'><strong>homiaem</strong></span> <span class='ocrx_word' id='word_1_581' title='bbox 957 5115 1084 5182; x_wconf 78' lang='lat' dir='ltr'><strong>appellere</strong></span> <span class='ocrx_word' id='word_1_582' title='bbox 1095 5118 1174 5180; x_wconf 76' lang='lat' dir='ltr'><strong>posse</strong></span> <span class='ocrx_word' id='word_1_583' title='bbox 1189 5117 1336 5169; x_wconf 80' lang='lat' dir='ltr'><strong>Priscianus</strong></span> <span class='ocrx_word' id='word_1_584' title='bbox 1352 5115 1395 5168; x_wconf 84' lang='lat' dir='ltr'><strong>Vl.</strong></span> <span class='ocrx_word' id='word_1_585' title='bbox 1413 5115 1442 5179; x_wconf 83' lang='lat'><strong>3,</strong></span> <span class='ocrx_word' id='word_1_586' title='bbox 1461 5117 1500 5168; x_wconf 85' lang='grc'><strong>40.</strong></span> 
     </span>
    </p>
   </div>
   <div class='ocr_carea' id='block_1_9' title="bbox 0 0 1794 5860">
    <p class='ocr_par' dir='ltr' id='par_1_9' title="bbox 0 0 1794 5860">
     <span class='ocr_line' id='line_1_52' title="bbox 0 0 1794 5860; baseline 0 0"><span class='ocrx_word' id='word_1_587' title='bbox 0 0 1794 5860; x_wconf 95' lang='lat' dir='ltr'><strong> </strong></span> 
     </span>
    </p>
   </div>
  </div>
 </body>
</html>
