3578 5862
519 452 1106 543 cn.t111-L1v.ss.ttt-tte.
1402 443 1464 512 aas

126 632 317 704 servimus,
338 635 375 694 ut
393 628 486 692 lineri
508 646 576 692 esse
598 629 768 711 possimus.
812 623 883 690 tlt.
905 624 992 703 Quid
1014 633 1077 700 est,
1107 625 1146 701 Q.
1168 625 1268 699 Naso,
1298 640 1355 688 our
1374 625 1409 684 tu
1429 617 1465 681 in

14 731 15 754 ³
126 729 203 790 isto
227 725 297 788 loco
320 723 454 787 sedeas?
476 741 558 806 quae
572 722 620 786 vis
643 729 707 798 eat,
730 743 794 807 qua
812 722 867 786 aba
883 728 914 786 te
928 721 962 785 hi
977 720 1112 795 iudices,
1135 717 1190 784 tali
1206 718 1360 801 dignitate
1374 730 1466 798 prae-

128 819 220 895 diti,
243 817 472 882 coerceantur?
505 818 569 882 Vos
591 823 713 891 autem,
734 817 872 892 iudices,
895 835 990 901 quam
1012 815 1053 878 ob
1073 833 1140 878 rem
1161 834 1202 877 ex
1219 819 1308 878 taum
1321 807 1467 874 multitu-

128 912 219 976 dine
242 912 354 976 civium
377 919 441 974 tam
463 912 555 994 pauci
578 911 618 974 de
638 912 801 976 hominum
821 910 957 976 fortunis
972 907 1160 973 sententiam
1174 908 1290 972 lertist
1312 924 1377 990 quo
1393 903 1464 966 iure

127 1005 248 1070 Attius
271 1024 353 1090 quae
374 1004 477 1068 voluit
491 1005 602 1069 dixit?
625 1025 682 1069 cur
702 1005 779 1070 mihi
800 1004 932 1070 tamdiu
951 1010 1089 1087 potestas
1105 1001 1231 1067 dicendi
1247 1001 1364 1067 daturi
1387 996 1490 1083 quito

14 1099 16 1134 l
129 1099 204 1164 sini
227 1105 334 1163 autem
355 1099 402 1161 illi
424 1099 561 1175 scribae,
590 1097 668 1182 quid
697 1098 839 1174 lictores,
868 1099 945 1182 quid
972 1097 1088 1173 ceteri,
1116 1117 1196 1183 quos
1219 1115 1369 1182 apparere
1390 1092 1466 1158 huic

130 1192 324 1279 quaestioni
345 1191 461 1267 video,
488 1192 625 1256 volunt?
658 1191 780 1276 Opinor
804 1192 883 1256 haec
910 1191 1018 1256 omnia
1039 1193 1109 1276 lege
1130 1190 1197 1256 lieri
1218 1199 1383 1273 totumque
1402 1187 1467 1252 lnoc
1542 1245 1548 1257 .

130 1288 314 1362 iudicium,
334 1293 371 1349 ut
391 1295 463 1350 anto
485 1287 567 1360 dixi,
598 1285 690 1372 quasi
712 1294 817 1352 mente
840 1287 977 1371 quadam
999 1287 1067 1370 regi
1088 1287 1168 1370 legis
1190 1293 1222 1349 et
1243 1280 1467 1350 administrari.

132 1383 229 1460 Quid
251 1384 352 1465 ergot
372 1379 452 1443 haee
473 1379 615 1463 quaestio
636 1379 706 1443 sola
726 1381 770 1445 ita
791 1381 1008 1463 guhematurt
1037 1380 1122 1457 Quid
1143 1383 1186 1445 Μ.
1207 1379 1357 1444 Plaetorii
1377 1383 1411 1440 et
1432 1374 1465 1437 C.

14 1495 15 1512 ,
131 1478 291 1543 Flaminii
312 1478 395 1540 inter
416 1473 572 1538 sicarios?
595 1474 672 1558 quid
695 1474 728 1538 C.
743 1473 885 1540 Orchivii
905 1476 1097 1558 peculatus?
1121 1474 1198 1560 quid
1220 1471 1351 1536 moade
1373 1476 1503 1554 pecu-⁴⁰

132 1573 207 1637 niis
228 1569 436 1657 repetundis?
459 1569 537 1652 quid
554 1568 589 1631 C.
604 1569 740 1652 Aquilii,
762 1569 847 1652 apud
870 1589 963 1652 quem
985 1589 1069 1632 nunc
1083 1568 1123 1631 de
1138 1567 1259 1632 ambitu
1273 1585 1369 1631 causa
1389 1561 1467 1624 dici·

136 1670 221 1732 tur?
244 1665 319 1751 quid
341 1663 482 1747 reliquae
497 1662 724 1744 quaestiones?
748 1662 983 1746 circumspicite
997 1681 1108 1727 omnes
1123 1661 1169 1726 rei
1186 1660 1333 1744 publicae
1347 1660 1467 1741 partes:

136 1760 250 1826 omnia
277 1759 383 1841 legum
410 1757 544 1840 imperio
573 1763 605 1820 et
633 1756 827 1841 praescripto
848 1756 918 1822 fieri
938 1755 1095 1822 videbitis.
1139 1751 1210 1818 tls.
1233 1755 1266 1818 Si
1288 1752 1361 1838 quis
1382 1747 1468 1833 apud

14 1883 15 1908 2
137 1875 211 1929 me,
234 1856 270 1918 Τ.
291 1853 374 1927 Atti,
404 1860 436 1916 te
458 1871 547 1914 reum
567 1852 645 1914 velit
665 1850 783 1927 lacere,
810 1852 926 1916 clames
947 1861 979 1915 te
1001 1852 1072 1934 lege
1092 1849 1299 1935 pecuniarum
1320 1852 1469 1930 repetun-

14 1973 17 2004 ι
139 1948 255 2012 darum
276 1966 342 2010 non
364 1945 474 2010 teneti.
509 1946 620 2030 Neque
641 1944 720 2008 haec
742 1952 798 2010 tua
819 1947 974 2011 recusatio
997 1945 1155 2011 confessio
1177 1943 1220 2008 sit
1241 1948 1350 2026 captae
1371 1945 1508 2024 pecu-⁴⁵

138 2043 236 2115 niae,
267 2039 322 2104 sed
350 2040 468 2104 laboris
497 2046 530 2102 et
558 2039 691 2122 periculi
712 2060 778 2103 non
800 2041 931 2124 legitimi
954 2040 1136 2104 declinatio.
1179 2038 1257 2102 LIV.
1279 2039 1368 2100 Nunc
1389 2031 1467 2116 quid

14 2169 17 2198 t
140 2143 262 2218 agatur.
286 2141 318 2198 et
345 2133 422 2217 quid
452 2133 506 2197 ahs
534 2141 565 2197 te
595 2133 674 2196 iuris
696 2135 906 2198 constituatur
926 2135 1009 2199 vido.
1052 2134 1143 2198 lubet
1163 2134 1217 2196 lex
1237 2151 1292 2206 ea,
1313 2149 1377 2213 qua
1397 2126 1468 2209 lege

141 2229 225 2294 haec
247 2229 391 2311 qtmestio
410 2229 580 2292 constituta
594 2235 660 2302 est,
682 2227 819 2293 iudicem
834 2229 1046 2313 quaestionis,
1067 2228 1208 2303 honest,
1230 2225 1268 2302 Q.
1284 2223 1469 2320 Voeonium,
1594 2183 1622 2276 b

141 2343 216 2387 cnm
240 2321 280 2384 iis
301 2321 477 2398 iudicibus,
499 2323 555 2407 qui
578 2323 608 2386 ei
631 2322 878 2387 obvenerint-
899 2344 955 2387 vos
977 2323 1131 2408 appellat,
1152 2320 1274 2386 iudices
1292 2351 1349 2395 -,
1372 2335 1469 2402 quae·

14 2423 15 2428 ’
141 2435 215 2480 rere
237 2415 276 2478 de
298 2434 432 2479 veneno.
465 2417 501 2478 lo
523 2435 618 2500 wem
640 2420 817 2499 quaereret
839 2415 1003 2482 Infinitum
1025 2424 1083 2480 est.
1112 2415 1304 2492 Qvncvuorn
1325 2419 1508 2485 aecumst)

141 2529 352 2585 munionem,
374 2527 512 2584 rusam,
542 2529 717 2585 uramur,
740 2531 887 2574 nanuum.
920 2511 1005 2587 Quid
1027 2510 1138 2576 eodem
1158 2511 1211 2574 lex
1232 2509 1336 2574 statim
1358 2506 1471 2572 adiun-

143 2606 215 2688 git?
244 2604 363 2668 Recita.
396 2606 508 2679 Duovu
531 2625 600 2668 aras
623 2625 735 2668 curura
758 2625 926 2680 ovanrmo.
963 2605 1083 2669 Cuius?
1110 2606 1166 2688 qui
1188 2603 1324 2668 coierit?
1354 2621 1470 2665 conve-

143 2699 252 2763 nerit?
287 2701 356 2762 Non
378 2701 421 2762 ita
444 2707 501 2764 est.
540 2699 625 2776 Quid
648 2719 723 2783 ergo
745 2703 819 2763 estt
848 2701 909 2764 dio.
946 2699 1010 2775 Qvi
1032 2719 1181 2764 nmravs
1203 2717 1338 2764 umarus
1359 2714 1470 2762 uncio·

142 2810 232 2856 mers
255 2810 420 2867 ρωποι
433 2811 554 2868 neruus,
577 2811 671 2867 ovrvu
687 2811 860 2868 ovassron,
875 2813 1026 2858 rsravuvs
1040 2814 1160 2858 rusum.
1183 2792 1342 2877 Deinceps
1358 2811 1468 2858 omnes

143 2888 342 2970 magistratus
362 2887 548 2952 nominavit.
580 2907 674 2961 ovare
697 2906 730 2951 ut
745 2906 863 2951 susara
878 2906 1077 2952 srurnurrau
1099 2907 1188 2952 nrxrr
1210 2907 1350 2952 nmsarr.
1383 2885 1506 2962 Quidat

144 2984 231 3044 tum?
265 3001 319 3055 ova
345 2999 453 3044 noenu
479 3000 551 3044 corr
581 2999 725 3055 comam,
750 2999 905 3045 comeum
926 3001 1140 3059 comeretur,
1170 2983 1327 3058 crotous
1348 2999 1468 3050 rvnrcro

144 3091 275 3140 nvnnrco
298 3093 577 3138 counnuuarurvn.
613 3074 696 3149 uQui
717 3093 842 3138 eorum»
861 3107 903 3122 -
917 3075 1083 3152 Quorum?
1106 3077 1276 3151 Videlicet,
1298 3074 1355 3159 qui
1373 3093 1469 3159 supra

146 3168 251 3250 scripti
280 3176 362 3242 sunt.
403 3166 488 3243 Quid
517 3169 658 3242 intersit,
689 3175 757 3232 utro
787 3167 882 3232 modo
905 3171 1058 3254 scriptum
1079 3172 1136 3246 sit,
1164 3172 1224 3235 etsi
1245 3178 1294 3236 est
1314 3177 1468 3254 apertum,

146 3263 213 3344 ipsa
234 3270 340 3324 tamen
360 3260 414 3324 lex
435 3280 493 3324 nos
515 3261 616 3324 docet
643 3260 702 3323 Ubi
718 3261 926 3325 enimomnes
942 3263 1229 3346 mortalesalligat,
1251 3262 1296 3326 ita
1309 3263 1468 3346 loquitur:

148 3373 199 3427 ori
219 3371 367 3418 vnuuuvu
389 3374 498 3418 uanvu
521 3373 613 3418 rrcrr
635 3373 777 3418 nncnmr.
821 3354 939 3419 Omnes
961 3357 1039 3430 viri,
1069 3356 1232 3431 mulieres,
1254 3355 1362 3429 liberi,
1385 3355 1507 3420 servito

148 3448 180 3510 in
200 3447 353 3512 iudicium
374 3456 537 3532 vocantur.
571 3449 604 3512 Si
625 3448 711 3512 idem
734 3448 773 3511 de
788 3449 928 3513 coitione
943 3449 1113 3525 voluisset,
1135 3449 1350 3514 adiunxisset:
1373 3467 1468 3523 ouva
1613 3445 1643 3548 Ζ

149 3561 280 3606 coruum.
312 3543 402 3605 Nunc
430 3543 475 3604 ita
501 3549 566 3606 est:
595 3561 701 3616 onore
729 3562 799 3606 srva
831 3561 942 3607 curura
965 3563 1141 3620 ovaramo,
1169 3565 1225 3619 ori
1245 3561 1469 3609 naorsruarvu

149 3655 304 3700 nsevnarr
333 3655 404 3699 ruva
435 3655 554 3700 snuurv
583 3657 779 3702 snursurtau
810 3657 959 3700 nrxunrr:
1002 3658 1056 3712 ovi
1091 3657 1196 3704 nonve
1226 3657 1298 3703 corr
1332 3657 1470 3702 cornum.

150 3726 217 3794 tte.
237 3731 319 3794 Num
347 3731 375 3794 is
403 3737 451 3794 est
482 3731 669 3797 Cluentius?
703 3733 794 3796 Certe
823 3752 888 3796 non
918 3739 976 3796 est.
1009 3732 1089 3808 Quis
1112 3751 1187 3816 crgo
1211 3739 1259 3796 est
1280 3732 1468 3797 Cluentius?
1599 3693 1631 3814 4

150 3825 209 3901 Qui
229 3831 335 3888 minen
357 3823 484 3888 defendi
507 3845 633 3890 canem
654 3845 744 3890 suam
766 3826 836 3910 lege
859 3827 972 3890 noluit.
1004 3815 1117 3912 ltaque
1132 3827 1245 3891 abiicio
1260 3826 1379 3910 legem,
1401 3839 1505 3892 moto

90 3927 99 3942 '
150 3939 212 3983 rom
233 3918 377 3984 Cluentio
398 3938 493 4001 κοῖος
521 3920 578 3983 tibi
601 3927 725 3996 umen,
752 3922 834 3996 Atti,
866 3941 984 4005 pauca,
1012 3941 1095 4004 quae
1123 3922 1164 3985 ab
1184 3920 1280 3986 huius
1302 3941 1398 3987 causa
1419 3941 1468 3985 sa-

151 4113 463 4178 mocissenorum
483 4115 548 4166 acret
568 4110 810 4166 summitati&
831 4141 858 4152 -
886 4114 1001 4180 loom]
1019 4116 1129 4178 qaodP.
1149 4141 1176 4152 ·-
1195 4117 1286 4168 intuto
1302 4117 1364 4183 tooo]
1380 4119 1408 4169 io
1424 4119 1469 4172 loc

151 4196 214 4242 secto
228 4191 281 4241 loco
297 4191 331 4242 ll.
352 4217 380 4228 -
404 4190 428 4240 3.
446 4189 526 4254 wate]
544 4195 597 4240 tom
611 4203 707 4256 empna
723 4187 778 4241 Η.
799 4217 825 4227 -
844 4192 869 4241 c.
887 4191 968 4242 Attius
982 4190 1065 4242 habet
1081 4194 1109 4242 P.
1130 4219 1157 4229 -
1176 4192 1272 4244 duem
1284 4199 1394 4258 potestas
1409 4195 1466 4246 TL.

152 4267 252 4330 (deaut
269 4266 307 4329 P.)
327 4292 354 4304 -
373 4264 397 4316 c.
414 4264 522 4315 ttltom.
541 4265 595 4316 ST.
614 4287 644 4302 -
668 4265 692 4317 8.
711 4265 901 4316 cotePSTO:
925 4269 1000 4316 antec
1017 4263 1128 4318 ΒΑΗ.
1149 4293 1176 4302 -
1201 4273 1306 4319 menum
1323 4271 1350 4320 P.
1370 4295 1398 4306 -
1417 4269 1469 4334 laps

151 4343 247 4407 τιμίω
264 4341 320 4405 rapt
336 4339 398 4403 (om.
416 4339 484 4404 tacis)
502 4335 526 4390 l.
546 4364 574 4375 -
593 4339 617 4390 9.
635 4353 696 4404 erpo
713 4341 799 4391 PST:
821 4353 881 4405 erqo
897 4345 932 4391 est
948 4338 1092 4392 annac.
1113 4369 1141 4378 -
1156 4343 1263 4406 preton't
1280 4345 1305 4394 S.
1325 4369 1352 4380 ·-
1371 4349 1396 4396 ct
1412 4356 1466 4396 om,
1509 4403 1511 4406 .

152 4418 200 4467 st.
222 4415 296 4468 cont.
314 4415 338 4480 ἕ.
352 4415 409 4466 ⁴26.
430 4442 458 4452 -
482 4415 523 4465 to.
542 4415 568 4466 0.
587 4415 696 4466 Orctttott'
712 4415 778 4465 Tu:
798 4415 945 4466 coactam
961 4417 992 4476 P;
1017 4415 1043 4466 0.
1061 4417 1197 4478 omitte&
1217 4418 1243 4469 G.
1263 4419 1373 4470 Orcttnta'
1389 4421 1467 4472 ΚΑΙ.

153 4488 201 4544 to.
218 4490 292 4543 Cont.
308 4489 332 4554 S.
351 4489 392 4541 et.
405 4517 433 4528 -
454 4483 594 4552 ttstaqattt
610 4491 671 4542 Pu.
688 4517 722 4527 -
741 4491 772 4540 de
788 4489 892 4552 amove]
906 4489 1014 4542 uerbum
1030 4491 1089 4550 SP3
1107 4492 1137 4542 de
1152 4492 1259 4544 cottus
1275 4490 1302 4545 u.
1326 4495 1401 4547 cont.
1418 4508 1467 4560 pro

152 4567 228 4618 seatio
244 4565 269 4630 5.
282 4566 322 4617 ts.
336 4591 364 4601 -
383 4566 424 4616 te.
442 4565 642 4628 rettquoesttooes
658 4566 686 4616 P.
700 4590 727 4601 -
747 4564 787 4615 ⁴3.
804 4565 969 4628 manceps]
984 4565 1110 4627 prosae
1122 4567 1178 4616 ΡΑ.
1190 4594 1218 4604 -
1236 4567 1355 4634 Μηνᾶ
1371 4571 1389 4621 1²
1397 4571 1466 4626 llo:

153 4641 284 4703 pua-
303 4639 343 4692 u.
365 4640 569 4691 P.AccttcsP:
586 4636 1080 4692 teP.AcctltAthO.-tt.etST:
1098 4639 1338 4694 aduluto-
1358 4644 1470 4708 nomm

153 4718 174 4766 s.
188 4743 213 4754 -
230 4715 271 4766 t8.
286 4715 419 4766 Voconium
434 4716 593 4766 contessum
607 4729 666 4768 meo
680 4715 718 4766 tte
732 4715 785 4764 iud.
798 4716 824 4764 S.
839 4740 867 4751 -
886 4715 926 4765 49.
944 4714 1075 4776 coropcttot
1089 4716 1119 4764 A.
1134 4739 1161 4751 -·
1181 4716 1222 4766 at.
1240 4718 1326 4768 mett
1341 4730 1395 4768 om.
1414 4719 1468 4770 ST.

155 4791 228 4841 dl.
246 4789 507 4854 pneuma·
526 4786 840 4853 laqueatorum.-
859 4789 1320 4852 detestatumque,
1338 4793 1470 4844 madoco

154 4865 237 4917 tarde
253 4865 507 4916 sueconleeturaO.
523 4891 550 4902 -
564 4865 634 4928 qaae]
650 4866 786 4927 quasue.
800 4889 827 4901 -·
846 4864 949 4916 necuit
964 4864 1115 4916 stulta:
1133 4865 1292 4926 omanem
1310 4867 1411 4917 itemv.
1425 4866 1466 4918 33.

157 4969 180 4978 -
195 4941 233 4992 tt.
251 4941 348 4991 intersit
363 4941 421 4990 ST:
448 4941 548 4992 intereat
564 4939 709 4994 flattu.
729 4965 756 4976 -
778 4944 931 5002 compertum
947 4941 1008 4990 Pu.
1028 4965 1055 4976 -
1074 4941 1115 4991 29.
1133 4941 1190 5004 ipsa
1205 4946 1288 4992 tame
1304 4941 1321 4990 t.
1339 4954 1384 4991 noa
1400 4941 1470 4992 docet

156 5017 205 5067 ST:
222 5015 410 5079 tumuisset.
429 5016 641 5079 docaetommost
659 5013 845 5068 mdo.-
864 5015 905 5067 3⁴.
922 5015 1063 5065 tdeaST:
1080 5012 1340 5068 multuo-
1359 5014 1469 5068 ittam

157 5092 206 5142 Tu:
223 5092 250 5141 tn
267 5092 296 5150 ὃς
315 5092 387 5153 qutoe
402 5091 429 5140 to
445 5089 593 5145 nauso.
609 5116 638 5129 -
655 5089 695 5142 at.
715 5092 790 5142 Prius
805 5093 842 5140 est
857 5101 910 5140 om.
925 5090 953 5140 T.
968 5115 995 5124 -
1014 5089 1139 5140 casem
1155 5091 1250 5142 oml'.
1264 5116 1291 5126 -
1310 5091 1390 5142 adult
1404 5092 1464 5144 PL:

113 5233 119 5244 ἱ
157 5163 364 5222 manante.
382 5164 569 5234 costae·-
589 5164 769 5222 oltm'oTFlt.
790 5191 816 5204 -
836 5164 877 5217 36.
895 5165 987 5235 ταωνι]
1003 5166 1146 5224 tcome.
