<?xml version="1.0" encoding="UTF-8"?>
<!DOCTYPE html PUBLIC "-//W3C//DTD XHTML 1.0 Transitional//EN"
    "http://www.w3.org/TR/xhtml1/DTD/xhtml1-transitional.dtd">
<html xmlns="http://www.w3.org/1999/xhtml" xml:lang="en" lang="en">
 <head>
  <title>
</title>
<meta http-equiv="Content-Type" content="text/html;charset=utf-8" />
  <meta name='ocr-system' content='tesseract 3.04.00' />
  <meta name='ocr-capabilities' content='ocr_page ocr_carea ocr_par ocr_line ocrx_word'/>
</head>
<body>
  <div class='ocr_page' id='page_1' title='image "./mtulliiciceroni00baitgoog_0397.png"; bbox 0 0 3642 5862; ppageno 0'>
   <div class='ocr_carea' id='block_1_1' title="bbox 500 405 1531 500">
    <p class='ocr_par' dir='ltr' id='par_1_1' title="bbox 500 405 1531 500">
     <span class='ocr_line' id='line_1_1' title="bbox 500 405 1531 500; baseline -0.006 -21"><span class='ocrx_word' id='word_1_1' title='bbox 500 415 569 481; x_wconf 79' lang='lat' dir='ltr'><strong>nn.</strong></span> <span class='ocrx_word' id='word_1_2' title='bbox 591 415 645 483; x_wconf 90' lang='lat' dir='ltr'><strong>rv.</strong></span> <span class='ocrx_word' id='word_1_3' title='bbox 667 414 743 480; x_wconf 73' lang='lat' dir='ltr'><strong>cn.</strong></span> <span class='ocrx_word' id='word_1_4' title='bbox 765 413 983 481; x_wconf 84' lang='lat' dir='ltr'><strong>nvn-ux.</strong></span> <span class='ocrx_word' id='word_1_5' title='bbox 1003 409 1061 500; x_wconf 72' lang='lat' dir='ltr'><strong>cp.</strong></span> <span class='ocrx_word' id='word_1_6' title='bbox 1083 407 1269 480; x_wconf 79' lang='grc'><strong>444-444.</strong></span> <span class='ocrx_word' id='word_1_7' title='bbox 1475 405 1531 475; x_wconf 87' lang='lat' dir='ltr'><strong>arr</strong></span> 
     </span>
    </p>
   </div>
   <div class='ocr_carea' id='block_1_2' title="bbox 210 581 1713 3685">
    <p class='ocr_par' dir='ltr' id='par_1_2' title="bbox 210 581 1713 3685">
     <span class='ocr_line' id='line_1_2' title="bbox 213 581 1539 671; baseline -0.001 -21"><span class='ocrx_word' id='word_1_8' title='bbox 213 583 314 660; x_wconf 93' lang='lat' dir='ltr'><strong>enim,</strong></span> <span class='ocrx_word' id='word_1_9' title='bbox 337 584 425 668; x_wconf 91' lang='lat' dir='ltr'><strong>quod</strong></span> <span class='ocrx_word' id='word_1_10' title='bbox 447 583 597 671; x_wconf 89' lang='lat' dir='ltr'><strong>seriptum</strong></span> <span class='ocrx_word' id='word_1_11' title='bbox 620 591 669 650; x_wconf 90' lang='lat' dir='ltr'><strong>est</strong></span> <span class='ocrx_word' id='word_1_12' title='bbox 690 585 776 650; x_wconf 88' lang='lat' dir='ltr'><strong>inani</strong></span> <span class='ocrx_word' id='word_1_13' title='bbox 798 585 832 648; x_wconf 92' lang='lat' dir='ltr'><strong>in</strong></span> <span class='ocrx_word' id='word_1_14' title='bbox 847 584 934 660; x_wconf 91' lang='lat' dir='ltr'><strong>basi,</strong></span> <span class='ocrx_word' id='word_1_15' title='bbox 947 581 1113 662; x_wconf 79' lang='lat' dir='ltr'><strong>declarat,</strong></span> <span class='ocrx_word' id='word_1_16' title='bbox 1135 585 1211 670; x_wconf 90' lang='lat' dir='ltr'><strong>quid</strong></span> <span class='ocrx_word' id='word_1_17' title='bbox 1226 581 1337 660; x_wconf 75' lang='lat' dir='ltr'><strong>buerit,</strong></span> <span class='ocrx_word' id='word_1_18' title='bbox 1359 591 1391 649; x_wconf 91' lang='lat' dir='ltr'><strong>et</strong></span> <span class='ocrx_word' id='word_1_19' title='bbox 1406 584 1439 649; x_wconf 93' lang='lat' dir='ltr'><strong>id</strong></span> <span class='ocrx_word' id='word_1_20' title='bbox 1453 585 1539 650; x_wconf 87' lang='lat' dir='ltr'><strong>abla-</strong></span> 
     </span>
     <span class='ocr_line' id='line_1_3' title="bbox 211 678 1539 764; baseline -0.001 -21"><span class='ocrx_word' id='word_1_21' title='bbox 211 685 279 744; x_wconf 90' lang='lat' dir='ltr'><strong>tum</strong></span> <span class='ocrx_word' id='word_1_22' title='bbox 302 678 431 744; x_wconf 90' lang='lat' dir='ltr'><strong>indicat.</strong></span> <span class='ocrx_word' id='word_1_23' title='bbox 465 679 573 756; x_wconf 81' lang='lat' dir='ltr'><strong>Quidr</strong></span> <span class='ocrx_word' id='word_1_24' title='bbox 595 680 720 763; x_wconf 71' lang='lat' dir='ltr'><strong>signum</strong></span> <span class='ocrx_word' id='word_1_25' title='bbox 733 679 866 744; x_wconf 88' lang='lat' dir='ltr'><strong>Paeanis</strong></span> <span class='ocrx_word' id='word_1_26' title='bbox 889 699 929 742; x_wconf 80' lang='lat' dir='ltr'><strong>ex</strong></span> <span class='ocrx_word' id='word_1_27' title='bbox 944 678 1023 744; x_wconf 90' lang='lat' dir='ltr'><strong>aede</strong></span> <span class='ocrx_word' id='word_1_28' title='bbox 1038 679 1218 764; x_wconf 80' lang='lat' dir='ltr'><strong>Aesculapii</strong></span> <span class='ocrx_word' id='word_1_29' title='bbox 1232 678 1394 764; x_wconf 87' lang='lat' dir='ltr'><strong>praeclare</strong></span> <span class='ocrx_word' id='word_1_30' title='bbox 1411 679 1539 756; x_wconf 81' lang='lat' dir='ltr'><strong>iactum,</strong></span> 
     </span>
     <span class='ocr_line' id='line_1_4' title="bbox 212 773 1541 859; baseline -0.001 -21"><span class='ocrx_word' id='word_1_31' title='bbox 212 794 336 838; x_wconf 87' lang='lat' dir='ltr'><strong>sacrum</strong></span> <span class='ocrx_word' id='word_1_32' title='bbox 357 794 393 836; x_wconf 92' lang='lat' dir='ltr'><strong>ac</strong></span> <span class='ocrx_word' id='word_1_33' title='bbox 415 773 616 858; x_wconf 79' lang='lat' dir='ltr'><strong>religIosum,</strong></span> <span class='ocrx_word' id='word_1_34' title='bbox 645 795 711 838; x_wconf 90' lang='lat' dir='ltr'><strong>non</strong></span> <span class='ocrx_word' id='word_1_35' title='bbox 733 774 915 838; x_wconf 74' lang='lat' dir='ltr'><strong>sustulisti?</strong></span> <span class='ocrx_word' id='word_1_36' title='bbox 945 773 1030 859; x_wconf 93' lang='lat' dir='ltr'><strong>quod</strong></span> <span class='ocrx_word' id='word_1_37' title='bbox 1052 794 1162 837; x_wconf 92' lang='lat' dir='ltr'><strong>omnes</strong></span> <span class='ocrx_word' id='word_1_38' title='bbox 1184 780 1312 859; x_wconf 90' lang='lat' dir='ltr'><strong>propter</strong></span> <span class='ocrx_word' id='word_1_39' title='bbox 1332 775 1541 859; x_wconf 91' lang='lat' dir='ltr'><strong>pulchritudi-</strong></span> 
     </span>
     <span class='ocr_line' id='line_1_5' title="bbox 211 861 1541 954; baseline -0.001 -22"><span class='ocrx_word' id='word_1_40' title='bbox 211 889 285 933; x_wconf 88' lang='lat' dir='ltr'><strong>nem</strong></span> <span class='ocrx_word' id='word_1_41' title='bbox 313 868 435 944; x_wconf 82' lang='lat' dir='ltr'><strong>risere,</strong></span> <span class='ocrx_word' id='word_1_42' title='bbox 467 877 596 954; x_wconf 88' lang='lat' dir='ltr'><strong>propter</strong></span> <span class='ocrx_word' id='word_1_43' title='bbox 623 869 810 952; x_wconf 78' lang='lat' dir='ltr'><strong>religionem</strong></span> <span class='ocrx_word' id='word_1_44' title='bbox 840 867 943 932; x_wconf 90' lang='lat' dir='ltr'><strong>colere</strong></span> <span class='ocrx_word' id='word_1_45' title='bbox 970 867 1123 932; x_wconf 87' lang='lat' dir='ltr'><strong>solebant</strong></span> <span class='ocrx_word' id='word_1_46' title='bbox 1168 861 1239 931; x_wconf 72' lang='grc'><strong>438.</strong></span> <span class='ocrx_word' id='word_1_47' title='bbox 1263 867 1368 945; x_wconf 86' lang='lat' dir='ltr'><strong>Quid‘l</strong></span> <span class='ocrx_word' id='word_1_48' title='bbox 1401 889 1442 932; x_wconf 83' lang='lat' dir='ltr'><strong>ex</strong></span> <span class='ocrx_word' id='word_1_49' title='bbox 1463 867 1541 932; x_wconf 89' lang='lat' dir='ltr'><strong>aede</strong></span> 
     </span>
     <span class='ocr_line' id='line_1_6' title="bbox 211 960 1565 1047; baseline -0.001 -21"><span class='ocrx_word' id='word_1_50' title='bbox 211 963 320 1027; x_wconf 78' lang='lat' dir='ltr'><strong>Liberi</strong></span> <span class='ocrx_word' id='word_1_51' title='bbox 343 963 545 1027; x_wconf 82' lang='lat' dir='ltr'><strong>simulacrum</strong></span> <span class='ocrx_word' id='word_1_52' title='bbox 566 964 703 1028; x_wconf 87' lang='lat' dir='ltr'><strong>Aristaei</strong></span> <span class='ocrx_word' id='word_1_53' title='bbox 725 984 788 1028; x_wconf 92' lang='lat' dir='ltr'><strong>non</strong></span> <span class='ocrx_word' id='word_1_54' title='bbox 811 970 867 1027; x_wconf 91' lang='lat' dir='ltr'><strong>tuo</strong></span> <span class='ocrx_word' id='word_1_55' title='bbox 889 963 1024 1047; x_wconf 92' lang='lat' dir='ltr'><strong>imperio</strong></span> <span class='ocrx_word' id='word_1_56' title='bbox 1046 961 1149 1047; x_wconf 90' lang='lat' dir='ltr'><strong>palam</strong></span> <span class='ocrx_word' id='word_1_57' title='bbox 1172 961 1310 1026; x_wconf 87' lang='lat' dir='ltr'><strong>ablatum</strong></span> <span class='ocrx_word' id='word_1_58' title='bbox 1334 967 1402 1028; x_wconf 83' lang='lat' dir='ltr'><strong>estt</strong></span> <span class='ocrx_word' id='word_1_59' title='bbox 1435 960 1565 1038; x_wconf 73' lang='lat' dir='ltr'><strong>Quinto</strong></span> 
     </span>
     <span class='ocr_line' id='line_1_7' title="bbox 211 1033 1713 1214; baseline -0.004 -92"><span class='ocrx_word' id='word_1_60' title='bbox 211 1077 253 1122; x_wconf 85' lang='lat' dir='ltr'><strong>ex</strong></span> <span class='ocrx_word' id='word_1_61' title='bbox 274 1058 354 1122; x_wconf 89' lang='lat' dir='ltr'><strong>aede</strong></span> <span class='ocrx_word' id='word_1_62' title='bbox 375 1057 460 1121; x_wconf 86' lang='lat' dir='ltr'><strong>Iovis</strong></span> <span class='ocrx_word' id='word_1_63' title='bbox 482 1039 1071 1214; x_wconf 50' lang='lat' dir='ltr'><strong>religiosissimumqsimulacrumIIoris</strong></span> <span class='ocrx_word' id='word_1_64' title='bbox 1086 1055 1300 1140; x_wconf 89' lang='lat' dir='ltr'><strong>Imperatoris,</strong></span> <span class='ocrx_word' id='word_1_65' title='bbox 1324 1078 1416 1141; x_wconf 80' lang='lat' dir='ltr'><strong>quem</strong></span> <span class='ocrx_word' id='word_1_66' title='bbox 1432 1055 1542 1119; x_wconf 87' lang='lat' dir='ltr'><strong>Gracci</strong></span> <span class='ocrx_word' id='word_1_67' title='bbox 1638 1033 1713 1144; x_wconf 29' lang='lat' dir='ltr'><strong>rtis</strong></span> 
     </span>
     <span class='ocr_line' id='line_1_8' title="bbox 210 1129 1543 1236; baseline -0.001 -22"><span class='ocrx_word' id='word_1_68' title='bbox 210 1151 309 1216; x_wconf 90' lang='lat' dir='ltr'><strong>Urion</strong></span> <span class='ocrx_word' id='word_1_69' title='bbox 331 1129 514 1231; x_wconf 85' lang='lat' dir='ltr'><strong>nominant)</strong></span> <span class='ocrx_word' id='word_1_70' title='bbox 533 1151 743 1236; x_wconf 84' lang='lat' dir='ltr'><strong>pulcherrime</strong></span> <span class='ocrx_word' id='word_1_71' title='bbox 779 1159 901 1225; x_wconf 91' lang='lat' dir='ltr'><strong>aetum,</strong></span> <span class='ocrx_word' id='word_1_72' title='bbox 927 1171 1033 1214; x_wconf 92' lang='lat' dir='ltr'><strong>nonne</strong></span> <span class='ocrx_word' id='word_1_73' title='bbox 1055 1150 1234 1214; x_wconf 71' lang='lat' dir='ltr'><strong>abstulisti?</strong></span> <span class='ocrx_word' id='word_1_74' title='bbox 1272 1151 1379 1226; x_wconf 84' lang='lat' dir='ltr'><strong>Quidt</strong></span> <span class='ocrx_word' id='word_1_75' title='bbox 1402 1171 1444 1214; x_wconf 85' lang='lat' dir='ltr'><strong>ex</strong></span> <span class='ocrx_word' id='word_1_76' title='bbox 1464 1151 1543 1214; x_wconf 91' lang='lat' dir='ltr'><strong>aede</strong></span> 
     </span>
     <span class='ocr_line' id='line_1_9' title="bbox 211 1243 1544 1329; baseline 0.001 -22"><span class='ocrx_word' id='word_1_77' title='bbox 211 1245 346 1308; x_wconf 78' lang='lat' dir='ltr'><strong>Liberae</strong></span> <span class='ocrx_word' id='word_1_78' title='bbox 367 1243 392 1326; x_wconf 84' lang='lat'>†</span> <span class='ocrx_word' id='word_1_79' title='bbox 414 1245 560 1310; x_wconf 88' lang='lat' dir='ltr'><strong>Parinum</strong></span> <span class='ocrx_word' id='word_1_80' title='bbox 592 1254 687 1329; x_wconf 91' lang='lat' dir='ltr'><strong>caput</strong></span> <span class='ocrx_word' id='word_1_81' title='bbox 715 1244 793 1309; x_wconf 92' lang='lat' dir='ltr'><strong>illud</strong></span> <span class='ocrx_word' id='word_1_82' title='bbox 818 1245 1084 1329; x_wconf 89' lang='lat' dir='ltr'><strong>pulcherrimum,</strong></span> <span class='ocrx_word' id='word_1_83' title='bbox 1119 1246 1207 1328; x_wconf 93' lang='lat' dir='ltr'><strong>quod</strong></span> <span class='ocrx_word' id='word_1_84' title='bbox 1228 1245 1331 1309; x_wconf 84' lang='lat' dir='ltr'><strong>risere</strong></span> <span class='ocrx_word' id='word_1_85' title='bbox 1354 1245 1544 1319; x_wconf 84' lang='lat' dir='ltr'><strong>solebamus,</strong></span> 
     </span>
     <span class='ocr_line' id='line_1_10' title="bbox 211 1339 1545 1425; baseline -0.003 -21"><span class='ocrx_word' id='word_1_86' title='bbox 211 1359 287 1404; x_wconf 92' lang='lat' dir='ltr'><strong>num</strong></span> <span class='ocrx_word' id='word_1_87' title='bbox 318 1339 469 1404; x_wconf 74' lang='lat' dir='ltr'><strong>dubitasti</strong></span> <span class='ocrx_word' id='word_1_88' title='bbox 498 1340 633 1404; x_wconf 82' lang='lat' dir='ltr'><strong>tolleret</strong></span> <span class='ocrx_word' id='word_1_89' title='bbox 669 1341 775 1425; x_wconf 89' lang='lat' dir='ltr'><strong>Atque</strong></span> <span class='ocrx_word' id='word_1_90' title='bbox 804 1340 859 1403; x_wconf 91' lang='lat' dir='ltr'><strong>ille</strong></span> <span class='ocrx_word' id='word_1_91' title='bbox 889 1340 994 1403; x_wconf 91' lang='lat' dir='ltr'><strong>Paean</strong></span> <span class='ocrx_word' id='word_1_92' title='bbox 1025 1339 1187 1403; x_wconf 78' lang='lat' dir='ltr'><strong>sacrifictis</strong></span> <span class='ocrx_word' id='word_1_93' title='bbox 1209 1340 1430 1404; x_wconf 77' lang='lat' dir='ltr'><strong>anniversariis</strong></span> <span class='ocrx_word' id='word_1_94' title='bbox 1452 1339 1545 1401; x_wconf 91' lang='lat' dir='ltr'><strong>simul</strong></span> 
     </span>
     <span class='ocr_line' id='line_1_11' title="bbox 212 1429 1582 1518; baseline 0 -22"><span class='ocrx_word' id='word_1_95' title='bbox 212 1455 284 1498; x_wconf 90' lang='lat' dir='ltr'><strong>cum</strong></span> <span class='ocrx_word' id='word_1_96' title='bbox 306 1433 496 1518; x_wconf 82' lang='lat' dir='ltr'><strong>Aesculapio</strong></span> <span class='ocrx_word' id='word_1_97' title='bbox 518 1432 603 1518; x_wconf 93' lang='lat' dir='ltr'><strong>apud</strong></span> <span class='ocrx_word' id='word_1_98' title='bbox 624 1433 695 1498; x_wconf 94' lang='lat' dir='ltr'><strong>illos</strong></span> <span class='ocrx_word' id='word_1_99' title='bbox 718 1434 897 1498; x_wconf 82' lang='lat' dir='ltr'><strong>colebatur:</strong></span> <span class='ocrx_word' id='word_1_100' title='bbox 930 1435 1109 1508; x_wconf 79' lang='lat' dir='ltr'><strong>Aristaeus,</strong></span> <span class='ocrx_word' id='word_1_101' title='bbox 1137 1434 1190 1518; x_wconf 90' lang='lat' dir='ltr'><strong>qui</strong></span> <span class='ocrx_word' id='word_1_102' title='bbox 1220 1429 1267 1518; x_wconf 87' lang='lat' dir='ltr'><strong>[ut</strong></span> <span class='ocrx_word' id='word_1_103' title='bbox 1297 1434 1408 1497; x_wconf 88' lang='lat' dir='ltr'><strong>Graeci</strong></span> <span class='ocrx_word' id='word_1_104' title='bbox 1429 1434 1582 1508; x_wconf 69' lang='lat' dir='ltr'><strong>serenato</strong></span> 
     </span>
     <span class='ocr_line' id='line_1_12' title="bbox 211 1523 1545 1612; baseline 0.001 -21"><span class='ocrx_word' id='word_1_105' title='bbox 211 1529 318 1594; x_wconf 86' lang='lat' dir='ltr'><strong>Liberi</strong></span> <span class='ocrx_word' id='word_1_106' title='bbox 339 1523 449 1612; x_wconf 59' lang='lat' dir='ltr'><strong>filiun]</strong></span> <span class='ocrx_word' id='word_1_107' title='bbox 475 1529 627 1592; x_wconf 88' lang='lat' dir='ltr'><strong>inventor</strong></span> <span class='ocrx_word' id='word_1_108' title='bbox 648 1528 711 1593; x_wconf 90' lang='lat' dir='ltr'><strong>olei</strong></span> <span class='ocrx_word' id='word_1_109' title='bbox 734 1549 804 1592; x_wconf 90' lang='lat' dir='ltr'><strong>esse</strong></span> <span class='ocrx_word' id='word_1_110' title='bbox 820 1529 951 1604; x_wconf 88' lang='lat' dir='ltr'><strong>dicitur,</strong></span> <span class='ocrx_word' id='word_1_111' title='bbox 974 1548 1037 1591; x_wconf 91' lang='lat' dir='ltr'><strong>una</strong></span> <span class='ocrx_word' id='word_1_112' title='bbox 1052 1549 1124 1592; x_wconf 90' lang='lat' dir='ltr'><strong>cum</strong></span> <span class='ocrx_word' id='word_1_113' title='bbox 1138 1527 1253 1590; x_wconf 90' lang='lat' dir='ltr'><strong>Libero</strong></span> <span class='ocrx_word' id='word_1_114' title='bbox 1267 1535 1356 1611; x_wconf 90' lang='lat' dir='ltr'><strong>patre</strong></span> <span class='ocrx_word' id='word_1_115' title='bbox 1373 1529 1456 1611; x_wconf 91' lang='lat' dir='ltr'><strong>apud</strong></span> <span class='ocrx_word' id='word_1_116' title='bbox 1471 1529 1545 1592; x_wconf 89' lang='lat' dir='ltr'><strong>illos</strong></span> 
     </span>
     <span class='ocr_line' id='line_1_13' title="bbox 212 1617 1545 1706; baseline 0 -22"><span class='ocrx_word' id='word_1_117' title='bbox 212 1621 326 1686; x_wconf 90' lang='lat' dir='ltr'><strong>eodem</strong></span> <span class='ocrx_word' id='word_1_118' title='bbox 343 1629 413 1686; x_wconf 90' lang='lat' dir='ltr'><strong>erat</strong></span> <span class='ocrx_word' id='word_1_119' title='bbox 433 1624 466 1686; x_wconf 82' lang='lat' dir='ltr'><strong>ln</strong></span> <span class='ocrx_word' id='word_1_120' title='bbox 481 1621 598 1706; x_wconf 94' lang='lat' dir='ltr'><strong>templo</strong></span> <span class='ocrx_word' id='word_1_121' title='bbox 615 1630 834 1686; x_wconf 90' lang='lat' dir='ltr'><strong>consecratus:</strong></span> <span class='ocrx_word' id='word_1_122' title='bbox 857 1617 929 1685; x_wconf 74' lang='lat' dir='ltr'><strong>tae.</strong></span> <span class='ocrx_word' id='word_1_123' title='bbox 945 1621 1053 1685; x_wconf 87' lang='lat' dir='ltr'><strong>Iovem</strong></span> <span class='ocrx_word' id='word_1_124' title='bbox 1067 1628 1172 1686; x_wconf 91' lang='lat' dir='ltr'><strong>autem</strong></span> <span class='ocrx_word' id='word_1_125' title='bbox 1187 1621 1411 1704; x_wconf 85' lang='lat' dir='ltr'><strong>Imperatorem</strong></span> <span class='ocrx_word' id='word_1_126' title='bbox 1427 1629 1545 1706; x_wconf 91' lang='lat' dir='ltr'><strong>quanto</strong></span> 
     </span>
     <span class='ocr_line' id='line_1_14' title="bbox 212 1715 1546 1802; baseline 0.001 -24"><span class='ocrx_word' id='word_1_127' title='bbox 212 1715 336 1780; x_wconf 91' lang='lat' dir='ltr'><strong>bonore</strong></span> <span class='ocrx_word' id='word_1_128' title='bbox 358 1717 392 1780; x_wconf 90' lang='lat' dir='ltr'><strong>in</strong></span> <span class='ocrx_word' id='word_1_129' title='bbox 415 1737 473 1780; x_wconf 93' lang='lat' dir='ltr'><strong>suo</strong></span> <span class='ocrx_word' id='word_1_130' title='bbox 488 1716 608 1800; x_wconf 91' lang='lat' dir='ltr'><strong>templo</strong></span> <span class='ocrx_word' id='word_1_131' title='bbox 631 1717 729 1780; x_wconf 89' lang='lat' dir='ltr'><strong>inisse</strong></span> <span class='ocrx_word' id='word_1_132' title='bbox 745 1717 963 1781; x_wconf 78' lang='lat' dir='ltr'><strong>arbitramini?</strong></span> <span class='ocrx_word' id='word_1_133' title='bbox 998 1716 1161 1779; x_wconf 89' lang='lat' dir='ltr'><strong>Coniicerc</strong></span> <span class='ocrx_word' id='word_1_134' title='bbox 1177 1717 1325 1802; x_wconf 90' lang='lat' dir='ltr'><strong>potestis,</strong></span> <span class='ocrx_word' id='word_1_135' title='bbox 1347 1717 1375 1779; x_wconf 91' lang='lat' dir='ltr'><strong>si</strong></span> <span class='ocrx_word' id='word_1_136' title='bbox 1389 1716 1546 1781; x_wconf 90' lang='lat' dir='ltr'><strong>recordari</strong></span> 
     </span>
     <span class='ocr_line' id='line_1_15' title="bbox 212 1809 1546 1896; baseline 0 -22"><span class='ocrx_word' id='word_1_137' title='bbox 212 1811 394 1888; x_wconf 83' lang='lat' dir='ltr'><strong>volueritis,</strong></span> <span class='ocrx_word' id='word_1_138' title='bbox 423 1819 541 1896; x_wconf 89' lang='lat' dir='ltr'><strong>quanta</strong></span> <span class='ocrx_word' id='word_1_139' title='bbox 569 1811 722 1894; x_wconf 77' lang='lat' dir='ltr'><strong>religione</strong></span> <span class='ocrx_word' id='word_1_140' title='bbox 750 1809 846 1874; x_wconf 85' lang='lat' dir='ltr'><strong>suerit</strong></span> <span class='ocrx_word' id='word_1_141' title='bbox 868 1810 980 1875; x_wconf 90' lang='lat' dir='ltr'><strong>eadem</strong></span> <span class='ocrx_word' id='word_1_142' title='bbox 1003 1813 1108 1896; x_wconf 89' lang='lat' dir='ltr'><strong>specie</strong></span> <span class='ocrx_word' id='word_1_143' title='bbox 1130 1831 1168 1874; x_wconf 86' lang='lat' dir='ltr'><strong>ac</strong></span> <span class='ocrx_word' id='word_1_144' title='bbox 1188 1809 1290 1874; x_wconf 82' lang='lat' dir='ltr'><strong>forma</strong></span> <span class='ocrx_word' id='word_1_145' title='bbox 1311 1810 1436 1895; x_wconf 75' lang='lat' dir='ltr'><strong>signum</strong></span> <span class='ocrx_word' id='word_1_146' title='bbox 1456 1811 1546 1887; x_wconf 89' lang='lat' dir='ltr'><strong>illud,</strong></span> 
     </span>
     <span class='ocr_line' id='line_1_16' title="bbox 214 1903 1585 1991; baseline -0.001 -21"><span class='ocrx_word' id='word_1_147' title='bbox 214 1905 299 1991; x_wconf 91' lang='lat' dir='ltr'><strong>quod</strong></span> <span class='ocrx_word' id='word_1_148' title='bbox 321 1927 362 1970; x_wconf 85' lang='lat' dir='ltr'><strong>ex</strong></span> <span class='ocrx_word' id='word_1_149' title='bbox 382 1905 568 1969; x_wconf 81' lang='lat' dir='ltr'><strong>Macedonia</strong></span> <span class='ocrx_word' id='word_1_150' title='bbox 584 1911 708 1990; x_wconf 91' lang='lat' dir='ltr'><strong>captum</strong></span> <span class='ocrx_word' id='word_1_151' title='bbox 730 1906 763 1968; x_wconf 92' lang='lat' dir='ltr'><strong>in</strong></span> <span class='ocrx_word' id='word_1_152' title='bbox 779 1905 932 1990; x_wconf 88' lang='lat' dir='ltr'><strong>Capitolio</strong></span> <span class='ocrx_word' id='word_1_153' title='bbox 947 1911 1097 1989; x_wconf 89' lang='lat' dir='ltr'><strong>posuerat</strong></span> <span class='ocrx_word' id='word_1_154' title='bbox 1111 1903 1321 1968; x_wconf 86' lang='lat' dir='ltr'><strong>Flamininus.</strong></span> <span class='ocrx_word' id='word_1_155' title='bbox 1350 1903 1459 1966; x_wconf 87' lang='lat' dir='ltr'><strong>LVIII.</strong></span> <span class='ocrx_word' id='word_1_156' title='bbox 1473 1905 1548 1968; x_wconf 88' lang='lat' dir='ltr'><strong>Etc·</strong></span> <span class='ocrx_word' id='word_1_157' title='bbox 1556 1907 1585 1954; x_wconf 82' lang='lat'><strong>⁴⁵</strong></span> 
     </span>
     <span class='ocr_line' id='line_1_17' title="bbox 212 1997 1548 2084; baseline 0.001 -20"><span class='ocrx_word' id='word_1_158' title='bbox 212 1999 279 2065; x_wconf 92' lang='lat' dir='ltr'><strong>nim</strong></span> <span class='ocrx_word' id='word_1_159' title='bbox 301 2001 361 2064; x_wconf 90' lang='lat' dir='ltr'><strong>tria</strong></span> <span class='ocrx_word' id='word_1_160' title='bbox 380 1999 563 2064; x_wconf 82' lang='lat' dir='ltr'><strong>ferebantur</strong></span> <span class='ocrx_word' id='word_1_161' title='bbox 582 2000 616 2062; x_wconf 90' lang='lat' dir='ltr'><strong>in</strong></span> <span class='ocrx_word' id='word_1_162' title='bbox 639 1999 713 2064; x_wconf 93' lang='lat' dir='ltr'><strong>orbe</strong></span> <span class='ocrx_word' id='word_1_163' title='bbox 736 2008 891 2064; x_wconf 90' lang='lat' dir='ltr'><strong>terrarum</strong></span> <span class='ocrx_word' id='word_1_164' title='bbox 914 2000 1004 2083; x_wconf 75' lang='lat' dir='ltr'><strong>signa</strong></span> <span class='ocrx_word' id='word_1_165' title='bbox 1023 1999 1107 2062; x_wconf 87' lang='lat' dir='ltr'><strong>Iovis</strong></span> <span class='ocrx_word' id='word_1_166' title='bbox 1128 1997 1329 2083; x_wconf 90' lang='lat' dir='ltr'><strong>Imperatoris</strong></span> <span class='ocrx_word' id='word_1_167' title='bbox 1350 2021 1415 2064; x_wconf 90' lang='lat' dir='ltr'><strong>uno</strong></span> <span class='ocrx_word' id='word_1_168' title='bbox 1438 1999 1472 2064; x_wconf 93' lang='lat' dir='ltr'><strong>in</strong></span> <span class='ocrx_word' id='word_1_169' title='bbox 1494 2021 1548 2084; x_wconf 76' lang='lat' dir='ltr'><strong>ge·</strong></span> 
     </span>
     <span class='ocr_line' id='line_1_18' title="bbox 213 2091 1547 2178; baseline 0 -20"><span class='ocrx_word' id='word_1_170' title='bbox 213 2113 289 2158; x_wconf 90' lang='lat' dir='ltr'><strong>nere</strong></span> <span class='ocrx_word' id='word_1_171' title='bbox 319 2093 530 2178; x_wconf 87' lang='lat' dir='ltr'><strong>pulcherrime</strong></span> <span class='ocrx_word' id='word_1_172' title='bbox 560 2092 661 2159; x_wconf 84' lang='lat' dir='ltr'><strong>iacta:</strong></span> <span class='ocrx_word' id='word_1_173' title='bbox 692 2115 790 2158; x_wconf 91' lang='lat' dir='ltr'><strong>unum</strong></span> <span class='ocrx_word' id='word_1_174' title='bbox 819 2091 898 2156; x_wconf 93' lang='lat' dir='ltr'><strong>illud</strong></span> <span class='ocrx_word' id='word_1_175' title='bbox 928 2091 1185 2168; x_wconf 86' lang='lat' dir='ltr'><strong>Macedonicum,</strong></span> <span class='ocrx_word' id='word_1_176' title='bbox 1218 2091 1305 2177; x_wconf 92' lang='lat' dir='ltr'><strong>quod</strong></span> <span class='ocrx_word' id='word_1_177' title='bbox 1336 2095 1368 2156; x_wconf 92' lang='lat' dir='ltr'><strong>in</strong></span> <span class='ocrx_word' id='word_1_178' title='bbox 1392 2093 1547 2178; x_wconf 88' lang='lat' dir='ltr'><strong>Capitolio</strong></span> 
     </span>
     <span class='ocr_line' id='line_1_19' title="bbox 212 2187 1548 2271; baseline 0.001 -20"><span class='ocrx_word' id='word_1_179' title='bbox 212 2187 367 2252; x_wconf 76' lang='lat' dir='ltr'><strong>vidimus:</strong></span> <span class='ocrx_word' id='word_1_180' title='bbox 391 2187 525 2251; x_wconf 88' lang='lat' dir='ltr'><strong>alterum</strong></span> <span class='ocrx_word' id='word_1_181' title='bbox 547 2189 581 2252; x_wconf 95' lang='lat' dir='ltr'><strong>in</strong></span> <span class='ocrx_word' id='word_1_182' title='bbox 601 2188 693 2251; x_wconf 87' lang='lat' dir='ltr'><strong>Ponti</strong></span> <span class='ocrx_word' id='word_1_183' title='bbox 715 2209 770 2252; x_wconf 91' lang='lat' dir='ltr'><strong>ore</strong></span> <span class='ocrx_word' id='word_1_184' title='bbox 785 2195 818 2251; x_wconf 89' lang='lat' dir='ltr'><strong>et</strong></span> <span class='ocrx_word' id='word_1_185' title='bbox 834 2187 1007 2270; x_wconf 77' lang='lat' dir='ltr'><strong>angustiis:</strong></span> <span class='ocrx_word' id='word_1_186' title='bbox 1029 2187 1170 2262; x_wconf 88' lang='lat' dir='ltr'><strong>tertium,</strong></span> <span class='ocrx_word' id='word_1_187' title='bbox 1194 2187 1281 2271; x_wconf 94' lang='lat' dir='ltr'><strong>quod</strong></span> <span class='ocrx_word' id='word_1_188' title='bbox 1297 2187 1460 2270; x_wconf 84' lang='lat' dir='ltr'><strong>Syracusis</strong></span> <span class='ocrx_word' id='word_1_189' title='bbox 1476 2197 1548 2254; x_wconf 90' lang='lat' dir='ltr'><strong>ante</strong></span> 
     </span>
     <span class='ocr_line' id='line_1_20' title="bbox 211 2281 1548 2366; baseline -0.001 -20"><span class='ocrx_word' id='word_1_190' title='bbox 211 2282 345 2346; x_wconf 87' lang='lat' dir='ltr'><strong>Verrem</strong></span> <span class='ocrx_word' id='word_1_191' title='bbox 366 2289 544 2366; x_wconf 86' lang='lat' dir='ltr'><strong>praetorem</strong></span> <span class='ocrx_word' id='word_1_192' title='bbox 566 2281 635 2345; x_wconf 88' lang='lat' dir='ltr'><strong>init.</strong></span> <span class='ocrx_word' id='word_1_193' title='bbox 670 2281 753 2346; x_wconf 91' lang='lat' dir='ltr'><strong>lllud</strong></span> <span class='ocrx_word' id='word_1_194' title='bbox 775 2281 971 2346; x_wconf 86' lang='lat' dir='ltr'><strong>Flamininus</strong></span> <span class='ocrx_word' id='word_1_195' title='bbox 994 2283 1038 2344; x_wconf 89' lang='lat' dir='ltr'><strong>ita</strong></span> <span class='ocrx_word' id='word_1_196' title='bbox 1059 2301 1101 2342; x_wconf 85' lang='lat' dir='ltr'><strong>ex</strong></span> <span class='ocrx_word' id='word_1_197' title='bbox 1122 2282 1201 2344; x_wconf 91' lang='lat' dir='ltr'><strong>aede</strong></span> <span class='ocrx_word' id='word_1_198' title='bbox 1223 2297 1281 2344; x_wconf 87' lang='lat' dir='ltr'><strong>sna</strong></span> <span class='ocrx_word' id='word_1_199' title='bbox 1301 2281 1437 2358; x_wconf 86' lang='lat' dir='ltr'><strong>sustulit,</strong></span> <span class='ocrx_word' id='word_1_200' title='bbox 1458 2291 1493 2346; x_wconf 94' lang='lat' dir='ltr'><strong>nt</strong></span> <span class='ocrx_word' id='word_1_201' title='bbox 1514 2283 1548 2347; x_wconf 93' lang='lat' dir='ltr'><strong>in</strong></span> 
     </span>
     <span class='ocr_line' id='line_1_21' title="bbox 214 2370 1586 2460; baseline 0.001 -21"><span class='ocrx_word' id='word_1_202' title='bbox 214 2376 389 2460; x_wconf 88' lang='lat' dir='ltr'><strong>Capitolio,</strong></span> <span class='ocrx_word' id='word_1_203' title='bbox 417 2375 478 2440; x_wconf 93' lang='lat' dir='ltr'><strong>hoc</strong></span> <span class='ocrx_word' id='word_1_204' title='bbox 500 2382 562 2452; x_wconf 90' lang='lat' dir='ltr'><strong>est,</strong></span> <span class='ocrx_word' id='word_1_205' title='bbox 587 2376 620 2438; x_wconf 91' lang='lat' dir='ltr'><strong>in</strong></span> <span class='ocrx_word' id='word_1_206' title='bbox 642 2377 785 2440; x_wconf 88' lang='lat' dir='ltr'><strong>terrestri</strong></span> <span class='ocrx_word' id='word_1_207' title='bbox 807 2375 968 2439; x_wconf 92' lang='lat' dir='ltr'><strong>domicilio</strong></span> <span class='ocrx_word' id='word_1_208' title='bbox 989 2375 1073 2440; x_wconf 80' lang='lat' dir='ltr'><strong>Iovis</strong></span> <span class='ocrx_word' id='word_1_209' title='bbox 1095 2382 1238 2458; x_wconf 87' lang='lat' dir='ltr'><strong>poneret</strong></span> <span class='ocrx_word' id='word_1_210' title='bbox 1282 2370 1353 2438; x_wconf 73' lang='lat'><strong>430.</strong></span> <span class='ocrx_word' id='word_1_211' title='bbox 1377 2376 1472 2453; x_wconf 84' lang='lat' dir='ltr'><strong>Quod</strong></span> <span class='ocrx_word' id='word_1_212' title='bbox 1494 2377 1586 2442; x_wconf 70' lang='lat' dir='ltr'><strong>au·²⁰</strong></span> 
     </span>
     <span class='ocr_line' id='line_1_22' title="bbox 211 2468 1548 2546; baseline 0.001 -13"><span class='ocrx_word' id='word_1_213' title='bbox 211 2477 279 2534; x_wconf 91' lang='lat' dir='ltr'><strong>tem</strong></span> <span class='ocrx_word' id='word_1_214' title='bbox 302 2471 412 2536; x_wconf 88' lang='lat' dir='ltr'><strong>estad</strong></span> <span class='ocrx_word' id='word_1_215' title='bbox 434 2470 599 2534; x_wconf 90' lang='lat' dir='ltr'><strong>introitum</strong></span> <span class='ocrx_word' id='word_1_216' title='bbox 620 2471 727 2546; x_wconf 90' lang='lat' dir='ltr'><strong>Ponti,</strong></span> <span class='ocrx_word' id='word_1_217' title='bbox 750 2469 800 2546; x_wconf 93' lang='lat' dir='ltr'><strong>id,</strong></span> <span class='ocrx_word' id='word_1_218' title='bbox 823 2490 894 2533; x_wconf 91' lang='lat' dir='ltr'><strong>cnm</strong></span> <span class='ocrx_word' id='word_1_219' title='bbox 916 2479 979 2532; x_wconf 88' lang='lat' dir='ltr'><strong>tam</strong></span> <span class='ocrx_word' id='word_1_220' title='bbox 1001 2469 1100 2532; x_wconf 88' lang='lat' dir='ltr'><strong>multa</strong></span> <span class='ocrx_word' id='word_1_221' title='bbox 1114 2490 1155 2532; x_wconf 83' lang='lat' dir='ltr'><strong>ex</strong></span> <span class='ocrx_word' id='word_1_222' title='bbox 1176 2469 1232 2532; x_wconf 92' lang='lat' dir='ltr'><strong>illo</strong></span> <span class='ocrx_word' id='word_1_223' title='bbox 1254 2469 1333 2532; x_wconf 90' lang='lat' dir='ltr'><strong>mari</strong></span> <span class='ocrx_word' id='word_1_224' title='bbox 1348 2468 1434 2533; x_wconf 87' lang='lat' dir='ltr'><strong>bella</strong></span> <span class='ocrx_word' id='word_1_225' title='bbox 1447 2490 1548 2534; x_wconf 89' lang='lat' dir='ltr'><strong>emer-</strong></span> 
     </span>
     <span class='ocr_line' id='line_1_23' title="bbox 212 2562 1548 2648; baseline 0.001 -20"><span class='ocrx_word' id='word_1_226' title='bbox 212 2565 327 2641; x_wconf 86' lang='lat' dir='ltr'><strong>serint,</strong></span> <span class='ocrx_word' id='word_1_227' title='bbox 355 2571 420 2629; x_wconf 86' lang='lat' dir='ltr'><strong>tam</strong></span> <span class='ocrx_word' id='word_1_228' title='bbox 447 2565 546 2628; x_wconf 87' lang='lat' dir='ltr'><strong>multa</strong></span> <span class='ocrx_word' id='word_1_229' title='bbox 574 2563 670 2648; x_wconf 76' lang='lat' dir='ltr'><strong>poiro</strong></span> <span class='ocrx_word' id='word_1_230' title='bbox 698 2565 732 2628; x_wconf 88' lang='lat' dir='ltr'><strong>iu</strong></span> <span class='ocrx_word' id='word_1_231' title='bbox 759 2564 895 2629; x_wconf 84' lang='lat' dir='ltr'><strong>Pontum</strong></span> <span class='ocrx_word' id='word_1_232' title='bbox 916 2565 1042 2628; x_wconf 78' lang='lat' dir='ltr'><strong>inrecta</strong></span> <span class='ocrx_word' id='word_1_233' title='bbox 1064 2564 1143 2638; x_wconf 91' lang='lat' dir='ltr'><strong>sint,</strong></span> <span class='ocrx_word' id='word_1_234' title='bbox 1171 2584 1275 2648; x_wconf 90' lang='lat' dir='ltr'><strong>usque</strong></span> <span class='ocrx_word' id='word_1_235' title='bbox 1298 2562 1339 2626; x_wconf 91' lang='lat' dir='ltr'><strong>ad</strong></span> <span class='ocrx_word' id='word_1_236' title='bbox 1358 2563 1441 2628; x_wconf 90' lang='lat' dir='ltr'><strong>hanc</strong></span> <span class='ocrx_word' id='word_1_237' title='bbox 1462 2564 1548 2629; x_wconf 94' lang='lat' dir='ltr'><strong>diem</strong></span> 
     </span>
     <span class='ocr_line' id='line_1_24' title="bbox 211 2657 1548 2746; baseline 0 -24"><span class='ocrx_word' id='word_1_238' title='bbox 211 2661 370 2744; x_wconf 73' lang='lat' dir='ltr'><strong>integrum</strong></span> <span class='ocrx_word' id='word_1_239' title='bbox 391 2659 640 2744; x_wconf 79' lang='lat' dir='ltr'><strong>inviolatumque</strong></span> <span class='ocrx_word' id='word_1_240' title='bbox 662 2666 820 2723; x_wconf 78' lang='lat' dir='ltr'><strong>servabam</strong></span> <span class='ocrx_word' id='word_1_241' title='bbox 836 2667 894 2723; x_wconf 90' lang='lat' dir='ltr'><strong>est.</strong></span> <span class='ocrx_word' id='word_1_242' title='bbox 930 2659 999 2722; x_wconf 89' lang='lat' dir='ltr'><strong>Hoc</strong></span> <span class='ocrx_word' id='word_1_243' title='bbox 1017 2657 1162 2732; x_wconf 92' lang='lat' dir='ltr'><strong>tertium,</strong></span> <span class='ocrx_word' id='word_1_244' title='bbox 1185 2658 1270 2741; x_wconf 94' lang='lat' dir='ltr'><strong>quod</strong></span> <span class='ocrx_word' id='word_1_245' title='bbox 1291 2663 1358 2721; x_wconf 90' lang='lat' dir='ltr'><strong>erat</strong></span> <span class='ocrx_word' id='word_1_246' title='bbox 1373 2657 1548 2746; x_wconf 81' lang='lat' dir='ltr'><strong>Syracusis,</strong></span> 
     </span>
     <span class='ocr_line' id='line_1_25' title="bbox 213 2752 1549 2838; baseline 0.001 -21"><span class='ocrx_word' id='word_1_247' title='bbox 213 2755 300 2838; x_wconf 91' lang='lat' dir='ltr'><strong>quod</strong></span> <span class='ocrx_word' id='word_1_248' title='bbox 323 2755 366 2818; x_wconf 80' lang='lat' dir='ltr'><strong>hl.</strong></span> <span class='ocrx_word' id='word_1_249' title='bbox 389 2753 573 2829; x_wconf 84' lang='lat' dir='ltr'><strong>Marcellus,</strong></span> <span class='ocrx_word' id='word_1_250' title='bbox 596 2760 734 2818; x_wconf 79' lang='lat' dir='ltr'><strong>arcuatus</strong></span> <span class='ocrx_word' id='word_1_251' title='bbox 757 2760 788 2816; x_wconf 90' lang='lat' dir='ltr'><strong>et</strong></span> <span class='ocrx_word' id='word_1_252' title='bbox 808 2755 923 2828; x_wconf 87' lang='lat' dir='ltr'><strong>victor,</strong></span> <span class='ocrx_word' id='word_1_253' title='bbox 938 2753 1083 2827; x_wconf 72' lang='lat' dir='ltr'><strong>siderat,</strong></span> <span class='ocrx_word' id='word_1_254' title='bbox 1106 2752 1194 2837; x_wconf 95' lang='lat' dir='ltr'><strong>quod</strong></span> <span class='ocrx_word' id='word_1_255' title='bbox 1214 2752 1361 2836; x_wconf 78' lang='lat' dir='ltr'><strong>religioni</strong></span> <span class='ocrx_word' id='word_1_256' title='bbox 1383 2773 1549 2818; x_wconf 89' lang='lat' dir='ltr'><strong>concesse-</strong></span> 
     </span>
     <span class='ocr_line' id='line_1_26' title="bbox 212 2845 1586 2934; baseline -0.003 -18"><span class='ocrx_word' id='word_1_257' title='bbox 212 2857 274 2926; x_wconf 86' lang='lat' dir='ltr'><strong>rat,</strong></span> <span class='ocrx_word' id='word_1_258' title='bbox 299 2847 386 2934; x_wconf 88' lang='lat' dir='ltr'><strong>quod</strong></span> <span class='ocrx_word' id='word_1_259' title='bbox 409 2848 495 2912; x_wconf 84' lang='lat' dir='ltr'><strong>cives</strong></span> <span class='ocrx_word' id='word_1_260' title='bbox 517 2855 612 2932; x_wconf 91' lang='lat' dir='ltr'><strong>atque</strong></span> <span class='ocrx_word' id='word_1_261' title='bbox 634 2847 757 2911; x_wconf 90' lang='lat' dir='ltr'><strong>incolae</strong></span> <span class='ocrx_word' id='word_1_262' title='bbox 773 2847 963 2932; x_wconf 78' lang='lat' dir='ltr'><strong>Syracusani</strong></span> <span class='ocrx_word' id='word_1_263' title='bbox 986 2846 1106 2923; x_wconf 90' lang='lat' dir='ltr'><strong>colere,</strong></span> <span class='ocrx_word' id='word_1_264' title='bbox 1128 2847 1268 2912; x_wconf 89' lang='lat' dir='ltr'><strong>advenae</strong></span> <span class='ocrx_word' id='word_1_265' title='bbox 1291 2867 1356 2911; x_wconf 92' lang='lat' dir='ltr'><strong>non</strong></span> <span class='ocrx_word' id='word_1_266' title='bbox 1379 2847 1482 2911; x_wconf 92' lang='lat' dir='ltr'><strong>solum</strong></span> <span class='ocrx_word' id='word_1_267' title='bbox 1502 2845 1586 2912; x_wconf 76' lang='lat' dir='ltr'><strong>ri·²⁶</strong></span> 
     </span>
     <span class='ocr_line' id='line_1_27' title="bbox 213 2940 1549 3026; baseline -0.001 -17"><span class='ocrx_word' id='word_1_268' title='bbox 213 2964 300 3020; x_wconf 88' lang='lat' dir='ltr'><strong>sere,</strong></span> <span class='ocrx_word' id='word_1_269' title='bbox 328 2961 438 3007; x_wconf 82' lang='lat' dir='ltr'><strong>remur</strong></span> <span class='ocrx_word' id='word_1_270' title='bbox 470 2943 564 3006; x_wconf 90' lang='lat' dir='ltr'><strong>etiam</strong></span> <span class='ocrx_word' id='word_1_271' title='bbox 585 2941 732 3006; x_wconf 88' lang='lat' dir='ltr'><strong>venerari</strong></span> <span class='ocrx_word' id='word_1_272' title='bbox 753 2940 915 3017; x_wconf 91' lang='lat' dir='ltr'><strong>solebant,</strong></span> <span class='ocrx_word' id='word_1_273' title='bbox 942 2940 975 3005; x_wconf 92' lang='lat' dir='ltr'><strong>id</strong></span> <span class='ocrx_word' id='word_1_274' title='bbox 999 2941 1033 3004; x_wconf 86' lang='lat' dir='ltr'><strong>C.</strong></span> <span class='ocrx_word' id='word_1_275' title='bbox 1048 2941 1163 3006; x_wconf 86' lang='lat' dir='ltr'><strong>Verres</strong></span> <span class='ocrx_word' id='word_1_276' title='bbox 1186 2961 1228 3005; x_wconf 85' lang='lat' dir='ltr'><strong>ex</strong></span> <span class='ocrx_word' id='word_1_277' title='bbox 1248 2942 1367 3026; x_wconf 89' lang='lat' dir='ltr'><strong>templo</strong></span> <span class='ocrx_word' id='word_1_278' title='bbox 1390 2941 1475 3006; x_wconf 85' lang='lat' dir='ltr'><strong>Iovis</strong></span> <span class='ocrx_word' id='word_1_279' title='bbox 1497 2963 1549 3008; x_wconf 87' lang='lat' dir='ltr'><strong>su·</strong></span> 
     </span>
     <span class='ocr_line' id='line_1_28' title="bbox 213 3031 1548 3120; baseline -0.004 -16"><span class='ocrx_word' id='word_1_280' title='bbox 213 3039 312 3104; x_wconf 83' lang='lat' dir='ltr'><strong>stulit.</strong></span> <span class='ocrx_word' id='word_1_281' title='bbox 357 3031 429 3099; x_wconf 86' lang='lat' dir='ltr'><strong>l3l.</strong></span> <span class='ocrx_word' id='word_1_282' title='bbox 458 3035 500 3100; x_wconf 90' lang='lat' dir='ltr'><strong>Ut</strong></span> <span class='ocrx_word' id='word_1_283' title='bbox 528 3036 655 3120; x_wconf 89' lang='lat' dir='ltr'><strong>saepius</strong></span> <span class='ocrx_word' id='word_1_284' title='bbox 682 3034 723 3099; x_wconf 90' lang='lat' dir='ltr'><strong>ad</strong></span> <span class='ocrx_word' id='word_1_285' title='bbox 752 3035 936 3100; x_wconf 82' lang='lat' dir='ltr'><strong>Marcellum</strong></span> <span class='ocrx_word' id='word_1_286' title='bbox 966 3043 1119 3112; x_wconf 77' lang='lat' dir='ltr'><strong>revertar,</strong></span> <span class='ocrx_word' id='word_1_287' title='bbox 1153 3035 1292 3112; x_wconf 88' lang='lat' dir='ltr'><strong>iudices,</strong></span> <span class='ocrx_word' id='word_1_288' title='bbox 1325 3035 1371 3099; x_wconf 88' lang='lat' dir='ltr'><strong>sic</strong></span> <span class='ocrx_word' id='word_1_289' title='bbox 1391 3033 1548 3112; x_wconf 87' lang='lat' dir='ltr'><strong>habetote,</strong></span> 
     </span>
     <span class='ocr_line' id='line_1_29' title="bbox 212 3128 1549 3218; baseline -0.003 -21"><span class='ocrx_word' id='word_1_290' title='bbox 212 3134 322 3218; x_wconf 83' lang='lat' dir='ltr'><strong>plures</strong></span> <span class='ocrx_word' id='word_1_291' title='bbox 351 3151 421 3195; x_wconf 84' lang='lat' dir='ltr'><strong>esse</strong></span> <span class='ocrx_word' id='word_1_292' title='bbox 450 3150 468 3193; x_wconf 90' lang='lat' dir='ltr'><strong>a</strong></span> <span class='ocrx_word' id='word_1_293' title='bbox 498 3129 704 3215; x_wconf 87' lang='lat' dir='ltr'><strong>Syracusanis</strong></span> <span class='ocrx_word' id='word_1_294' title='bbox 735 3129 826 3193; x_wconf 88' lang='lat' dir='ltr'><strong>istius</strong></span> <span class='ocrx_word' id='word_1_295' title='bbox 856 3128 995 3193; x_wconf 90' lang='lat' dir='ltr'><strong>adventu</strong></span> <span class='ocrx_word' id='word_1_296' title='bbox 1018 3130 1112 3205; x_wconf 87' lang='lat' dir='ltr'><strong>deos,</strong></span> <span class='ocrx_word' id='word_1_297' title='bbox 1140 3149 1234 3214; x_wconf 92' lang='lat' dir='ltr'><strong>quam</strong></span> <span class='ocrx_word' id='word_1_298' title='bbox 1256 3128 1389 3193; x_wconf 87' lang='lat' dir='ltr'><strong>victoria</strong></span> <span class='ocrx_word' id='word_1_299' title='bbox 1408 3130 1549 3193; x_wconf 80' lang='lat' dir='ltr'><strong>Marcelli</strong></span> 
     </span>
     <span class='ocr_line' id='line_1_30' title="bbox 211 3221 1548 3307; baseline -0.004 -16"><span class='ocrx_word' id='word_1_300' title='bbox 211 3226 359 3292; x_wconf 92' lang='lat' dir='ltr'><strong>homines</strong></span> <span class='ocrx_word' id='word_1_301' title='bbox 389 3222 596 3289; x_wconf 88' lang='lat' dir='ltr'><strong>desideratos.</strong></span> <span class='ocrx_word' id='word_1_302' title='bbox 638 3223 762 3287; x_wconf 86' lang='lat' dir='ltr'><strong>Etenim</strong></span> <span class='ocrx_word' id='word_1_303' title='bbox 791 3223 845 3286; x_wconf 92' lang='lat' dir='ltr'><strong>ille</strong></span> <span class='ocrx_word' id='word_1_304' title='bbox 874 3224 1046 3307; x_wconf 89' lang='lat' dir='ltr'><strong>requisisse</strong></span> <span class='ocrx_word' id='word_1_305' title='bbox 1072 3223 1168 3287; x_wconf 89' lang='lat' dir='ltr'><strong>etiam</strong></span> <span class='ocrx_word' id='word_1_306' title='bbox 1190 3223 1305 3286; x_wconf 92' lang='lat' dir='ltr'><strong>dicitur</strong></span> <span class='ocrx_word' id='word_1_307' title='bbox 1325 3221 1548 3286; x_wconf 86' lang='lat' dir='ltr'><strong>Archimedem</strong></span> 
     </span>
     <span class='ocr_line' id='line_1_31' title="bbox 212 3315 1585 3412; baseline -0.006 -26"><span class='ocrx_word' id='word_1_308' title='bbox 212 3323 320 3398; x_wconf 90' lang='lat' dir='ltr'><strong>illum,</strong></span> <span class='ocrx_word' id='word_1_309' title='bbox 342 3340 465 3412; x_wconf 73' lang='lat' dir='ltr'><strong>summo</strong></span> <span class='ocrx_word' id='word_1_310' title='bbox 487 3318 617 3402; x_wconf 76' lang='lat' dir='ltr'><strong>ingenio</strong></span> <span class='ocrx_word' id='word_1_311' title='bbox 637 3317 800 3382; x_wconf 90' lang='lat' dir='ltr'><strong>bominem</strong></span> <span class='ocrx_word' id='word_1_312' title='bbox 821 3337 859 3380; x_wconf 89' lang='lat' dir='ltr'><strong>ac</strong></span> <span class='ocrx_word' id='word_1_313' title='bbox 874 3316 1056 3400; x_wconf 90' lang='lat' dir='ltr'><strong>disciplina,</strong></span> <span class='ocrx_word' id='word_1_314' title='bbox 1079 3321 1175 3402; x_wconf 84' lang='lat' dir='ltr'><strong>quem</strong></span> <span class='ocrx_word' id='word_1_315' title='bbox 1197 3337 1269 3380; x_wconf 93' lang='lat' dir='ltr'><strong>cum</strong></span> <span class='ocrx_word' id='word_1_316' title='bbox 1291 3315 1431 3380; x_wconf 86' lang='lat' dir='ltr'><strong>audisset</strong></span> <span class='ocrx_word' id='word_1_317' title='bbox 1451 3318 1585 3380; x_wconf 84' lang='lat' dir='ltr'><strong>inter-³⁰</strong></span> 
     </span>
     <span class='ocr_line' id='line_1_32' title="bbox 212 3411 1549 3500; baseline -0.007 -20"><span class='ocrx_word' id='word_1_318' title='bbox 212 3415 345 3492; x_wconf 80' lang='lat' dir='ltr'><strong>sectum,</strong></span> <span class='ocrx_word' id='word_1_319' title='bbox 367 3413 558 3500; x_wconf 88' lang='lat' dir='ltr'><strong>permoleste</strong></span> <span class='ocrx_word' id='word_1_320' title='bbox 579 3412 709 3476; x_wconf 87' lang='lat' dir='ltr'><strong>tulisse:</strong></span> <span class='ocrx_word' id='word_1_321' title='bbox 742 3411 804 3476; x_wconf 87' lang='lat' dir='ltr'><strong>iste</strong></span> <span class='ocrx_word' id='word_1_322' title='bbox 826 3411 947 3487; x_wconf 91' lang='lat' dir='ltr'><strong>omnia,</strong></span> <span class='ocrx_word' id='word_1_323' title='bbox 971 3431 1052 3497; x_wconf 90' lang='lat' dir='ltr'><strong>quae</strong></span> <span class='ocrx_word' id='word_1_324' title='bbox 1073 3411 1256 3495; x_wconf 78' lang='lat' dir='ltr'><strong>requisivit,</strong></span> <span class='ocrx_word' id='word_1_325' title='bbox 1279 3430 1343 3474; x_wconf 92' lang='lat' dir='ltr'><strong>non</strong></span> <span class='ocrx_word' id='word_1_326' title='bbox 1364 3414 1401 3472; x_wconf 92' lang='lat' dir='ltr'><strong>ut</strong></span> <span class='ocrx_word' id='word_1_327' title='bbox 1422 3428 1549 3472; x_wconf 88' lang='lat' dir='ltr'><strong>conser-</strong></span> 
     </span>
     <span class='ocr_line' id='line_1_33' title="bbox 212 3502 1549 3591; baseline -0.005 -19"><span class='ocrx_word' id='word_1_328' title='bbox 212 3517 318 3585; x_wconf 80' lang='lat' dir='ltr'><strong>varet,</strong></span> <span class='ocrx_word' id='word_1_329' title='bbox 339 3527 449 3575; x_wconf 82' lang='lat' dir='ltr'><strong>rerum</strong></span> <span class='ocrx_word' id='word_1_330' title='bbox 470 3513 506 3570; x_wconf 93' lang='lat' dir='ltr'><strong>ut</strong></span> <span class='ocrx_word' id='word_1_331' title='bbox 526 3512 719 3591; x_wconf 88' lang='lat' dir='ltr'><strong>asportaret,</strong></span> <span class='ocrx_word' id='word_1_332' title='bbox 751 3505 927 3590; x_wconf 76' lang='lat' dir='ltr'><strong>requisivit.</strong></span> <span class='ocrx_word' id='word_1_333' title='bbox 970 3505 1052 3568; x_wconf 87' lang='lat' dir='ltr'><strong>LIX.</strong></span> <span class='ocrx_word' id='word_1_334' title='bbox 1075 3507 1142 3570; x_wconf 88' lang='lat' dir='ltr'><strong>lam</strong></span> <span class='ocrx_word' id='word_1_335' title='bbox 1163 3504 1233 3580; x_wconf 90' lang='lat' dir='ltr'><strong>illa,</strong></span> <span class='ocrx_word' id='word_1_336' title='bbox 1257 3524 1340 3589; x_wconf 89' lang='lat' dir='ltr'><strong>qnae</strong></span> <span class='ocrx_word' id='word_1_337' title='bbox 1361 3502 1481 3566; x_wconf 83' lang='lat' dir='ltr'><strong>leviora</strong></span> <span class='ocrx_word' id='word_1_338' title='bbox 1501 3502 1549 3566; x_wconf 86' lang='lat' dir='ltr'><strong>vi·</strong></span> 
     </span>
     <span class='ocr_line' id='line_1_34' title="bbox 215 3599 1548 3685; baseline -0.007 -17"><span class='ocrx_word' id='word_1_339' title='bbox 215 3604 388 3681; x_wconf 84' lang='lat' dir='ltr'><strong>dabuntur,</strong></span> <span class='ocrx_word' id='word_1_340' title='bbox 411 3601 485 3667; x_wconf 92' lang='lat' dir='ltr'><strong>ideo</strong></span> <span class='ocrx_word' id='word_1_341' title='bbox 507 3600 707 3684; x_wconf 86' lang='lat' dir='ltr'><strong>praeteribo,</strong></span> <span class='ocrx_word' id='word_1_342' title='bbox 730 3599 816 3685; x_wconf 91' lang='lat' dir='ltr'><strong>quod</strong></span> <span class='ocrx_word' id='word_1_343' title='bbox 837 3619 963 3664; x_wconf 89' lang='lat' dir='ltr'><strong>mensas</strong></span> <span class='ocrx_word' id='word_1_344' title='bbox 984 3599 1155 3685; x_wconf 87' lang='lat' dir='ltr'><strong>Delphicas</strong></span> <span class='ocrx_word' id='word_1_345' title='bbox 1177 3619 1196 3662; x_wconf 90' lang='lat' dir='ltr'><strong>e</strong></span> <span class='ocrx_word' id='word_1_346' title='bbox 1217 3617 1388 3673; x_wconf 88' lang='lat' dir='ltr'><strong>marmore,</strong></span> <span class='ocrx_word' id='word_1_347' title='bbox 1411 3604 1548 3660; x_wconf 88' lang='lat' dir='ltr'><strong>crateras</strong></span> 
     </span>
    </p>
   </div>
   <div class='ocr_carea' id='block_1_3' title="bbox 211 3847 1618 5128">
    <p class='ocr_par' dir='ltr' id='par_1_3' title="bbox 211 3847 1618 5128">
     <span class='ocr_line' id='line_1_35' title="bbox 215 3847 1548 3918; baseline -0.009 -6"><span class='ocrx_word' id='word_1_348' title='bbox 215 3857 313 3912; x_wconf 86' lang='lat' dir='ltr'><strong>llerelit</strong></span> <span class='ocrx_word' id='word_1_349' title='bbox 330 3855 546 3912; x_wconf 84' lang='lat' dir='ltr'><strong>emendationem</strong></span> <span class='ocrx_word' id='word_1_350' title='bbox 563 3857 637 3906; x_wconf 86' lang='lat' dir='ltr'><strong>recte</strong></span> <span class='ocrx_word' id='word_1_351' title='bbox 655 3852 853 3906; x_wconf 82' lang='lat' dir='ltr'><strong>commendavit</strong></span> <span class='ocrx_word' id='word_1_352' title='bbox 868 3851 1045 3918; x_wconf 77' lang='lat' dir='ltr'><strong>Wesenberg.</strong></span> <span class='ocrx_word' id='word_1_353' title='bbox 1063 3851 1081 3904; x_wconf 88' lang='lat' dir='ltr'><strong>l.</strong></span> <span class='ocrx_word' id='word_1_354' title='bbox 1094 3849 1111 3904; x_wconf 93' lang='lat' dir='ltr'><strong>l.</strong></span> <span class='ocrx_word' id='word_1_355' title='bbox 1126 3865 1153 3918; x_wconf 86' lang='lat' dir='ltr'><strong>p.</strong></span> <span class='ocrx_word' id='word_1_356' title='bbox 1167 3851 1208 3904; x_wconf 87' lang='grc'><strong>38.</strong></span> <span class='ocrx_word' id='word_1_357' title='bbox 1227 3849 1285 3903; x_wconf 90' lang='lat' dir='ltr'><strong>coll.</strong></span> <span class='ocrx_word' id='word_1_358' title='bbox 1305 3850 1329 3916; x_wconf 71' lang='lat'><strong>5.</strong></span> <span class='ocrx_word' id='word_1_359' title='bbox 1343 3850 1384 3902; x_wconf 82' lang='grc'><strong>49.</strong></span> <span class='ocrx_word' id='word_1_360' title='bbox 1399 3875 1426 3886; x_wconf 91' lang='lat'><strong>·—</strong></span> <span class='ocrx_word' id='word_1_361' title='bbox 1446 3851 1471 3902; x_wconf 93' lang='grc'><strong>4.</strong></span> <span class='ocrx_word' id='word_1_362' title='bbox 1483 3847 1548 3900; x_wconf 79' lang='grc'><strong>4444-</strong></span> 
     </span>
     <span class='ocr_line' id='line_1_36' title="bbox 211 3925 1545 4002; baseline -0.01 -12"><span class='ocrx_word' id='word_1_363' title='bbox 211 3944 286 4002; x_wconf 76' lang='lat' dir='ltr'><strong>ptam</strong></span> <span class='ocrx_word' id='word_1_364' title='bbox 301 3935 338 3990; x_wconf 88' lang='grc'><strong>443</strong></span> <span class='ocrx_word' id='word_1_365' title='bbox 350 3932 383 3986; x_wconf 77' lang='lat' dir='ltr'><strong>A:</strong></span> <span class='ocrx_word' id='word_1_366' title='bbox 405 3933 554 3997; x_wconf 66' lang='lat' dir='ltr'><strong>seriptum</strong></span> <span class='ocrx_word' id='word_1_367' title='bbox 570 3929 635 3982; x_wconf 86' lang='lat' dir='ltr'><strong>dett.</strong></span> <span class='ocrx_word' id='word_1_368' title='bbox 655 3931 684 3981; x_wconf 91' lang='lat'><strong>0.</strong></span> <span class='ocrx_word' id='word_1_369' title='bbox 703 3931 793 3995; x_wconf 86' lang='lat' dir='ltr'><strong>[otiam</strong></span> <span class='ocrx_word' id='word_1_370' title='bbox 810 3929 893 3994; x_wconf 77' lang='lat' dir='ltr'><strong>ngas,</strong></span> <span class='ocrx_word' id='word_1_371' title='bbox 915 3929 950 3980; x_wconf 85' lang='lat' dir='ltr'><strong>de</strong></span> <span class='ocrx_word' id='word_1_372' title='bbox 969 3943 1022 3994; x_wconf 92' lang='lat' dir='ltr'><strong>quo</strong></span> <span class='ocrx_word' id='word_1_373' title='bbox 1038 3931 1066 3980; x_wconf 88' lang='lat' dir='ltr'><strong>Z.</strong></span> <span class='ocrx_word' id='word_1_374' title='bbox 1086 3927 1204 3992; x_wconf 85' lang='lat' dir='ltr'><strong>erravit]</strong></span> <span class='ocrx_word' id='word_1_375' title='bbox 1222 3954 1250 3964; x_wconf 97' lang='lat'>-</span> <span class='ocrx_word' id='word_1_376' title='bbox 1276 3927 1301 3977; x_wconf 91' lang='grc'><strong>3.</strong></span> <span class='ocrx_word' id='word_1_377' title='bbox 1321 3925 1451 3990; x_wconf 72' lang='grc'><strong>4444444444</strong></span> <span class='ocrx_word' id='word_1_378' title='bbox 1468 3926 1496 3977; x_wconf 80' lang='lat' dir='ltr'><strong>ll.</strong></span> <span class='ocrx_word' id='word_1_379' title='bbox 1517 3951 1545 3961; x_wconf 88' lang='lat'><em>-</em></span> 
     </span>
     <span class='ocr_line' id='line_1_37' title="bbox 215 4001 1549 4073; baseline -0.011 -8"><span class='ocrx_word' id='word_1_380' title='bbox 215 4012 240 4064; x_wconf 96' lang='grc'><strong>3.</strong></span> <span class='ocrx_word' id='word_1_381' title='bbox 258 4025 290 4064; x_wconf 84' lang='lat' dir='ltr'><strong>cc</strong></span> <span class='ocrx_word' id='word_1_382' title='bbox 305 4011 393 4064; x_wconf 80' lang='lat' dir='ltr'><strong>aar:</strong></span> <span class='ocrx_word' id='word_1_383' title='bbox 411 4014 487 4073; x_wconf 80' lang='lat' dir='ltr'><strong>atquc</strong></span> <span class='ocrx_word' id='word_1_384' title='bbox 503 4008 540 4059; x_wconf 87' lang='grc'><strong>(43</strong></span> <span class='ocrx_word' id='word_1_385' title='bbox 557 4007 619 4069; x_wconf 89' lang='lat' dir='ltr'><strong>Ld.;</strong></span> <span class='ocrx_word' id='word_1_386' title='bbox 638 4010 661 4057; x_wconf 87' lang='grc'><strong>44</strong></span> <span class='ocrx_word' id='word_1_387' title='bbox 677 4005 742 4057; x_wconf 87' lang='lat' dir='ltr'><strong>dett.</strong></span> <span class='ocrx_word' id='word_1_388' title='bbox 761 4007 791 4058; x_wconf 89' lang='lat'><strong>0.</strong></span> <span class='ocrx_word' id='word_1_389' title='bbox 811 4032 839 4042; x_wconf 93' lang='lat'>-</span> <span class='ocrx_word' id='word_1_390' title='bbox 857 4007 882 4056; x_wconf 86' lang='grc'><strong>44.</strong></span> <span class='ocrx_word' id='word_1_391' title='bbox 900 4005 991 4057; x_wconf 75' lang='grc'><strong>,4444444</strong></span> <span class='ocrx_word' id='word_1_392' title='bbox 1007 4005 1040 4066; x_wconf 83' lang='lat' dir='ltr'><strong>a,</strong></span> <span class='ocrx_word' id='word_1_393' title='bbox 1060 4005 1088 4054; x_wconf 87' lang='lat' dir='ltr'><strong>et</strong></span> <span class='ocrx_word' id='word_1_394' title='bbox 1103 4003 1143 4054; x_wconf 88' lang='lat' dir='ltr'><strong>stc</strong></span> <span class='ocrx_word' id='word_1_395' title='bbox 1159 4001 1225 4053; x_wconf 84' lang='lat' dir='ltr'><strong>lutra</strong></span> <span class='ocrx_word' id='word_1_396' title='bbox 1243 4002 1326 4054; x_wconf 72' lang='grc'><strong>(44444.</strong></span> <span class='ocrx_word' id='word_1_397' title='bbox 1341 4028 1367 4041; x_wconf 83' lang='grc'><strong>-</strong></span> <span class='ocrx_word' id='word_1_398' title='bbox 1388 4001 1413 4053; x_wconf 85' lang='lat' dir='ltr'><strong>a.</strong></span> <span class='ocrx_word' id='word_1_399' title='bbox 1430 4002 1549 4064; x_wconf 78' lang='grc'><strong>4444444444-</strong></span> 
     </span>
     <span class='ocr_line' id='line_1_38' title="bbox 215 4073 1549 4152; baseline -0.009 -13"><span class='ocrx_word' id='word_1_400' title='bbox 215 4086 322 4139; x_wconf 77' lang='grc'><strong>4444414.</strong></span> <span class='ocrx_word' id='word_1_401' title='bbox 343 4112 372 4123; x_wconf 97' lang='grc'><strong>-</strong></span> <span class='ocrx_word' id='word_1_402' title='bbox 389 4085 414 4137; x_wconf 87' lang='grc'><strong>’4.</strong></span> <span class='ocrx_word' id='word_1_403' title='bbox 435 4083 522 4135; x_wconf 68' lang='lat' dir='ltr'><strong>veen</strong></span> <span class='ocrx_word' id='word_1_404' title='bbox 540 4081 619 4144; x_wconf 78' lang='lat' dir='ltr'><strong>(corr.</strong></span> <span class='ocrx_word' id='word_1_405' title='bbox 640 4079 724 4146; x_wconf 78' lang='grc'><strong>4444444)</strong></span> <span class='ocrx_word' id='word_1_406' title='bbox 742 4081 776 4141; x_wconf 85' lang='grc'><strong>44;</strong></span> <span class='ocrx_word' id='word_1_407' title='bbox 794 4073 900 4152; x_wconf 75' lang='lat' dir='ltr'><strong>Oriproa</strong></span> <span class='ocrx_word' id='word_1_408' title='bbox 916 4079 946 4130; x_wconf 89' lang='lat'><strong>0.</strong></span> <span class='ocrx_word' id='word_1_409' title='bbox 966 4107 994 4116; x_wconf 83' lang='lat'><em>-</em></span> <span class='ocrx_word' id='word_1_410' title='bbox 1014 4080 1039 4131; x_wconf 98' lang='grc'><strong>8.</strong></span> <span class='ocrx_word' id='word_1_411' title='bbox 1057 4079 1141 4130; x_wconf 71' lang='lat' dir='ltr'><strong>Liberi</strong></span> <span class='ocrx_word' id='word_1_412' title='bbox 1156 4079 1235 4142; x_wconf 70' lang='lat' dir='ltr'><strong>tarr.</strong></span> <span class='ocrx_word' id='word_1_413' title='bbox 1253 4081 1361 4142; x_wconf 83' lang='lat' dir='ltr'><strong>praeter</strong></span> <span class='ocrx_word' id='word_1_414' title='bbox 1376 4077 1417 4129; x_wconf 84' lang='grc'><strong>43.</strong></span> <span class='ocrx_word' id='word_1_415' title='bbox 1431 4104 1459 4116; x_wconf 90' lang='grc'><strong>-</strong></span> <span class='ocrx_word' id='word_1_416' title='bbox 1478 4075 1549 4127; x_wconf 74' lang='grc'><strong>44444-</strong></span> 
     </span>
     <span class='ocr_line' id='line_1_39' title="bbox 213 4149 1546 4226; baseline -0.008 -15"><span class='ocrx_word' id='word_1_417' title='bbox 213 4175 276 4213; x_wconf 70' lang='lat' dir='ltr'><strong>arun</strong></span> <span class='ocrx_word' id='word_1_418' title='bbox 291 4164 326 4226; x_wconf 83' lang='grc'><strong>44,</strong></span> <span class='ocrx_word' id='word_1_419' title='bbox 344 4161 361 4215; x_wconf 85' lang='grc'><strong>4</strong></span> <span class='ocrx_word' id='word_1_420' title='bbox 376 4163 451 4216; x_wconf 78' lang='lat' dir='ltr'><strong>Part.</strong></span> <span class='ocrx_word' id='word_1_421' title='bbox 470 4155 545 4220; x_wconf 80' lang='lat' dir='ltr'><strong>hall,</strong></span> <span class='ocrx_word' id='word_1_422' title='bbox 563 4157 616 4219; x_wconf 79' lang='grc'><strong>443,</strong></span> <span class='ocrx_word' id='word_1_423' title='bbox 634 4157 714 4220; x_wconf 74' lang='lat' dir='ltr'><strong>Lagg.</strong></span> <span class='ocrx_word' id='word_1_424' title='bbox 732 4167 826 4209; x_wconf 85' lang='lat' dir='ltr'><strong>omnes</strong></span> <span class='ocrx_word' id='word_1_425' title='bbox 842 4157 984 4220; x_wconf 88' lang='lat' dir='ltr'><strong>corrupte:</strong></span> <span class='ocrx_word' id='word_1_426' title='bbox 1000 4167 1121 4218; x_wconf 75' lang='grc'><strong>4444444444</strong></span> <span class='ocrx_word' id='word_1_427' title='bbox 1138 4155 1172 4214; x_wconf 91' lang='lat' dir='ltr'><strong>C;</strong></span> <span class='ocrx_word' id='word_1_428' title='bbox 1187 4166 1298 4216; x_wconf 73' lang='lat' dir='ltr'><strong>parom</strong></span> <span class='ocrx_word' id='word_1_429' title='bbox 1309 4153 1360 4212; x_wconf 86' lang='lat' dir='ltr'><strong>Gt;</strong></span> <span class='ocrx_word' id='word_1_430' title='bbox 1377 4149 1483 4202; x_wconf 78' lang='lat' dir='ltr'><strong>Portam</strong></span> <span class='ocrx_word' id='word_1_431' title='bbox 1499 4149 1546 4200; x_wconf 88' lang='grc'><strong>4.(4.</strong></span> 
     </span>
     <span class='ocr_line' id='line_1_40' title="bbox 215 4224 1549 4300; baseline -0.01 -12"><span class='ocrx_word' id='word_1_432' title='bbox 215 4237 243 4288; x_wconf 86' lang='lat' dir='ltr'><strong>et</strong></span> <span class='ocrx_word' id='word_1_433' title='bbox 259 4236 289 4287; x_wconf 90' lang='lat'><strong>0.</strong></span> <span class='ocrx_word' id='word_1_434' title='bbox 316 4235 356 4288; x_wconf 84' lang='lat' dir='ltr'><strong>Gt.</strong></span> <span class='ocrx_word' id='word_1_435' title='bbox 374 4231 460 4290; x_wconf 70' lang='lat' dir='ltr'><strong>Madv.</strong></span> <span class='ocrx_word' id='word_1_436' title='bbox 480 4234 528 4300; x_wconf 87' lang='lat' dir='ltr'><strong>Op.</strong></span> <span class='ocrx_word' id='word_1_437' title='bbox 547 4235 567 4284; x_wconf 92' lang='lat'><strong>1.</strong></span> <span class='ocrx_word' id='word_1_438' title='bbox 584 4244 612 4298; x_wconf 88' lang='lat' dir='ltr'><strong>p.</strong></span> <span class='ocrx_word' id='word_1_439' title='bbox 631 4231 689 4283; x_wconf 86' lang='grc'><strong>363.</strong></span> <span class='ocrx_word' id='word_1_440' title='bbox 707 4233 762 4284; x_wconf 91' lang='lat' dir='ltr'><strong>not.</strong></span> <span class='ocrx_word' id='word_1_441' title='bbox 789 4260 816 4269; x_wconf 94' lang='lat'><em>-</em></span> <span class='ocrx_word' id='word_1_442' title='bbox 843 4237 920 4296; x_wconf 82' lang='lat' dir='ltr'><strong>capnt</strong></span> <span class='ocrx_word' id='word_1_443' title='bbox 935 4232 997 4282; x_wconf 80' lang='grc'><strong>4444444</strong></span> <span class='ocrx_word' id='word_1_444' title='bbox 1013 4229 1063 4281; x_wconf 77' lang='lat' dir='ltr'><strong>aa:</strong></span> <span class='ocrx_word' id='word_1_445' title='bbox 1087 4229 1149 4280; x_wconf 85' lang='grc'><strong>444444</strong></span> <span class='ocrx_word' id='word_1_446' title='bbox 1164 4233 1241 4292; x_wconf 80' lang='lat' dir='ltr'><strong>ceput</strong></span> <span class='ocrx_word' id='word_1_447' title='bbox 1257 4226 1322 4278; x_wconf 90' lang='lat' dir='ltr'><strong>dett.</strong></span> <span class='ocrx_word' id='word_1_448' title='bbox 1341 4225 1371 4278; x_wconf 89' lang='lat'><strong>0.</strong></span> <span class='ocrx_word' id='word_1_449' title='bbox 1392 4251 1420 4264; x_wconf 94' lang='lat'><em>-</em></span> <span class='ocrx_word' id='word_1_450' title='bbox 1444 4224 1468 4276; x_wconf 89' lang='grc'><strong>9.</strong></span> <span class='ocrx_word' id='word_1_451' title='bbox 1486 4237 1549 4275; x_wconf 87' lang='grc'><strong>4444444</strong></span> 
     </span>
     <span class='ocr_line' id='line_1_41' title="bbox 214 4298 1545 4366; baseline -0.008 -3"><span class='ocrx_word' id='word_1_452' title='bbox 214 4309 291 4362; x_wconf 77' lang='lat' dir='ltr'><strong>dabit.</strong></span> <span class='ocrx_word' id='word_1_453' title='bbox 316 4308 360 4361; x_wconf 90' lang='lat' dir='ltr'><strong>ed.</strong></span> <span class='ocrx_word' id='word_1_454' title='bbox 383 4311 494 4362; x_wconf 87' lang='lat' dir='ltr'><strong>Ascens.</strong></span> <span class='ocrx_word' id='word_1_455' title='bbox 517 4307 595 4358; x_wconf 78' lang='lat' dir='ltr'><strong>latr:</strong></span> <span class='ocrx_word' id='word_1_456' title='bbox 618 4319 670 4357; x_wconf 85' lang='grc'><strong>44444</strong></span> <span class='ocrx_word' id='word_1_457' title='bbox 686 4306 743 4358; x_wconf 80' lang='lat' dir='ltr'><strong>dab.</strong></span> <span class='ocrx_word' id='word_1_458' title='bbox 761 4307 813 4362; x_wconf 75' lang='lat' dir='ltr'><strong>aa:</strong></span> <span class='ocrx_word' id='word_1_459' title='bbox 837 4307 956 4358; x_wconf 82' lang='grc'><strong>(4444444444</strong></span> <span class='ocrx_word' id='word_1_460' title='bbox 972 4305 1037 4357; x_wconf 87' lang='lat' dir='ltr'><strong>dett.</strong></span> <span class='ocrx_word' id='word_1_461' title='bbox 1057 4305 1085 4355; x_wconf 91' lang='lat'><strong>0.</strong></span> <span class='ocrx_word' id='word_1_462' title='bbox 1107 4328 1133 4342; x_wconf 87' lang='lat'><strong>-·</strong></span> <span class='ocrx_word' id='word_1_463' title='bbox 1163 4304 1203 4354; x_wconf 94' lang='grc'><strong>40.</strong></span> <span class='ocrx_word' id='word_1_464' title='bbox 1220 4308 1249 4352; x_wconf 79' lang='lat' dir='ltr'><strong>ct</strong></span> <span class='ocrx_word' id='word_1_465' title='bbox 1265 4302 1356 4353; x_wconf 78' lang='grc'><strong>644444</strong></span> <span class='ocrx_word' id='word_1_466' title='bbox 1370 4302 1469 4366; x_wconf 72' lang='lat' dir='ltr'><strong>seam,</strong></span> <span class='ocrx_word' id='word_1_467' title='bbox 1493 4298 1545 4352; x_wconf 86' lang='grc'><strong>444.</strong></span> 
     </span>
     <span class='ocr_line' id='line_1_42' title="bbox 211 4375 1545 4453; baseline -0.01 -14"><span class='ocrx_word' id='word_1_468' title='bbox 211 4385 288 4453; x_wconf 63' lang='lat' dir='ltr'><strong>filtra.</strong></span> <span class='ocrx_word' id='word_1_469' title='bbox 314 4385 387 4438; x_wconf 88' lang='lat' dir='ltr'><strong>llaec</strong></span> <span class='ocrx_word' id='word_1_470' title='bbox 403 4385 486 4436; x_wconf 87' lang='lat' dir='ltr'><strong>verba</strong></span> <span class='ocrx_word' id='word_1_471' title='bbox 503 4396 556 4434; x_wconf 90' lang='lat' dir='ltr'><strong>non</strong></span> <span class='ocrx_word' id='word_1_472' title='bbox 573 4383 706 4434; x_wconf 82' lang='lat' dir='ltr'><strong>immerito</strong></span> <span class='ocrx_word' id='word_1_473' title='bbox 723 4381 863 4436; x_wconf 85' lang='lat' dir='ltr'><strong>subditicta</strong></span> <span class='ocrx_word' id='word_1_474' title='bbox 882 4380 983 4432; x_wconf 90' lang='lat' dir='ltr'><strong>babent</strong></span> <span class='ocrx_word' id='word_1_475' title='bbox 999 4380 1113 4442; x_wconf 78' lang='grc'><strong>44444444,</strong></span> <span class='ocrx_word' id='word_1_476' title='bbox 1132 4377 1312 4442; x_wconf 80' lang='lat' dir='ltr'><strong>wyttenbacb</strong></span> <span class='ocrx_word' id='word_1_477' title='bbox 1330 4375 1404 4442; x_wconf 83' lang='grc'><strong>(34441.</strong></span> <span class='ocrx_word' id='word_1_478' title='bbox 1418 4377 1475 4428; x_wconf 89' lang='lat' dir='ltr'><strong>crit.</strong></span> <span class='ocrx_word' id='word_1_479' title='bbox 1487 4377 1508 4426; x_wconf 93' lang='grc'><strong>4.</strong></span> <span class='ocrx_word' id='word_1_480' title='bbox 1520 4377 1545 4426; x_wconf 89' lang='grc'><strong>3.</strong></span> 
     </span>
     <span class='ocr_line' id='line_1_43' title="bbox 213 4451 1548 4528; baseline -0.01 -15"><span class='ocrx_word' id='word_1_481' title='bbox 213 4475 240 4528; x_wconf 89' lang='lat' dir='ltr'><strong>p.</strong></span> <span class='ocrx_word' id='word_1_482' title='bbox 260 4459 327 4525; x_wconf 72' lang='grc'><strong>44),</strong></span> <span class='ocrx_word' id='word_1_483' title='bbox 345 4461 455 4526; x_wconf 85' lang='lat' dir='ltr'><strong>Zumpt,</strong></span> <span class='ocrx_word' id='word_1_484' title='bbox 473 4462 517 4512; x_wconf 87' lang='lat' dir='ltr'><strong>Or.</strong></span> <span class='ocrx_word' id='word_1_485' title='bbox 530 4459 572 4518; x_wconf 85' lang='grc'><strong>3.;</strong></span> <span class='ocrx_word' id='word_1_486' title='bbox 591 4471 673 4522; x_wconf 88' lang='lat' dir='ltr'><strong>quem</strong></span> <span class='ocrx_word' id='word_1_487' title='bbox 691 4457 760 4510; x_wconf 85' lang='lat' dir='ltr'><strong>ride.</strong></span> <span class='ocrx_word' id='word_1_488' title='bbox 786 4457 911 4510; x_wconf 80' lang='lat' dir='ltr'><strong>Defendit</strong></span> <span class='ocrx_word' id='word_1_489' title='bbox 927 4471 959 4508; x_wconf 86' lang='lat' dir='ltr'><strong>ea</strong></span> <span class='ocrx_word' id='word_1_490' title='bbox 976 4454 1091 4507; x_wconf 82' lang='lat' dir='ltr'><strong>Klotzius</strong></span> <span class='ocrx_word' id='word_1_491' title='bbox 1107 4453 1124 4504; x_wconf 90' lang='lat' dir='ltr'><strong>l.</strong></span> <span class='ocrx_word' id='word_1_492' title='bbox 1143 4452 1160 4504; x_wconf 95' lang='lat' dir='ltr'><strong>l.</strong></span> <span class='ocrx_word' id='word_1_493' title='bbox 1178 4466 1205 4519; x_wconf 93' lang='lat' dir='ltr'><strong>p.</strong></span> <span class='ocrx_word' id='word_1_494' title='bbox 1225 4453 1281 4505; x_wconf 87' lang='grc'><strong>444.</strong></span> <span class='ocrx_word' id='word_1_495' title='bbox 1302 4479 1329 4490; x_wconf 96' lang='grc'>-</span> <span class='ocrx_word' id='word_1_496' title='bbox 1351 4452 1392 4503; x_wconf 87' lang='grc'><strong>43.</strong></span> <span class='ocrx_word' id='word_1_497' title='bbox 1410 4451 1548 4502; x_wconf 80' lang='grc'><strong>44444444--</strong></span> 
     </span>
     <span class='ocr_line' id='line_1_44' title="bbox 213 4525 1549 4601; baseline -0.009 -13"><span class='ocrx_word' id='word_1_498' title='bbox 213 4535 372 4588; x_wconf 69' lang='lat' dir='ltr'><strong>arbitrem</strong></span> <span class='ocrx_word' id='word_1_499' title='bbox 387 4537 403 4590; x_wconf 83' lang='lat'><strong>6</strong></span> <span class='ocrx_word' id='word_1_500' title='bbox 419 4537 499 4601; x_wconf 79' lang='lat' dir='ltr'><strong>Lagg.</strong></span> <span class='ocrx_word' id='word_1_501' title='bbox 518 4534 583 4586; x_wconf 89' lang='lat' dir='ltr'><strong>dett.</strong></span> <span class='ocrx_word' id='word_1_502' title='bbox 604 4560 631 4570; x_wconf 94' lang='lat'>-</span> <span class='ocrx_word' id='word_1_503' title='bbox 650 4535 773 4586; x_wconf 81' lang='grc'><strong>4444444444</strong></span> <span class='ocrx_word' id='word_1_504' title='bbox 788 4534 824 4584; x_wconf 88' lang='grc'><strong>443</strong></span> <span class='ocrx_word' id='word_1_505' title='bbox 842 4533 961 4598; x_wconf 67' lang='lat' dir='ltr'><strong>(conum</strong></span> <span class='ocrx_word' id='word_1_506' title='bbox 978 4531 1020 4594; x_wconf 75' lang='lat' dir='ltr'><strong>Ill:</strong></span> <span class='ocrx_word' id='word_1_507' title='bbox 1038 4531 1095 4580; x_wconf 81' lang='grc'><strong>444444</strong></span> <span class='ocrx_word' id='word_1_508' title='bbox 1111 4528 1226 4592; x_wconf 70' lang='lat' dir='ltr'><strong>collinae</strong></span> <span class='ocrx_word' id='word_1_509' title='bbox 1242 4526 1306 4579; x_wconf 88' lang='lat' dir='ltr'><strong>dett.</strong></span> <span class='ocrx_word' id='word_1_510' title='bbox 1322 4527 1352 4578; x_wconf 90' lang='lat'><strong>0.</strong></span> <span class='ocrx_word' id='word_1_511' title='bbox 1367 4555 1394 4564; x_wconf 97' lang='lat'><em>-</em></span> <span class='ocrx_word' id='word_1_512' title='bbox 1412 4525 1549 4577; x_wconf 81' lang='lat' dir='ltr'><strong>recordare</strong></span> 
     </span>
     <span class='ocr_line' id='line_1_45' title="bbox 212 4599 1546 4674; baseline -0.01 -11"><span class='ocrx_word' id='word_1_513' title='bbox 212 4612 243 4663; x_wconf 91' lang='grc'><strong>44.</strong></span> <span class='ocrx_word' id='word_1_514' title='bbox 265 4639 292 4649; x_wconf 94' lang='grc'>-</span> <span class='ocrx_word' id='word_1_515' title='bbox 312 4609 353 4662; x_wconf 84' lang='lat' dir='ltr'><strong>tl.</strong></span> <span class='ocrx_word' id='word_1_516' title='bbox 371 4615 447 4674; x_wconf 79' lang='grc'><strong>444444</strong></span> <span class='ocrx_word' id='word_1_517' title='bbox 463 4611 496 4663; x_wconf 83' lang='grc'><strong>(44</strong></span> <span class='ocrx_word' id='word_1_518' title='bbox 518 4610 583 4663; x_wconf 88' lang='lat' dir='ltr'><strong>dett.</strong></span> <span class='ocrx_word' id='word_1_519' title='bbox 602 4609 632 4660; x_wconf 90' lang='lat'><strong>0.</strong></span> <span class='ocrx_word' id='word_1_520' title='bbox 656 4635 683 4645; x_wconf 91' lang='lat'>—</span> <span class='ocrx_word' id='word_1_521' title='bbox 708 4610 747 4659; x_wconf 83' lang='grc'><strong>44.</strong></span> <span class='ocrx_word' id='word_1_522' title='bbox 767 4623 816 4673; x_wconf 82' lang='lat' dir='ltr'><strong>qao</strong></span> <span class='ocrx_word' id='word_1_523' title='bbox 839 4623 872 4660; x_wconf 81' lang='lat' dir='ltr'><strong>ae</strong></span> <span class='ocrx_word' id='word_1_524' title='bbox 893 4610 923 4659; x_wconf 91' lang='grc'><strong>44.</strong></span> <span class='ocrx_word' id='word_1_525' title='bbox 946 4632 974 4643; x_wconf 93' lang='grc'><strong>-</strong></span> <span class='ocrx_word' id='word_1_526' title='bbox 997 4609 1099 4668; x_wconf 83' lang='lat' dir='ltr'><strong>raptam</strong></span> <span class='ocrx_word' id='word_1_527' title='bbox 1121 4605 1215 4667; x_wconf 57' lang='lat' dir='ltr'><strong>Laggs</strong></span> <span class='ocrx_word' id='word_1_528' title='bbox 1240 4603 1325 4665; x_wconf 77' lang='lat' dir='ltr'><strong>capud</strong></span> <span class='ocrx_word' id='word_1_529' title='bbox 1341 4603 1375 4664; x_wconf 77' lang='lat' dir='ltr'><strong>lt3</strong></span> <span class='ocrx_word' id='word_1_530' title='bbox 1400 4605 1478 4664; x_wconf 80' lang='lat' dir='ltr'><strong>capnt</strong></span> <span class='ocrx_word' id='word_1_531' title='bbox 1494 4599 1546 4660; x_wconf 80' lang='lat' dir='ltr'><strong>u3;</strong></span> 
     </span>
     <span class='ocr_line' id='line_1_46' title="bbox 212 4677 1545 4752; baseline -0.01 -13"><span class='ocrx_word' id='word_1_532' title='bbox 212 4691 316 4752; x_wconf 73' lang='grc'><strong>4444444444</strong></span> <span class='ocrx_word' id='word_1_533' title='bbox 339 4684 392 4738; x_wconf 86' lang='lat' dir='ltr'><strong>del.</strong></span> <span class='ocrx_word' id='word_1_534' title='bbox 410 4687 480 4738; x_wconf 83' lang='lat' dir='ltr'><strong>Bake</strong></span> <span class='ocrx_word' id='word_1_535' title='bbox 497 4698 523 4751; x_wconf 88' lang='lat' dir='ltr'><strong>p.</strong></span> <span class='ocrx_word' id='word_1_536' title='bbox 543 4684 584 4737; x_wconf 85' lang='grc'><strong>34.</strong></span> <span class='ocrx_word' id='word_1_537' title='bbox 608 4709 637 4722; x_wconf 94' lang='grc'><strong>-</strong></span> <span class='ocrx_word' id='word_1_538' title='bbox 664 4683 820 4734; x_wconf 72' lang='grc' dir='ltr'><strong>3444πί444444</strong></span> <span class='ocrx_word' id='word_1_539' title='bbox 839 4684 874 4735; x_wconf 85' lang='lat' dir='ltr'><strong>L:</strong></span> <span class='ocrx_word' id='word_1_540' title='bbox 899 4681 1039 4733; x_wconf 74' lang='grc'><strong>4444444444(</strong></span> <span class='ocrx_word' id='word_1_541' title='bbox 1061 4677 1139 4731; x_wconf 87' lang='lat' dir='ltr'><strong>codd.</strong></span> <span class='ocrx_word' id='word_1_542' title='bbox 1165 4702 1193 4714; x_wconf 90' lang='lat'><em>-</em></span> <span class='ocrx_word' id='word_1_543' title='bbox 1222 4677 1262 4728; x_wconf 81' lang='grc'><strong>44.</strong></span> <span class='ocrx_word' id='word_1_544' title='bbox 1278 4677 1451 4741; x_wconf 51' lang='lat' dir='ltr'><strong>premere</strong></span> <span class='ocrx_word' id='word_1_545' title='bbox 1467 4677 1497 4726; x_wconf 83' lang='lat' dir='ltr'><strong>R.</strong></span> <span class='ocrx_word' id='word_1_546' title='bbox 1517 4699 1545 4711; x_wconf 94' lang='lat'>-</span> 
     </span>
     <span class='ocr_line' id='line_1_47' title="bbox 214 4748 1618 4826; baseline -0.009 -15"><span class='ocrx_word' id='word_1_547' title='bbox 214 4761 254 4813; x_wconf 88' lang='grc'><strong>48.</strong></span> <span class='ocrx_word' id='word_1_548' title='bbox 272 4761 381 4813; x_wconf 82' lang='grc'><strong>4444444444</strong></span> <span class='ocrx_word' id='word_1_549' title='bbox 397 4759 460 4813; x_wconf 90' lang='lat' dir='ltr'><strong>edlt.</strong></span> <span class='ocrx_word' id='word_1_550' title='bbox 473 4757 577 4815; x_wconf 82' lang='lat' dir='ltr'><strong>ltediol.</strong></span> <span class='ocrx_word' id='word_1_551' title='bbox 591 4759 666 4810; x_wconf 83' lang='lat' dir='ltr'><strong>Aee:</strong></span> <span class='ocrx_word' id='word_1_552' title='bbox 683 4757 795 4809; x_wconf 80' lang='grc'><strong>4444444444</strong></span> <span class='ocrx_word' id='word_1_553' title='bbox 811 4756 889 4809; x_wconf 88' lang='lat' dir='ltr'><strong>codd.</strong></span> <span class='ocrx_word' id='word_1_554' title='bbox 904 4783 931 4794; x_wconf 92' lang='lat'>-</span> <span class='ocrx_word' id='word_1_555' title='bbox 950 4758 978 4807; x_wconf 86' lang='grc'><strong>444</strong></span> <span class='ocrx_word' id='word_1_556' title='bbox 992 4755 1089 4818; x_wconf 81' lang='lat' dir='ltr'><strong>potiore</strong></span> <span class='ocrx_word' id='word_1_557' title='bbox 1100 4755 1130 4806; x_wconf 91' lang='grc'><strong>44.</strong></span> <span class='ocrx_word' id='word_1_558' title='bbox 1144 4779 1171 4789; x_wconf 92' lang='grc'><strong>-</strong></span> <span class='ocrx_word' id='word_1_559' title='bbox 1192 4754 1232 4804; x_wconf 87' lang='grc'><strong>49.</strong></span> <span class='ocrx_word' id='word_1_560' title='bbox 1249 4751 1351 4803; x_wconf 87' lang='grc'><strong>4444444444</strong></span> <span class='ocrx_word' id='word_1_561' title='bbox 1369 4749 1459 4814; x_wconf 80' lang='lat' dir='ltr'><strong>(babet</strong></span> <span class='ocrx_word' id='word_1_562' title='bbox 1474 4748 1546 4798; x_wconf 88' lang='lat' dir='ltr'><strong>idem</strong></span> <span class='ocrx_word' id='word_1_563' title='bbox 1616 4821 1618 4826; x_wconf 69' lang='lat'><strong>,</strong></span> 
     </span>
     <span class='ocr_line' id='line_1_48' title="bbox 212 4827 1548 4903; baseline -0.01 -14"><span class='ocrx_word' id='word_1_564' title='bbox 212 4835 458 4903; x_wconf 68' lang='lat' dir='ltr'><strong>hilliwardum).</strong></span> <span class='ocrx_word' id='word_1_565' title='bbox 472 4862 501 4873; x_wconf 91' lang='grc'>-</span> <span class='ocrx_word' id='word_1_566' title='bbox 518 4835 562 4887; x_wconf 85' lang='grc'><strong>30.</strong></span> <span class='ocrx_word' id='word_1_567' title='bbox 573 4833 698 4902; x_wconf 75' lang='grc'><strong>4444444444</strong></span> <span class='ocrx_word' id='word_1_568' title='bbox 708 4834 738 4896; x_wconf 84' lang='lat' dir='ltr'><strong>a,</strong></span> <span class='ocrx_word' id='word_1_569' title='bbox 752 4834 832 4897; x_wconf 77' lang='lat' dir='ltr'><strong>Lagg.</strong></span> <span class='ocrx_word' id='word_1_570' title='bbox 845 4833 953 4897; x_wconf 87' lang='lat' dir='ltr'><strong>praeter</strong></span> <span class='ocrx_word' id='word_1_571' title='bbox 963 4832 1003 4882; x_wconf 91' lang='grc'><strong>39.</strong></span> <span class='ocrx_word' id='word_1_572' title='bbox 1015 4857 1043 4868; x_wconf 82' lang='lat'><em>-</em></span> <span class='ocrx_word' id='word_1_573' title='bbox 1057 4833 1098 4882; x_wconf 88' lang='grc'><strong>34.</strong></span> <span class='ocrx_word' id='word_1_574' title='bbox 1110 4831 1138 4881; x_wconf 78' lang='lat' dir='ltr'><strong>td</strong></span> <span class='ocrx_word' id='word_1_575' title='bbox 1154 4830 1220 4893; x_wconf 79' lang='lat' dir='ltr'><strong>qnod</strong></span> <span class='ocrx_word' id='word_1_576' title='bbox 1236 4833 1291 4880; x_wconf 83' lang='lat' dir='ltr'><strong>torn</strong></span> <span class='ocrx_word' id='word_1_577' title='bbox 1307 4830 1336 4879; x_wconf 91' lang='grc'><strong>44.</strong></span> <span class='ocrx_word' id='word_1_578' title='bbox 1350 4853 1378 4864; x_wconf 87' lang='grc'>-</span> <span class='ocrx_word' id='word_1_579' title='bbox 1391 4827 1433 4878; x_wconf 88' lang='grc'><strong>33.</strong></span> <span class='ocrx_word' id='word_1_580' title='bbox 1446 4827 1548 4875; x_wconf 82' lang='grc'><strong>4444444444</strong></span> 
     </span>
     <span class='ocr_line' id='line_1_49' title="bbox 212 4900 1549 4977; baseline -0.012 -12"><span class='ocrx_word' id='word_1_581' title='bbox 212 4912 246 4971; x_wconf 73' lang='lat' dir='ltr'><strong>nr</strong></span> <span class='ocrx_word' id='word_1_582' title='bbox 263 4912 358 4964; x_wconf 82' lang='grc'><strong>4444444</strong></span> <span class='ocrx_word' id='word_1_583' title='bbox 373 4913 453 4977; x_wconf 79' lang='lat' dir='ltr'><strong>Lagg.</strong></span> <span class='ocrx_word' id='word_1_584' title='bbox 471 4911 580 4977; x_wconf 86' lang='lat' dir='ltr'><strong>praeter</strong></span> <span class='ocrx_word' id='word_1_585' title='bbox 596 4910 638 4961; x_wconf 87' lang='grc'><strong>39.</strong></span> <span class='ocrx_word' id='word_1_586' title='bbox 658 4931 687 4946; x_wconf 91' lang='grc'><strong>-</strong></span> <span class='ocrx_word' id='word_1_587' title='bbox 705 4907 747 4961; x_wconf 86' lang='grc'><strong>36.</strong></span> <span class='ocrx_word' id='word_1_588' title='bbox 767 4909 793 4959; x_wconf 83' lang='lat'><strong>0.</strong></span> <span class='ocrx_word' id='word_1_589' title='bbox 806 4921 861 4959; x_wconf 93' lang='lat' dir='ltr'><strong>om.</strong></span> <span class='ocrx_word' id='word_1_590' title='bbox 880 4907 945 4958; x_wconf 89' lang='lat' dir='ltr'><strong>dett.</strong></span> <span class='ocrx_word' id='word_1_591' title='bbox 960 4933 988 4943; x_wconf 90' lang='lat'><em>-</em></span> <span class='ocrx_word' id='word_1_592' title='bbox 1006 4907 1047 4958; x_wconf 82' lang='grc'><strong>34.</strong></span> <span class='ocrx_word' id='word_1_593' title='bbox 1066 4907 1101 4957; x_wconf 83' lang='lat' dir='ltr'><strong>tt.</strong></span> <span class='ocrx_word' id='word_1_594' title='bbox 1116 4905 1266 4957; x_wconf 75' lang='grc' dir='ltr'><strong>444νωὶ444444</strong></span> <span class='ocrx_word' id='word_1_595' title='bbox 1283 4903 1347 4954; x_wconf 89' lang='lat' dir='ltr'><strong>dett.</strong></span> <span class='ocrx_word' id='word_1_596' title='bbox 1362 4930 1389 4939; x_wconf 97' lang='lat'><em>-</em></span> <span class='ocrx_word' id='word_1_597' title='bbox 1408 4901 1449 4953; x_wconf 88' lang='grc'><strong>38.</strong></span> <span class='ocrx_word' id='word_1_598' title='bbox 1465 4900 1549 4965; x_wconf 65' lang='lat' dir='ltr'><strong>platta</strong></span> 
     </span>
     <span class='ocr_line' id='line_1_50' title="bbox 212 4975 1547 5053; baseline -0.01 -13"><span class='ocrx_word' id='word_1_599' title='bbox 212 4989 242 5040; x_wconf 86' lang='lat' dir='ltr'><strong>a.</strong></span> <span class='ocrx_word' id='word_1_600' title='bbox 263 5016 291 5027; x_wconf 93' lang='lat'><em>-</em></span> <span class='ocrx_word' id='word_1_601' title='bbox 310 5001 360 5041; x_wconf 80' lang='grc'><strong>4444</strong></span> <span class='ocrx_word' id='word_1_602' title='bbox 377 5001 431 5042; x_wconf 92' lang='lat' dir='ltr'><strong>om.</strong></span> <span class='ocrx_word' id='word_1_603' title='bbox 444 4986 524 5053; x_wconf 73' lang='lat' dir='ltr'><strong>trae.</strong></span> <span class='ocrx_word' id='word_1_604' title='bbox 538 5013 566 5023; x_wconf 97' lang='lat'>-</span> <span class='ocrx_word' id='word_1_605' title='bbox 584 4983 627 5037; x_wconf 85' lang='grc'><strong>33.</strong></span> <span class='ocrx_word' id='word_1_606' title='bbox 645 4985 738 5035; x_wconf 64' lang='lat' dir='ltr'><strong>aare</strong></span> <span class='ocrx_word' id='word_1_607' title='bbox 753 4983 830 5036; x_wconf 85' lang='grc'><strong>4444444</strong></span> <span class='ocrx_word' id='word_1_608' title='bbox 846 4982 910 5034; x_wconf 86' lang='lat' dir='ltr'><strong>dett.</strong></span> <span class='ocrx_word' id='word_1_609' title='bbox 924 4984 1004 5046; x_wconf 72' lang='lat' dir='ltr'><strong>lagg.</strong></span> <span class='ocrx_word' id='word_1_610' title='bbox 1017 4982 1085 5034; x_wconf 89' lang='lat'><strong>0.-</strong></span> <span class='ocrx_word' id='word_1_611' title='bbox 1103 4981 1264 5032; x_wconf 73' lang='lat' dir='ltr'><strong>Arcttnedcn</strong></span> <span class='ocrx_word' id='word_1_612' title='bbox 1280 4977 1359 5043; x_wconf 75' lang='lat' dir='ltr'><strong>ngas.</strong></span> <span class='ocrx_word' id='word_1_613' title='bbox 1375 5003 1401 5013; x_wconf 85' lang='lat'><em>-</em></span> <span class='ocrx_word' id='word_1_614' title='bbox 1420 4975 1461 5026; x_wconf 86' lang='grc'><strong>30.</strong></span> <span class='ocrx_word' id='word_1_615' title='bbox 1474 4987 1547 5037; x_wconf 72' lang='lat' dir='ltr'><strong>quaa</strong></span> 
     </span>
     <span class='ocr_line' id='line_1_51' title="bbox 213 5049 1543 5128; baseline -0.011 -15"><span class='ocrx_word' id='word_1_616' title='bbox 213 5061 263 5114; x_wconf 79' lang='lat' dir='ltr'><strong>aa:</strong></span> <span class='ocrx_word' id='word_1_617' title='bbox 281 5075 388 5128; x_wconf 71' lang='lat' dir='ltr'><strong>mque</strong></span> <span class='ocrx_word' id='word_1_618' title='bbox 404 5061 470 5115; x_wconf 85' lang='lat' dir='ltr'><strong>dett.</strong></span> <span class='ocrx_word' id='word_1_619' title='bbox 490 5087 519 5100; x_wconf 89' lang='lat'>-</span> <span class='ocrx_word' id='word_1_620' title='bbox 539 5061 579 5114; x_wconf 86' lang='grc'><strong>34.</strong></span> <span class='ocrx_word' id='word_1_621' title='bbox 597 5065 709 5112; x_wconf 64' lang='lat' dir='ltr'><strong>erraret</strong></span> <span class='ocrx_word' id='word_1_622' title='bbox 725 5058 792 5111; x_wconf 85' lang='lat' dir='ltr'><strong>dett.</strong></span> <span class='ocrx_word' id='word_1_623' title='bbox 804 5059 834 5110; x_wconf 94' lang='lat'><strong>0.</strong></span> <span class='ocrx_word' id='word_1_624' title='bbox 849 5085 877 5096; x_wconf 96' lang='lat'>-</span> <span class='ocrx_word' id='word_1_625' title='bbox 896 5055 937 5108; x_wconf 86' lang='grc'><strong>33.</strong></span> <span class='ocrx_word' id='word_1_626' title='bbox 956 5069 1021 5120; x_wconf 83' lang='lat' dir='ltr'><strong>quoe</strong></span> <span class='ocrx_word' id='word_1_627' title='bbox 1037 5055 1086 5118; x_wconf 85' lang='grc'><strong>443,</strong></span> <span class='ocrx_word' id='word_1_628' title='bbox 1105 5051 1134 5118; x_wconf 83' lang='grc'><strong>4,</strong></span> <span class='ocrx_word' id='word_1_629' title='bbox 1152 5053 1214 5106; x_wconf 90' lang='lat' dir='ltr'><strong>cod.</strong></span> <span class='ocrx_word' id='word_1_630' title='bbox 1226 5055 1296 5107; x_wconf 80' lang='lat' dir='ltr'><strong>Urs:</strong></span> <span class='ocrx_word' id='word_1_631' title='bbox 1315 5053 1377 5116; x_wconf 78' lang='grc'><strong>44444</strong></span> <span class='ocrx_word' id='word_1_632' title='bbox 1393 5049 1501 5102; x_wconf 85' lang='lat' dir='ltr'><strong>detto.</strong></span> <span class='ocrx_word' id='word_1_633' title='bbox 1515 5073 1543 5086; x_wconf 91' lang='lat'><strong>·-</strong></span> 
     </span>
    </p>
   </div>
   <div class='ocr_carea' id='block_1_4' title="bbox 211 5128 1254 5204">
    <p class='ocr_par' dir='ltr' id='par_1_4' title="bbox 211 5128 1254 5204">
     <span class='ocr_line' id='line_1_52' title="bbox 211 5128 1254 5204; baseline -0.015 -9"><span class='ocrx_word' id='word_1_634' title='bbox 211 5135 374 5204; x_wconf 65' lang='grc'><strong>4444444444,</strong></span> <span class='ocrx_word' id='word_1_635' title='bbox 392 5137 415 5193; x_wconf 83' lang='lat' dir='ltr'><strong>rt</strong></span> <span class='ocrx_word' id='word_1_636' title='bbox 430 5137 476 5192; x_wconf 81' lang='lat' dir='ltr'><strong>boo</strong></span> <span class='ocrx_word' id='word_1_637' title='bbox 492 5136 546 5192; x_wconf 87' lang='lat' dir='ltr'><strong>loco</strong></span> <span class='ocrx_word' id='word_1_638' title='bbox 562 5137 717 5200; x_wconf 70' lang='lat' dir='ltr'><strong>dicercatw,</strong></span> <span class='ocrx_word' id='word_1_639' title='bbox 733 5135 789 5188; x_wconf 87' lang='grc'><strong>44444</strong></span> <span class='ocrx_word' id='word_1_640' title='bbox 805 5133 871 5186; x_wconf 89' lang='lat' dir='ltr'><strong>dett.</strong></span> <span class='ocrx_word' id='word_1_641' title='bbox 891 5155 919 5170; x_wconf 93' lang='lat'>-</span> <span class='ocrx_word' id='word_1_642' title='bbox 939 5131 980 5183; x_wconf 83' lang='grc'><strong>33.</strong></span> <span class='ocrx_word' id='word_1_643' title='bbox 998 5131 1065 5194; x_wconf 75' lang='lat' dir='ltr'><strong>qaod</strong></span> <span class='ocrx_word' id='word_1_644' title='bbox 1079 5131 1125 5184; x_wconf 83' lang='grc'><strong>4444</strong></span> <span class='ocrx_word' id='word_1_645' title='bbox 1141 5128 1207 5182; x_wconf 88' lang='lat' dir='ltr'><strong>dett.</strong></span> <span class='ocrx_word' id='word_1_646' title='bbox 1225 5129 1254 5181; x_wconf 91' lang='lat'><strong>0.</strong></span> 
     </span>
    </p>
   </div>
   <div class='ocr_carea' id='block_1_5' title="bbox 0 0 1826 5862">
    <p class='ocr_par' dir='ltr' id='par_1_5' title="bbox 0 0 1826 5862">
     <span class='ocr_line' id='line_1_53' title="bbox 0 0 1826 5862; baseline 0 0"><span class='ocrx_word' id='word_1_647' title='bbox 0 0 1826 5862; x_wconf 95' lang='lat' dir='ltr'><strong> </strong></span> 
     </span>
    </p>
   </div>
  </div>
 </body>
</html>
