3642 5868
297 405 360 475 494
668 415 712 480 ΙΝ
732 413 900 482 vemas
918 414 1042 481 ACTIO
1065 415 1248 485 SECUNDA

120 649 137 666 ,
157 595 200 688 2²
296 582 465 649 constituito
486 601 556 646 esse
576 581 751 648 rideantur.
793 585 894 649 XXH.
917 581 967 650 53.
977 578 1095 664 (Quam
1115 585 1208 651 facilc
1228 591 1332 676 se-rpat
1351 586 1469 652 iniuria
1487 593 1520 652 et
1539 607 1616 673 pee-

297 678 391 744 candi
413 677 622 754 consuetudo,
655 698 750 762 quam
777 698 841 743 non
863 680 954 745 facile
976 682 1177 766 reprimatur,
1202 681 1323 757 videte,
1352 681 1481 746 iudices
1494 677 1614 778 iffi!

184 775 212 856 l
297 772 447 880 ‘’PIEQV
475 778 524 834 est
550 778 645 860 tepue
674 791 764 848 sane,
794 794 858 838 non
886 774 979 857 longe
1001 794 1020 838 a
1043 775 1215 857 Syracusis.
1256 775 1359 840 Huius
1380 776 1473 860 longe
1494 777 1615 860 primus

296 866 431 930 cintatis
452 873 500 928 est
520 865 679 950 Epicrates
701 867 837 950 quidam.
874 867 955 932 Huic
974 867 1133 932 hereditas
1149 867 1209 932 Hs
1224 869 1471 954 quingentorum
1491 870 1614 934 milium

271 966 424 1026 evenerat
445 980 463 1023 a
484 959 616 1023 muliere
637 960 773 1044 quadam
793 961 985 1045 propinqua,
1007 969 1102 1045 atque
1117 963 1160 1025 ita
1174 963 1367 1047 propinqua,
1389 970 1442 1037 ut,
1464 983 1503 1028 ea
1518 965 1614 1028 etiam

295 1055 322 1118 si
354 1056 501 1120 intestata
532 1059 614 1117 esset
644 1061 779 1129 mortua,
812 1056 986 1140 Epicratem
1017 1056 1199 1119 Bidinorum
1228 1057 1351 1140 legihus
1371 1056 1521 1122 heredem
1541 1075 1613 1122 esse

294 1154 461 1233 oporteret
503 1148 623 1211 Recens
649 1154 715 1212 erat
742 1149 797 1211 illa
822 1171 890 1223 res,
920 1169 1015 1233 quam
1043 1157 1117 1214 ante
1144 1148 1374 1226 demonstravi,
1407 1150 1446 1214 de
1467 1151 1612 1216 Heraclio

294 1242 511 1325 Syracusano,
533 1242 588 1325 qui
608 1242 692 1305 hona
714 1262 779 1306 non
800 1243 1006 1326 perdidisset,
1029 1243 1090 1306 nisi
1113 1244 1143 1307 ei
1165 1244 1306 1308 venisset
1325 1244 1495 1308 hereditas.
1529 1244 1613 1308 Huic

294 1355 423 1420 quoque
451 1335 590 1418 Epicrati
619 1343 764 1411 venerat,
794 1346 830 1400 ut
856 1336 940 1412 dixi,
967 1336 1139 1401 hereditas.
1182 1334 1233 1400 54.
1263 1337 1409 1421 Cogitate
1438 1344 1614 1424 coepenrnt

256 1429 363 1493 tocius
385 1429 505 1492 inimici
526 1429 627 1493 nihilo
651 1429 755 1493 minus
777 1431 890 1493 eodem
911 1437 1056 1514 praetore
1077 1430 1162 1494 hunc
1185 1431 1283 1495 everti
1298 1432 1391 1495 honis
1409 1451 1524 1516 posse,
1546 1449 1611 1515 quo

292 1522 456 1587 Heraclius
486 1530 570 1586 esset
598 1543 737 1586 eversus.
780 1525 857 1588 Rem
888 1525 1010 1588 occulte
1032 1525 1221 1588 instituunt:
1249 1523 1291 1588 ad
1312 1525 1444 1589 Verrem
1464 1545 1522 1608 per
1543 1525 1612 1588 eius

290 1617 480 1700 interpretes
503 1616 658 1681 delerant.
701 1619 748 1682 Ita
769 1637 864 1682 causa
886 1619 1104 1701 componitur,
1129 1619 1261 1682 utitem
1283 1618 1484 1701 palaeshitae
1505 1616 1613 1682 Bidini

291 1718 438 1797 peterent
457 1711 497 1774 ah
510 1713 658 1796 Epicrate
679 1711 902 1786 hereditatem,
925 1711 1191 1796 quemadmodum
1206 1712 1407 1796 palaestritae
1422 1711 1611 1796 Syracusani

291 1809 330 1872 ah
344 1807 491 1871 Heraclio
506 1806 672 1889 petissent
693 1807 872 1888 Numquam
887 1824 944 1868 vos
960 1812 1138 1887 praetorem
1154 1813 1217 1870 4444
1231 1805 1454 1890 palaestricum
1469 1805 1613 1870 vidistis:

253 1911 400 1967 ttverum
414 1902 459 1965 ita
471 1899 670 1984 palaestritas
686 1897 884 1974 defendebat,
898 1905 933 1961 nt
947 1898 986 1962 ah
1000 1899 1064 1962 illis
1086 1899 1155 1982 ipse
1177 1901 1304 1964 unctior
1317 1898 1459 1980 ahiret.†
1473 1898 1535 1974 Qui
1550 1905 1613 1961 sta·

290 1996 357 2071 dm,
372 2014 444 2058 cum
459 1993 698 2077 praesensisset,
710 1991 798 2056 iuhet
810 1993 934 2056 cuidam
945 1992 1118 2056 amicorum
1133 2013 1262 2058 suorum
1274 1993 1433 2058 numerari
1447 1993 1612 2056 HSnxxx.

289 2087 341 2152 55.
362 2090 424 2151 Res
446 2087 599 2152 occultari
620 2087 697 2150 satis
718 2106 783 2172 non
805 2087 920 2169 potuit.
963 2087 1024 2150 Per
1044 2086 1203 2170 quendam
1226 2107 1354 2162 eorum,
1383 2088 1438 2171 qui
1460 2085 1613 2150 interlue-

288 2191 377 2260 rant,
398 2182 436 2245 lit
455 2182 619 2265 Epicrates
642 2180 766 2243 certior.
801 2180 906 2244 Primo
928 2179 1088 2262 negligere
1111 2187 1143 2244 et
1164 2187 1367 2246 contemnere
1381 2181 1502 2263 coepit,
1525 2179 1612 2262 quod

289 2297 385 2342 causa
405 2294 553 2359 prorsus,
582 2274 669 2357 quod
692 2273 845 2356 disputari
867 2280 992 2356 posset,
1022 2273 1102 2336 nihil
1123 2272 1269 2338 habehat.
1311 2274 1449 2349 Deinde,
1478 2294 1550 2338 cum
1572 2273 1612 2336 de

251 2370 436 2435 ”Heraclio
465 2367 619 2451 cogitaret
646 2374 678 2430 et
705 2367 796 2431 istius
823 2367 990 2431 libidinem
1019 2374 1145 2442 nosset,
1176 2368 1467 2432 commodissimum
1487 2367 1613 2452 putavit

289 2486 360 2529 esse
393 2464 432 2526 de
463 2461 630 2546 provincia
659 2460 739 2525 clam
768 2461 866 2525 abire.
908 2462 1019 2544 Itaque
1049 2461 1146 2526 iecit:
1179 2461 1339 2546 proiectus
1369 2469 1417 2526 est
1444 2462 1609 2545 Rhegium.

288 2558 405 2622 lllllll.
434 2556 528 2632 Quod
555 2555 611 2618 uhi
639 2555 782 2618 auditum
813 2562 874 2630 est,
907 2561 1053 2619 aestuare
1074 2555 1141 2630 illi,
1173 2557 1228 2641 qui
1249 2557 1417 2639 pecuniam
1440 2554 1611 2619 dederant:

288 2662 400 2737 putare
421 2649 502 2714 nihil
523 2650 574 2731 agi
596 2668 691 2732 posse
713 2649 843 2713 ahsente
863 2649 1023 2733 Epicrate.
1057 2650 1137 2712 Nam
1158 2649 1324 2714 Heraclius
1339 2657 1444 2714 umen
1458 2648 1612 2725 adfuerat,

288 2766 360 2810 cum
382 2744 485 2828 primo
507 2748 583 2806 sunt
603 2742 669 2806 dati
690 2742 829 2805 iudices:
851 2743 890 2804 dc
911 2741 991 2815 hoo,
1014 2743 1068 2826 qui
1084 2750 1254 2827 antequam
1269 2744 1301 2807 in
1316 2745 1366 2808 ius
1381 2744 1503 2808 aditum
1516 2750 1610 2817 esset,

252 2845 459 2922 teantequam
487 2837 604 2900 mentio
639 2836 778 2919 denique
807 2836 1043 2898 controversiae
1070 2835 1154 2900 facta
1182 2843 1266 2900 esset
1285 2837 1368 2912 ulla,
1403 2835 1610 2911 discessisset,

288 2931 444 3018 putabant
465 2930 545 2993 nihil
566 2929 617 3012 agi
639 2949 744 3013 posse.
786 2929 940 2992 Homines
961 2929 1116 3011 Rhegium
1137 2930 1391 3014 proficiscuntur.
1432 2931 1610 3014 Epicratem

289 3026 498 3092 conveniunt:
528 3024 762 3097 demonstrant,
793 3022 826 3086 id
854 3022 941 3106 quod
970 3022 1024 3086 ille
1053 3024 1186 3098 sciehat,
1218 3045 1252 3088 se
1275 3023 1334 3088 HS
1356 3045 1445 3088 nxxx
1466 3025 1606 3088 dedisse:

287 3128 402 3204 rogant
422 3137 510 3192 eum,
532 3126 570 3182 ut
592 3118 653 3182 sihi
675 3117 727 3192 id,
751 3115 837 3201 quod
858 3117 898 3180 ah
920 3116 997 3198 ipsis
1020 3116 1138 3180 ahisset
1158 3117 1329 3200 pecuniae,
1352 3123 1457 3182 curet:
1479 3119 1519 3185 ab
1540 3138 1610 3184 sese

285 3222 410 3290 caveat,
444 3211 712 3298 quemadmodum
733 3211 827 3288 velit;
857 3212 896 3276 de
917 3211 973 3274 illa
992 3209 1169 3274 hereditate
1190 3231 1262 3275 cum
1282 3212 1430 3295 Epicrate
1450 3213 1610 3276 neminem

330 3552 354 3604 3.
367 3551 546 3604 449414-
558 3547 755 3613 414444344144.
767 3546 892 3613 34339.-
907 3544 930 3597 4.
942 3545 1007 3611 tata]
1019 3546 1042 3596 44
1053 3543 1290 3608 44,44444144ω·.-
1303 3547 1529 3612 chamaan
1540 3548 1607 3602 41.-

285 3631 311 3682 4.
321 3641 407 3679 roceas
417 3625 485 3692 4344
496 3637 522 3690 p.
533 3637 581 3676 mc
598 3623 856 3686 recesseramus
867 3625 911 3673 444.
925 3622 987 3673 0.-
1001 3622 1041 3673 40.
1054 3634 1131 3685 qaam
1141 3621 1517 3677 HeracttoaVetGuilielmtns.
1530 3624 1609 3691 [optt-

286 3705 351 3767 444]
365 3729 393 3740 ·-
406 3703 446 3753 44.
459 3705 614 3752 socom
624 3699 655 3750 V.
666 3724 693 3736 -
706 3698 747 3749 44.
759 3697 843 3748 nutat
854 3695 922 3760 1344
933 3710 961 3762 p.
973 3709 1009 3748 m.
1023 3711 1056 3758 ea:
1073 3697 1243 3748 Btdeaeeactt.
1257 3699 1286 3749 0.
1301 3698 1506 3765 (btetpmetv.)
1520 3727 1548 3738 -
1565 3700 1605 3752 49.

284 3778 444 3830 sesamam
460 3787 513 3826 om.
531 3774 565 3825 14.
576 3799 603 3810 -
622 3771 663 3823 44.
679 3770 853 3834 palaestritam
869 3771 938 3836 4344
949 3785 975 3837 p.
988 3785 1024 3824 m.
1038 3772 1097 3824 cod.
1111 3775 1167 3826 Urs.
1185 3775 1219 3825 nt
1230 3773 1396 3836 palaestae
1406 3770 1607 3846 (4444344443)

285 3855 303 3904 1.
317 3866 342 3904 e.
360 3851 423 3903 artis
439 3848 593 3901 luctatortaa
610 3847 712 3912 peritus
728 3847 807 3910 eique
825 3845 930 3898 deditus
947 3847 1030 3898 multo
1047 3849 1133 3913 aptius
1150 3847 1320 3900 diuturni.
1337 3850 1447 3913 Verres,
1466 3863 1547 3915 qaam
1561 3860 1609 3912 pa·

286 3928 399 3978 14444444
415 3921 633 3995 (παλαιςμτης),
651 3923 668 3974 i.
682 3934 707 3974 e.
725 3918 845 3973 luctator.
870 3922 903 3973 44.
923 3920 1296 3987 111444.44441.ρ111141.4848.
1315 3925 1389 3976 Fasc.
1402 3926 1421 3976 1.
1439 3937 1467 3990 p.
1479 3925 1510 3976 41
1522 3937 1563 3988 so.
1578 3947 1606 3962 -

287 4004 328 4054 411.
346 4001 426 4052 abac
441 3999 509 4064 1344
525 4012 552 4063 p.
564 4011 601 4048 m.
614 3997 684 4060 Vm:
704 3997 836 4047 discedent
852 3999 897 4048 444.
918 4022 945 4034 -
965 3998 1005 4048 to.
1024 3999 1090 4060 aaa
1102 4011 1221 4061 praecem
1236 4004 1297 4051 esset
1306 3999 1415 4064 134944
1426 4013 1454 4066 p.
1465 4013 1502 4052 m.
1515 4000 1535 4051 B
1546 3998 1606 4050 cod.

190 4098 191 4102 ¹
286 4080 357 4132 Ure:
376 4077 442 4141 poce
457 4076 541 4126 4444444
553 4073 728 4137 paramese
744 4073 781 4134 V;
804 4073 870 4136 qaod
888 4073 1063 4136 4444444444
1085 4075 1130 4124 444.
1150 4073 1227 4124 codd.
1246 4075 1318 4135 noti;
1341 4089 1399 4127 cem
1413 4075 1537 4139 praedam
1551 4085 1609 4126 aea·

285 4154 354 4204 asset
374 4152 442 4202 conl.
463 4152 520 4202 Rau
536 4150 567 4200 11.
590 4160 618 4213 p.
636 4147 668 4198 413
684 4160 725 4211 sq.
760 4149 830 4210 Quod
848 4148 933 4198 4444444
954 4161 1011 4198 com
1031 4149 1206 4211 praemaeteeet
1227 4161 1280 4201 non
1302 4149 1371 4202 male
1394 4151 1544 4216 suspicatus
1567 4150 1610 4202 444

286 4226 377 4280 hanah
409 4225 458 4288 044
480 4225 577 4285 etcum,
604 4223 670 4286 quoe
690 4224 865 4286 praececisset
883 4222 964 4273 111444.
995 4224 1080 4274 Locus
1100 4223 1219 4276 nondum
1237 4228 1403 4290 persecatus.
1430 4225 1505 4278 Cani.
1528 4223 1609 4276 ctiam

286 4304 373 4355 144444
383 4315 411 4367 p.
424 4302 465 4352 114.
481 4326 508 4337 -
522 4300 661 4350 amensa
676 4311 780 4348 aarum
791 4297 964 4362 mcccv:
982 4309 1145 4349 4444444444.
1158 4299 1203 4348 444.
1217 4297 1254 4358 0;
1272 4313 1439 4352 samam.
1452 4301 1470 4352 1³
1482 4296 1606 4365 4444344,

286 4377 320 4428 de
339 4389 392 4442 qno
409 4377 436 4426 Z.
455 4373 571 4438 erravit]
591 4401 619 4410 -
636 4373 686 4424 HS.
705 4373 764 4424 000
778 4372 802 4434 4,
818 4374 844 4424 F.
864 4398 892 4407 -
912 4372 952 4422 47.
967 4372 1049 4434 potate
1064 4370 1089 4435 4,
1107 4373 1194 4435 1411φ
1206 4387 1212 4422 :
1226 4387 1299 4436 passe
1314 4375 1362 4426 dtt.
1380 4375 1409 4425 0.
1427 4375 1461 4426 st
1477 4372 1512 4426 cl.
1529 4373 1609 4424 Stoe-

285 4450 363 4504 renh.
382 4451 416 4502 ad
432 4449 512 4501 Arch.
529 4447 610 4514 pstd.
629 4448 672 4499 ed.
690 4449 724 4508 1.;
740 4447 956 4511 4444441347.-
973 4445 1139 4510 mursam
1153 4447 1177 4496 V
1190 4447 1249 4498 ced.
1263 4449 1340 4500 ilat:
1357 4449 1505 4512 tutassent
1520 4449 1566 4500 ott.
1578 4472 1605 4483 -

286 4529 327 4579 48.
344 4527 454 4591 pesam
469 4523 537 4587 4344
554 4536 581 4589 p.
599 4537 636 4575 m.
656 4549 684 4559 -
702 4529 856 4574 nauteam
870 4525 894 4571 44
909 4519 1036 4585 neglegere
1051 4521 1082 4572 V.
1103 4548 1130 4559 -
1149 4523 1215 4584 peod
1229 4523 1257 4572 44
1273 4535 1351 4574 caasa
1365 4523 1397 4574 V.
1418 4547 1445 4562 -
1465 4523 1506 4573 49.
1524 4522 1608 4584 4144344-

286 4603 338 4654 tart
354 4600 423 4665 1344
438 4613 466 4666 p.
479 4612 516 4650 m.
534 4599 632 4651 FltV:
651 4597 760 4648 4444444
777 4597 855 4648 otto
873 4593 932 4647 coll.
951 4595 975 4660 5.
988 4595 1029 4645 69.
1044 4621 1072 4632 -
1089 4596 1131 4646 49.
1149 4601 1173 4648 et
1189 4609 1243 4648 om.
1256 4596 1288 4648 V.
1302 4623 1330 4636 -
1348 4599 1389 4650 st.
1407 4599 1511 4663 Raptam
1526 4594 1604 4660 V,al

288 4703 316 4714 -
329 4677 370 4734 44.
386 4688 441 4738 pec.
453 4674 508 4724 ded.
521 4673 679 4736 13994119
690 4687 695 4722 :
714 4673 769 4723 41441,
778 4685 833 4736 pec.
846 4673 891 4722 444.
905 4671 934 4721 0.
949 4697 977 4708 -
996 4671 1037 4722 23.
1050 4676 1150 4734 4444444
1161 4673 1208 4736 (sic
1219 4673 1309 4738 saepe)
1319 4673 1352 4724 V.
1366 4697 1395 4710 -
1412 4677 1496 4724 taenea
1511 4667 1605 4735 pleriq.

286 4751 376 4804 codd:
393 4749 493 4808 444411;
511 4746 656 4799 444441.-
674 4745 889 4812 4444449414
907 4745 1022 4810 44444444
1038 4746 1116 4798 cedd.
1134 4748 1212 4812 lagg.
1231 4759 1334 4800 omnes.
1348 4773 1377 4785 -
1394 4745 1436 4800 41.
1449 4745 1534 4810 petrae
1550 4748 1608 4794 44444

287 4828 340 4879 dett
361 4827 414 4876 tad.
431 4825 470 4875 V:
491 4824 576 4887 pauo
594 4835 620 4874 ae
636 4820 841 4887 4144444υά1349
857 4833 950 4887 p.m.;
972 4821 1152 4884 pameneae·
1168 4823 1293 4874 44444441.
1312 4822 1357 4874 ctt.
1376 4821 1406 4872 0.
1426 4845 1453 4856 -
1472 4823 1607 4880 4444344444

286 4903 384 4954 aetam
396 4899 550 4964 postestatem
565 4899 593 4948 44
608 4898 648 4948 tae
663 4901 723 4948 44444
733 4896 762 4948 V.
784 4922 812 4934 -
830 4897 871 4948 44.
890 4897 1135 4960 mapsam-ata
1151 4911 1204 4950 om.
1220 4897 1298 4962 Lgli.
1314 4923 1341 4936 -·
1359 4895 1463 4958 dmtpaee
1476 4891 1568 4944 4444444
1584 4890 1605 4943 0

287 4978 378 5029 conca
395 4975 511 5027 codices.
531 4999 559 5012 -·
580 4972 636 5023 atta
651 4971 824 5035 43494494
843 4983 897 5022 om.
916 4974 961 5024 ctt.
974 4974 1003 5024 0.
1018 4999 1045 5010 -
1064 4973 1105 5025 26.
1121 4973 1226 5036 pauca
1236 4970 1305 5038 4344
1315 4984 1342 5037 p.
1355 4983 1393 5024 m.
1406 4995 1436 5009 -
1452 4969 1556 5034 Raptam
1571 4963 1602 5017 V.

289 5075 318 5090 -
344 5051 386 5102 aa.
403 5055 428 5102 a
450 5050 566 5100 amoma.
584 5046 653 5112 agla
669 5058 697 5111 p.
714 5059 750 5098 m.
775 5072 803 5084 -
825 5045 875 5097 as.
893 5047 953 5099 ccc
966 5047 1112 5112 naiasin
1138 5049 1184 5100 ss.
1202 5049 1294 5100 nm
1311 5045 1343 5098 v.
1362 5069 1391 5083 ·-
1414 5042 1456 5096 aa.
1473 5041 1520 5094 aa
1535 5028 1605 5106 aaa

287 5125 342 5191 Vp
358 5126 432 5178 urat
450 5124 492 5190 (ex
507 5123 577 5188 litt:
604 5133 659 5174 om.
677 5121 723 5174 444.
741 5122 772 5174 0.
791 5145 820 5160 -
838 5120 928 5174 4444444
943 5121 998 5174 eV:
1016 5122 1109 5177 4444444
1123 5122 1203 5178 codd.
1222 5125 1249 5178 44
1264 5121 1326 5178 edd.
1343 5120 1406 5174 ante
1420 5119 1506 5185 41443.
