3684 5862
306 414 328 480 8
708 419 861 485 ORATIO
881 418 960 484 PRO
980 417 1016 483 P.
1037 415 1231 495 QUINCTIO

306 591 411 674 ipsum
432 591 603 656 tacuissem
624 591 764 667 mallem,
786 591 937 676 quoniam
959 594 1131 672 utrumque
1146 587 1252 672 quivis
1266 585 1443 670 intelligere
1457 585 1622 672 potuisset.

305 685 398 748 lubet
425 686 459 748 Ρ.
482 685 666 762 Quinctium
695 687 900 770 sponsionem
928 704 1001 748 cum
1024 684 1096 748 Sex.
1119 683 1237 746 Naevio
1259 682 1381 746 iacere:
1413 701 1442 746 ar
1465 701 1546 748 aona
1567 703 1624 748 soa

305 798 350 842 ax
370 796 487 844 solaro
509 783 544 844 P.
565 783 720 845 Boanrnnr
740 797 914 844 rnanroars
936 799 1006 843 oras
1027 798 1095 841 xxx
1115 797 1264 842 rossnssa
1285 795 1346 840 non
1367 796 1491 842 rssnxr.
1523 779 1624 842 liecu-

306 873 418 936 sabant
447 874 502 958 qui
530 876 662 940 aderant
683 883 749 938 tum
772 875 940 951 Quinctio;
968 873 1242 948 demonstrabant,
1265 872 1304 935 de
1326 891 1361 935 re
1383 872 1537 936 iudicium
1556 867 1623 936 fieri

119 967 204 1089 y„v
281 967 527 1052 soportcre,(ut
541 978 596 1032 aut
609 978 744 1054 uterque
764 970 849 1032 inter
863 987 897 1032 se
912 977 966 1032 aut
980 975 1092 1031 neuter
1107 969 1184 1030 satis
1200 953 1306 1068 daret)
1327 986 1393 1029 non
1406 987 1536 1032 necesse
1552 987 1622 1032 esse

303 1062 420 1125 tamam
441 1065 571 1128 alterius
593 1065 626 1126 in
647 1063 801 1128 iudicium
822 1064 941 1127 venire.
983 1058 1034 1124 34.
1058 1062 1220 1126 Clamabat
1239 1081 1336 1145 porro
1358 1062 1427 1146 ipse
1443 1061 1621 1138 Quinctius,

305 1175 375 1219 sese
398 1157 517 1221 idcirco
538 1158 625 1222 nolle
648 1159 833 1232 satisdare,
856 1176 896 1220 ne
912 1159 1074 1221 rideretur
1095 1157 1270 1232 iudicasse,
1293 1156 1377 1219 bona
1391 1176 1450 1220 sua
1464 1177 1504 1222 ex
1519 1157 1622 1222 edicto

302 1270 452 1332 possessa
474 1274 559 1330 ease;
583 1254 787 1336 sponsionem
810 1273 905 1337 porro
928 1253 955 1316 si
977 1250 1157 1316 istiusmodi
1172 1251 1305 1326 iaceret,
1328 1270 1361 1313 sc
1378 1248 1422 1332 (id
1436 1251 1523 1336 quod
1539 1271 1623 1314 nnnc

304 1343 430 1428 4444444),
453 1349 493 1410 de
526 1348 628 1431 capite
657 1367 715 1411 suo
749 1348 856 1431 priore
886 1346 957 1409 loco
987 1365 1115 1410 causam
1143 1365 1213 1409 esse
1243 1346 1410 1409 dicturum.
1459 1344 1624 1408 Dolabella

266 1454 295 1501 44
304 1438 581 1524 (quemadmodum
602 1443 707 1506 solent
726 1441 873 1505 homines
894 1441 1037 1505 nobiles:
1067 1461 1125 1503 seu
1146 1445 1231 1504 recte
1254 1460 1310 1503 scu
1332 1459 1497 1524 perperam
1518 1440 1622 1504 lacere

303 1543 494 1617 coeperunt,
516 1536 561 1600 ita
581 1537 615 1599 in
636 1544 773 1621 utroque
796 1534 971 1611 excellunt,
992 1535 1029 1597 irt
1050 1554 1143 1599 nemo
1165 1541 1275 1597 nostro
1297 1534 1369 1599 loco
1387 1542 1480 1598 natus
1494 1535 1622 1619 assequi

302 1624 414 1709 possit)
436 1628 584 1694 iniuriam
605 1631 709 1695 iacere
731 1630 904 1693 fortissime
926 1636 1124 1713 perseverat;
1147 1637 1202 1692 aut
1217 1630 1293 1692 satis
1309 1630 1384 1694 dare
1399 1638 1454 1692 aut
1476 1629 1623 1713 sponsio·

302 1741 376 1784 nem
397 1722 486 1788 iubet
504 1724 608 1790 iacere
631 1733 663 1788 et
683 1726 805 1789 interea
826 1733 1008 1788 recusantes
1035 1731 1161 1787 nastros
1183 1725 1353 1788 advocatos
1375 1725 1527 1788 acerrime
1549 1724 1622 1787 sub-

303 1817 433 1878 moveri.
475 1819 530 1880 ix.
559 1816 611 1884 32.
645 1820 857 1883 conturbatus
887 1838 962 1882 sane
992 1818 1128 1882 discedit
1150 1819 1337 1895 Quinctius:
1371 1839 1476 1903 neque
1498 1821 1622 1895 mirum,

265 1923 293 1970 44
303 1910 353 1972 cui
374 1910 452 1974 baec
474 1913 563 1995 optio
586 1921 650 1977 tam
671 1915 787 1978 misera
809 1921 937 1997 tamque
959 1912 1074 1996 iniqua
1088 1914 1232 1987 daretur,
1254 1920 1289 1976 ut
1306 1913 1445 1996 antipae
1460 1935 1494 1978 se
1509 1915 1621 1998 capitis

303 2007 479 2082 damnaret,
502 2009 529 2071 si
551 2008 628 2072 satis
650 2009 806 2084 dedisset,
828 2015 883 2071 aut
904 2025 1031 2070 causam
1052 2007 1184 2090 capitis,
1207 2007 1233 2070 si
1257 2008 1462 2090 sponsionem
1483 2009 1622 2083 iecisset,

301 2100 406 2184 priore
435 2101 506 2166 loco
533 2103 662 2166 diceret.
709 2103 787 2166 Cum
815 2103 848 2166 in
878 2101 976 2166 altera
1005 2121 1040 2165 re
1063 2121 1177 2164 causae
1200 2102 1279 2164 nihil
1302 2111 1401 2178 esset,
1430 2103 1622 2187 quiramus

301 2195 455 2260 iudicaret
482 2197 552 2282 ipse
580 2198 620 2260 de
649 2217 684 2260 se
711 2230 753 2244 -
776 2197 863 2281 quod
885 2196 1039 2261 iudicium
1061 2197 1280 2279 gravissimum
1303 2203 1353 2261 cst
1373 2230 1431 2272 -,
1462 2197 1496 2260 in
1523 2196 1622 2260 altera

301 2310 373 2374 spes
395 2299 480 2354 esset
500 2293 541 2355 ad
564 2292 659 2355 talem
681 2299 787 2356 tamen
808 2292 911 2354 virum
933 2291 1070 2355 iudicem
1091 2291 1258 2366 veniendi,
1288 2294 1374 2357 unde
1397 2312 1436 2356 eo
1458 2292 1530 2375 plus
1551 2291 1621 2374 apis

262 2384 455 2467 aoauferret,
478 2404 543 2470 quo
566 2387 670 2448 minus
692 2386 851 2450 attulisset
873 2386 1008 2469 gratiae:
1031 2386 1236 2470 sponsionem
1258 2386 1361 2452 iacere
1377 2385 1506 2462 maluit;
1527 2385 1620 2459 iecit3

300 2486 330 2541 te
353 2479 508 2555 iudicem,
531 2479 564 2544 C.
587 2481 712 2565 Aquili,
735 2481 887 2564 sumpsit;
909 2499 950 2544 ex
972 2501 1091 2565 sponsa
1114 2481 1187 2564 egit.
1225 2482 1261 2544 ln
1283 2480 1344 2545 bac
1367 2499 1488 2546 summa
1510 2481 1621 2544 iudicii

129 2626 202 2660 ma
300 2591 461 2655 causaque
483 2581 549 2637 tota
571 2571 743 2638 consistitl

98 2653 122 2677 ⁴
146 2661 151 2668 ’
384 2665 435 2730 33.
457 2659 722 2744 ludicium'esse,
753 2671 786 2734 C.
808 2668 933 2754 Aquili,
963 2688 1028 2733 non
1051 2670 1090 2732 de
1113 2690 1147 2733 re
1170 2669 1369 2754 pecuniaria,
1399 2671 1455 2733 scd
1478 2670 1517 2734 de
1538 2669 1622 2735 lama

298 2761 501 2846 fortunisque
528 2765 561 2826 P.
584 2763 725 2840 Quinctii
754 2765 853 2829 vides.
899 2763 977 2826 Cum
1004 2763 1140 2827 maiores
1163 2764 1208 2827 ita
1229 2764 1469 2840 constituerint,
1490 2773 1543 2840 ut,
1565 2765 1621 2849 qui

262 2873 358 2940 aspro
381 2856 484 2939 capite
507 2858 640 2935 diceret,
663 2860 690 2922 is
712 2858 890 2942 posteriore
911 2858 983 2921 loco
1006 2857 1139 2933 diceret,
1161 2879 1220 2921 nos
1243 2858 1385 2922 inaudita
1400 2860 1621 2924 criminatione

300 2956 519 3014 accusatorum
541 2954 648 3036 priore
670 2953 741 3017 loco
764 2973 892 3017 causam
908 2953 1012 3016 dicere
1034 2952 1194 3036 intelligis.
1227 2954 1290 3016 Eas
1305 2972 1418 3036 porro,
1441 2954 1498 3038 qui
1512 2955 1621 3018 delen·

301 3045 375 3109 dere
390 3056 598 3124 consuerunt,
613 3048 703 3112 rides
718 3068 866 3112 accusare
882 3055 914 3110 et
927 3067 964 3112 ea
980 3047 1108 3130 ingenia
1123 3048 1263 3111 converti
1279 3047 1319 3109 ad
1333 3049 1515 3130 perniciem,
1538 3068 1620 3133 quae

299 3149 393 3204 antea
413 3142 620 3206 versabantur
640 3143 674 3205 in
697 3143 798 3206 salute
819 3151 914 3227 atque
936 3143 1057 3206 auxilio
1071 3141 1212 3206 serendo.
1244 3143 1326 3204 lllud
1343 3143 1438 3205 etiam
1453 3144 1619 3218 restiterat,

300 3236 388 3319 quod
408 3236 558 3300 hesterno
582 3238 633 3301 die
653 3238 816 3314 iecerunt,
845 3247 882 3301 ut
908 3245 939 3301 te
968 3239 1001 3300 in
1023 3237 1073 3300 ius
1097 3238 1282 3312 educerent,
1313 3244 1349 3300 ut
1369 3236 1463 3300 nobis
1485 3245 1619 3322 tempus,

261 3347 395 3414 aequam
419 3331 474 3393 diu
497 3332 690 3408 diceremus,
719 3332 962 3416 praestitueres:
991 3353 1087 3416 quam
1109 3353 1175 3394 rem
1197 3332 1290 3395 facile
1313 3351 1331 3394 a
1352 3339 1498 3416 praetore
1520 3333 1620 3416 impe-

67 3447 83 3539 9
118 3472 206 3512 w,
299 3418 465 3504 trassent,(
473 3426 534 3489 nisi
549 3434 599 3501 ta,
622 3428 709 3511 quod
725 3434 809 3490 esset
831 3434 920 3490 tuum
937 3427 987 3491 ius
1003 3436 1035 3491 et
1048 3423 1187 3490 cilicium
1201 3434 1423 3511 potestasque,
1446 3419 1631 3506 docuisses.)

299 3517 350 3582 34.
371 3522 482 3604 Neque
504 3521 597 3584 uobis
618 3523 723 3585 adbuc
745 3505 870 3606 praeter
886 3530 916 3584 te
933 3523 1101 3606 quisquam
1116 3522 1190 3597 fuit,
1212 3523 1267 3584 ubi
1283 3529 1426 3585 nostrum
1442 3522 1492 3586 ius
1509 3529 1620 3586 contra

363 3670 388 3719 4.
406 3669 687 3722 4444444444444144444444
711 3672 817 3721 4444444444
833 3672 925 3723 ceteri.
953 3669 1176 3734 Cl..Wesenberg
1192 3669 1225 3720 ad
1243 3683 1282 3720 or.
1302 3684 1327 3734 p.
1347 3671 1431 3722 Sestio
1450 3685 1477 3736 p.
1496 3671 1512 3721 t
1529 3684 1570 3736 sq.
1590 3699 1617 3706 -

298 3745 322 3795 Ξ.
347 3745 488 3806 Quinctium
509 3752 554 3796 444
569 3747 694 3796 scindere
710 3752 755 3797 444
770 3745 924 3809 sponsionem
943 3748 970 3797 L.
994 3773 1021 3783 -
1050 3759 1107 3796 cam
1129 3759 1182 3796 orn.
1205 3746 1269 3796 644
1275 3745 1354 3797 441444.
1379 3773 1406 3782 -
1427 3745 1451 3796 3.
1469 3747 1507 3809 a]
1521 3745 1620 3809 9444444

299 3822 373 3871 Mela
391 3821 418 3870 et
434 3824 463 3872 A.
484 3849 512 3858 -
531 3821 559 3872 st
575 3821 641 3872 bana
655 3835 847 3886 ---posseasa
862 3835 913 3872 non
929 3826 1005 3871 444444
1023 3819 1400 3884 EGMabcdaighilmn
1418 3823 1446 3871 et
1460 3822 1499 3871 A:
1517 3822 1539 3870 44
1555 3820 1621 3871 bona

297 3909 489 3958 ---94444444
507 3899 653 3950 assentiret
669 3897 729 3961 40,
755 3898 864 3949 4444444
879 3910 1135 3960 ---9ο444444444
1154 3901 1231 3946 444444
1247 3897 1266 3946 L
1284 3900 1311 3946 et
1327 3908 1380 3959 mg.
1397 3898 1428 3947 A.
1456 3896 1494 3947 Ci.
1512 3899 1619 3962 praeter

297 3969 430 4021 Kellcrum
454 3983 481 4036 p.
500 3971 532 4023 26
548 3985 609 4037 sqq.
635 3973 683 4024 Th.
702 3973 850 4024 Mommsen
871 3973 897 4023 ln
919 3973 1033 4024 24444444.
1056 3971 1219 4037 4444444444.
1239 3969 1310 4021 isla.
1330 3983 1356 4036 p.
1376 3971 1448 4022 44434.
1469 3997 1495 4006 -
1515 3971 1539 4022 4.
1557 3971 1617 4035 tun]

297 4060 354 4096 4444
371 4058 422 4096 en.
443 4073 470 4082 —
489 4039 657 4099 dmmstrab'at
672 4049 706 4099 bi.
727 4076 755 4085 -
773 4049 797 4099 'i.
815 4049 937 4099 4444444444
953 4062 1006 4099 om.
1024 4049 1049 4098 k.
1070 4074 1098 4083 -
1117 4047 1141 4097 9.
1159 4047 1258 4096 eueniat
1274 4059 1298 4096 e.
1318 4073 1345 4081 —
1370 4045 1449 4098 lulius
1466 4045 1618 4097 Rufinianus

298 4121 332 4171 de
349 4121 402 4184 Fig.
421 4121 492 4172 Sent.
509 4134 536 4187 p.
555 4122 603 4173 33:
629 4123 759 4174 Dolabella
774 4129 871 4185 4444444,
888 4123 1096 4185 quenadmodum
1111 4121 1220 4171 bominac
1236 4119 1327 4171 4444444
1343 4123 1424 4184 dccet,
1450 4122 1535 4172 44444444
1550 4123 1620 4172 4444·

296 4197 365 4246 riom
378 4195 511 4259 [4444444444
523 4202 675 4260 perseverat.
695 4223 722 4232 —
742 4198 782 4248 44,
800 4197 835 4263 in]
852 4211 885 4248 cc
902 4199 935 4249 ll.
951 4224 977 4234 -
997 4197 1117 4248 secedant
1133 4197 1150 4248 lr
1167 4209 1228 4248 cum
1246 4196 1337 4248 codice
1350 4198 1442 4250 Ursini.
1460 4224 1488 4233 -
1507 4199 1547 4248 lt.
1562 4211 1620 4262 pos·

297 4277 333 4324 444
349 4270 670 4322 liGbcdetbilrlmn
688 4272 787 4327 otae.
808 4299 836 4308 -
861 4273 1031 4334 cadramiti,
1056 4273 1190 4322 4444444444
1212 4271 1567 4336 GMancdtghiilmn.
1588 4297 1615 4310 -

298 4348 339 4399 43.
356 4347 509 4412 recusantes}
521 4353 665 4398 4444444444
680 4348 714 4398 Μ.
730 4371 757 4384 -
776 4349 927 4398 commoneri
943 4348 1001 4399 4444.
1017 4375 1044 4384 -
1063 4348 1103 4399 la.
1121 4347 1196 4413 optio]
1214 4348 1343 4410 optimolr.
1359 4376 1386 4386 -
1405 4349 1445 4398 49.
1464 4351 1555 4413 4444444]
1567 4355 1619 4400 4444

298 4423 340 4475 441.
362 4450 389 4460 -
407 4437 435 4474 co
451 4436 505 4474 orn.
524 4423 549 4473 lr.
571 4449 599 4460 -
616 4422 657 4473 20.
675 4423 737 4485 [4444
752 4427 776 4473 44
790 4423 895 4473 4444444444
913 4437 936 4473 e.
958 4449 985 4458 -
1008 4423 1049 4473 tt.
1067 4425 1164 4487 494444]
1181 4437 1271 4487 sponna
1288 4421 1439 4474 maluerunt
1454 4425 1618 4475 Hotomanus

298 4500 325 4550 et
342 4499 515 4558 Passeratius,
534 4495 593 4548 coll.
612 4500 642 4548 A.
661 4495 742 4548 Gellio
758 4497 783 4557 4,
801 4497 825 4549 4.
845 4499 873 4549 44
887 4497 1006 4548 Varrone
1022 4498 1047 4558 6,
1067 4499 1098 4548 69
1109 4512 1150 4562 sq.
1170 4500 1204 4564 (p.
1218 4499 1266 4550 443
1276 4512 1337 4564 sqq.
1350 4499 1458 4564 Speng.)
1472 4526 1498 4538 -
1518 4501 1559 4552 26.
1577 4501 1619 4549 44-
1718 4529 1720 4534 ,

297 4573 405 4637 4444494444
420 4570 607 4623 Β6444444444
625 4575 653 4622 et
665 4574 699 4635 A,
718 4574 856 4638 intedepitis
872 4573 951 4636 adg,
969 4571 1096 4637 4494494444
1112 4573 1162 4624 444.
1184 4599 1211 4611 -
1230 4576 1270 4626 at.
1289 4582 1468 4628 consumserant
1484 4576 1539 4640 Gk,
1557 4591 1618 4627 oon·

296 4661 367 4698 auero
387 4661 417 4711 g,
443 4651 623 4698 consuescerent
642 4649 672 4699 Β.
693 4675 720 4684 -
743 4642 784 4700 38.
806 4649 956 4700 manantur
973 4662 996 4699 e.
1016 4675 1046 4688 -
1071 4654 1146 4713 44944
1167 4651 1194 4700 44
1211 4651 1308 4700 44444444
1325 4665 1377 4716 mg.
1397 4651 1423 4705 4.
1444 4678 1472 4689 -
1495 4652 1536 4703 43.
1554 4651 1618 4702 444-

297 4730 367 4774 arno
384 4725 417 4782 G,
435 4728 538 4774 4444444
558 4722 804 4787 Babcdeigin,
828 4720 1019 4774 4444444441.-
1038 4725 1212 4786 macerante,
1236 4723 1328 4776 Palati.
1347 4727 1371 4776 i.
1391 4725 1430 4789 3.,
1452 4728 1534 4778 Oxon.
1559 4727 1616 4784 ils,

296 4803 335 4851 A:
361 4799 511 4850 adducerent
526 4812 588 4850 cum
604 4797 712 4864 reliquis
729 4799 866 4852 codicibus
881 4799 995 4854 VLPO.
1026 4799 1101 4851 Cooi.
1118 4799 1194 4850 Verr.
1216 4798 1272 4850 Lib.
1285 4800 1309 4861 3,
1328 4801 1369 4862 43,
1387 4801 1428 4853 446.
1446 4815 1495 4867 pro
1512 4801 1617 4853 Plancio

297 4875 338 4938 23,
356 4877 397 4926 344.
422 4873 485 4926 Gall.
507 4875 538 4926 N.
558 4877 588 4926 A.
610 4875 649 4937 il,
671 4875 711 4936 44,
731 4876 756 4926 2.
776 4879 836 4940 Lag.
857 4875 938 4926 liubr.
959 4889 983 4926 c.
1004 4875 1045 4927 2⁰.
1067 4889 1093 4940 p.
1114 4875 1139 4925 3.
1160 4888 1185 4924 v.
1207 4876 1247 4926 46.
1269 4876 1312 4927 444.
1333 4876 1439 4929 lillschl.
1459 4903 1486 4913 -
1505 4877 1545 4928 ³0.
1567 4878 1617 4927 im-

294 4955 433 5015 petrassent
449 4963 502 5000 om.
521 4949 637 5001 libcdl
647 4949 810 5013 ghilrlmn
828 4952 919 5016 (spatio
936 4963 1020 5001 vacuo
1037 4951 1064 5001 io
1081 4950 1205 5003 omnibus
1221 4948 1313 5002 relicto
1331 4957 1520 5018 praeterquam
1536 4955 1563 5005 in
1580 4953 1614 5016 44),

296 5025 428 5087 4444444444·
442 5039 514 5088 spero
530 5038 584 5086 ae,
602 5025 762 5087 mpetratum
776 5040 848 5089 spero
859 5029 893 5086 G,
911 5027 1043 5088 impetrari
1058 5031 1160 5090 sperant
1170 5030 1201 5078 A.
1216 5053 1244 5062 —
1263 5027 1304 5079 34.
1317 5032 1387 5079 lnam
1398 5034 1421 5080 44
1431 5030 1469 5080 ias
1479 5033 1509 5080 A.
1524 5057 1551 5066 —
1568 5043 1617 5094 po-

296 5105 418 5162 444444944
434 5113 449 5152 4
468 5102 556 5166 (etiam
572 5099 690 5163 Aldinal:
717 5105 833 5165 44444944
853 5100 1106 5166 Babcdighilrl
1116 5115 1170 5153 mn
1191 5104 1219 5153 et
1234 5106 1267 5165 A,
1293 5105 1406 5168 44444944
1422 5107 1459 5168 G,
1482 5109 1617 5168 partesque

298 5187 360 5227 cum
371 5176 501 5242 Naugerio
512 5175 595 5240 cao,
614 5181 755 5240 4444944944
764 5175 878 5229 Klotzius
887 5175 930 5228 ed.
944 5176 987 5228 alt.
1007 5177 1045 5230 Cl.
1058 5177 1083 5246 3.
1093 5178 1118 5230 6.
1131 5201 1161 5217 -
1179 5177 1220 5231 33.
1233 5179 1365 5245 qaisquam
1378 5180 1427 5246 44444
1439 5185 1542 5243 armar
1552 5185 1576 5233 44
1588 5181 1613 5232 la.
