3638 5868
509 456 578 520 Lrs.
598 454 653 519 111.
685 451 759 519 Gar.
782 453 999 518 svn-ux.
1027 449 1083 536 §§.
1105 449 1297 518 tao-tat.
1507 439 1569 514 283

249 632 282 690 te
303 645 413 690 eorum
435 624 573 698 audisse,
593 622 674 686 nihil
695 623 735 687 ad
756 629 826 687 tuas
847 642 938 687 aures
955 623 995 685 de
1008 623 1138 687 infamia
1151 631 1206 686 tua
1219 621 1413 706 pervenisse.
1449 621 1571 698 Quere-

250 719 364 784 bantur
392 740 462 784 oum
486 716 573 782 lustu
596 726 628 781 et
649 718 768 801 gemitu
789 725 947 782 aratores:
979 724 1014 779 tu
1036 716 1069 779 id
1090 717 1274 781 nesciebas?
1316 716 1482 786 Fremebat
1506 720 1572 778 tota

250 813 430 899 provincia:
452 831 545 876 nemo
566 811 600 874 id
618 812 676 876 tibi
697 810 915 898 renuntiabat?
936 811 1055 874 Romae
1078 811 1293 895 querimoniae
1312 799 1355 873 'de
1369 809 1433 872 tuis
1448 807 1572 872 iniuriis

251 913 488 990 conventusque
505 905 717 969 habebantur:
739 904 905 988 ignorabas
919 903 1020 968 baecl
1042 905 1208 988 ignorabas
1222 906 1301 969 baec
1316 904 1442 968 omnial
1466 901 1574 979 Quid?

252 1021 323 1064 cum
343 998 447 1082 palam
470 985 633 1083 Syracusis
654 1005 686 1062 te
708 998 857 1062 audiente
880 997 1018 1061 maximo
1040 1005 1197 1062 conventu
1218 999 1252 1062 L.
1267 998 1402 1062 Rubrius
1420 996 1459 1075 Q.
1474 999 1600 1081 Apro-s

251 1093 338 1158 nium
366 1092 538 1179 sponsione
567 1092 741 1167 lacessivit,
773 1113 806 1155 ru
831 1094 988 1155 Araourvs
1016 1111 1205 1156 nrcrrraasr
1232 1113 1272 1156 re
1303 1113 1363 1156 erar
1386 1109 1419 1155 ra
1440 1109 1576 1154 naevum

250 1206 324 1253 xssx
347 1205 479 1251 socrru:
500 1185 579 1250 baec
599 1190 632 1248 te
654 1205 717 1249 vox
738 1206 802 1249 non
824 1184 981 1270 perculit?
1004 1205 1067 1249 non
1089 1186 1303 1270 perturbavit?
1324 1204 1405 1259 non,
1426 1191 1463 1248 ut
1485 1183 1577 1267 capiti

252 1289 284 1346 et
298 1280 433 1344 fortunis
447 1280 510 1342 tuis
524 1281 732 1364 prospiceres,
754 1280 923 1343 excitavit‘l
945 1279 1101 1342 Tacuisti:
1124 1280 1242 1343 sedasti
1257 1282 1350 1344 etiam
1365 1279 1438 1342 lites
1452 1277 1577 1342 illorum

1704 820 1717 857 4

1692 876 1708 907 ,a

251 1382 284 1441 ct
304 1374 435 1460 sponsio
457 1373 512 1436 illa
534 1393 575 1436 ne
596 1373 688 1436 fieret
716 1373 874 1436 laborasti.
917 1373 1025 1436 LVlll.
1053 1374 1113 1436 Pro
1142 1374 1171 1437 di
1199 1374 1406 1438 immortales!
1432 1373 1494 1439 boc
1525 1378 1579 1436 aut
1649 1418 1692 1432 ..-

251 1470 401 1534 innocens
420 1467 517 1530 bomo
538 1466 662 1550 perpeti
683 1468 861 1551 potuisset?
882 1475 936 1530 eut
951 1467 1096 1551 quamvis
1119 1487 1259 1543 nocens,
1282 1469 1335 1552 qui
1350 1469 1445 1533 modo
1460 1467 1615 1531 iudiciale

250 1565 367 1628 Romae
388 1562 457 1625 fore
480 1567 622 1644 putaret,
650 1580 714 1623 non
743 1559 849 1643 aliqua
874 1559 1076 1624 simulatione
1107 1562 1331 1625 existimationi
1359 1583 1393 1626 se
1414 1561 1577 1627 hominum

235 1657 466 1722 'venditassetl
511 1649 583 1717 433.
607 1653 692 1730 Quid
716 1661 765 1718 est
785 1652 869 1717 boot
891 1653 1020 1738 sponsio
1041 1655 1079 1718 fit
1100 1654 1140 1718 de
1162 1657 1264 1741 capite
1286 1677 1323 1720 ac
1343 1656 1477 1720 iomanis
1499 1656 1578 1718 tuis:
1628 1687 1630 1692 ,

250 1759 288 1816 tu
309 1750 402 1814 sedes
425 1756 457 1812 et
477 1747 633 1833 quiescis?
663 1769 727 1812 non
748 1749 974 1834 persequeris?
1006 1768 1072 1812 non
1093 1753 1298 1832 perseveras?
1325 1770 1389 1812 non
1410 1749 1578 1834 perquiris,

252 1845 303 1909 cui
325 1843 442 1908 dixerit
461 1842 643 1925 Apronius?
669 1843 741 1926 quis
764 1842 918 1905 audierit?
940 1842 1026 1906 unde
1046 1843 1108 1906 boc
1129 1851 1248 1919 natum,
1271 1864 1367 1927 quem
1391 1842 1578 1906 admodum

251 1939 409 2023 prolatum
431 1937 494 2000 sitl
524 1936 558 1999 Si
581 1936 640 2000 tibi
660 1936 776 2022 aliquis
798 1935 838 1999 ad
860 1955 967 1999 aurem
989 1936 1174 2001 accessisset
1196 1944 1228 2000 et
1249 1938 1383 2000 dixisset
1402 1936 1578 2021 Apronium
1586 1950 1615 1997 aa

253 2032 407 2105 dictitare,
431 2038 462 2095 te
485 2030 544 2093 sibi
568 2049 637 2094 esse
660 2031 796 2104 socium,
820 2030 1011 2093 commoveri
1034 2038 1065 2093 te
1087 2031 1237 2114 oportuit,
1259 2051 1389 2095 evocem
1405 2030 1579 2116 Apronium

252 2145 311 2190 nec
324 2124 415 2187 illum
427 2131 499 2188 ante
515 2124 572 2186 tibi
589 2127 665 2188 satis
676 2124 790 2198 lacere,
808 2142 902 2208 wem
915 2131 948 2186 tu
960 2119 1101 2187 omnium
1113 2125 1339 2189 existimationi
1351 2126 1579 2190 satisfecisses.

253 2220 332 2285 Cum
352 2237 428 2282 vero
450 2219 483 2282 in
503 2217 573 2281 loro
595 2217 799 2282 celeberrimo
822 2225 907 2281 tanta
928 2216 1106 2301 frequentia
1127 2216 1187 2294 boc
1208 2219 1305 2282 verbo
1326 2220 1579 2283 assimulatione

253 2313 404 2395 Apronio,
425 2332 460 2376 re
481 2331 558 2375 vera
577 2311 635 2375 tibi
656 2312 814 2376 obiectum
838 2319 930 2386 esset,
952 2318 987 2374 tu
1008 2331 1158 2396 umquam
1179 2319 1299 2377 tantam
1321 2315 1444 2399 plagam
1466 2315 1579 2378 tacitos
1666 2380 1670 2392 ¹

252 2407 395 2491 accipere
423 2407 600 2491 potuisses,
628 2406 689 2470 nisi
719 2405 781 2470 boc
809 2407 854 2469 ita
888 2405 1069 2480 statuisses,
1103 2405 1137 2467 in
1164 2427 1198 2468 re
1227 2409 1393 2473 manifesta
1423 2407 1617 2494 quidquidrt

253 2501 403 2574 dixisses,
425 2509 456 2562 te
479 2499 618 2564 deterius
641 2519 711 2562 esse
732 2498 912 2562 facturum?
956 2493 1027 2561 tal.
1057 2498 1264 2577 Quaestores,
1294 2502 1429 2586 legatos,
1459 2500 1581 2586 praele-

251 2603 336 2669 ctos,
363 2593 506 2657 tribunos
529 2613 603 2656 suos
624 2594 715 2656 multi
738 2595 850 2657 missos
872 2593 1016 2656 lecerunt
1037 2601 1069 2655 et
1092 2592 1131 2656 de
1154 2595 1318 2678 provincia
1339 2596 1495 2660 decedere
1516 2594 1582 2658 ius·

252 2696 377 2762 serunt,
408 2685 495 2771 quod
516 2687 642 2752 illorum
664 2688 757 2769 culpa
781 2707 814 2750 se
837 2688 940 2749 minus
962 2687 1126 2751 commode
1150 2690 1261 2753 audire
1283 2691 1508 2756 arbitrarentur
1528 2695 1582 2752 aut

252 2785 339 2868 quod
360 2801 491 2866 peccare
514 2783 601 2864 ipsos
623 2781 731 2864 aliqua
752 2781 785 2844 in
807 2801 842 2844 re
864 2780 1057 2845 iudicarent:
1080 2790 1114 2845 tu
1135 2783 1321 2866 Apronium,
1343 2783 1505 2870 bominem
1526 2782 1582 2846 vix

251 2876 402 2952 liberum,
425 2875 689 2948 conaminatum,
717 2875 892 2958 perditum,
921 2876 1130 2958 flagitiosum,
1160 2878 1302 2962 quinon
1324 2879 1419 2944 modo
1441 2878 1619 2942 animumne

250 2974 425 3053 integrum,
455 2970 510 3033 sed
533 2988 573 3032 ne
596 2970 733 3032 animam
755 2969 885 3052 quidem
908 2989 1020 3051 puram
1050 2990 1238 3035 conservare
1259 2975 1430 3056 potuisset,
1452 2991 1526 3036 eum
1546 2971 1580 3034 in

252 3072 339 3128 tanto
362 3072 418 3126 tuo
441 3063 596 3127 dedecore
627 3062 768 3146 prolecto
799 3083 840 3126 ne
869 3063 966 3126 verbo
996 3064 1125 3148 quidem
1147 3067 1288 3149 graviore
1311 3069 1503 3153 appellasses
1524 3085 1582 3130 ne·

253 3179 316 3246 que
338 3157 421 3242 apud
444 3167 475 3220 te
497 3165 562 3220 tam
584 3163 694 3220 sancta
714 3155 828 3239 religio
852 3157 1010 3220 societatis
1025 3158 1147 3235 luisset,
1169 3169 1205 3224 ut
1218 3161 1264 3222 tui
1280 3162 1391 3249 capitis
1406 3159 1581 3246 periculum

251 3252 439 3335 negligeres,
461 3252 523 3314 nisi
545 3270 612 3314 rem
634 3257 699 3312 tam
720 3257 828 3314 notam
850 3269 920 3314 esse
942 3252 1089 3315 omnibus
1111 3259 1219 3317 ettam
1234 3256 1431 3320 manifestam
1446 3253 1581 3318 videres.

253 3342 325 3408 ⁴35.
348 3346 427 3409 Cum
449 3345 562 3409 eodem
583 3345 725 3428 Apronio
746 3351 856 3427 postea
878 3345 911 3408 P.
935 3345 1132 3421 Scandilius,
1163 3367 1260 3432 eques
1275 3351 1460 3434 Romanus,
1488 3361 1619 3433 quemad

253 3459 309 3503 vos
332 3458 443 3502 omnes
466 3440 577 3514 nostis,
601 3438 733 3502 eandem
756 3439 960 3522 sponsionem
982 3440 1021 3502 de
1044 3443 1193 3504 societate
1215 3441 1308 3515 iecit,
1331 3462 1426 3527 quam
1446 3442 1582 3506 Rubrius

254 3534 359 3597 lacere
382 3532 536 3596 voluerat.
580 3532 713 3607 Institit,
743 3532 913 3616 oppressit,
941 3552 1007 3596 non
1029 3533 1165 3597 remisit:
1199 3535 1281 3598 lacta
1303 3543 1353 3600 est
1373 3535 1500 3619 sponsio
1522 3533 1583 3599 Hs

199 3631 200 3634 ’
253 3631 285 3696 tf,
310 3626 425 3710 Coepit
446 3627 624 3691 Scandilius
645 3633 885 3709 recuperatores
913 3634 968 3689 aut
988 3628 1123 3692 iudicem
1144 3629 1313 3712 postulare.
1356 3628 1438 3694 LIX.
1460 3630 1583 3693 Satisne

254 3720 345 3785 robis
373 3720 513 3806 praetori
547 3719 692 3803 improbo
725 3719 910 3783 circumdati
933 3720 1065 3786 cancelli
1090 3720 1239 3786 videntur
1260 3723 1294 3786 in
1323 3742 1381 3787 sua
1412 3724 1584 3809 provincia,

254 3815 350 3878 immo
372 3834 448 3878 vero
471 3817 505 3878 in
527 3814 605 3878 sella
633 3834 670 3878 ao
698 3813 866 3888 tribunali,
897 3822 934 3879 ut
961 3823 1017 3878 aut
1045 3814 1085 3878 de
1114 3835 1173 3880 suo
1201 3817 1302 3902 capite
1332 3817 1486 3881 iudicium
1514 3813 1622 3881 lierias

252 3910 391 3994 patiatur
411 3928 561 3994 praesens
584 3928 621 3973 ao
643 3907 758 3974 sedens
779 3915 835 3972 aut
856 3904 1044 3973 confiteatur
1066 3930 1100 3974 se
1122 3911 1270 3975 omnibus
1291 3911 1418 3977 iudiciis
1439 3910 1585 3978 convinci

318 4256 343 4304 t.
361 4257 385 4302 te
400 4264 488 4304 eorum
503 4248 572 4316 Lgta
583 4265 621 4313 m:
640 4264 727 4302 mrum
743 4256 766 4301 te
783 4253 829 4302 ott.
848 4255 878 4305 0.
898 4280 925 4291 -
943 4255 969 4305 i.
987 4252 1106 4304 semmaa
1123 4252 1187 4305 dett.
1208 4277 1235 4291 ν
1249 4255 1273 4306 b.
1292 4255 1320 4306 Ι..
1339 4255 1399 4306 llub.
1419 4257 1487 4321 1.ng
1499 4271 1537 4319 tp:
1556 4259 1582 4308 P.

252 4329 315 4380 aab.
334 4330 379 4379 ca.
398 4329 427 4378 0.
448 4353 476 4364 -
494 4327 519 4378 6.
536 4326 581 4391 Nl]
598 4340 630 4377 ee
646 4327 729 4390 agea
743 4326 851 4391 Tegla.
873 4355 900 4365 -
920 4329 1025 4380 dictaret
1042 4329 1118 4394 Lgta.
1140 4355 1167 4365 -
1187 4329 1211 4380 8.
1229 4330 1280 4380 titis
1295 4330 1323 4393 F,
1342 4331 1424 4382 Prisc.
1443 4333 1463 4383 l.
1481 4344 1511 4396 p.
1525 4331 1583 4383 ddi.

256 4433 283 4442 -
302 4406 342 4455 tl.
361 4404 449 4466 nthttd
464 4415 490 4452 ae
505 4402 561 4451 sim.
581 4403 649 4462 N03
675 4402 763 4464 aliqua
778 4417 807 4454 re
822 4405 878 4452 am.
893 4405 983 4467 populi
1000 4405 1027 4455 ll.
1049 4406 1127 4468 Lagg.
1147 4406 1262 4469 (praeter
1278 4405 1318 4470 li)
1337 4408 1365 4457 el
1380 4403 1436 4458 rell.
1456 4406 1534 4458 codd.
1555 4433 1583 4446 -

254 4493 279 4531 se
295 4493 349 4532 om.
367 4481 431 4532 ΝΟ.
452 4503 480 4516 ··
499 4477 540 4528 43.
558 4481 582 4527 et
598 4489 651 4527 om.
672 4476 750 4540 agla.
766 4505 792 4514 —
806 4493 856 4528 eoo
871 4479 1034 4542 peramans?
1049 4493 1100 4530 eon
1113 4481 1240 4542 perqctrla
1256 4494 1309 4532 om.
1328 4481 1405 4546 Lgli.
1426 4481 1487 4546 [aon
1504 4483 1534 4532 ut
1551 4483 1587 4532 att
1700 4521 1701 4526 ,

255 4557 393 4621 Zumptius
409 4568 453 4606 vv.
471 4567 522 4604 ooo
536 4564 633 4614 seseq.
651 4565 702 4602 eoa
715 4566 829 4615 μηκας
848 4567 880 4604 ac
897 4567 961 4605 sane
978 4554 1101 4604 uidentur
1112 4555 1280 4606 manifestum
1292 4554 1432 4620 glossema.
1453 4555 1546 4621 lituu]
1556 4561 1605 4592 -·

255 4628 295 4680 st.
306 4641 363 4678 caea
372 4629 396 4678 d.
407 4629 546 4690 Aproniana
554 4625 665 4690 ιω-
676 4628 715 4679 lb.
725 4628 769 4678 ttbt
781 4629 880 4694 abaco]
891 4629 934 4680 ttbt
943 4629 1018 4690 dett.;
1033 4631 1088 4692 qais
1099 4630 1142 4679 ttbt
1153 4632 1182 4681 0.
1192 4658 1219 4668 -
1227 4632 1267 4682 46.
1280 4633 1376 4683 dictare
1386 4633 1469 4696 Lgttl3
1488 4633 1588 4682 Μησ-

254 4708 310 4754 tore
320 4703 361 4754 li.
374 4730 401 4739 -
412 4715 516 4754 evocare
527 4701 596 4765 1.ng
607 4716 644 4763 φτ
661 4716 756 4753 occare
767 4707 812 4754 ctt.
826 4705 856 4755 0.
865 4705 942 4755 -47,
955 4706 1017 4755 satis
1028 4705 1112 4768 (mere
1122 4716 1175 4756 om.
1194 4705 1272 4769 Lgli.
1286 4733 1314 4742 -
1329 4707 1368 4758 48.
1387 4707 1441 4773 boc]
1458 4721 1490 4757 oc
1506 4704 1584 4770 agit.

258 4802 284 4816 -
299 4782 323 4829 et
339 4777 421 4828 aimd
440 4777 504 4828 dett.
523 4778 553 4828 Ο.
568 4800 595 4813 -
609 4778 649 4828 49.
668 4782 695 4828 ts
710 4779 816 4841 {aquaso
833 4779 910 4844 ngas.
924 4808 951 4819 -
962 4780 1003 4830 to.
1021 4782 1059 4830 tta
1075 4793 1129 4832 om.
1148 4782 1225 4844 tgsa.
1246 4781 1369 4846 (neglexit
1385 4783 1541 4847 Zumptius.)
1555 4809 1583 4818 -

253 4855 388 4919 manifesta
405 4853 491 4918 Lgli:
510 4859 562 4904 tum
577 4867 647 4904 maa.
671 4855 716 4904 ctt.
735 4855 764 4905 0.
785 4882 812 4892 -
830 4855 872 4904 il.
891 4855 993 4904 dtnbset
1009 4854 1086 4918 agae.
1107 4858 1134 4890 '—
1153 4855 1194 4905 ἢ
1212 4867 1278 4919 asoa,
1296 4857 1407 4907 titanos
1423 4857 1487 4908 dett.
1506 4859 1535 4908 Ο.
1556 4883 1583 4894 -

258 4930 300 4981 23.
319 4943 405 4980 eorem
421 4929 497 4992 aspa
512 4929 578 4980 dett.
596 4929 625 4979 0.
641 4956 669 4965 —
682 4929 723 4981 st.
741 4930 814 4995 ipsos]
831 4931 886 4980 ttlor
902 4928 967 4980 dett.
986 4931 1015 4980 0.
1031 4955 1056 4968 -
1071 4929 1112 4982 30.
1121 4937 1210 4994 postea
1221 4944 1274 4983 om.
1293 4932 1362 4996 eges
1373 4934 1394 4983 Α
1405 4933 1434 4983 Β.
1449 4959 1477 4969 -
1489 4932 1530 4983 ³2.
1548 4932 1588 4981 te-

257 5006 337 5056 stimtt
355 5004 432 5069 agla.
452 5032 480 5043 -
498 5005 548 5056 HS.
570 5005 591 5054 V
611 5005 676 5066 (sine
698 5003 802 5068 lineola)
825 5002 919 5069 pleriq.
941 5005 1020 5056 codd.
1039 5007 1073 5062 0:
1096 5007 1146 5057 HS.
1165 5007 1274 5070 mleque
1289 5009 1350 5058 ΑΒ.
1374 5005 1431 5071 [pro
1447 5006 1489 5056 HS
1504 5005 1587 5057 babet

255 5078 338 5144 Lgli:
356 5081 388 5130 Ν.
407 5079 445 5145 8.]
456 5103 483 5117 -
495 5078 536 5132 34.
549 5081 698 5132 ctraandsti
715 5095 786 5132 eoae.
804 5082 872 5132 Dea.
891 5079 926 5130 ed
942 5081 1002 5132 Ter.
1020 5082 1118 5145 Hecyr.
1130 5082 1155 5146 l,
1167 5081 1193 5146 i,
1206 5082 1247 5133 80.
1258 5109 1284 5120 -·
1294 5081 1586 5154 praemonstrata?

254 5155 330 5206 immo
346 5167 430 5220 marg.
448 5154 541 5208 bamb.
560 5153 632 5208 lost.
660 5157 798 5223 mwtatto
813 5157 941 5226 scriptum
957 5156 985 5212 tn
1001 5155 1090 5229 agas.)
