3706 5854
515 481 539 502 .,
596 425 669 492 en.
690 423 882 504 err-sss
907 419 967 508 ss.
988 418 1174 488 loa-uo.
1482 407 1542 495 ass

229 595 520 684 eiusjamlimem,
542 596 760 681 intercepisse,
781 594 900 660 bibisse
921 593 1091 678 statimque
1113 611 1182 658 esse
1197 595 1364 656 mersam·
1395 591 1465 660 Hoc
1486 609 1544 674 ego
1659 606 1677 644 <³

228 692 256 756 si
283 693 328 757 sic
356 711 496 775 agerem,
528 698 690 774 tamquam
717 689 795 754 mibi
822 689 941 754 crimen
970 695 1053 752 esset
1075 683 1274 762 diluendum,
1305 683 1384 747 hacc
1404 684 1545 769 pluribus

228 787 331 852 verbis
352 785 508 862 dicerem,
530 804 613 870 quae
635 805 720 850 nunc
740 784 850 868 paucis
871 781 1027 867 percurrit
1048 781 1149 846 oratio
1162 800 1241 844 mea.
1276 774 1348 842 467.
1371 779 1455 860 Quid
1477 803 1545 847 um-

227 900 322 966 quam
343 879 476 946 Habitus
497 881 531 943 in
553 899 587 944 se
609 877 751 954 admisit,
773 884 810 942 ut
829 878 890 941 boc
911 883 1032 940 mutum
1054 875 1094 940 ab
1109 894 1147 938 eo
1164 873 1286 938 lacinus
1300 893 1364 937 non
1378 874 1546 941 abhorrere

226 975 394 1040 videaturt
416 974 494 1058 quid
516 982 621 1039 autem
642 993 756 1057 magno
778 992 875 1054 opere
898 971 1107 1054 Oppianicum
1123 965 1300 1043 metuebat,
1322 987 1394 1032 cum
1408 969 1569 1036 illesos-a

225 1069 301 1134 bum
323 1069 450 1134 omnino
471 1069 506 1132 in
526 1068 587 1133 bac
607 1069 678 1151 ipsa
698 1085 793 1130 causa
814 1065 937 1130 nullum
950 1065 1055 1128 lacere
1074 1064 1227 1148 potuerit,
1248 1062 1321 1126 huic
1335 1070 1441 1127 autem
1454 1084 1547 1137 acau-

226 1171 348 1230 satores
368 1163 440 1228 riva
460 1170 559 1228 matre
582 1161 692 1226 deesse
714 1180 778 1224 non
800 1161 946 1244 possint?
969 1158 1002 1222 id
1025 1158 1112 1243 quod
1133 1158 1196 1236 iam
1217 1157 1412 1240 intelligetis.
1441 1159 1490 1222 An
1511 1167 1547 1224 ut

225 1258 266 1324 de
289 1278 384 1322 causa
405 1258 475 1322 eius
496 1254 630 1340 periculi
653 1254 732 1318 nibil
754 1253 938 1329 decederet,
970 1252 1010 1317 ad
1033 1271 1158 1318 causam
1180 1271 1295 1316 novum
1318 1251 1437 1316 crimen
1457 1273 1547 1320 acce-

227 1355 339 1419 deret‘l
371 1348 464 1429 Quod
485 1358 589 1416 autem
610 1356 737 1432 tempus
758 1349 875 1413 veneni
897 1347 994 1412 dandi
1014 1347 1070 1410 illo
1092 1345 1167 1410 diet
1187 1345 1243 1410 illa
1262 1344 1468 1429 frequentia?
1491 1368 1548 1430 per

227 1469 321 1535 quom
349 1465 444 1531 porro
468 1444 598 1510 desunt
628 1443 714 1509 unde
740 1445 926 1526 sumptum?
958 1461 1040 1526 quas
1065 1440 1180 1506 duodo
1205 1439 1392 1524 interceptio
1417 1443 1584 1524 poculiilt

227 1560 367 1614 cernon
390 1539 430 1604 do
450 1540 575 1621 integro
598 1532 726 1622 [autem]
750 1536 880 1600 dmum?
901 1534 1002 1600 blulta
1023 1543 1110 1610 sunt,
1132 1554 1214 1618 miae
1235 1532 1298 1598 dici
1318 1543 1467 1616 possunt,
1489 1537 1546 1616 sed

227 1657 291 1702 non
313 1634 513 1710 committam,
534 1640 570 1698 ut
584 1631 693 1698 eidem
712 1650 778 1697 nou
793 1629 927 1695 dicendo
942 1628 1082 1694 voluisse
1097 1629 1220 1702 dicerea
1242 1647 1293 1692 res
1315 1629 1400 1696 enim
1421 1651 1456 1699 se
1477 1631 1547 1716 ipsa

227 1730 378 1799 defendit.
426 1723 498 1790 468.
526 1729 613 1810 Nego
646 1725 735 1790 illum
762 1723 1013 1800 adolescentem,
1047 1727 1143 1807 quem
1170 1721 1275 1789 statim
1303 1730 1397 1807 epoto
1429 1725 1547 1808 poculo

227 1831 384 1890 manuum
404 1841 476 1888 esse
497 1820 634 1895 dixistis,
656 1819 785 1884 omnino
807 1819 863 1884 illo
886 1818 938 1882 die
960 1837 1030 1882 esse
1052 1823 1222 1882 mortuum.
1255 1818 1405 1900 Magnum
1426 1819 1547 1886 ommes

174 1949 175 1952 ¹
227 1926 260 1982 et
285 1918 452 2000 impudens
480 1913 696 1980 mendaciuml
731 1913 901 1998 Perspicite
931 1920 1045 1988 cetera.
1080 1911 1158 1976 llice
1180 1910 1286 1986 illum,
1315 1931 1386 1977 eum
1407 1913 1447 1976 ad
1467 1913 1584 1979 issudn

226 2011 394 2096 prandium
416 2009 546 2074 crudior
559 2009 699 2073 venisset
719 2015 767 2084 et,
789 2015 825 2074 ut
841 2015 926 2072 aetas
940 2006 995 2070 illa
1009 2006 1085 2082 lert,
1107 2005 1169 2070 sibi
1182 2013 1250 2070 tum
1263 2025 1329 2069 non
1343 2007 1548 2088 pepercisset,

226 2107 348 2190 aliquot
375 2104 445 2170 dies
472 2109 653 2186 aegrotasse
683 2104 781 2169 etita
802 2122 872 2166 esse
894 2107 1062 2166 mortuum.
1100 2099 1180 2174 Quis
1200 2097 1275 2162 huic
1294 2100 1341 2162 rei
1363 2102 1453 2166 testis
1474 2104 1547 2166 esti

226 2201 332 2276 ldem,
355 2199 410 2283 qui
429 2198 480 2262 sui
500 2197 622 2273 luctus,
643 2205 747 2281 pater:
773 2203 877 2281 puter,
906 2196 1052 2278 inquam,
1082 2193 1168 2256 illius
1189 2192 1419 2258 adolescentis:
1452 2216 1547 2280 mem

226 2302 354 2380 propter
378 2292 475 2357 animi
505 2290 647 2355 dolorem
673 2291 834 2376 pertenuis
856 2289 996 2372 suspicio
1023 2289 1180 2371 potuisset
1200 2307 1242 2350 ex
1263 2286 1318 2350 illo
1340 2286 1412 2352 loeo
1434 2294 1547 2356 testem

226 2389 261 2454 in
281 2390 318 2451 A.
335 2386 512 2460 Cluentium
534 2384 744 2460 constituere,
766 2385 795 2450 is
815 2385 901 2454 bunc
923 2404 981 2448 suo
1002 2382 1185 2452 testimonio
1207 2381 1367 2458 sublevat,
1390 2383 1477 2468 mund
1498 2399 1585 2450 reto

226 2482 297 2548 cita.
333 2483 381 2554 Tu
402 2487 526 2555 autem,
547 2479 610 2544 nisi
632 2479 798 2546 molestum
821 2485 886 2555 est,
907 2477 1069 2562 paulisper
1090 2496 1243 2559 exsurge:
1265 2476 1370 2558 perier
1389 2478 1473 2544 bunc
1491 2479 1548 2545 do·

227 2577 327 2642 lorenr
354 2573 663 2638 commemorationis
690 2572 903 2648 necessariae,
930 2572 963 2634 in
992 2590 1055 2653 qua
1083 2589 1140 2653 ego
1163 2569 1282 2636 diutius
1303 2589 1369 2634 non
1390 2573 1547 2649 morabor,

226 2669 379 2755 ,quonian
400 2666 487 2752 quod
508 2667 570 2731 tuis
590 2667 650 2730 viri
671 2667 782 2750 optimi
803 2667 923 2741 fecisti,
953 2673 1050 2730 utne
1073 2665 1123 2728 eui
1145 2665 1308 2728 innocenti
1329 2684 1454 2730 maeror
1474 2673 1548 2736 tuus

227 2763 435 2832 solenitatem
457 2768 489 2826 et
508 2761 624 2826 falsum
644 2762 763 2826 crimen
784 2761 919 2824 afferret.

310 2858 391 2923 4444.
407 2851 479 2918 loo.
501 2855 602 2920 Unum
617 2856 711 2921 etiam
729 2855 807 2920 mibi
829 2855 987 2940 reliquum
1002 2852 1173 2919 eiusmodi
1193 2853 1312 2922 crimen
1329 2862 1395 2931 est,
1415 2855 1586 2935 iudicasse
1709 2859 1712 2868 ’

225 2971 268 3016 cx
289 2972 354 3035 quo
374 2950 455 3016 illud
475 2950 655 3034 perspicere
675 2949 823 3035 possitis,
845 2950 932 3035 quod
952 2969 1035 3014 ame
1057 2949 1149 3013 initio
1163 2948 1314 3022 orationis
1327 2969 1417 3020 meae
1430 2950 1548 3018 dictum

226 3053 293 3110 est:
320 3043 478 3129 quidquid
499 3043 575 3108 mali
595 3065 652 3126 per
671 3044 768 3110 boson
789 3065 889 3110 annos
909 3047 947 3108 Δ.
970 3044 1133 3110 Cluentius
1155 3042 1286 3118 viderit,
1308 3043 1466 3128 quidquid
1486 3045 1549 3111 boe

226 3146 369 3222 tempore
382 3137 497 3205 babeat
518 3137 743 3202 sollicitudinis
765 3157 801 3204 oc
821 3139 959 3224 negotii,
980 3138 1012 3204 id
1028 3157 1121 3204 omne
1135 3159 1154 3202 a
1169 3145 1268 3206 matre
1284 3157 1354 3204 esse
1369 3139 1548 3208 condamm.

227 3231 438 3317 Oppianicum
451 3251 575 3296 veneno
590 3239 737 3296 necatum
752 3252 839 3307 esse,
861 3232 948 3316 quod
964 3233 993 3298 ei
1007 3233 1114 3299 datum
1131 3233 1173 3298 sit
1189 3233 1223 3296 in
1237 3251 1318 3316 pane
1332 3253 1391 3315 por
1404 3235 1445 3301 tl.
1459 3234 1549 3302 Asel·

226 3326 302 3393 lium
318 3325 495 3408 quendam,
516 3325 703 3390 familiarem
718 3323 814 3400 illius,
837 3326 934 3409 idque
947 3325 1052 3390 Habiti
1070 3325 1204 3391 consilio
1219 3324 1334 3388 tactum
1348 3347 1417 3394 csse
1431 3327 1586 3398 diutinae
1699 3325 1724 3377 ε’

226 3420 262 3482 ln
285 3438 348 3503 quo
371 3421 507 3504 primurn
530 3405 770 3503 illud'quaero,
800 3439 882 3500 quae
903 3439 999 3486 causa
1018 3418 1135 3483 Habito
1156 3416 1268 3492 luerit,
1298 3437 1352 3485 cur
1372 3417 1549 3489 interlicere

227 3514 437 3598 Oppianicum
464 3513 570 3584 vellet.
613 3512 796 3579 Inimicitias
818 3499 902 3577 enirn
933 3509 1027 3597 [inter
1048 3507 1147 3594 ipsos]
1170 3509 1270 3580 ossea
1292 3509 1460 3589 confiteor,
1490 3513 1548 3582 sed

226 3607 371 3673 homines
398 3607 544 3670 inimicos
573 3626 648 3672 suos
677 3615 777 3672 morte
803 3603 887 3671 allici
907 3607 1035 3682 volunt,
1062 3613 1118 3674 aut
1138 3603 1226 3689 quod
1248 3625 1303 3674 eos
1325 3611 1469 3675 meorum
1495 3616 1549 3672 aut

227 3700 314 3785 quod
336 3702 481 3766 oderunt
524 3695 596 3762 470.
619 3700 690 3776 Quo
719 3698 846 3763 tandem
874 3701 971 3784 igitur
989 3700 1123 3764 Habitus
1144 3705 1231 3762 metu
1252 3696 1407 3762 adductus
1428 3707 1549 3765 tanturn

227 3797 261 3859 in
290 3817 324 3861 se
349 3797 473 3860 facinus
502 3795 664 3877 suscipere
692 3803 822 3859 conatus
852 3799 926 3859 est‘l
961 3794 1038 3879 quid
1061 3800 1128 3858 erat
1149 3790 1233 3878 quod
1255 3793 1319 3856 iam
1341 3792 1549 3878 Oppianicum
1557 3813 1587 3862 as
1692 3879 1694 3884 Ι

226 3910 329 3973 poena
350 3892 496 3954 allectum
524 3909 581 3972 pro
603 3885 764 3953 maleficiis
788 3896 820 3953 et
847 3890 981 3953 eiectum
1003 3909 1021 3951 e
1043 3888 1171 3952 civitate
1206 3889 1376 3972 quisquam
1404 3889 1548 3953 timeret?

292 4172 316 4222 4.
333 4172 386 4222 Hoc
401 4185 446 4238 epo
457 4198 494 4210 --
501 4172 616 4236 pisilibus
634 4173 696 4236 (om.
713 4171 802 4234 uerbo)
820 4172 925 4224 (44444444
942 4167 1115 4232 Quintilianus
1130 4170 1173 4222 444
1186 4171 1217 4233 i,
1230 4169 1272 4224 48.
1285 4195 1314 4210 -
1332 4168 1392 4236 Hoc]
1408 4169 1546 4223 bama.-

227 4243 251 4295 3.
270 4246 341 4310 quoe]
355 4260 404 4309 per
419 4261 484 4309 oum
501 4249 554 4299 ST.
569 4273 596 4284 -
616 4247 640 4298 6.
657 4248 740 4311 soom
756 4248 852 4300 nolimu
867 4247 926 4299 40.
940 4271 968 4284 -
986 4248 1011 4297 4.
1029 4247 1090 4298 uiuo
1104 4251 1186 4300 mooe
1201 4247 1264 4298 da.
1280 4246 1376 4309 oculas
1391 4246 1450 4297 ST:
1468 4249 1550 4296 mom

226 4319 327 4370 oiood.
344 4320 642 4384 eposemuatto.
661 4349 689 4358 -
712 4323 842 4374 idSl'L:
867 4333 921 4372 om.
939 4318 1056 4375 Raso.
1078 4349 1105 4360 -
1127 4322 1152 4372 9.
1170 4322 1484 4384 oensem--cetam
1500 4319 1548 4370 do'-

227 4394 299 4446 son?
320 4396 490 4456 Quintilianus
506 4398 548 4450 lx.
566 4399 595 4458 3,
613 4397 654 4448 34.
673 4425 701 4436 -
726 4396 770 4449 illo
789 4398 849 4449 ST:
871 4397 899 4446 in
920 4395 966 4448 illo
981 4396 1125 4451 444440.
1152 4397 1192 4449 cl.
1211 4394 1444 4459 delapsarum
1463 4406 1486 4444 c.
1505 4394 1548 4446 44.

228 4467 253 4532 fi.
271 4470 313 4520 os.
332 4496 359 4506 -
379 4472 418 4522 40.
437 4472 530 4537 dende]
544 4485 624 4535 pomo
640 4469 820 4532 Quintilianus.
835 4497 862 4510 -
882 4471 922 4520 44.
940 4475 1023 4522 ostam
1039 4469 1111 4522 delet
1126 4470 1327 4524 blommsenius.
1341 4495 1368 4506 -
1387 4468 1429 4520 44.
1446 4481 1472 4520 sc
1487 4469 1547 4520 Sl:

228 4544 281 4594 ioan
296 4556 322 4594 se
337 4543 478 4599 444440.
495 4575 524 4585 -
541 4547 581 4597 ts.
601 4547 706 4610 sesessit
722 4547 838 4598 STFA:
856 4545 972 4608 desendet
987 4543 1053 4608 ll&
1070 4546 1253 4610 desmdetcum
1265 4544 1472 4610 Car.stephano
1490 4545 1547 4594 40.

230 4645 258 4656 -
277 4617 317 4670 44.
335 4621 429 4672 nimos
445 4623 502 4672 ST:
524 4634 578 4674 om.
595 4620 737 4676 nauso
758 4647 784 4660 -·
806 4620 845 4670 45.
860 4633 945 4683 persp.
963 4625 987 4672 ct
1001 4626 1084 4672 cataro
1100 4620 1163 4671 444.
1184 4645 1212 4657 -
1231 4619 1272 4675 46.
1290 4619 1351 4686 troo]
1369 4625 1453 4670 tecam
1469 4618 1549 4670 editio

228 4709 253 4748 a.
267 4694 351 4758 4444,
367 4695 397 4746 0.
411 4723 439 4732 -
458 4696 562 4746 tilitas
578 4696 673 4759 cuntot
688 4693 713 4748 0.
727 4723 755 4732 -
775 4695 959 4762 ooolooiST.
973 4694 1149 4760 -48.oosm]
1166 4695 1356 4758 capuensi,
1373 4694 1422 4748 sed
1438 4695 1466 4746 in
1482 4695 1500 4744 S
1515 4694 1551 4744 od

229 4772 391 4836 expunctum
407 4771 456 4822 est.
470 4795 497 4806 -
517 4770 557 4821 49.
574 4771 625 4837 illo]
642 4772 688 4822 isto
699 4770 825 4824 Halmius.
839 4797 868 4808 ···
886 4772 928 4824 ao.
940 4771 1013 4837 lenc]
1029 4770 1205 4826 eneces·
1222 4772 1313 4828 resim
1327 4771 1354 4822 s.
1369 4795 1397 4808 -
1414 4769 1456 4825 44.
1464 4767 1551 4832 persor

228 4845 378 4898 stilla:
396 4845 518 4908 ctperfsr
532 4843 617 4899 440.
634 4873 662 4884 -
679 4845 720 4898 43.
736 4848 775 4898 es
789 4859 821 4898 aa
836 4847 928 4899 4440.
942 4871 970 4882 -
988 4844 1030 4898 ab.
1049 4846 1148 4909 offeret
1164 4847 1198 4906 4;
1216 4845 1376 4898 amenas
1393 4844 1491 4908 (mei.
1510 4855 1547 4894 m.

228 4921 348 4986 afferret).
367 4922 430 4973 Post
444 4921 497 4972 hoc
510 4933 536 4970 v.
549 4920 651 4974 addunt
667 4922 886 4976 TESTIMONIVM
902 4921 1048 4974 4444444444
1062 4920 1172 4972 essars
1181 4917 1227 4972 44
1244 4923 1272 4972 et
1287 4920 1391 4974 uncinis
1404 4917 1506 4972 incluse
1518 4917 1548 4970 0.

231 5021 258 5032 —-
276 4997 318 5048 44.
336 4996 406 5047 besec
422 4997 509 5046 STL:
528 4995 572 5048 bos
587 4991 700 5048 44440.
722 5023 750 5034 -·
767 4989 814 5050 48.
826 4996 911 5048 babuit
926 4997 985 5056 Sl;
1003 4994 1117 5048 babuerit
1132 4995 1256 5048 Klotzius.
1275 5021 1304 5032 -
1322 4992 1361 5058 cc]
1378 5007 1413 5044 aa
1429 4993 1461 5052 T;
1480 4997 1504 5043 st
1519 4993 1548 5044 4.

231 5098 259 5108 -
277 5071 318 5126 30.
335 5071 410 5137 illiso]
426 5071 504 5134 ipsias
518 5072 577 5122 40.
593 5097 621 5106 -
639 5071 679 5124 bi.
692 5072 757 5124 aaa
772 5073 838 5136 ipsas
853 5084 906 5124 om.
919 5071 973 5124 ST.
987 5093 1015 5108 -
1032 5069 1106 5135 ipsos]
1123 5083 1164 5122 sos
1179 5071 1252 5122 44.-
1271 5069 1311 5122 33.
1329 5071 1375 5118 out
1389 5066 1503 5121 STFA:
1521 5071 1550 5118 ot

229 5145 267 5208 bl;
284 5141 455 5198 404440.-
473 5145 612 5198 oosSTb:
630 5143 848 5199 04444440.-
867 5139 1171 5198 caementato·
1190 5143 1331 5196 dimisi:
1349 5153 1403 5203 om,
1415 5137 1547 5199 444440.
