3642 5862
270 438 332 507 tlt
636 442 678 506 IN
698 441 864 507 VERREM
884 440 1006 507 aomo
1029 439 1211 508 SECUNDA

267 612 402 678 fuerant
435 610 498 688 Qui
520 631 560 676 ex
581 611 637 676 illo
658 631 789 676 numero
811 611 925 696 reliqui
942 612 1111 696 Syracusas
1132 611 1233 676 classe
1254 611 1370 676 amissa
1389 611 1579 697 refugerant,

269 706 431 781 dicebant,
453 712 530 790 quot
551 725 591 770 ex
614 727 670 770 sua
691 709 827 792 quisque
847 727 927 771 nave
958 707 1071 769 missos
1093 707 1187 769 sciret
1207 725 1286 771 esse.
1328 708 1390 771 Res
1411 717 1477 772 erat
1497 709 1581 774 clara

268 820 373 884 neque
395 801 497 864 solum
519 801 725 884 argumentis,
754 801 809 865 sed
831 803 924 866 etiam
946 801 1039 865 certis
1060 799 1192 862 testibus
1223 799 1314 863 istius
1340 801 1471 866 audacia
1492 811 1581 868 tene·

266 895 368 958 batur.
410 894 559 962 XXXIX.
580 895 684 958 Homo
706 896 821 958 certior
840 895 877 958 fit
897 896 947 979 agi
970 893 1049 958 nibil
1071 894 1103 957 in
1125 893 1194 957 loro
1217 901 1249 956 et
1270 903 1425 959 conventu
1446 903 1513 960 toto
1529 897 1579 960 die

245 987 329 1054 enisi
350 987 412 1051 boc
433 988 542 1071 quaeri
564 1009 605 1052 ox
625 988 810 1064 nauarchis,
832 1009 927 1073 ᾳιιιιιιι
947 990 988 1053 ad
1009 987 1137 1052 modum
1158 987 1265 1053 classis
1286 990 1328 1053 sit
1347 991 1478 1066 antem
1508 990 1580 1055 illos

267 1081 458 1167 respondere
480 1090 512 1146 et
534 1084 648 1146 dooere
669 1103 960 1168 unumquemque,
981 1083 1132 1148 missione
1152 1084 1318 1167 remigum,
1339 1083 1422 1148 lame
1443 1083 1581 1168 reliquo·

266 1196 352 1252 mm,
376 1177 554 1242 Cleomenis
574 1177 688 1241 timore
709 1185 741 1240 et
760 1176 845 1261 iuga.
889 1177 982 1254 Quod
1003 1183 1210 1262 posteaquam
1231 1179 1291 1242 iste
1312 1178 1474 1261 cognorit,
1499 1178 1583 1242 bano

266 1271 421 1336 rationem
443 1271 558 1335 babere
581 1271 695 1353 eoepit.
728 1271 862 1334 Causam
884 1271 944 1335 eibi
966 1270 1130 1335 dicendam
1152 1289 1221 1334 ease
1243 1279 1394 1335 statuerat
1414 1273 1477 1336 iam
1499 1279 1581 1349 ante,

268 1384 363 1449 quem
384 1366 446 1429 boc
466 1385 527 1429 usu
548 1364 651 1440 venit,
672 1365 717 1428 ita
736 1373 772 1428 ut
791 1366 895 1449 ipsum
917 1366 1021 1449 priore
1042 1367 1166 1430 actione
1188 1364 1291 1430 dicere
1311 1365 1453 1430 audistis.
1487 1365 1582 1431 vide·

230 1460 320 1524 sobal
347 1459 410 1523 illis
439 1459 602 1524 nauarchis
625 1459 756 1523 testibus
778 1467 899 1523 tantum
920 1458 981 1522 boc
1003 1459 1121 1522 crimen
1144 1461 1299 1525 sustinere
1321 1481 1354 1525 se
1376 1460 1465 1547 nullo
1486 1460 1581 1524 modo

267 1573 371 1640 posse.
413 1554 588 1618 Consilium
611 1554 695 1636 capit
716 1555 818 1638 primo
840 1553 986 1628 stultum,
1007 1573 1117 1617 rernm
1131 1561 1236 1617 tumen
1250 1554 1398 1618 clemens.
1434 1551 1505 1618 002.
1520 1556 1581 1618 lla-

265 1646 399 1712 varcbos
419 1647 460 1711 ad
481 1667 515 1711 se
537 1649 642 1712 vocari
664 1649 761 1713 iubet.
796 1649 945 1712 Veniunt.
981 1648 1114 1711 Accusat
1136 1668 1208 1724 eos,
1236 1650 1323 1734 quod
1345 1649 1517 1713 eiusmodi
1540 1649 1580 1714 de

266 1761 300 1805 se
323 1761 483 1806 sermones
503 1742 688 1806 babuerint:
716 1751 821 1827 rogat,
851 1751 887 1806 ut
914 1743 948 1807 in
970 1761 1026 1805 suo
1048 1743 1185 1827 quisque
1207 1745 1291 1807 dicat
1311 1745 1383 1808 navi
1405 1763 1438 1808 se
1459 1749 1579 1808 tantum

264 1835 413 1901 babuisse
434 1843 618 1914 nautarum,
648 1845 800 1921 quantum
824 1836 1013 1920 oportuerit,
1041 1855 1148 1921 neque
1169 1857 1360 1922 quemquam
1382 1859 1451 1903 esse
1473 1838 1580 1902 dimis-

229 1943 257 1995 44
266 1949 345 1995 ιιιιιι.
382 1929 432 1994 llli
452 1931 538 1995 enim
558 1950 634 1995 vero
655 1951 690 1995 se
709 1931 890 2007 ostendunt,
912 1929 997 2014 quod
1019 1929 1128 2005 vellet,
1151 1949 1221 1994 esso
1241 1931 1390 1997 facturos.
1432 1933 1493 1997 lste
1514 1951 1580 1997 non

264 2023 486 2110 procrastinat:
520 2025 652 2090 adsonat
683 2027 801 2091 amicos
833 2027 956 2090 statim:
990 2023 1115 2109 quaerit
1141 2043 1182 2087 ex
1207 2025 1247 2090 iis
1269 2026 1468 2110 singillatim,
1502 2029 1602 2112 quot'

265 2117 401 2202 quisquo
421 2125 532 2182 nautas
552 2117 708 2184 babuerit.
749 2120 932 2203 Respondet
952 2138 1035 2183 unus
1056 2117 1202 2202 quisque,
1223 2127 1259 2184 ut
1279 2127 1347 2184 erat
1366 2131 1579 2206 pmeceptum.

263 2211 327 2274 lete
356 2210 389 2276 in
419 2212 542 2278 tabulas
568 2213 681 2278 reiort:
714 2215 859 2298 obsignat
886 2214 984 2297 signis
1011 2213 1183 2277 amicorum
1211 2214 1379 2299 providens
1401 2217 1513 2292 bomo,
1544 2224 1581 2281 ut

265 2313 375 2370 eontn
401 2305 462 2372 boc
491 2308 626 2384 crimen,
659 2309 686 2371 ei
715 2309 841 2392 quando
868 2328 949 2392 opus
978 2313 1079 2382 esset,
1109 2305 1169 2370 bae
1190 2307 1338 2372 videlicet
1362 2308 1579 2376 testificatione

226 2407 415 2467 touteretur.
458 2397 529 2465 003.
551 2403 696 2468 Berisum
718 2423 788 2468 esse
810 2405 903 2468 oredo
925 2402 1084 2465 bominem
1108 2409 1264 2466 amentem
1279 2423 1297 2466 a
1312 2403 1378 2468 suis
1392 2405 1579 2470 consiliariis

263 2503 295 2560 et
323 2496 518 2560 admonitum
546 2497 641 2562 besee
670 2499 701 2562 ei
729 2497 852 2562 tubulas
881 2497 960 2562 nihil
979 2495 1180 2579 profuturam
1213 2498 1307 2561 etiarn
1328 2499 1401 2581 plus
1422 2519 1462 2563 ex
1484 2501 1581 2564 nimia

264 2591 418 2678 praetoris
440 2591 603 2675 diligentia
624 2591 813 2675 suspicionis
834 2592 868 2654 in
891 2611 930 2655 eo
952 2590 1081 2654 erimine
1102 2590 1253 2656 futurum.
1286 2592 1351 2655 lam
1365 2594 1425 2658 iste
1440 2602 1506 2657 erat
1520 2593 1579 2658 bac

264 2684 396 2749 stultitia
417 2685 524 2748 multis
546 2684 579 2748 in
600 2686 695 2750 rebus
716 2704 809 2760 usus,
835 2692 871 2749 ut
890 2685 1017 2768 publice
1038 2705 1185 2770 quoque,
1207 2705 1290 2796 quae
1310 2686 1420 2764 vellet,
1442 2689 1475 2752 in
1497 2687 1579 2753 litte-

263 2799 314 2842 ras
334 2779 498 2842 civitatum
522 2774 565 2863 [et
585 2780 654 2843 tolli
675 2774 718 2861 et]
742 2778 851 2843 relerri
871 2780 1009 2843 iuberet·
1032 2799 1114 2862 quae
1136 2781 1242 2843 omnia
1255 2801 1341 2845 nuno
1357 2781 1506 2865 intelligit
1520 2783 1579 2848 sibi

226 2874 342 2941 ttnibil
364 2874 531 2957 prodesse,
553 2882 660 2958 postea
686 2893 760 2936 uam
782 2873 876 2937 certis
890 2873 1018 2947 litteris,
1041 2873 1175 2936 testibus
1189 2875 1489 2960 auctoritatibusque
1504 2897 1579 2941 con·

263 2969 408 3033 vincitur.
440 2967 507 3031 XL.
522 2968 580 3032 Ubi
600 2893 958 3120 bocardetjillorum
942 2968 1189 3044 consessionem,
1211 2968 1465 3034 testificationem
1479 2989 1578 3047 suam,

262 3062 393 3130 tabellas
415 3061 474 3127 sibi
495 3061 584 3126 nullo
607 3063 788 3132 adiumento
809 3048 958 3139 fusuras)
976 3063 1036 3128 init
1057 3063 1223 3127 consilium
1244 3083 1309 3126 non
1330 3064 1466 3149 improbi
1488 3085 1579 3148 prae-

263 3158 355 3233 toris,
384 3154 467 3239 (narn
494 3155 527 3220 id
557 3158 686 3242 quidem
715 3165 801 3222 esset
827 3154 1019 3237 serendum,l
1049 3158 1104 3221 sed
1133 3157 1305 3242 importuni
1327 3166 1423 3243 atque
1444 3159 1578 3224 amentis

262 3251 397 3336 tyranni.
430 3252 570 3327 Statuit,
586 3254 614 3318 ai
636 3252 696 3316 boo
711 3254 831 3317 crimen
846 3253 1010 3316 extenuari
1022 3250 1137 3326 vellet,
1160 3249 1243 3333 (narn
1257 3253 1387 3316 omnino
1402 3252 1470 3315 tolli
1484 3271 1577 3336 posse

142 3371 148 3396 ι
224 3361 327 3414 bonon
353 3345 587 3428 arbitrabatur,)
615 3347 790 3412 nauarchos
818 3367 945 3423 omnes,
974 3353 1070 3411 testes
1093 3345 1142 3409 sui
1163 3346 1309 3421 sceleris,
1336 3346 1402 3409 rito
1423 3365 1493 3409 esse
1513 3347 1578 3430 pri·

130 3444 136 3480 ί
261 3439 391 3505 sendus.
434 3436 505 3503 tol.
528 3440 719 3505 Occurrebat
739 3441 794 3506 illa
814 3441 913 3505 ratior:
941 3440 1018 3527 quid
1041 3429 1209 3504 Cleomene
1231 3437 1305 3504 fieti
1334 3449 1485 3524 poterone
1507 3440 1576 3504 ani-

261 3535 487 3600 madvertere
477 3557 511 3600 ιιι
533 3556 604 3612 eos,
626 3555 706 3622 quos
727 3535 812 3600 dicto
833 3534 998 3600 audientes
1020 3554 1089 3599 esse
1109 3535 1204 3610 iussi,
1225 3535 1355 3598 missum
1375 3531 1479 3598 facere
1494 3554 1577 3609 eum,

327 3807 351 3857 4.
368 3806 481 3872 perant,
503 3805 756 3870 qut-wentanum.
782 3805 902 3857 Dicebant
921 3819 981 3872 sqq.
1008 3807 1050 3856 Sic
1067 3804 1184 3856 distinxit
1199 3803 1228 3855 0.
1254 3805 1287 3856 lt
1303 3803 1335 3855 ol.
1354 3803 1440 3856 Madv.
1457 3817 1484 3869 p.
1497 3804 1537 3856 89.
1548 3831 1575 3844 -

252 3885 285 3936 ,2.
304 3887 363 3947 quot
379 3883 399 3933 L
416 3881 457 3945 (cl.
476 3881 499 3946 ἕ.
519 3880 601 3945 lobi:
625 3883 691 3944 quod
706 3882 756 3942 03,
782 3893 843 3943 quoe
859 3882 923 3933 dett.
944 3909 971 3918 -
989 3893 1053 3932 noue
1069 3881 1123 3931 03ι
1145 3880 1206 3930 noui
1223 3878 1286 3930 dett.
1306 3879 1335 3929 0.
1356 3905 1383 3916 -
1401 3880 1475 3930 minoe
1490 3881 1524 3942 Rs
1548 3881 1578 3931 ut

261 3969 343 4022 sopra
359 3957 440 4016 donni
456 3969 497 4022 pr.
515 3969 552 4007 m.
572 3981 600 3994 ·-
624 3969 675 4007 esse
689 3957 762 4008 niret
778 3957 855 4021 ages.
875 3981 904 3995 -
928 3956 953 4006 3.
969 3957 1078 4007 nudatio
1094 3957 1127 4015 0;
1150 3955 1261 4006 oooettio
1277 3955 1308 4018 0,
1325 3956 1355 4004 ut
1371 3956 1496 4006 Graevius
1514 3956 1540 4006 in
1556 3957 1577 4006 0

262 4044 322 4084 esse
344 4030 409 4084 letso
428 4029 580 4082 tradiderat.
601 4059 628 4068 -
646 4030 671 4085 t.
689 4036 741 4082 toto
758 4032 797 4082 dte
819 4033 852 4082 04
866 4033 893 4094 2,
917 4033 1027 4096 03290.
1058 4031 1095 4096 [ln
1111 4033 1132 4083 0
1149 4033 1191 4082 est
1206 4035 1268 4092 toto,
1290 4031 1320 4080 ut
1335 4043 1405 4080 nunc
1421 4033 1494 4081 certo
1509 4031 1577 4081 Bur-

261 4107 326 4158 sleot
342 4107 491 4158 testimonio
509 4107 693 4159 confirmatum
710 4108 770 4174 est]
789 4131 817 4145 -
836 4111 860 4160 t.
878 4123 912 4160 eo
927 4107 1009 4159 03οι
1027 4121 1045 4159 o
1060 4108 1125 4159 dett.
1144 4108 1172 4158 0.
1187 4133 1214 4144 -
1232 4105 1265 4156 eit
1279 4105 1332 4156 03ι
1351 4110 1410 4157 esset
1426 4104 1489 4156 dett.
1508 4106 1574 4158 0.-

261 4182 285 4233 9.
303 4183 370 4234 nenlt
383 4180 448 4233 nal
465 4181 559 4244 (lledv.
576 4195 604 4248 p.
623 4183 703 4248 ⁴⁴⁸·i2
729 4184 823 4235 oenbel
838 4183 907 4248 Lglt
919 4185 951 4244 03
968 4183 1063 4235 uenntt
1080 4183 1145 4235 dett.
1163 4179 1256 4248 pleriq.
1277 4208 1305 4218 -
1323 4181 1403 4232 diem
1418 4181 1515 4232 notun
1528 4182 1574 4234 03.

262 4285 290 4296 -
308 4258 349 4309 to.
367 4258 425 4324 illia]
440 4258 482 4308 ille
497 4258 520 4309 le
535 4259 568 4318 0;
586 4259 627 4310 ille
642 4259 690 4309 letis
705 4261 737 4309 Gt
753 4259 777 4309 2.
797 4285 824 4296 -
844 4261 884 4310 44.
903 4259 1052 4310 Cleomenem
1068 4263 1091 4309 et
1105 4257 1246 4308 nouomboa
1256 4255 1321 4306 dett.
1336 4281 1364 4292 -
1382 4258 1422 4309 42.
1439 4257 1578 4310 Mmmodt

261 4334 368 4386 detto.
388 4361 417 4370 -
435 4333 475 4384 43.
493 4331 826 4385 commendandi-tla—
843 4334 1042 4385 ιιιὸιιιιιαο3ι
1059 4334 1226 4398 roldsocere
1241 4331 1358 4382 mmmm
1374 4337 1396 4383 et
1412 4333 1574 4386 nasodett.

261 4411 291 4460 0.
310 4433 337 4445 -
355 4409 416 4459 noct
431 4410 499 4460 dicut
515 4408 579 4460 dett.
599 4410 627 4460 0.
648 4435 676 4448 -
700 4411 741 4460 to.
760 4422 793 4459 eo
808 4409 847 4475 tie]
865 4423 898 4460 ee
912 4409 951 4460 bia
966 4412 986 4461 0
999 4411 1027 4472 S,
1052 4408 1123 4474 qood
1140 4407 1245 4460 tolerari
1262 4419 1314 4458 non
1330 4409 1432 4472 potest,
1460 4420 1521 4459 oum
1538 4409 1577 4460 sio

259 4484 294 4536 ad
310 4485 404 4535 omlcos
419 4484 588 4536 referendum
605 4483 651 4543 stt,
669 4497 703 4536 eo·
718 4485 767 4535 iltis
782 4501 799 4548 ς
816 4485 842 4549 (l.
860 4499 885 4536 e.
904 4485 964 4536 cod.
983 4486 1045 4549 lteg.
1058 4483 1128 4551 apud
1146 4483 1245 4550 steph.)
1262 4481 1364 4533 babere
1380 4483 1487 4548 dicitur,
1505 4483 1577 4549 quod

260 4561 368 4627 quldem
385 4560 427 4611 est
442 4561 607 4625 aptissimum
625 4560 686 4612 bulo
702 4559 768 4612 loco.
789 4589 815 4600 -
842 4563 907 4625 qnod
923 4562 952 4612 0.
972 4589 999 4598 -
1025 4563 1064 4612 ll.
1082 4562 1211 4624 respondet
1227 4560 1280 4610 03ε
1301 4559 1428 4624 respondis
1443 4560 1463 4610 0
1480 4573 1519 4625 pr.
1538 4573 1574 4611 m.

261 4649 329 4688 corr.
342 4637 368 4687 in
384 4637 509 4700 reponit
519 4647 598 4688 manu
610 4635 715 4688 eadem.
730 4663 757 4674 -
770 4637 812 4688 20.
830 4639 903 4688 oredo
920 4651 969 4688 esse
985 4637 1048 4688 dett.
1063 4636 1090 4687 0.
1105 4661 1131 4674 -
1144 4637 1186 4687 24.
1204 4636 1341 4685 amanteum
1357 4636 1385 4686 0.
1401 4660 1427 4670 -
1441 4647 1474 4684 ac
1489 4633 1576 4702 nimio]

259 4711 354 4763 eesnso
370 4712 398 4762 ll.
420 4739 447 4747 —
464 4711 505 4762 23.
523 4712 551 4761 ln
566 4712 661 4762 ltlteroa
676 4711 805 4762 cintustum
821 4711 875 4764 03τ
896 4714 922 4764 in
939 4714 1026 4764 litteris
1042 4713 1088 4762 cio.
1107 4711 1189 4776 Lg293
1207 4711 1234 4760 in
1251 4711 1297 4760 cio.
1316 4709 1403 4760 litteris
1420 4706 1484 4759 dett.
1503 4709 1532 4760 0.
1547 4735 1575 4746 -

260 4786 300 4839 24.
319 4791 342 4837 et
357 4786 410 4836 tolli
426 4785 505 4846 dett,
529 4786 581 4836 tolli
597 4785 633 4836 03
651 4786 708 4850 (sed
723 4787 744 4837 0
761 4786 822 4849 toli).
850 4789 921 4839 llaec
938 4801 991 4839 non
1008 4787 1139 4838 immerito
1153 4787 1272 4851 Zumptio
1289 4787 1413 4849 suspecta
1430 4785 1504 4845 sont3
1523 4783 1574 4834 del.

260 4862 344 4916 Halm.
366 4885 393 4898 -
416 4863 457 4913 so.
475 4861 664 4925 unctortbnesque
680 4863 763 4912 0
785 4861 826 4913 27
845 4861 944 4912 lobeke
964 4862 984 4912 0
1003 4865 1094 4913 contra
1112 4859 1238 4912 eodd-
1261 4861 1315 4910 tntd
1336 4861 1356 4911 0
1372 4872 1413 4926 pr
1431 4873 1516 4910 ιιι.-
1488 4860 1576 4908 -ln-

257 4939 330 5003 proba·
346 4940 366 4990 0
384 4939 411 4988 et
426 4937 522 4989 deinde
538 4938 678 5002 tepore.-
650 4937 738 4989 -.29
756 4937 889 4988 munnere·
905 4936 953 4996 03,
972 4935 1052 4999 ngas:
1077 4941 1214 4986 munnere
1229 4933 1293 4986 dett.
1313 4935 1390 4986 0.-
1407 4933 1488 4998 oeltet]
1501 4933 1576 4983 ooltet

234 5014 336 5122 ’upa
357 5025 409 5072 m..
427 5013 514 5063 utrv
534 5011 558 5077 g
577 5013 634 5070 40.;
651 5011 865 5082 omnnem.
885 5023 920 5062 m.
939 5011 964 5062 2.
982 5009 1117 5063 0403.-
1135 5011 1176 5062 30.
1195 5011 1359 5061 cnona—
1332 5009 1608 5073 —teetteltbgi9.-

263 5087 349 5140 -34,
369 5051 493 5139 cte'em
509 5085 556 5138 us
579 5086 673 5152 (Madv.
691 5087 737 5152 0p.
756 5087 776 5138 l.
795 5099 821 5152 p
840 5086 919 5148 369.):
941 5085 1106 5137 decleomen
1122 5086 1174 5147 03,
1197 5085 1317 5137 aeonem
1333 5083 1440 5136 dett-
1458 5081 1498 5134 32.
1516 5082 1576 5131 ont·

260 5176 330 5214 maen
345 5164 473 5218 owerure
487 5163 568 5226 lth3
586 5161 700 5216 oesiam
715 5161 953 5214 noannoeane.
972 5160 1006 5226 (tn
1022 5173 1063 5212 eos
1078 5161 1205 5214 ιιιᾶιιιάυ.
1223 5159 1310 5226 0329.)
