3610 5860
287 431 348 500 494
696 439 847 508 ORATIO
868 441 948 508 PRO
968 443 1005 508 A.
1028 441 1199 511 CAECINA

285 609 476 695 peliabitur?
508 615 554 686 et,
583 610 671 694 quod
698 611 868 677 vehemens
895 615 928 677 in
949 634 983 679 re
1012 615 1138 678 militari
1166 621 1307 700 putabar,
1335 616 1367 679 id
1388 615 1458 682 leve
1479 619 1514 681 in
1535 620 1619 682 iure

286 704 371 769 civili
393 703 604 768 iudicabitur?
639 711 686 781 ot,
715 708 801 791 quod
831 709 988 773 exercitus
1010 717 1144 774 armatos
1166 717 1285 785 movet,
1307 709 1341 771 id
1362 711 1614 776 advocationem

286 804 459 882 togatorum
489 817 555 860 non
575 798 732 862 videbitur
752 802 908 866 mouere?
941 809 973 868 et
993 804 1108 867 vulnus
1130 805 1270 888 corporis
1290 805 1389 887 magis
1411 805 1504 870 istam
1526 807 1609 880 vim,

285 912 380 976 quam
401 899 502 956 terror
522 892 617 956 animi
638 893 830 958 declarabit?
853 905 885 960 et
907 898 1057 961 sauciatio
1078 905 1257 982 quaeretur,
1279 919 1351 962 cum
1367 898 1472 982 443444
1485 899 1609 964 iactam

261 1007 355 1054 sesso
377 987 552 1052 constabit?
593 984 644 1051 44.
666 991 754 1053 Tuus
777 991 860 1054 enim
881 992 970 1054 testis
991 991 1052 1054 hoc
1073 991 1163 1066 dixit,
1186 999 1270 1056 metu
1291 993 1465 1075 perterritis
1486 994 1608 1057 nostris

284 1080 444 1145 advocatis
470 1081 574 1145 locum
600 1103 651 1159 se,
682 1105 746 1168 qua
774 1086 963 1168 effugerent,
992 1086 1233 1149 demonstrasse.
1277 1085 1341 1161 Qui
1362 1105 1428 1150 non
1449 1086 1542 1150 modo
1566 1093 1607 1148 ut

283 1174 438 1259 lugerent,
460 1177 515 1239 sed
538 1180 631 1242 etiam
653 1179 753 1262 ipsius
774 1178 866 1262 fugae
888 1186 986 1243 tutam
1008 1179 1090 1243 viam
1112 1180 1347 1262 quaesiverunt,
1371 1180 1420 1244 bis
1443 1179 1490 1244 vis
1511 1179 1606 1243 adbi-

282 1267 347 1333 bita
375 1289 439 1332 non
466 1270 649 1336 videbitur?
699 1273 785 1349 Quid
815 1274 912 1357 igitur
935 1273 1125 1357 fugiebant?
1175 1275 1306 1358 Propter
1335 1281 1462 1338 metum.
1512 1273 1605 1350 Quid

282 1366 484 1429 metuebant?
517 1367 587 1430 Vim
609 1367 765 1432 videlicet.
801 1368 934 1432 Potestis
949 1368 1045 1451 igitur
1058 1367 1210 1452 principia
1225 1388 1349 1451 negare,
1372 1387 1443 1432 cum
1459 1375 1605 1431 extrema

247 1477 272 1526 to
282 1460 476 1524 conceditis?
503 1461 632 1543 Fugisse
653 1462 837 1544 perterritos
852 1461 1062 1525 confitemini:
1088 1481 1213 1525 causam
1227 1461 1321 1545 fugae
1337 1461 1441 1526 dicitis
1456 1462 1604 1547 eandem,

282 1574 376 1638 quam
402 1573 511 1618 omnes
537 1555 757 1638 intelligimus,
788 1575 891 1630 arma,
919 1554 1152 1618 multitudinem
1179 1555 1357 1632 hominum,
1386 1557 1606 1620 incursionem

280 1655 374 1732 atque
403 1650 554 1733 impetum
583 1657 791 1714 armatorum:
822 1649 901 1712 baec
928 1648 983 1712 ubi
1010 1648 1224 1713 conceduntur
1252 1669 1322 1714 csse
1350 1649 1449 1726 facta,
1478 1649 1522 1712 ibi
1550 1650 1605 1712 vis

279 1741 361 1807 lacta
382 1743 568 1825 negabitur?

363 1837 446 1902 xvi.
475 1835 526 1901 45.
554 1839 595 1904 At
616 1860 690 1904 vero
711 1840 772 1904 hoc
798 1841 927 1924 quidem
956 1841 1018 1903 iam
1045 1847 1136 1904 vetus
1158 1847 1207 1904 est
1228 1848 1259 1904 et
1280 1841 1431 1904 uiuorum
1453 1837 1603 1923 exemplo

241 1932 386 2001 tumultis
412 1931 446 1994 in
473 1934 568 1998 rebus
596 1935 761 2010 usitatum,
792 1953 862 1997 cum
893 1933 932 1997 ad
959 1935 1022 1998 rim
1051 1934 1227 1999 faciundam
1256 1935 1432 2009 veniretur,
1460 1936 1487 1997 si
1515 1953 1602 2017 quos

277 2034 413 2090 armatos
436 2028 578 2111 quamvis
600 2029 710 2110 procul
732 2029 986 2113 conspexissent,
1019 2031 1177 2092 utstatim
1205 2026 1362 2092 testificati
1390 2029 1601 2102 discederent,

277 2123 395 2205 optime
418 2123 619 2206 sponsionem
640 2122 743 2187 iacere
769 2130 916 2208 possent,
948 2143 981 2186 ru
1008 2143 1163 2188 sorsasvs
1184 2143 1323 2187 arrarum
1345 2141 1518 2186 nasnroars
1547 2143 1599 2185 rus

276 2235 376 2281 naara
397 2237 503 2281 sssnr.
546 2218 634 2280 Itane
655 2220 755 2281 vero?
788 2219 866 2281 scire
889 2237 959 2281 esso
980 2227 1114 2282 armatos
1137 2218 1212 2281 satis
1236 2225 1296 2294 est,
1329 2225 1365 2280 ut
1393 2218 1455 2280 rim
1483 2216 1598 2279 iactam

276 2309 408 2393 probes:
441 2313 474 2375 in
497 2331 607 2375 manus
629 2331 740 2375 eorum
766 2311 905 2375 incidere
927 2331 990 2375 nou
1013 2319 1061 2376 est
1082 2312 1180 2376 satis?
1212 2312 1379 2395 adspectus
1406 2319 1596 2374 armatorum

103 2409 178 2524 (gij
239 2403 316 2472 acad
338 2405 402 2468 vim
423 2405 617 2488 probandam
637 2395 935 2562 adebitqncmsus
958 2413 990 2468 et
1010 2406 1144 2490 impetus
1166 2425 1230 2468 non
1252 2381 1390 2496 valebit)
1413 2407 1469 2490 qui
1483 2406 1596 2469 abierit

274 2496 399 2561 facilius
421 2497 481 2562 sibi
503 2501 567 2564 vim
587 2498 702 2563 factam
724 2519 781 2582 pro
804 2499 868 2562 abit
897 2519 991 2582 quam
1014 2500 1069 2583 qui
1091 2500 1257 2582 effugerit?
1301 2496 1351 2562 46.
1379 2500 1420 2565 At
1448 2519 1506 2583 ego
1534 2500 1596 2562 boc

276 2591 363 2654 dico:
396 2593 438 2668 si,
466 2601 503 2656 ut
522 2595 622 2677 primo
645 2595 678 2656 iu
699 2593 828 2656 castello
851 2591 1003 2655 Caecinae
1026 2593 1107 2655 dixit
1128 2593 1280 2656 Aebutius
1302 2614 1336 2658 se
1357 2593 1501 2658 homiues
1523 2599 1597 2656 coe-

275 2685 358 2766 gisse
381 2693 413 2749 et
433 2707 571 2750 armasse
593 2707 699 2771 neque
720 2707 802 2760 eum,
825 2687 851 2749 si
866 2686 922 2748 illo
939 2686 1131 2762 accessisset,
1153 2687 1319 2763 abiturum,
1342 2689 1447 2752 statim
1461 2688 1595 2751 Caecina

275 2778 484 2856 discessisset,
518 2781 660 2844 dubitare
687 2801 743 2845 vos
770 2800 835 2842 non
857 2777 1019 2854 debuisse,
1049 2781 1126 2864 quin
1149 2779 1301 2844 Caecinae
1322 2782 1405 2845 facta
1425 2783 1473 2846 vis
1495 2791 1593 2858 essct;

238 2875 302 2944 sesi
322 2893 409 2948 vero,
431 2875 523 2938 simul
545 2895 582 2938 ac
602 2875 713 2958 procul
735 2875 901 2957 conspexit
922 2879 1075 2947 armatos,
1096 2875 1296 2950 recessisset,
1319 2895 1357 2938 eo
1379 2877 1481 2940 minus
1502 2876 1594 2938 dubi-

274 2969 392 3033 taretis.
436 2967 545 3033 Omnis
567 2970 652 3033 enim
674 2970 721 3032 vis
743 2976 807 3043 est,
837 2988 919 3053 quae
950 2968 1090 3052 periculo
1117 2977 1172 3032 aut
1192 2969 1345 3032 decedere
1367 2990 1426 3032 uos
1449 2969 1593 3032 alicunde

274 3064 359 3147 cogit
389 3069 444 3127 aut
469 3063 616 3146 prohibet
636 3063 797 3128 accedere.
840 3063 935 3139 Quod
967 3063 994 3126 si
1020 3063 1112 3126 aliter
1138 3065 1298 3138 statuetis,
1326 3064 1432 3127 videte
1463 3083 1503 3126 ne
1531 3063 1594 3126 boc

273 3178 330 3222 ros
352 3158 512 3232 statuatis,
540 3159 595 3242 qui
615 3157 705 3222 vivus
735 3157 931 3232 discesserit,
961 3159 992 3220 ei
1019 3157 1084 3220 rim
1112 3177 1176 3220 non
1205 3177 1274 3220 csse
1301 3156 1432 3234 sacmm3
1465 3177 1505 3220 ne
1531 3156 1592 3220 boc

274 3254 417 3317 omnibus
448 3253 483 3315 iu
514 3253 749 3336 possessionum
781 3252 1002 3316 controversiis
1031 3251 1267 3335 praescribatis,
1295 3258 1332 3313 ut
1360 3251 1592 3334 confligendum

235 3367 264 3416 so
274 3347 334 3411 sibi
357 3356 388 3411 et
409 3349 504 3411 armis
527 3347 750 3412 decertandum
772 3354 897 3430 putent;
925 3367 979 3421 ne,
1002 3365 1096 3430 quem
1118 3344 1157 3408 ad
1180 3344 1309 3408 modum
1332 3346 1364 3408 in
1385 3345 1470 3408 bello
1491 3363 1592 3430 poena

272 3444 391 3526 ignavis
412 3441 452 3505 ab
473 3440 714 3525 imperatoribus
735 3440 952 3516 constituitur,
985 3440 1031 3503 sic
1058 3441 1091 3502 iu
1119 3438 1245 3502 iudiciis
1276 3439 1415 3502 deterior
1435 3459 1529 3502 causa
1551 3439 1592 3501 sit

272 3557 391 3613 eorum,
414 3536 470 3620 qui
483 3535 630 3618 bigerint,
653 3555 748 3618 quam
765 3535 819 3619 qui
834 3532 874 3598 ad
890 3541 1065 3598 extremum
1079 3552 1181 3616 usque
1196 3533 1425 3597 contenderint.
1446 3529 1498 3595 47.
1514 3532 1590 3594 Cum

272 3631 312 3696 de
333 3632 402 3695 iure
425 3639 458 3694 et
477 3629 627 3712 legitimis
648 3627 814 3693 bominum
835 3628 1059 3692 controversiis
1081 3628 1241 3711 loquimur
1261 3634 1294 3691 et
1306 3629 1339 3691 in
1353 3627 1404 3692 bis
1417 3627 1513 3690 rebus
1526 3625 1589 3688 rim

334 3903 359 3954 4.
379 3901 444 3966 qood
459 3897 761 3952 modim-videditur
775 3897 878 3950 mooiue
895 3897 999 3958 Quintil.
1020 3897 1049 3949 V.
1068 3897 1108 3961 40,
1127 3897 1168 3949 94.
1189 3925 1216 3935 -
1235 3896 1259 3948 ³.
1277 3900 1419 3961 wqatomm
1436 3910 1488 3949 om.
1507 3897 1589 3958 Quin·

270 3975 382 4030 tilianus.
402 4002 430 4012 -
449 3973 474 4026 4.
492 3975 631 4026 widradi?
647 3974 707 4024 ET.
727 3999 754 4010 ·-
773 3975 798 4024 e.
816 3975 890 4037 meto]
914 3974 988 4026 «tort
1007 3987 1032 4026 se
1047 3980 1128 4026 meto·
1151 3985 1205 4038 mg.
1224 3969 1249 4025 s.
1269 3999 1296 4008 -
1315 3975 1464 4036 petendos
1480 3972 1539 4036 Τβ.
1558 3997 1585 4010 -

269 4052 293 4103 6.
312 4053 392 4103 boam
407 4064 432 4101 sc
448 4063 499 4113 qua
515 4049 607 4100 ETO:
626 4048 706 4099 ioman
722 4063 774 4112 quo
789 4047 853 4113 (om.
872 4047 907 4113 se)
924 4045 1037 4100 44444.
1056 4076 1084 4085 -
1103 4063 1167 4112 quac
1184 4050 1245 4113 (nou
1262 4049 1322 4114 qua)
1338 4050 1452 4114 premat
1468 4051 1496 4102 T.
1516 4078 1543 4087 -
1562 4049 1585 4100 7.

269 4127 442 4191 quaestum
458 4125 486 4188 T,
505 4123 714 4187 quiescentis:
732 4124 890 4187 quaesierant
905 4121 1007 4176 uAait
1018 4126 1047 4176 0.
1067 4153 1094 4162 -
1113 4126 1138 4177 8.
1157 4126 1221 4188 Qotd
1235 4125 1485 4190 icitur--ecctrmto
1500 4137 1588 4174 carco-

268 4203 333 4253 dotis
350 4199 455 4264 Quintil.
473 4199 526 4250 vu.
545 4198 570 4261 3,
588 4197 629 4251 49.
650 4225 675 4235 -
697 4200 740 4249 «L.
759 4201 830 4261 Quor
845 4200 938 4264 igitur»
955 4213 1008 4264 mg.
1028 4197 1053 4252 t.
1074 4227 1100 4236 -
1121 4200 1144 4252 9.
1162 4200 1216 4251 ssim
1231 4201 1345 4252 uidelicet
1358 4199 1494 4264 potestatis.
1511 4201 1588 4265 igitur

264 4279 393 4342 principio
414 4288 506 4340 oeque
522 4275 632 4338 potestis.
651 4287 707 4324 com
724 4271 747 4326 a
769 4275 827 4338 (uisi
843 4273 916 4340 quod
931 4275 1045 4327 verbum
1058 4277 1159 4338 poesia
1175 4276 1303 4327 omissum
1321 4276 1362 4327 esi
1377 4275 1404 4327 in
1421 4275 1514 4340 ETp‚
1540 4289 1587 4326 ex-

267 4354 396 4418 punctum
413 4352 439 4401 in
456 4363 483 4414 q,
501 4361 634 4413 superscr.
653 4363 669 4400 a
686 4361 766 4400 manu
783 4362 837 4400 rec.
856 4350 883 4400 in
895 4350 924 4411 E,
943 4351 972 4401 ut
981 4351 1149 4416 insereretur)
1167 4353 1197 4402 A.
1215 4349 1372 4402 Emendavit
1388 4351 1411 4414 (e
1423 4347 1586 4413 Quintiliano)

268 4428 412 4492 Naugerius
429 4426 455 4476 iu
472 4422 573 4475 Aldina.
594 4453 621 4463 -
640 4427 680 4476 40.
699 4423 915 4476 conconcessum
933 4425 1087 4486 Quintiliano
1104 4427 1130 4479 ir.
1151 4453 1178 4463 -
1195 4426 1270 4490 fatue
1285 4426 1315 4477 A.
1332 4453 1359 4463 -
1373 4427 1413 4477 44.
1432 4431 1588 4477 macarem

267 4501 381 4553 ETVL
394 4502 424 4552 0:
448 4513 578 4550 amnoncm
595 4497 683 4552 4444.
698 4527 726 4537 -
744 4499 784 4551 43.
801 4500 940 4564 sequimur
956 4502 985 4552 Τ.
1000 4527 1027 4538 -
1041 4502 1081 4552 45.
1098 4501 1241 4565 sociasdom
1256 4513 1272 4550 a
1285 4514 1299 4550 e
1311 4499 1328 4550 ir
1340 4497 1402 4551 etii.
1417 4525 1444 4536 —
1458 4501 1498 4550 46.
1516 4501 1585 4551 Fort.

267 4579 389 4629 dissociem
404 4581 428 4628 et
444 4577 534 4640 optima
549 4578 600 4627 cet.
614 4603 641 4613 -
660 4576 701 4626 47.
718 4576 746 4626 ai
761 4575 837 4637 ΕΤβ
853 4571 980 4627 ethio:
997 4589 1028 4626 ue
1044 4576 1102 4626 RA.
1116 4604 1143 4613 -
1158 4575 1292 4640 praetoris]
1312 4588 1345 4637 .p.
1363 4573 1392 4626 44.
1410 4573 1440 4625 E.
1459 4574 1497 4626 Ci.
1510 4573 1584 4639 §.id

268 4677 297 4688 ·-
315 4653 355 4706 48.
373 4653 442 4702 itane
453 4665 549 4701 --noo
565 4655 600 4701 ast
615 4651 675 4701 autb
692 4649 863 4710 Quintilianus
879 4651 910 4701 V.
930 4650 970 4713 46,
989 4649 1030 4700 93.
1051 4649 1090 4701 Ci.
1108 4648 1155 4701 Iul.
1173 4651 1264 4700 Victor
1280 4663 1306 4715 p.
1320 4649 1377 4702 443.
1395 4662 1420 4700 v.
1434 4649 1466 4700 344
1483 4663 1542 4714 sqq.
1556 4676 1582 4685 -

264 4740 324 4778 caro
340 4739 393 4778 om.
412 4724 594 4788 Quintilianus.
613 4724 651 4777 Ci.
669 4737 726 4774 var.
744 4723 804 4776 leet.
824 4725 848 4790 5.
867 4723 908 4776 34.
929 4752 956 4762 -
976 4725 1016 4777 ae.
1034 4730 1073 4775 sat
1089 4730 1124 4775 cst
1140 4723 1319 4785 Quintilianus.
1340 4751 1367 4760 -
1386 4729 1498 4786 mpccao
1513 4724 1541 4774 T.
1556 4752 1583 4761 -

265 4801 306 4852 44.
325 4802 379 4852 dico
394 4801 440 4851 boc
457 4797 792 4866 GabempqtadetA.
812 4826 839 4835 -
857 4801 899 4850 44.
916 4799 1070 4862 etprimcm
1085 4801 1114 4851 L.
1135 4827 1163 4836 —
1181 4799 1223 4851 43.
1240 4813 1297 4850 eom
1312 4800 1334 4850 si
1350 4799 1392 4850 iiio
1409 4799 1587 4862 ETabeqt

264 4874 389 4936 adetA:
409 4889 465 4926 eom
480 4877 502 4926 si
516 4875 567 4926 otio
585 4877 620 4935 G;
639 4888 695 4925 cum
711 4875 732 4924 st
747 4874 790 4925 itio
806 4887 847 4936 m,
865 4874 936 4924 ilium
952 4875 973 4923 st
989 4873 1031 4924 ilio
1048 4873 1103 4938 kp;
1122 4875 1192 4925 idom
1207 4875 1228 4924 si
1244 4887 1345 4925 eccum
1357 4871 1582 4927 4444444440.-

264 4951 305 5003 44.
325 4951 392 5019 qotn]
410 4952 454 5014 qui
469 4952 496 5002 to
512 4952 541 5002 T.
562 4979 589 4988 -
602 4951 642 5002 46.
662 4964 727 5013 quae
739 4949 859 5016 pertusio]
876 4949 1001 5013 qucricoto
1018 4949 1047 5010 T,
1066 4961 1130 5010 qaae
1145 4949 1251 5001 44644444
1268 4950 1483 5014 Eaempqta.
1498 4976 1525 4985 -
1539 4959 1584 5004 urst
1796 4965 1798 5020 y

264 5025 348 5088 utiquo
367 5025 513 5090 proitbotL
535 5026 586 5089 (set
602 5026 637 5076 ita
652 5039 678 5076 v.
698 5038 738 5076 c.»
756 5037 809 5090 mg.
828 5023 862 5090 4).
882 5049 909 5060 -
934 5024 1034 5075 attonde
1057 5022 1079 5077 44
1101 5025 1142 5090 (de
1160 5026 1179 5077 T
1196 5028 1285 5076 tamen
1302 5023 1362 5076 silet
1377 5023 1533 5090 Harlessius)
1550 5029 1580 5076 A.

264 5100 421 5152 Emendavi?
436 5101 580 5165 Naugerius
596 5101 623 5152 in
639 5099 740 5152 Aldine.
759 5099 798 5152 Gi.
818 5099 842 5164 s.
861 5100 902 5151 84.
921 5101 1008 5151 osana
1024 5097 1059 5150 ad
1077 5099 1131 5151 Cic.
1149 5098 1183 5152 de
1199 5101 1263 5167 Rep.
1281 5113 1308 5166 p.
1327 5099 1384 5154 440.
1404 5127 1431 5138 -
1450 5101 1491 5154 47.
1510 5113 1582 5154 ασσυ-

265 5174 333 5229 deret
347 5175 376 5228 T.
396 5203 424 5214 -
441 5175 483 5230 48.
500 5174 572 5228 oum
587 5176 616 5242 T,
634 5176 741 5242 antiqua
757 5176 896 5242 scriptura.
915 5175 954 5230 Gt.
973 5176 1061 5229 Osann
1077 5173 1094 5228 l.
1112 5173 1129 5228 i.
1148 5187 1175 5242 p.
1193 5173 1242 5228 438
1259 5188 1319 5242 sqq.
