3648 5888
557 427 883 494 cmxvi-xm.
911 422 1140 511 sate-ar.
1445 419 1507 486 trs

183 605 355 683 utrumque
385 599 440 674 sit,
470 619 542 662 eum
564 598 761 682 superiorem
783 617 871 674 esse;
898 597 933 660 in
955 617 1019 680 quo
1041 595 1193 670 alterum,
1222 595 1257 657 in
1278 613 1318 658 eo
1339 613 1406 657 non
1428 593 1507 678 quid

185 695 213 758 is
234 693 325 769 velit,
347 692 405 756 sed
427 693 504 776 quid
524 691 629 758 facere
651 693 767 776 possit,
797 691 907 776 quaeri
930 692 1043 754 solere.
1086 687 1136 752 54.
1160 688 1256 765 Quod
1278 689 1305 754 si
1328 689 1358 752 ei
1379 688 1507 771 potissi-

185 808 271 852 mum
304 807 414 850 censes
441 787 581 869 permitti
607 795 754 869 oportere
775 784 948 849 accusandi
968 791 1171 866 potestatem,
1204 783 1257 848 eui
1280 782 1451 846 maximam
1474 781 1507 844 C.

185 882 301 946 Verres
322 880 470 944 iniuriam
490 881 618 946 fecerit:
641 887 747 944 utrum
768 879 895 943 tandem
919 896 1030 942 censes
1051 878 1110 941 hos
1132 878 1255 942 iudices
1278 876 1405 959 parius
1425 875 1508 939 ferre

186 981 352 1058 oportere,
375 981 406 1038 te
428 975 545 1038 abillo
568 995 638 1039 esse
659 974 798 1048 laesum,
827 993 869 1036 an
890 971 1087 1055 provinciam
1109 971 1249 1034 Siciliam
1271 990 1341 1034 esse
1362 976 1509 1034 vexatam
1532 984 1547 1030 a

187 1087 224 1131 ac
246 1068 422 1152 perditam?
454 1067 593 1150 Opinon,
616 1067 773 1131 concedes
794 1068 895 1130 multo
917 1068 979 1130 boe
1000 1073 1033 1128 et
1054 1084 1124 1128 csse
1146 1065 1270 1147 gravim
1293 1073 1325 1128 et
1345 1064 1385 1128 ab
1407 1063 1510 1154 omni-

186 1161 246 1224 bus
268 1160 343 1226 ferri
365 1163 492 1244 gravius
514 1167 672 1245 oportere.
708 1161 854 1224 Concede
868 1161 982 1243 igitur,
1004 1168 1041 1222 ut
1061 1159 1118 1222 tibi
1140 1165 1353 1241 anteponatur
1366 1159 1401 1221 in
1415 1177 1510 1222 accu-

187 1255 287 1318 sando
309 1255 491 1337 provinciae
514 1275 588 1318 nam
610 1254 775 1338 provincia
796 1263 938 1329 accusat,
960 1275 1031 1316 curn
1053 1255 1081 1316 is
1096 1254 1161 1336 agit
1175 1251 1319 1328 causam,x
1338 1272 1434 1337 quem
1448 1251 1508 1316 sibi

187 1349 243 1412 illa
269 1349 469 1412 defensorem
498 1349 549 1412 sui
576 1349 672 1424 iuris,
705 1349 841 1413 ultorem
867 1348 1074 1422 iniuriarum,
1104 1353 1244 1411 actorem
1273 1366 1386 1410 musae
1410 1346 1508 1410 totius

188 1443 360 1525 adoptavit.
403 1442 502 1506 XVII.
530 1440 581 1505 55.
603 1443 644 1506 At
666 1462 735 1506 eam
757 1442 816 1506 tibi
839 1442 872 1504 C.
893 1443 1007 1505 Verres
1028 1441 1105 1504 fecit
1125 1440 1292 1516 iniuriam,
1321 1461 1403 1525 quae
1427 1448 1546 1504 cete-to

187 1556 295 1598 rorum
323 1555 454 1620 quoque
482 1537 605 1601 animos
633 1543 742 1619 posset
767 1536 873 1600 alieno
894 1535 1098 1598 incommodo
1120 1553 1329 1598 commovere.
1369 1534 1508 1598 Minime.
1627 1615 1630 1626 Ι

187 1632 266 1694 Nam
287 1631 321 1694 id
344 1651 475 1716 quoque
497 1630 625 1694 adrem
647 1631 807 1713 pertinere
828 1629 981 1703 arbitror,
1003 1627 1108 1713 qualis
1129 1627 1247 1690 iniuria
1266 1629 1404 1702 dicatur,
1427 1647 1509 1712 quae

189 1743 286 1790 causa
305 1724 543 1787 inimicitiarum
564 1723 753 1807 proferatur.
797 1724 983 1807 cognoscite
1007 1743 1047 1786 ex
1068 1741 1140 1784 me:
1170 1742 1242 1787 nam
1262 1722 1323 1785 iste
1346 1742 1415 1786 eam
1436 1741 1510 1805 pro-

188 1816 289 1892 fecto,
322 1817 384 1882 nisi
411 1819 507 1899 plane
529 1817 609 1881 nibil
631 1818 729 1900 sapit,
758 1837 930 1901 numquam
951 1816 1101 1899 proferet.
1143 1815 1263 1898 Agonis
1285 1817 1441 1899 quaedam
1462 1821 1511 1878 cst

188 1911 411 1994 Lilybaetana,
432 1911 545 2000 liberta
558 1912 691 1975 Veneris
704 1912 875 1996 Erycinae,
898 1930 980 1995 quae
995 1910 1110 1973 mulier
1121 1917 1195 1972 ante
1208 1909 1295 1973 bunc
1309 1916 1548 1994 quaestoresue

190 2004 321 2086 copiosa
342 2003 436 2086 plane
458 1991 500 2068 Εἴ
511 2003 654 2088 locuples
674 2004 744 2067 fuit
781 2006 829 2068 Ab
850 2005 909 2068 bac
931 2004 1109 2088 praefectus
1122 2004 1254 2067 Antonii
1276 2003 1406 2087 quidam
1428 2023 1511 2087 sym·

190 2097 365 2179 pboniacos
385 2117 494 2162 servos
516 2098 691 2162 abducebat
711 2117 769 2180 per
789 2098 953 2174 iniuriam,
982 2098 1098 2183 quibus
1127 2118 1161 2161 sc
1183 2098 1218 2160 in
1239 2097 1340 2161 classe
1361 2098 1408 2168 uti
1429 2098 1511 2162 velle

190 2190 324 2254 dicebat.
368 2195 448 2255 Tum
469 2192 540 2267 illa,
561 2199 598 2254 ut
618 2211 686 2255 mos
707 2191 742 2254 in
757 2190 866 2254 Sicilia
888 2200 936 2254 est
955 2192 1097 2255 omnium
1111 2192 1320 2256 Veneriorum
1342 2199 1512 2268 eteorum,

191 2285 248 2370 qui
274 2303 294 2348 a
314 2286 437 2349 Venere
465 2305 499 2350 se
520 2285 750 2359 liberaverunt,
780 2293 816 2348 ut
840 2285 1000 2367 praelecto
1022 2286 1070 2349 illi
1090 2286 1280 2368 religionem
1300 2287 1434 2351 Veneris
1454 2305 1513 2350 no-

189 2379 275 2443 mine
298 2379 463 2455 obiiceret,
492 2379 575 2444 dixit
596 2387 628 2444 et
647 2399 681 2444 se
703 2385 814 2443 elsua
834 2380 968 2442 Veneris
991 2400 1070 2445 csse.
1113 2377 1165 2442 ts
1187 2380 1247 2444 Ubi
1266 2380 1329 2444 boo
1350 2381 1550 2465 quaestoriae

192 2472 346 2548 Caecilio,
377 2472 589 2555 virpssoptimo
612 2479 644 2536 et
664 2473 788 2536 bomini
809 2473 1020 2557 aequissimo,
1047 2474 1228 2538 nuntiatum
1250 2481 1315 2550 est,
1343 2475 1451 2538 vocari
1472 2476 1512 2538 ad

191 2587 227 2628 se
247 2566 424 2648 Agonidem
445 2565 550 2630 iubet:
571 2567 727 2630 iudicium
749 2567 803 2630 dat
824 2567 930 2633 statim
954 2569 1001 2632 osi
1022 2575 1113 2651 paret
1126 2588 1196 2632 eam
1212 2589 1246 2633 se
1261 2576 1294 2633 et
1308 2589 1366 2633 sua
1379 2571 1513 2633 Veneris

192 2679 262 2724 esec
283 2658 432 2723 dixissen
467 2659 613 2722 Indicant
626 2668 865 2742 recuperatores
880 2662 931 2737 id,
953 2662 1041 2748 quod
1055 2682 1185 2726 necesse
1200 2671 1287 2727 erat:
1308 2683 1414 2746 noque
1429 2664 1512 2725 enim

192 2759 259 2816 erat
280 2753 429 2836 cuiquam
451 2753 598 2829 dubium,
622 2754 699 2837 quin
722 2753 778 2818 illa
799 2755 942 2820 dixisset
975 2757 1038 2819 Iste
1053 2757 1087 2819 iu
1104 2759 1342 2839 possessionem
1355 2757 1513 2820 bonorum

191 2847 332 2910 mulieris
353 2846 466 2922 intrat,
488 2848 591 2930 ipsam
605 2849 721 2910 Veneri
741 2849 776 2912 in
798 2849 982 2912 servitutem
1003 2849 1181 2914 adiudicat:
1203 2852 1319 2914 deinde
1338 2852 1423 2914 bona
1436 2865 1552 2916 ven-at

191 2943 252 3018 dit,
272 2942 442 3024 pecuniam
462 2941 590 3024 redigit.
618 2942 681 3016 lta,
704 2941 779 3006 dum
801 2962 904 3026 pauca
923 2944 1083 3025 mancipia
1096 2945 1231 3010 Veneris
1251 2945 1382 3010 nomine
1393 2945 1513 3027 Agonis

190 3056 227 3100 ac
246 3035 402 3118 religione
423 3035 560 3098 retinere
581 3036 665 3110 vult,
688 3034 832 3100 fortunas
854 3055 965 3100 omnes
986 3036 1229 3123 libertatemque
1250 3059 1341 3126 suam
1357 3039 1451 3103 istius
1465 3039 1514 3102 in-

189 3131 272 3194 iuria
293 3128 444 3212 perdidit.
487 3129 674 3213 Lilybaeum
695 3131 811 3193 Verres
839 3129 928 3192 vonit
946 3137 1075 3214 postea,
1101 3151 1168 3194 rem
1190 3135 1369 3214 cognoscit,
1396 3134 1515 3199 lactum

189 3223 364 3306 improbat,
393 3222 479 3305 cogit
506 3229 708 3306 quaestorem
738 3243 831 3286 suum
851 3225 1036 3304 pecuniam,
1065 3245 1162 3310 quam
1183 3245 1224 3290 ex
1244 3227 1400 3309 Agonidis
1420 3229 1515 3292 bonis

190 3317 381 3400 redegisset,
403 3335 474 3380 eam
495 3317 621 3380 mulieri
643 3337 768 3380 omnem
790 3335 999 3382 annumerare
1020 3325 1054 3380 et
1074 3317 1216 3382 reddere.
1252 3317 1303 3382 57.
1324 3322 1382 3384 Est
1401 3322 1552 3398 adbuc,tt

190 3411 225 3474 id
249 3411 338 3495 quod
360 3430 418 3474 vos
440 3428 549 3474 omnes
572 3410 722 3473 admirari
743 3410 855 3484 video,
881 3428 947 3473 non
968 3412 1098 3487 Verres,
1120 3412 1177 3476 sed
1199 3412 1237 3488 Q.
1259 3414 1394 3478 Mucius.
1430 3415 1516 3491 Quid

191 3505 279 3568 enlm
299 3504 404 3570 lacere
425 3504 531 3586 potuit
551 3503 727 3587 elegantius
747 3506 789 3566 ad
810 3503 976 3568 hominum
998 3505 1289 3571 existimationem?
1319 3509 1454 3593 aequius
1475 3508 1516 3572 ad

191 3598 360 3663 levandam
386 3596 528 3660 mulieris
557 3597 789 3661 calamitatem?
821 3598 1041 3664 vehementius
1072 3599 1113 3662 ad
1143 3600 1323 3683 quaestoris
1351 3603 1516 3666 libidinem

192 3693 425 3758 marcentem?
456 3691 584 3755 Summe
613 3692 693 3756 baec
726 3693 833 3756 omnia
860 3691 939 3756 mibi
966 3692 1114 3758 videntur
1140 3713 1211 3757 esse
1241 3694 1409 3760 hudanda.
1453 3695 1516 3758 Sed

192 3793 324 3870 repente
347 3784 522 3866 evestigio
545 3805 585 3850 ex
606 3786 736 3850 bomine
758 3793 920 3869 tamquam
934 3786 1044 3870 aliquo
1060 3787 1189 3852 Circaeo
1211 3789 1328 3871 poculo
1349 3789 1453 3854 factm
1468 3796 1554 3854 este

192 3880 324 3944 Verres:
345 3880 429 3944 redit
450 3877 489 3944 ad
511 3899 546 3943 se
566 3887 662 3965 atque
684 3880 724 3944 ad
746 3898 850 3943 mores
866 3900 951 3944 suos.
987 3882 1067 3944 Nam
1089 3901 1130 3945 ex
1144 3881 1200 3945 illa
1219 3883 1357 3965 pecunia
1371 3903 1517 3967 magnam

259 4086 283 4136 4.
302 4083 417 4150 almeo]
434 4085 542 4136 ettam
556 4089 643 4136 otum
659 4083 860 4148 thdDbgtll.
880 4112 908 4122 -
934 4084 960 4136 4.
977 4085 1021 4136 tos
1040 4085 1133 4136 ludices
1148 4086 1181 4136 64
1201 4085 1279 4151 prob.
1298 4086 1385 4140 uedv.
1402 4087 1436 4140 dc
1453 4091 1515 4142 Asc.

192 4162 260 4228 App.
277 4173 305 4228 p.
324 4161 370 4212 37:
387 4173 433 4212 oce
448 4161 500 4211 lud.
518 4161 556 4222 123
574 4174 620 4211 cos
635 4159 692 4210 lodo
709 4159 810 4221 datm
831 4161 876 4210 boe
892 4160 985 4210 ludusa
1001 4162 1030 4210 Ο.
1051 4187 1078 4197 -
1098 4161 1121 4212 6.
1139 4163 1251 4212 concedis
1267 4160 1315 4213 dtt.
1333 4165 1363 4216 0.
1383 4191 1411 4201 -
1429 4171 1454 4216 et
1467 4179 1518 4217 esse

191 4236 296 4300 notor
312 4237 475 4301 oaucgss:
502 4236 607 4301 proclus
628 4240 652 4287 et
671 4248 722 4286 esse
742 4237 793 4296 st.;
819 4247 869 4286 esse
883 4238 988 4298 proclus
1004 4237 1037 4286 64
1049 4251 1080 4296 fl
1106 4237 1212 4300 praetre
1226 4249 1276 4288 esec
1292 4239 1353 4301 ng.
1372 4236 1466 4303 pleriq.
1486 4265 1515 4275 —

192 4308 233 4362 44.
251 4311 376 4374 medeor
391 4315 427 4362 est
443 4313 475 4362 Gt
489 4312 639 4375 tumst:
657 4315 692 4362 ert
707 4311 831 4374 quoram
842 4311 966 4362 Victoria.
979 4324 1005 4376 p.
1018 4311 1059 4360 td.
1078 4309 1126 4361 dtt.
1137 4311 1165 4362 0.
1177 4338 1205 4348 -
1224 4311 1265 4362 48.
1281 4312 1440 4363 Venestorum
1456 4315 1517 4364 646

192 4385 303 4450 cbgttl:
327 4386 495 4438 Vener-eorum.
508 4385 555 4436 dtt.
569 4388 598 4437 0.
609 4412 637 4422 -
655 4386 695 4437 49.
712 4386 812 4448 omnmo
828 4382 914 4444 66ςλ
931 4385 1016 4437 Madv.
1029 4386 1048 4436 Ι.
1067 4398 1094 4449 p.
1107 4384 1172 4437 ato:
1190 4399 1328 4450 comesque
1343 4388 1422 4439 otto
1438 4387 1516 4454 prob.

190 4459 247 4512 Rau
258 4459 289 4511 11.
307 4472 334 4525 p.
348 4458 405 4513 440.
417 4489 445 4500 -
463 4461 505 4513 2⁰.
518 4475 566 4512 auo
576 4461 612 4512 62
621 4458 700 4512 Ldl:
718 4461 804 4511 omnio
819 4473 866 4510 nec
877 4463 909 4510 64
923 4460 972 4512 dtt.
982 4462 1043 4513 0.-
1061 4461 1106 4511 boc
1118 4462 1147 4523 Q.
1161 4461 1267 4512 Caecilio
1278 4461 1347 4513 conl.
1359 4462 1419 4512 Ant.
1431 4465 1519 4525 Augu·

190 4535 286 4606 stinus.
305 4561 334 4572 —
352 4536 394 4586 22.
409 4541 485 4600 parat
500 4535 565 4600 eom]
583 4535 634 4597 sio,
652 4537 682 4586 ut
697 4536 751 4586 iam
766 4532 888 4586 voluerat
904 4537 990 4586 Garat.
1008 4537 1051 4597 11,
1069 4548 1103 4585 ex
1118 4536 1197 4586 variis
1214 4534 1294 4586 codd.
1311 4535 1416 4587 mendis
1433 4536 1475 4600 (ex
1491 4549 1516 4588 e.

187 4623 269 4674 porro
284 4609 367 4660 theom
377 4611 409 4660 64
422 4611 475 4674 ab)
494 4610 576 4661 edidit
585 4611 705 4676 Zumpt:
720 4616 824 4674 peroret
839 4624 895 4660 eom
911 4611 940 4662 0.
955 4638 982 4648 -
1000 4611 1041 4661 25.
1053 4611 1133 4661 tatae
1149 4612 1181 4660 Gt
1194 4610 1280 4662 LdD:
1298 4613 1377 4662 aanor
1391 4611 1430 4662 ool
1444 4611 1520 4662 mttttt

192 4686 243 4746 66ς
260 4685 336 4736 osce
352 4683 399 4736 dtt.
414 4685 442 4736 0.
462 4686 551 4750 Margo
567 4687 626 4736 Par.
640 4687 661 4736 D
678 4683 776 4736 habet:
793 4685 813 4748 s.
830 4685 914 4736 mtutt.
928 4711 957 4724 ·-
975 4686 1017 4737 26.
1034 4683 1206 4749 menaeus.
1220 4712 1248 4722 -
1265 4685 1384 4750 aanoldis
1399 4686 1475 4738 634).
1488 4711 1516 4723 -

191 4761 234 4813 28.
254 4760 315 4811 lbos
334 4759 414 4822 taso.
433 4761 479 4811 64.
505 4787 533 4798 -
559 4759 599 4810 34.
618 4761 684 4824 quod
706 4760 832 4812 odorum
854 4760 925 4812 utdw
944 4759 1030 4811 Rudn.
1048 4761 1068 4810 Ι.
1087 4762 1112 4811 t.
1131 4786 1161 4799 ·-
1185 4761 1225 4812 3³.
1244 4761 1287 4812 stt.
1308 4765 1404 4825 φησει.
1422 4761 1468 4811 64.
1488 4785 1516 4795 -

191 4835 233 4888 344.
251 4839 351 4898 repente
367 4847 421 4886 om.
433 4833 515 4890 Prisc.
527 4835 558 4886 11.
576 4847 603 4900 p.
614 4835 671 4888 268.
684 4861 712 4872 -
730 4837 860 4901 sculpto
877 4836 1027 4888 omllulin.
1040 4833 1099 4897 1.l.;
1117 4834 1182 4888 secl.
1193 4835 1277 4888 Halm.
1290 4864 1318 4874 -
1336 4837 1422 4898 αὶᾱᾳωο
1438 4835 1521 4885 arcer

188 4924 247 4974 pce.
265 4911 302 4962 62
311 4907 351 4962 bd
366 4909 473 4962 Ascomi
491 4909 553 4961 edit.
571 4911 656 4975 prino.
676 4913 703 4962 et
719 4911 778 4963 ood.
792 4911 864 4962 bald.
875 4925 881 4972 ;
899 4911 984 4973 miquo
995 4911 1083 4963 cereso
1098 4923 1153 4978 poe.
1166 4912 1199 4963 64
1209 4926 1216 4972 ;
1233 4925 1267 4963 cco
1277 4911 1338 4975 olsq
1350 4911 1453 4963 Cerceo
1459 4921 1517 4972 poc.

192 4984 278 5038 Rufin.
297 4983 315 5036 l.
332 4983 351 5036 l.
370 4985 414 5039 ed.
432 4985 515 5047 Pltb.;
539 4991 609 5048 epoto
626 4986 728 5038 circaeo
743 4985 828 5038 Rullo.
848 4985 891 5038 ed.
908 4985 1022 5037 Froben.
1040 4987 1069 5036 et
1083 4985 1201 5047 llubnlr.;
1223 4987 1296 5049 qood
1310 4985 1420 5048 qrsodom
1434 4983 1519 5034 Ctrcm

190 5059 282 5125 poeto
298 5060 381 5114 Prisc.
398 5058 417 5113 l.
435 5057 452 5112 l.
473 5087 500 5096 -
523 5059 564 5111 36.
586 5061 660 5112 rediit
676 5063 708 5112 64
728 5062 810 5114 Prisc.
828 5059 846 5112 l.
864 5058 896 5122 l.;
917 5061 999 5112 reddet
1018 5062 1050 5112 A.
1069 5060 1120 5126 led.
1138 5061 1190 5130 pr.)
1210 5061 1259 5114 Sed
1274 5074 1288 5114 e
1303 5060 1419 5125 4444ίοί0,
1438 5063 1517 5120 wau.

194 5139 265 5200 arcto
280 5135 397 5200 Circaeo,
412 5135 433 5201 s.
450 5135 469 5187 t.
490 5136 533 5190 V.:
549 5136 624 5190 rodat
638 5148 698 5202 sqq.
717 5137 785 5189 coni.
803 5136 868 5189 Rau.
885 5137 906 5188 1.
924 5149 952 5202 p.
969 5135 1027 5187 474.

1630 3041 1708 3151 dl.
