3578 5862
344 453 428 521 eos·
567 459 621 523 or
644 457 750 525 nece
771 458 950 526 scmus
970 459 1090 527 nure
1109 461 1134 526 1.
1165 459 1239 526 cn.
1260 461 1317 528 nn
1338 459 1395 546 ss.
1415 458 1468 528 ar.
1567 444 1571 448 ’

343 633 442 691 stratu
463 645 588 712 geram,
610 637 716 712 patres
738 631 927 713 conscripti,
947 639 986 694 ut
1005 630 1126 714 possim
1147 630 1308 696 tribunum
1329 631 1431 716 plebis
1451 631 1508 698 rei
1533 631 1693 717 publicae

343 723 457 786 iratum
480 729 640 800 coercere,
662 723 740 786 milri
761 725 876 788 iratum
897 732 1111 789 contemnere.

427 817 483 880 lx.
507 817 609 892 Quam
631 817 776 892 obrem,
798 837 856 904 per
877 817 955 882 deos
976 818 1187 884 immortales!
1211 819 1350 904 colligite
1364 841 1438 898 ros,
1459 821 1602 886 tribuni
1625 822 1693 906 ple·

343 911 409 987 bis,
431 910 567 974 deserite
590 931 662 987 eos,
684 932 703 976 a
725 912 861 996 quibus,
882 911 945 975 nisi
966 911 1163 996 prospicitis,
1185 913 1273 978 brevi
1296 922 1438 998 tempore
1460 917 1692 990 deseremini;

319 1005 521 1087 rconspirate
549 1005 733 1081 nobiscum,
762 1007 940 1070 consentite
970 1026 1041 1070 cum
1062 1006 1171 1081 bonis,
1200 1026 1399 1072 communem
1422 1031 1493 1074 rem
1518 1009 1690 1094 publicam

342 1098 501 1161 communi
523 1099 629 1162 studio
651 1107 749 1184 atque
771 1119 879 1164 amore
893 1099 1064 1164 defendite.
1095 1101 1195 1165 ldulta
1216 1109 1291 1164 sunt
1311 1103 1437 1166 occulta
1459 1103 1513 1166 rei
1531 1102 1692 1185 publicae

341 1192 485 1267 vulnera,
506 1193 605 1257 multa
626 1193 820 1257 nefariorum
842 1194 958 1260 civium
979 1195 1159 1278 perniciosa
1180 1195 1322 1259 consilia.
1358 1196 1489 1260 Nullum
1507 1204 1688 1260 externum

159 1267 237 1398 W}
342 1286 517 1368 periculum
546 1294 609 1361 cst,
623 1290 706 1376 (non
735 1308 809 1363 rex,
837 1308 901 1352 non
923 1307 999 1373 gens
1021 1287 1104 1363 ulla,
1132 1307 1196 1352 non
1217 1288 1306 1352 natio
1328 1289 1601 1384 pertimescenda
1624 1270 1691 1364 est}

340 1379 496 1442 inclusum
525 1380 659 1456 malum,
687 1382 873 1446 intestinum
902 1402 938 1446 ao
963 1381 1171 1446 domesticum
1193 1389 1249 1446 est
1292 1383 1373 1446 Huic
1393 1403 1451 1466 pro
1474 1403 1515 1447 se
1542 1385 1687 1467 quisque

304 1480 483 1536 sonostrom
512 1474 640 1565 mederi¹
662 1483 758 1560 atque
785 1477 849 1540 hoc
875 1495 985 1540 omncs
1014 1493 1126 1538 sanare
1154 1475 1236 1540 velle
1259 1475 1421 1565 debemus,
1463 1473 1525 1540 27.
1550 1478 1687 1549 Erratis,

341 1567 368 1630 si
397 1575 542 1632 senatum
569 1569 703 1652 probare
729 1589 784 1647 es,
812 1589 894 1656 quae
915 1589 934 1634 a
956 1589 1006 1633 me
1028 1569 1195 1645 dicuntur,
1222 1571 1356 1653 putatis,
1384 1570 1550 1654 populum
1574 1575 1683 1633 autem

340 1679 410 1726 esse
431 1662 466 1724 in
487 1661 551 1727 alia
571 1663 745 1728 voluntate.
782 1663 917 1739 Omnes,
939 1663 995 1748 qui
1017 1683 1051 1726 se
1073 1663 1249 1728 incolumes
1271 1664 1394 1739 volent,
1415 1671 1609 1748 sequentur
1629 1683 1684 1726 au·

340 1757 515 1836 cleritatem
537 1756 695 1831 consulis,
717 1757 815 1822 soluti
836 1777 854 1821 a
876 1757 1119 1841 cupiditatibus,
1141 1757 1231 1822 liberi
1251 1756 1424 1833 adelidis,
1447 1758 1542 1822 cauti
1567 1758 1604 1820 in
1627 1775 1682 1840 pe·

339 1849 463 1925 riculis,
485 1868 551 1913 non
573 1849 677 1913 timidi
699 1851 734 1915 in
755 1853 1019 1917 contentionibus.
1056 1852 1199 1928 Quodsi
1221 1853 1277 1938 qui
1299 1860 1439 1916 vestrum
1460 1871 1525 1935 spe
1551 1849 1682 1913 ducitur

305 1963 374 2010 tose
395 1963 490 2025 posse
512 1944 695 2009 turbulenta
715 1947 839 2010 ratione
861 1946 973 2010 honori
994 1941 1144 2011 velificari
1166 1966 1241 2023 suo,
1263 1948 1400 2030 primum
1413 1966 1463 2011 me
1478 1943 1627 2010 consule
1648 1941 1678 2006 id

340 2057 466 2123 sperare
488 2036 636 2114 desistat,
659 2039 775 2103 deinde
796 2039 911 2104 habeat
924 2059 975 2104 me
989 2042 1094 2123 ipsum
1109 2039 1169 2104 sibi
1184 2039 1390 2115 documento,
1414 2061 1514 2124 quem
1532 2037 1679 2124 equestri

339 2138 443 2196 crtum
464 2131 535 2196 loco
558 2134 720 2196 consulem
742 2133 845 2210 videt,
868 2153 949 2219 quse
970 2135 1055 2197 vitae
1076 2132 1129 2196 via
1149 2131 1300 2198 facillime
1318 2133 1402 2198 titos
1423 2135 1530 2198 bonos
1555 2133 1600 2197 ad
1621 2132 1676 2194 lro-

338 2244 449 2289 norem
471 2225 720 2312 dignitatemque
741 2226 904 2310 perducat.
938 2227 1032 2304 Quod
1054 2227 1082 2290 si
1104 2246 1161 2290 vos
1184 2235 1323 2291 vestrum
1338 2227 1416 2291 milri
1431 2227 1601 2301 studium,
1623 2243 1677 2308 pa·

338 2326 402 2384 tres
424 2319 608 2404 conscripti,
631 2321 671 2384 ad
692 2339 892 2385 communem
907 2321 1093 2406 dignitatem
1112 2319 1343 2386 defendendam
1364 2319 1582 2405 profitemini,
1605 2339 1674 2402 per·

300 2411 441 2482 toficiam
462 2411 607 2497 proiecto
629 2412 679 2490 id,
703 2414 789 2499 quod
810 2415 947 2480 maxime
967 2435 1019 2480 res
1040 2413 1167 2498 publica
1186 2414 1359 2491 desiderat,
1382 2423 1419 2478 ut
1432 2415 1532 2480 huius
1550 2413 1674 2478 ordinis

337 2508 522 2583 auctoritas,
544 2526 627 2592 quae
648 2509 734 2592 apud
755 2511 892 2573 maiores
914 2515 1041 2572 nostros
1061 2505 1139 2583 luit,
1161 2510 1272 2573 eadem
1286 2527 1370 2573 nunc
1385 2509 1481 2594 longo
1496 2506 1671 2574 intervallo

303 2685 304 2688 Ἴ
337 2601 382 2664 rei
404 2601 552 2684 publicae
573 2601 717 2667 restituta
738 2623 807 2668 esse
828 2603 983 2668 videatur.

402 2871 426 2922 t.
443 2876 530 2934 patres
544 2872 676 2936 comortpts'
693 2871 825 2936 (omnibus
840 2871 943 2936 litteris)
961 2875 996 2924 G:
1023 2885 1058 2936 p.
1076 2873 1105 2924 r.
1123 2873 1188 2934 EF;
1206 2875 1233 2924 P.
1249 2873 1276 2926 G.
1295 2873 1328 2924 dc
1346 2872 1495 2924 teuredani
1512 2875 1666 2926 contectum

337 2943 372 3004 L;
388 2946 481 3008 popolo
496 2946 541 2996 ito.
558 2943 658 2998 re·
677 2948 702 2998 2.
720 2952 891 3012 contempnere
906 2948 933 2999 F.
949 2975 976 2985 -
996 2948 1020 2998 7.
1037 2947 1159 3010 colnac,
1177 2947 1265 3014 mcum]
1282 2948 1363 2998 mutto
1378 2950 1485 3000 ostam
1502 2951 1595 3008 EFP;
1612 2946 1665 2997 ool·

334 3033 399 3070 nera
416 3021 477 3084 (om.
489 3020 577 3086 motta)
594 3024 624 3074 Α.
648 3022 825 3074 Emendatum
842 3025 883 3074 est
900 3024 953 3075 iam
970 3023 997 3074 in
1015 3021 1172 3075 ed.1lldina.
1193 3051 1221 3060 -
1246 3030 1385 3075 amenum
1401 3024 1448 3075 EF
1458 3027 1487 3076 P.
1508 3051 1537 3061 —
1559 3024 1584 3074 9.
1602 3018 1664 3083 tcto]

335 3095 375 3145 tto
391 3096 447 3148 EF.
467 3124 495 3134 -
514 3098 554 3148 tt.
572 3111 645 3150 cmc
661 3099 828 3150 dtouoth:
847 3099 964 3152 dicuntur
980 3104 1037 3150 ants
1054 3100 1085 3161 F;
1109 3099 1226 3150 dicuntur
1247 3099 1450 3154 amsltto.
1472 3128 1500 3138 -
1520 3100 1564 3152 ts.
1582 3097 1663 3149 colunt

337 3170 1264 3243 rt.-tt.pstssl'1²:qcert1,to.-rttomcttotonpcm

399 3397 511 3460 Ecpltctc
532 3397 594 3450 liber
616 3401 662 3452 di.
681 3399 707 3451 T.
725 3400 752 3452 C.
770 3401 800 3451 da
821 3399 873 3466 1090
889 3402 997 3466 carario
1013 3403 1040 3452 tn
1056 3401 1155 3454 stodiam
1168 3402 1274 3465 primur.
1308 3402 1398 3466 lcctps't
1414 3401 1475 3454 liber
1490 3402 1614 3453 mmmdcc
1629 3397 1659 3456 Ε;

335 3472 447 3536 Explicit
465 3475 564 3538 preme
584 3473 646 3525 liber
668 3475 698 3525 de
713 3475 766 3539 Iope
781 3475 889 3540 cprcma
905 3477 941 3528 ll.
961 3477 986 3528 T.
1006 3477 1033 3528 c.
1067 3477 1156 3542 Incipit
1171 3479 1291 3528 sccundus
1307 3478 1413 3528 ciusdem
1431 3479 1463 3538 F;
1489 3477 1578 3530 Marci
1595 3471 1660 3525 rudit

336 3548 460 3600 OEmocu
474 3551 505 3600 de
520 3550 631 3614 aporia
647 3549 699 3614 lopo
710 3551 810 3614 pisaco
825 3550 887 3601 liter
903 3551 1004 3615 captes
1019 3558 1107 3604 contra
1123 3552 1230 3604 notun.
1260 3552 1349 3616 Incipit
1364 3553 1485 3604 mmmdcc
1501 3555 1530 3605 Ρ.
