3578 5862
528 461 810 530 emur-nu.
837 457 1107 548 sessos-ror.
1411 450 1476 524 ost

143 653 229 698 esse
249 635 359 698 autin
380 631 509 698 bomine
530 632 597 697 ullo
619 641 673 698 aut
694 635 728 697 in
750 633 876 709 ordine,
898 634 959 697 boc
980 653 1045 698 uno
1065 639 1152 698 metu
1168 653 1204 698 se
1224 639 1339 718 putant
1350 632 1475 716 equites

144 731 316 793 Romanos
337 728 371 791 in
393 735 581 813 potestatem
603 747 692 792 suam
712 725 912 804 redacturus,
943 728 969 790 si
991 730 1196 792 constitutum
1218 729 1274 803 sit,
1301 735 1339 790 ut
1358 727 1398 789 de
1421 727 1478 801 iis,

145 825 213 908 qui
236 843 302 885 rem
324 822 505 897 iudicarint,
527 821 660 886 huiusce
681 822 768 885 modi
789 820 906 885 iudicia
926 818 995 885 lieri
1016 823 1148 907 possint.
1180 823 1296 887 Vident
1316 821 1402 886 enim
1422 839 1478 885 au-

145 917 333 981 ctoritatem
354 917 448 982 huius
471 917 591 981 ordinis
606 913 801 990 confirmari,
823 915 933 979 vident
945 915 1065 980 iudicia
1078 917 1294 1000 comprobari:
1313 916 1377 980 boo
1390 921 1478 978 metu

143 1007 319 1094 proposito
348 1012 484 1075 evellere
511 1031 545 1075 se
571 1011 715 1076 aculeum
739 1010 915 1076 seueritatis
937 1015 1061 1072 vestrae
1086 1029 1178 1092 posse
1198 1009 1372 1073 confidunt.
1405 1003 1499 1071 ’1533

143 1105 238 1180 Quis
264 1106 350 1169 enim
377 1105 417 1169 de
444 1106 573 1170 bormne
603 1105 718 1168 audeat
738 1103 835 1187 paulo
857 1103 1029 1166 maioribus
1051 1104 1163 1188 opibus
1185 1102 1329 1187 praedito
1349 1121 1425 1166 vere
1446 1108 1479 1164 ot

142 1197 280 1261 fortiter
306 1199 463 1274 iudicare,
493 1217 565 1261 eum
593 1196 700 1262 videat
727 1197 787 1262 sibi
809 1195 849 1261 de
872 1215 928 1272 eo,
957 1197 1045 1282 quod
1065 1199 1177 1261 coierit
1196 1205 1250 1260 ant
1269 1198 1478 1270 consenserit,

144 1309 282 1356 causam
310 1311 380 1358 esse
406 1291 596 1357 dicendam?
650 1293 728 1356 LVI.
758 1290 785 1354 0
813 1291 898 1356 virus
927 1291 1026 1354 sortes
1058 1291 1183 1376 equites
1214 1292 1389 1367 llemanos,
1421 1293 1477 1376 qm

143 1387 276 1452 bomini
298 1388 473 1452 clarissimo
495 1405 532 1451 ac
550 1387 787 1470 potentissimo,
808 1385 985 1472 llllrmo,
1007 1385 1264 1471 tribunoplebis,
1285 1386 1478 1461 restiterunt,
1624 1349 1654 1456 b

144 1503 225 1547 oum
245 1482 301 1546 ille
321 1481 400 1546 nibil
422 1480 509 1545 aliud
530 1489 638 1565 ageret
658 1501 730 1545 eum
754 1480 810 1545 illu
831 1487 959 1556 cuneta,
989 1487 1160 1564 quactum
1181 1487 1266 1555 erat,
1295 1479 1513 1554 nobilitate,to

143 1561 215 1640 nisi
235 1583 272 1638 ut
285 1577 316 1650 ii,
339 1577 394 1658 qui
416 1595 482 1641 rom
499 1578 693 1641 iudicassent
705 1577 838 1642 buinsce
851 1575 937 1639 modi
953 1575 1192 1656 quaestionibus
1205 1575 1240 1640 in
1253 1574 1407 1639 iudicium
1421 1591 1478 1636 vo-

146 1670 315 1734 carentur!
349 1663 494 1762 TunciC.
516 1672 643 1735 Flauius
658 1672 770 1746 Pusio,
793 1669 850 1734 Cn.
865 1669 1019 1744 Titinius,
1041 1668 1075 1732 C.
1090 1650 1478 1750 neceruditur-onom
1589 1633 1619 1740 ζ

145 1764 265 1850 populi
296 1765 430 1828 Romani
463 1766 685 1850 equestrisque
714 1765 854 1840 ordinis,
871 1763 948 1846 (non
975 1762 1119 1853 secenum
1147 1763 1250 1840 idem,
1279 1762 1366 1847 quod
1393 1779 1478 1824 nunc
1544 1767 1640 1890 ῥ’

148 1842 336 1939 Cluentius)
355 1867 392 1922 ut
413 1859 532 1943 aliquid
555 1859 669 1944 cnlpae
691 1861 851 1943 suscipere
873 1877 907 1921 se
928 1863 1078 1940 putarent
1097 1857 1290 1933 recusando,
1313 1856 1370 1921 sed
1386 1873 1478 1939 aper·

147 1955 274 2018 tissime
294 1963 527 2037 repugnarunt,
550 1974 621 2018 cum
642 1955 722 2018 baec
743 1959 926 2015 recusarent
939 1957 973 2014 et
992 1951 1098 2033 pelam
1119 1951 1291 2016 fortissime
1303 1959 1402 2034 atque
1419 1949 1512 2012 luo-to

147 2046 332 2110 mestissime
353 2035 494 2110 uice‘rent
521 2067 555 2110 se
587 2048 731 2130 potuisse
759 2045 879 2110 iudicio
908 2045 1019 2130 populi
1040 2045 1172 2110 Romani
1193 2046 1228 2109 in
1249 2045 1477 2130 amplissimum

148 2140 259 2203 locum
278 2141 462 2223 pervenire,
485 2141 512 2203 si
534 2160 592 2206 sua
613 2141 720 2205 studia
740 2141 781 2204 ed
802 2139 940 2204 bonomo
957 2140 1113 2224 petendos
1128 2141 1271 2205 conferre
1285 2139 1476 2212 voluissents

147 2253 221 2298 sese
242 2223 433 2307 uidisse,iin
455 2253 494 2297 ea
516 2235 580 2298 rita
602 2233 706 2319 qualis
721 2234 871 2318 splendor
884 2235 1020 2311 inesset,
1042 2243 1161 2319 quanta
1173 2241 1372 2308 ornamenta,
1394 2253 1477 2318 quae
1572 2241 1654 2312 ras

149 2305 315 2411 dignitas?
332 2345 416 2410 quae
438 2347 473 2392 se
494 2348 559 2392 non
581 2330 821 2414 contempsisse,
847 2330 903 2393 sed
925 2313 1037 2393 ‹r'rs'line
1059 2349 1116 2394 suo
1136 2337 1325 2415 patrumque
1347 2349 1492 2398 suorum.

148 2428 319 2486 contentos
339 2422 440 2486 brisso
462 2431 495 2487 et
514 2424 610 2487 vitam
632 2423 719 2487 illem
741 2423 942 2507 tranquillam
965 2433 997 2488 et
1012 2425 1170 2509 quietam,
1192 2431 1344 2488 remotam
1365 2444 1384 2488 e
1405 2435 1512 2506 pro-m

148 2514 240 2579 cellis
262 2515 454 2580 invidiamm
475 2527 508 2582 ct
528 2517 663 2582 buiusoe
684 2517 770 2581 modi
792 2518 999 2594 iudiciorum,
1021 2520 1113 2602 sequi
1136 2519 1305 2583 maluisse:
1330 2513 1401 2581 tbi.
1423 2523 1478 2582 aut

148 2607 211 2673 sibi
233 2608 274 2671 ad
296 2608 434 2674 bonores
454 2611 610 2696 petendos
632 2619 768 2676 aetatem
789 2612 946 2694 integram
967 2614 1091 2676 restitui
1113 2619 1277 2696 oportere,
1306 2620 1376 2688 aut,
1397 2631 1478 2696 quo-

146 2704 234 2766 niam
262 2703 295 2767 id
324 2721 389 2766 non
416 2713 542 2789 posset,
575 2725 645 2770 eum
672 2706 894 2770 condicionem
915 2705 1015 2781 vitae,
1050 2725 1145 2791 quam
1167 2707 1268 2770 secuti
1289 2707 1476 2792 petitionem

146 2794 367 2879 reliquissent,
390 2817 537 2863 manere:
569 2801 716 2885 iniquum
745 2819 912 2876 essaeos,
943 2801 999 2884 qui
1020 2799 1176 2864 bonomm
1198 2809 1382 2865 ommeata
1402 2818 1477 2884 pro-

146 2899 220 2975 pter
248 2891 461 2974 periculorum
492 2895 728 2959 multitudinem
757 2893 1060 2978 praetermisissent,
1090 2895 1200 2979 populi
1221 2893 1386 2960 beneficiis
1406 2903 1511 2960 essen

146 2985 300 3068 privatos,
322 2985 514 3052 iudiciorum
535 3007 690 3054 novorum
712 2989 861 3073 periculis
883 3009 949 3052 non
965 3009 1090 3053 carere:
1112 2997 1288 3054 senatorem
1304 2990 1366 3055 boc
1382 2992 1473 3076 queri

147 3096 213 3142 non
239 3095 349 3160 posse,
365 3077 368 3082 ’
382 3090 553 3164 propterea
582 3083 668 3165 quod
698 3102 737 3146 ee
766 3083 954 3148 condicione
981 3084 1145 3168 proposita
1170 3093 1278 3170 petere
1299 3086 1473 3170 coepisset,

149 3171 298 3256 quodque
326 3174 481 3254 permulta
511 3184 618 3239 essent
645 3182 845 3250 ornamenta,
882 3178 998 3260 qrribus
1026 3196 1095 3241 eam
1123 3179 1267 3262 mitigare
1295 3180 1473 3244 molestiam
1602 3238 1618 3281 f

149 3271 271 3348 posset,
293 3263 400 3356 locum,
430 3269 616 3342 auctoritas,
645 3269 729 3333 domi
753 3271 920 3352 splendor,
941 3270 1024 3354 apud
1047 3279 1171 3334 exteras
1192 3264 1473 3338 nationes'nomen
1591 3292 1606 3332 t

149 3365 180 3420 et
194 3358 303 3440 matie,
326 3352 399 3440 toga
415 3367 589 3444 praetexta,
612 3362 691 3426 sella
705 3363 839 3437 curulis,
864 3360 1042 3448 [insignis]
1064 3364 1179 3441 fasces,
1202 3363 1392 3451 [exercitus]
1415 3367 1512 3428 immo

149 3453 251 3535 peria,
273 3451 472 3534 provinciae:
495 3453 611 3538 qrribns
632 3455 666 3517 in
688 3457 783 3520 rebus
805 3477 876 3519 cunr
899 3477 1023 3524 summa
1044 3466 1129 3522 recte
1150 3459 1242 3524 factis
1259 3461 1396 3524 maiores
1416 3481 1474 3524 no-
1525 3536 1528 3542 .

150 3545 203 3610 stri
224 3547 380 3640 praemia,
409 3553 477 3609 tum
498 3549 590 3632 plura
612 3551 749 3633 peccetis
770 3551 911 3635 pericula
931 3554 1095 3636 proposita
1115 3573 1185 3618 esse
1207 3555 1386 3619 voluerunt.
1423 3555 1471 3619 llli

148 3659 210 3703 non
231 3639 293 3702 boc
314 3639 519 3717 recusabant,
546 3661 587 3705 ne
611 3663 648 3706 ea
677 3644 745 3728 lege
768 3654 1007 3723 accusarentur,
1038 3667 1101 3732 qua
1121 3667 1206 3713 nunc
1227 3650 1360 3716 Habitus
1381 3671 1472 3717 accu-

150 3741 249 3809 satur,
272 3751 354 3818 quae
376 3742 451 3798 tuno
472 3745 540 3800 erut
557 3738 757 3823 Sempronia,
778 3760 863 3803 nunc
886 3749 934 3804 est
949 3741 1110 3806 Comelie:
1144 3743 1366 3829 intelligebant
1386 3749 1470 3810 enim

150 3846 187 3892 ea
214 3829 285 3912 lege
315 3835 493 3912 equestrem
516 3831 659 3897 ordinem
680 3855 745 3897 non
767 3835 888 3909 teneri,
921 3836 977 3900 sed
999 3857 1039 3900 ne
1061 3854 1144 3901 nova
1165 3837 1235 3920 lege
1258 3839 1508 3922 alligor-entus&

210 4045 234 4095 2.
253 4043 280 4095 tn
294 4047 414 4108 potestate
429 4055 476 4096 mu
492 4043 552 4098 ur.
571 4045 727 4100 Emendavit
742 4051 771 4101 P.
790 4049 929 4104 Manutius.
945 4079 972 4088 -
991 4054 1149 4103 constitutum
1165 4053 1197 4104 sit
1211 4054 1243 4105 L:
1261 4057 1420 4109 cmstttotum
1436 4064 1470 4110 ost

149 4117 236 4180 llll&
254 4120 286 4170 stt
302 4121 461 4171 commisso
477 4121 512 4172 dc
528 4129 576 4174 'sua
593 4123 747 4176 contectura
763 4126 793 4177 0.
812 4127 851 4178 ct.
863 4127 1032 4192 Wesenberg
1048 4128 1082 4179 ad
1100 4141 1138 4179 or.
1158 4141 1185 4195 p.
1199 4130 1283 4184 sessio
1298 4145 1327 4197 p.
1339 4132 1424 4199 ibeo.
1441 4161 1467 4171 -

150 4195 184 4244 tls
198 4196 223 4244 s.
242 4219 270 4230 -
291 4195 316 4246 3.
332 4209 373 4248 css
388 4197 418 4248 Ι..
438 4223 466 4234 -
482 4198 621 4250 iudicarint
638 4213 701 4252 cum
717 4203 745 4252 P.
763 4202 879 4254 Nunnio
895 4204 958 4265 L0;
974 4205 1116 4256 iudicarent
1131 4201 1219 4260 tat.
1244 4207 1284 4260 ci.
1301 4209 1470 4275 Wesenberg

150 4267 165 4320 l.
181 4268 197 4320 l.
214 4283 241 4335 p.
260 4268 301 4322 id.
322 4295 349 4308 -
367 4271 507 4323 boiuamdt
523 4271 579 4325 llo.
599 4301 627 4310 -
646 4276 670 4326 8.
689 4278 781 4340 equite
796 4279 932 4341 Romanos,
950 4281 994 4344 qui
1010 4282 1073 4345 cet]
1091 4281 1130 4333 ci.
1145 4283 1200 4334 Cic.
1213 4295 1263 4348 pro
1274 4283 1379 4334 llebirio
1396 4287 1467 4336 Post.

150 4343 172 4408 5.
189 4343 218 4394 tt
235 4357 276 4408 sq.
296 4371 324 4384 -
347 4347 387 4397 to.
409 4347 475 4413 cum]
497 4361 573 4411 qums
592 4361 650 4400 cum
669 4347 731 4402 tta.
757 4351 912 4402 Emendavit
931 4353 1086 4418 bennagius.
1111 4384 1138 4394 -
1165 4362 1237 4408 mccl
1252 4357 1389 4409 nobilitatis
1405 4356 1466 4412 ur.

150 4417 300 4473 snonnevrt
321 4423 476 4488 llervaglus.
500 4421 559 4490 (sal.
579 4439 643 4488 pecc
663 4431 717 4476 tum
732 4431 788 4475 erut
802 4425 931 4477 ocultus»
949 4440 1002 4494 mg.
1022 4426 1057 4493 3.)
1078 4457 1105 4469 -
1129 4432 1170 4482 tt.
1188 4437 1217 4483 ot
1236 4433 1256 4483 tt
1273 4435 1316 4497 ost
1333 4433 1468 4487 Halmius:

107 4501 109 4505 ’
149 4496 228 4558 stoue
244 4492 311 4556 tim
329 4497 367 4548 ott
383 4499 426 4562 qut
442 4509 505 4550 oum
522 4499 679 4552 P.llanutto
696 4497 778 4551 nto.
798 4501 837 4551 ct.
856 4499 920 4552 ni.
936 4525 965 4542 -·
982 4516 1023 4555 res
1039 4501 1120 4557 blo.
1136 4533 1164 4544 -
1181 4506 1222 4559 lb.
1242 4509 1467 4569 distulissem

152 4569 255 4620 monus
265 4571 294 4621 T.
313 4571 352 4622 ct.
365 4573 441 4624 verr,
454 4575 548 4626 accus.
567 4575 587 4625 1.
605 4574 630 4639 5,
644 4575 701 4626 433.
716 4601 744 4614 -
763 4575 803 4626 tt.
821 4577 988 4640 sunmerso
1004 4577 1168 4633 Classenlus:
1186 4584 1308 4648 omorio
1323 4586 1470 4637 mceocdl

151 4645 204 4704 Sl't
220 4647 343 4710 uterique
357 4646 524 4700 tuieoeemodt
540 4647 681 4702 lisbio.
701 4650 830 4713 (murtetis
845 4651 953 4702 titudo»
968 4654 1205 4722 ordinislilotzius.)
1218 4685 1246 4698 -·
1265 4659 1306 4711 at.
1318 4659 1469 4712 totidem

151 4717 207 4772 Ul:
225 4719 375 4773 modom
390 4725 511 4786 astructo
525 4721 610 4776 Ait).
632 4753 660 4764 -
677 4725 857 4790 itiuttoram
874 4739 927 4777 om.
940 4729 969 4778 T.
983 4753 1011 4766 -
1029 4729 1071 4780 23.
1083 4731 1168 4797 secuti]
1185 4744 1267 4785 sacrm
1277 4732 1309 4787 U.
1323 4759 1346 4774 -
1369 4736 1412 4787 ib.
1430 4735 1469 4786 be·

151 4797 236 4862 aetolis
252 4797 279 4847 et
291 4797 411 4860 mricstts
426 4811 479 4850 om.
493 4799 522 4851 Τ.
543 4827 571 4839 -
589 4801 630 4853 30.
647 4806 708 4866 teuc
723 4805 747 4852 st
760 4805 895 4864 mnemia
911 4799 941 4854 tt.
962 4829 989 4840 -
1007 4803 1125 4871 bomin]
1146 4807 1220 4860 lianc
1235 4821 1332 4860 vocem
1349 4809 1467 4875 spuriam

153 4883 205 4923 esso
221 4873 323 4937 primus
339 4871 405 4924 vidit
421 4873 582 4927 Gulielmius.
600 4875 662 4928 ltlbt
678 4877 758 4928 etiam
774 4891 800 4928 v.
812 4879 937 4928 mutus
951 4879 1012 4929 ante
1028 4893 1054 4930 v.
1066 4881 1174 4944 inemo
1189 4885 1345 4949 suspectum
1357 4887 1407 4936 est.
1426 4885 1465 4937 ct.

153 4945 363 5010 praeissent.
382 4946 405 5012 5.
424 4947 465 4999 tc.
486 4975 513 4986 -
535 4951 577 5001 st.
594 4949 659 5015 curn]
676 4963 724 5002 cco
739 4953 772 5014 Τ;
795 4965 848 5004 om.
867 4955 894 5004 S.
913 4979 941 4992 -
966 4959 1248 5021 mmm-proemia,
1271 4963 1324 5009 tren
1341 4956 1464 5009 orelltus:

153 5023 468 5084 summ-proemiorum
484 5025 546 5085 'rF;
564 5029 836 5091 swnmc--praemtc
852 5029 915 5093 (om.
934 5029 998 5092 tuot)
1016 5029 1059 5082 cd.
1078 5033 1194 5093 lentium
1212 5045 1466 5096 mcum-oruc

153 5095 269 5224 m}
284 5100 607 5162 mmmm-wrcetoiam
623 5099 770 5156 tumult.
785 5129 813 5140 -
831 5103 872 5156 33.
890 5115 922 5155 oe
936 5105 1035 5160 ccST:
1053 5105 1276 5166 munatio.
1291 5135 1320 5145 -
1337 5107 1379 5162 dl.
1397 5107 1464 5181 tacte]
