3578 5862
313 447 376 514 562
704 447 856 513 ORATIO
877 449 957 514 PRO
978 449 1014 512 A.
1037 449 1237 514 CLUENTIO

314 619 514 702 singularem.
550 618 654 701 Atque
675 615 771 692 haec,
799 617 935 694 iudices,
966 639 1047 703 quae
1068 637 1146 683 vera
1168 619 1315 683 dicuntur
1336 637 1355 681 a
1376 617 1489 692 nohis,
1509 616 1644 680 facilius

314 713 465 787 credetis,
489 713 515 775 si
537 731 607 774 cum
628 711 740 775 animis
762 715 875 776 vestris
898 714 991 796 longo
1021 714 1188 778 intervallo
1209 712 1369 777 reeordari
1392 714 1425 776 C.
1449 713 1568 776 Staieni
1592 712 1643 772 vi-

312 817 374 872 tam
398 815 429 870 et
450 814 592 870 naturam
613 806 787 870 volueritis.
822 809 900 870 Nam
922 807 1053 890 perinde
1074 816 1109 870 ut
1130 809 1239 891 opinio
1261 815 1309 870 est
1329 807 1369 869 de
1389 807 1545 890 cuiusque
1567 825 1643 868 mo-

310 905 417 977 ribus,
449 903 507 976 ita,
541 899 688 984 quid¹ab
714 919 753 964 eo
781 900 898 964 factum
924 909 978 964 aut
1006 921 1070 964 non
1100 901 1216 965 sactum
1239 903 1297 976 sit,
1326 902 1499 965 existimari
1519 906 1641 984 potest.

288 998 426 1060 cxxvi.
450 996 526 1058 Cum
549 1001 633 1058 asset
654 1014 767 1078 egens,
796 1003 1014 1078 sumptuosus,
1045 997 1166 1070 audax,
1194 995 1343 1071 callidus,
1373 994 1576 1080 perfidiosus,
1605 1001 1641 1055 et

311 1113 381 1155 oum
414 1092 501 1152 domi
533 1109 608 1152 suae
635 1089 819 1152 miserrimis
846 1089 880 1152 in
909 1090 987 1153 locis
1016 1098 1047 1153 et
1075 1091 1267 1153 inanissimis
1289 1099 1410 1152 tautum
1434 1108 1638 1154 nummorum

309 1186 446 1269 positum
468 1182 608 1257 videret,
638 1182 677 1245 ad
701 1201 826 1262 omnem
848 1184 999 1258 malitiam
1021 1191 1052 1247 et
1072 1184 1215 1248 fraudem
1237 1203 1362 1247 versare
1385 1203 1474 1246 suam
1495 1189 1639 1245 mentem

309 1279 434 1361 coepit:
455 1280 523 1360 Ego
545 1277 616 1342 dem
639 1277 821 1340 iudicibus?
854 1277 932 1341 mihi
955 1279 1016 1361 ipsi
1039 1279 1134 1362 igitur
1155 1285 1282 1362 praeter
1302 1279 1478 1361 periculum
1500 1284 1532 1339 et
1553 1275 1640 1338 infa-

309 1374 403 1434 miam
426 1371 502 1455 quid
525 1375 718 1455 quaeretur?
752 1370 837 1434 Nihil
861 1373 1054 1454 excogitem,
1077 1393 1173 1456 quam
1196 1372 1236 1435 ob
1258 1392 1323 1434 rem
1347 1371 1556 1455 Oppianicum
1578 1369 1639 1430 da-

271 1468 558 1529 romnarineoesse
580 1466 647 1528 sill
670 1464 756 1540 Quid
779 1465 906 1528 tandem
928 1501 968 1510 -
991 1467 1070 1529 nihil
1093 1469 1175 1530 enim
1199 1473 1263 1540 est,
1286 1467 1369 1550 quod
1392 1485 1456 1528 non
1476 1461 1542 1526 fieri
1560 1483 1639 1546 pos·

308 1561 349 1623 sit
362 1591 420 1634 -,
442 1559 469 1622 si
492 1561 564 1642 quis
587 1579 659 1622 eum
680 1559 760 1621 forte
783 1579 873 1622 casus
895 1581 935 1622 ex
957 1561 1098 1643 periculo
1118 1562 1287 1643 eripuerit,
1309 1581 1414 1623 nonne
1436 1557 1637 1622 reddendum

307 1659 380 1718 est‘l
402 1655 663 1736 Praecipitantem
678 1653 774 1736 igitur
787 1654 1003 1738 impellamus,
1025 1656 1146 1739 inquit,
1169 1663 1201 1717 et
1214 1655 1370 1738 perditum
1385 1661 1637 1739 prosternamus.

306 1745 357 1810 7t.
382 1748 473 1830 Capit
493 1746 555 1810 hoc
577 1748 719 1820 consilii,
742 1754 777 1810 ut
798 1750 964 1830 pecuniam
985 1748 1176 1832 quibusdam
1197 1748 1353 1812 iudicibus
1375 1748 1542 1811 levissimis
1565 1745 1638 1828 pol-

306 1845 450 1916 liceatur,
472 1842 587 1905 deinde
610 1861 680 1905 eam
702 1848 814 1925 postea
836 1845 1028 1925 supprimat,
1051 1851 1103 1918 ut,
1128 1845 1276 1927 quoniam
1291 1863 1402 1925 graves
1415 1843 1561 1906 homines
1577 1861 1638 1904 sua

268 1946 417 2022 responte
438 1955 548 2000 severe
569 1936 763 1999 iudicaturos
786 1937 931 2017 putabat,
961 1956 1032 2010 eos,
1064 1938 1117 2019 qui
1141 1937 1275 2000 leviores
1299 1945 1404 2011 erant,
1427 1936 1637 2000 destitutione

304 2036 401 2096 iratos
429 2030 607 2114 Oppianico
635 2030 792 2093 redderet.
834 2032 959 2114 ltaque,
989 2039 1024 2094 ut
1055 2039 1123 2094 erat
1148 2050 1273 2114 semper
1293 2040 1515 2114 praeposterus
1537 2039 1636 2112 atque

305 2145 488 2209 perversus,
510 2124 634 2188 initium
657 2124 733 2188 facit
755 2125 889 2188 aBulho
904 2134 937 2188 et
958 2145 1045 2200 eum,
1074 2126 1160 2209 quod
1183 2124 1315 2187 iamdiu
1340 2125 1420 2188 nihil
1442 2126 1635 2210 quaesierat,

305 2221 427 2284 tristem
455 2225 550 2301 atque
573 2219 759 2283 oscitantem
790 2220 901 2283 leviter
922 2221 1067 2301 impellit.
1105 2220 1190 2294 Quid
1212 2221 1274 2281 tut
1301 2219 1422 2302 inquit,
1445 2219 1559 2302 ecquid
1583 2236 1636 2281 me

305 2314 456 2386 adiuvas,
477 2311 595 2387 Bulbe,
618 2333 658 2376 na
682 2315 778 2396 gratis
796 2313 1004 2395 reipublicae
1021 2315 1221 2377 serviamus?
1244 2313 1300 2376 llle
1315 2333 1406 2388 vero,
1429 2313 1635 2396 simulatque

266 2408 364 2472 ahoe
385 2408 506 2472 audivit
538 2425 595 2469 rna
618 2408 752 2490 gratiss:
782 2408 855 2482 Quo
877 2409 983 2481 voles,
1013 2408 1131 2491 iuquit,
1160 2427 1284 2489 sequar.
1329 2407 1391 2470 Sed
1413 2406 1490 2490 quid
1512 2407 1635 2468 alferat

305 2504 386 2564 Tum
409 2501 437 2563 ei
459 2499 519 2564 HS
537 2501 748 2584 quadraginta
770 2501 873 2575 milia,
896 2503 922 2564 si
945 2510 1030 2565 esset
1052 2501 1215 2566 absolutus
1231 2502 1445 2584 Oppianicus,
1467 2500 1637 2584 pollicetur

305 2604 337 2658 et
365 2615 453 2669 eum,
483 2602 520 2656 ut
548 2601 668 2658 ceteros
698 2595 851 2679 appellet,
875 2598 1065 2679 quibuscum
1086 2597 1175 2678 loqui
1197 2601 1397 2670 consuesset,
1427 2601 1517 2676 rogat
1537 2603 1635 2678 atque

305 2691 399 2752 etiam
420 2691 489 2772 ipse
511 2689 657 2752 conditor
679 2691 777 2751 totius
799 2691 920 2772 negotii
940 2691 1067 2753 Guttam
1089 2690 1251 2772 adspergit
1264 2688 1338 2752 huic
1351 2688 1463 2752 Bulbo.
1497 2686 1548 2751 72.
1571 2689 1636 2751 lta-

306 2803 369 2867 que
390 2783 521 2846 minime
543 2801 669 2844 amarus
690 2785 728 2845 iis
750 2784 838 2846 visus
861 2791 926 2857 est,
950 2787 1006 2867 qui
1028 2783 1150 2868 aliquid
1172 2805 1212 2846 ex
1234 2783 1303 2846 eius
1319 2802 1464 2845 sermone
1484 2782 1635 2865 speculae

267 2878 517 2958 andegustarant.
562 2876 647 2938 Unus
671 2885 703 2939 et
724 2877 804 2938 alter
825 2877 893 2940 dies
916 2878 1152 2953 intercesserat,
1183 2899 1253 2940 cum
1276 2897 1326 2940 res
1347 2897 1459 2959 parum
1482 2883 1565 2938 certa
1587 2878 1636 2938 vi-

304 2965 644 3053 debamrdsequester
665 2978 697 3033 et
717 2968 917 3035 confirmator
938 2974 1094 3055 pecuniae
1111 2965 1370 3061 desiderabatur.)
1390 2971 1472 3034 Tum
1493 2970 1636 3052 appellat

303 3063 405 3127 hilaro
428 3065 517 3127 vultu
538 3063 697 3127 hominem
721 3064 856 3139 Bulbus,
883 3073 919 3128 ut
939 3065 1154 3150 placidissime
1176 3073 1300 3149 potest:
1330 3063 1415 3140 Quid
1438 3071 1489 3138 tu,
1518 3065 1636 3146 inquit,

303 3157 424 3221 Paete?
452 3191 494 3206 -
519 3158 580 3222 hoc
608 3159 694 3221 onim
724 3159 783 3222 sibi
813 3160 960 3224 Staienus
992 3180 1166 3243 cognomen
1189 3181 1229 3224 ex
1258 3157 1446 3241 imaginibus
1468 3158 1634 3220 Aeliorum

304 3251 480 3334 delegerat,
511 3272 568 3326 ne,
590 3253 617 3315 si
639 3272 673 3315 sc
695 3254 842 3334 Ligurem
862 3254 1006 3329 lecisset,
1038 3255 1177 3318 nationis
1200 3255 1298 3336 magis
1320 3271 1416 3336 quam
1438 3251 1562 3334 generis
1584 3253 1634 3311 uti

266 3346 492 3427 rocognomine
519 3346 681 3410 videretur
702 3381 744 3393 -
765 3367 828 3430 qua
857 3348 896 3411 de
924 3369 959 3412 rc
990 3369 1113 3412 mecum
1135 3348 1258 3410 locutus
1280 3368 1329 3422 es,
1353 3353 1511 3428 quaerunt
1531 3364 1550 3406 a
1570 3363 1635 3417 me,

305 3439 359 3500 ubi
383 3437 424 3501 sit
445 3442 589 3523 pecunia.
626 3441 686 3503 llio
714 3441 767 3504 ille
796 3442 910 3524 planus
931 3442 1202 3526 improbissimus,
1232 3447 1365 3524 quaestu
1387 3438 1554 3502 iudiciario
1576 3456 1635 3519 pa·

305 3541 389 3608 stus,
412 3534 467 3616 qui
489 3534 538 3597 illi
558 3537 728 3618 pecuniae,
751 3555 846 3618 quam
868 3536 1068 3610 condiderat,
1091 3555 1148 3618 spa
1170 3536 1233 3598 iam
1256 3543 1350 3618 atque
1372 3535 1479 3598 animo
1501 3530 1636 3593 incuba-

371 3806 394 3856 l.
413 3804 831 3858 consummante·
851 3807 1084 3868 3.pronear..-
1104 3803 1508 3858 l.aucsrzccual.to.-
1527 3805 1551 3853 ll.
1571 3803 1635 3854 Cum

304 3884 364 3928 osset
380 3885 615 3942 egeus--mcntem
635 3894 708 3930 mam
727 3882 806 3944 coepit
830 3881 909 3932 lulius
926 3883 1085 3932 Severianus
1101 3897 1128 3946 p.
1148 3882 1205 3932 339.
1224 3881 1266 3931 ed.
1287 3883 1369 3946 Cepp.
1389 3909 1416 3916 -
1436 3881 1460 3929 6.
1477 3880 1635 3929 miserrimus

304 3955 331 4002 tu
347 3953 406 4002 locta
421 3959 445 4003 el
459 3956 655 4016 inanissims'rh
673 3957 828 4006 miserrimus
844 3961 867 4006 et
882 3957 1042 4007 tuosissimus
1053 3958 1219 4020 Severianus,
1238 3960 1267 4007 A.
1283 3983 1309 3993 -
1329 3959 1354 4007 7.
1367 3956 1409 4020 ed]
1425 3957 1452 4006 s'u
1463 3955 1631 4005 Severianus.

307 4053 333 4063 -
352 4041 424 4078 mom
439 4035 544 4080 meatem
561 4031 620 4080 ST:
638 4037 743 4082 mentem
759 4045 831 4081 suam
847 4031 989 4086 RALSO.
1012 4061 1038 4068 —
1062 4033 1086 4082 8.
1104 4033 1191 4099 coepte]
1208 4034 1268 4083 laec
1284 4047 1365 4082 amma
1381 4032 1494 4096 cogitans
1509 4028 1589 4090 coepte
1600 4029 1630 4077 L.

307 4129 333 4140 -·
353 4105 416 4153 Deru
432 4103 572 4154 iudicibus?
587 4105 649 4156 mus
665 4107 744 4170 igitur
759 4107 821 4156 nore
837 4107 990 4169 quaeretur?
1005 4106 1085 4157 lulius
1102 4107 1254 4158 Rufinianus
1272 4107 1302 4156 de
1313 4109 1356 4171 Ap.
1370 4111 1429 4155 sust.
1443 4103 1467 4167 5.
1478 4103 1518 4153 20.
1540 4129 1567 4139 -
1586 4115 1633 4166 ego

304 4178 404 4228 clemT:
423 4191 451 4227 eo
468 4191 512 4242 ego
529 4181 584 4229 mm
601 4178 697 4242 (deleto
713 4194 754 4245 pr.
768 4194 804 4231 m.
818 4184 853 4242 eo)
871 4183 903 4243 S:
921 4183 1066 4243 deureFll;
1085 4184 1141 4233 datu
1156 4187 1232 4244 ueA,
1252 4180 1432 4235 annuento.
1450 4177 1537 4239 -tpei
1552 4177 1635 4240 *ΜΓ

305 4252 363 4302 ST:
381 4253 460 4316 igitur
475 4253 523 4316 ipsi
539 4253 683 4307 uncto.
704 4282 729 4293 -
752 4257 776 4306 9.
794 4261 934 4316 quaeratur
950 4261 980 4306 A.
1001 4283 1028 4293 —-
1047 4257 1213 4320 Oppianicum
1229 4259 1287 4320 ST,
1306 4270 1359 4320 mg.
1377 4253 1408 4308 t:
1428 4252 1564 4316 Oppianico
1580 4253 1634 4302 ΗΑ

305 4324 389 4380 LSO.
412 4328 610 4391 (cOppisuicum
627 4331 707 4380 etiam
724 4333 815 4380 contra
837 4330 919 4381 libros
936 4330 1078 4395 legandum
1095 4335 1162 4382 est.»
1181 4335 1242 4382 Gra.
1255 4333 1289 4394 2.)
1309 4359 1336 4366 -
1361 4331 1402 4380 ltl.
1421 4329 1480 4391 quid
1502 4327 1561 4376 ST:
1589 4327 1635 4388 qut

209 4449 214 4459 ,
307 4399 479 4453 TllALSO.
500 4430 528 4440 -
547 4406 591 4466 qut
606 4404 727 4455 man?
748 4406 810 4456 nihil
824 4407 890 4456 enlm
907 4411 957 4466 ert,
977 4407 1043 4468 quod
1057 4407 1076 4470 f.
1095 4421 1120 4458 u.
1135 4408 1223 4470 possit.
1250 4407 1278 4456 sc·
1295 4407 1350 4468 quta
1366 4403 1450 4458 LSO.
1476 4405 1557 4456 Recta
1572 4415 1635 4453 ver·

305 4475 402 4527 borum
419 4477 551 4528 distinctio
569 4479 684 4529 debetur
700 4479 830 4544 Madvigio
846 4481 935 4542 onec.
954 4481 986 4530 ll.
1004 4493 1030 4544 p.
1049 4481 1097 4531 357
1115 4496 1155 4546 sq.
1177 4511 1204 4518 -
1228 4495 1279 4531 uon
1293 4481 1350 4545 fleri
1367 4481 1424 4530 ST:
1442 4481 1499 4544 ficri
1513 4492 1564 4528 aon
1581 4477 1635 4527 uA

306 4549 390 4604 LSO.
405 4579 432 4588 -
448 4558 530 4615 poscet
546 4555 637 4605 FltA.
652 4579 679 4589 —
700 4557 739 4605 tl.
757 4556 913 4606 reddundum
929 4557 984 4606 ST.
999 4581 1027 4590 —
1047 4556 1087 4608 43.
1105 4559 1201 4608 consilli
1217 4557 1305 4608 STL:
1327 4557 1456 4606 consilium
1472 4552 1588 4608 flato.
1603 4577 1631 4589 -

305 4623 387 4676 lint
403 4627 566 4676 om.ST.-
583 4628 748 4691 grootaS.-
769 4631 808 4680 m.
821 4643 862 4680 coa
878 4632 1028 4682 STl'lllA:
1046 4632 1190 4686 lsosLth.
1207 4661 1234 4670 -
1253 4633 1293 4683 48.
1307 4631 1402 4695 ecquid]
1419 4635 1442 4680 et
1458 4629 1518 4692 quid
1534 4629 1588 4679 ST.
1604 4653 1631 4663 -

304 4701 346 4752 20.
360 4702 417 4767 quo]
436 4704 501 4765 quod
517 4704 570 4752 ST.
586 4729 613 4739 -
632 4704 728 4754 31.Ηὸ
744 4707 774 4754 S:
793 4719 846 4757 om.
865 4708 914 4758 RA
926 4707 1009 4760 LSO.
1024 4734 1052 4745 ·-
1069 4708 1111 4759 33.
1124 4711 1227 4758 Galam
1243 4708 1354 4771 aspergit
1368 4707 1426 4756 laic
1441 4705 1513 4756 bulbo
1524 4704 1636 4754 Amsla-

305 4789 355 4828 nus
366 4779 478 4829 Messius
489 4791 516 4842 p.
526 4778 583 4828 363.
595 4777 638 4828 ed.
650 4779 771 4830 Lindem.
782 4807 809 4818 -
822 4780 862 4832 al.
876 4795 972 4831 werae
987 4783 1040 4832 ST.
1053 4809 1080 4818 -
1092 4785 1124 4833 tte
1135 4809 1172 4821 --
1181 4786 1344 4848 depuamraut
1355 4783 1414 4832 ST:
1432 4781 1480 4830 is-
1489 4805 1503 4816 -
1516 4780 1635 4842 degusto-

303 4858 347 4901 rat
364 4851 505 4907 RALSO.
525 4855 564 4904 Cl.
576 4853 736 4918 Madvigium
751 4856 862 4919 Appead.
875 4859 910 4907 cd
925 4859 988 4920 cup.
1001 4859 1143 4909 chscouto
1159 4873 1185 4923 p.
1199 4861 1240 4910 53.
1256 4885 1284 4895 -
1301 4856 1414 4920 speculae
1430 4849 1572 4905 STLSO:
1591 4865 1636 4916 ³1³⁶

304 4927 378 4990 gudae
395 4929 454 4978 ΗΑ.
475 4955 502 4966 -
521 4929 562 4978 37.
579 4929 661 4978 littero
677 4930 734 4979 ST:
752 4931 988 4986 emanante.
1009 4934 1293 4995 -plactdtutmaSTz
1313 4925 1633 4980 blenduaimeltALSO.

203 4997 207 5006 “
307 5027 333 5038 -
353 5003 394 5053 38.
412 5005 467 5054 Pete
483 5005 542 5062 ST:
561 5005 647 5055 Pacete
663 5004 758 5068 AtAt:
777 5007 865 5058 Facete
882 5009 908 5058 F.
929 5034 956 5045 -
975 5008 1084 5058 aliorum
1101 5010 1155 5059 ST.
1175 5036 1204 5045 -
1221 5008 1263 5058 29.
1280 5007 1364 5070 secisse
1380 5005 1408 5056 T.
1424 5031 1452 5041 -
1468 5002 1551 5066 magu
1567 5001 1627 5050 ST:

303 5078 462 5140 inaquam
478 5078 619 5133 uanae.
641 5106 668 5116 -
688 5079 728 5130 30.
747 5087 782 5131 est
798 5083 865 5132 S.-
885 5083 1008 5144 quaesiuit
1024 5084 1078 5134 ST.
1098 5110 1125 5120 -
1145 5085 1185 5135 3⁴.
1202 5083 1304 5147 plautus
1320 5083 1382 5142 ST:
1397 5080 1474 5145 pleae
1490 5079 1516 5130 F.
1540 5075 1579 5126 Cl.
1598 5079 1630 5127 A.

306 5149 403 5204 Gellius
419 5153 484 5205 xvl.
502 5155 532 5220 7,
551 5155 592 5206 to.
612 5181 639 5192 -
658 5155 699 5208 ³2.
717 5169 760 5221 ape
775 5169 829 5208 om.
847 5159 876 5208 T.
