3638 5868
286 321 351 396 32⁰

286 485 429 550 temporis,
447 484 597 548 bominum,
617 487 695 552 pretii
711 485 827 554 denique
844 500 893 554 pro
910 500 959 539 suo
976 487 1033 540 iure
1050 490 1151 541 ratione
1167 489 1257 542 babila
1276 489 1340 544 illud
1355 491 1397 545 vel
1414 496 1507 548 insane
1522 509 1607 562 auge-

285 566 332 619 bat
349 567 391 620 vel
408 567 574 634 aliquatenus
591 571 615 622 al
632 569 830 622 moderabatur.
859 573 897 622 Eo
914 585 999 636 usque
1018 571 1124 625 undem
1136 588 1293 640 progressus
1305 578 1358 640 est,
1377 580 1406 629 ut
1418 578 1452 642 (id
1466 580 1536 644 quod
1549 581 1605 632 lere

286 651 441 705 incredibile
462 653 574 718 videtur)
597 655 744 708 civitatibus
766 657 924 720 imperaret,
950 655 1009 722 plus
1030 655 1095 709 lucri
1116 662 1145 709 ut
1167 659 1301 713 solverent
1317 661 1497 727 emptoribus,
1524 678 1605 729 quam

286 738 377 802 quanti
394 738 524 790 decumae
541 739 691 791 venissent:
719 740 801 791 immo
818 740 965 802 interdum,
986 753 1066 806 qnam
1084 745 1213 807 qnantum
1230 744 1355 798 trumentl
1371 749 1478 800 omnino
1496 761 1606 802 exaras-

285 823 346 873 seut
362 821 394 886 (fl.
413 823 482 886 86.):
509 821 574 876 allas
597 835 662 875 vero
688 824 793 875 tertiam
818 823 902 876 lerme
927 827 1032 891 partem
1058 825 1233 880 decumarum
1254 827 1320 882 lucri
1341 832 1448 884 nomine
1465 833 1603 899 poscebat,

285 905 524 970 quemadmodum,
543 908 593 958 nisi
610 910 698 959 omnia
717 921 761 959 me
778 906 876 971 labent,
894 908 1000 960 videtur
1017 910 1115 964 lactum
1132 925 1194 964 esse
1211 913 1283 978 apud
1300 913 1472 970 Herbitenses
1490 917 1522 982 (fl.
1536 919 1602 980 to.);

284 988 349 1042 alies
365 989 441 1056 longe
459 993 598 1054 minorem,
617 995 647 1042 ut
663 993 689 1043 lu
701 993 763 1058 Pipa
781 992 976 1044 remuneranda
994 993 1153 1047 factumest.
1168 996 1200 1062 (5.
1213 998 1264 1062 78.)
1281 998 1381 1051 Verum
1393 999 1477 1066 probs
1489 1001 1604 1054 mneuda

285 1077 327 1127 est
343 1087 447 1127 summe
465 1077 532 1126 baec
548 1075 670 1128 scelerati
686 1077 800 1128 bominis
818 1078 1005 1142 inconstantia,
1024 1093 1057 1130 ne
1076 1083 1177 1132 certam
1191 1095 1223 1132 ac
1233 1081 1335 1135 linitam
1347 1083 1462 1149 aliquam
1474 1087 1603 1138 rationem

284 1161 310 1212 in
328 1159 451 1213 omnibus
468 1159 516 1213 illis
532 1160 667 1212 lucrorum
684 1162 796 1214 summis
812 1175 1022 1228 persequamur;
1041 1163 1121 1229 idque
1134 1167 1273 1230 praeterea
1284 1167 1414 1219 adversus
1426 1169 1603 1224 ilotomanum

284 1259 345 1298 cum
363 1245 419 1298 aliis
436 1259 486 1310 ego
502 1258 609 1310 quoque
626 1244 754 1308 delendo,
781 1245 846 1297 lucri
864 1259 962 1298 nomen
979 1261 1088 1312 semper
1104 1247 1317 1315 distinguendum
1335 1265 1395 1303 esse
1413 1257 1493 1318 etque
1510 1267 1603 1306 mcer-

283 1332 400 1384 uendum
417 1330 570 1382 edecumis
588 1329 788 1395 earundemque
805 1331 948 1396 emptione.
975 1334 1000 1383 Is
1018 1333 1103 1396 enim,
1124 1333 1257 1398 eliquanto
1275 1335 1466 1388 modestiorem
1482 1337 1533 1390 sibl
1550 1340 1602 1392 lin-

283 1429 348 1482 gens
365 1417 492 1478 Verrem,
509 1415 691 1468 immoderatis
709 1413 758 1468 illis
774 1414 840 1466 lucri
857 1417 968 1468 summis
986 1431 1038 1468 uon
1055 1418 1112 1470 sine
1130 1418 1217 1484 aliqua
1233 1421 1349 1474 veritatis
1366 1423 1456 1485 specie
1474 1425 1501 1474 et
1517 1423 1601 1476 decu-

283 1514 341 1554 mas
363 1504 390 1552 et
410 1499 514 1552 lucrum
536 1498 735 1565 superadditum
759 1501 886 1552 contineri
905 1499 1092 1554 arbitrabatur.
1126 1505 1159 1554 lt
1175 1507 1265 1556 nostra
1282 1507 1411 1558 sententia
1429 1495 1600 1560 confl'rmatur

282 1588 399 1639 maxime
413 1585 437 1650 5.
456 1584 497 1637 dl.
516 1587 543 1635 et
559 1583 610 1645 86..
637 1583 682 1636 ubi
698 1583 803 1636 lucrum
821 1585 959 1638 manilesto
977 1586 1145 1651 distinguitur
1161 1599 1176 1637 a
1194 1588 1313 1642 decumis
1331 1590 1454 1644 redactis.
1488 1593 1600 1658 insuper

281 1671 333 1724 boc
350 1683 457 1736 quoque
474 1669 636 1720 notandum:
655 1667 701 1720 ubi
718 1669 803 1720 mator
819 1681 900 1734 quam
911 1684 960 1735 pro
972 1669 1045 1722 lucro
1058 1674 1212 1736 exspectato
1223 1686 1327 1726 summa
1339 1677 1411 1726 esset
1421 1689 1438 1726 e
1449 1675 1599 1728 decumano

280 1759 390 1822 propter
411 1753 507 1806 licendi
526 1753 698 1818 cupiditatem
721 1751 823 1816 oblata,
849 1765 962 1818 magnae
987 1754 1014 1806 id
1031 1754 1171 1807 calamitati
1189 1755 1269 1808 luisse
1286 1758 1449 1822 aratoribus,
1476 1763 1600 1826 utpotae

281 1840 378 1906 quibus
395 1839 525 1890 decumae
543 1841 599 1889 tum
616 1839 684 1890 iusto
702 1836 857 1902 ampliores,
881 1839 938 1890 tum
959 1839 1065 1891 debitae
1088 1841 1188 1892 maiore
1206 1855 1268 1892 cum
1284 1843 1425 1895 severitate
1443 1845 1511 1910 erigi
1528 1843 1599 1898 sole·

280 1929 353 1987 rent,
372 1938 453 1990 quem
470 1921 516 1974 ubi
534 1923 673 1988 emptionis
690 1921 799 1974 facilitas
817 1922 966 1975 decumano
983 1937 1091 1990 quoque
1105 1925 1189 1976 maius
1201 1923 1306 1978 lucrum
1316 1925 1428 1992 pollicita
1441 1933 1527 1982 esset:
1545 1942 1599 1997 quc

279 2011 421 2066 referende
438 2013 500 2063 sunt
517 2008 560 2062 ille
576 2009 600 2073 5.
619 2009 660 2060 77.
679 2028 726 2056 ι-
743 2013 858 2060 erotorer
872 2011 985 2074 suadeor
1001 2011 1198 2062 merebamur.»

344 2096 397 2149 sed
414 2094 543 2162 probandi
559 2106 666 2158 quoque
684 2093 807 2146 trementi
824 2107 904 2146 causa
920 2097 1027 2160 praeter
1040 2095 1178 2160 superiore
1194 2094 1267 2148 lucra
1284 2110 1382 2148 novum
1398 2096 1501 2150 lucrum
1519 2111 1599 2150 acce·

280 2181 362 2235 debat
377 2181 453 2232 Verri
469 2179 580 2243 eiusque
597 2177 768 2230 administris.
803 2177 933 2230 Probatur
950 2182 1039 2232 autem
1057 2180 1219 2240 trumentum
1236 2183 1292 2232 tum
1307 2177 1432 2234 mensure
1449 2183 1598 2235 accuratius

279 2270 385 2329 erecta,
403 2267 460 2316 tum
477 2261 588 2315 meliore
607 2262 708 2314 tantum
724 2266 848 2329 recepto,
871 2263 1002 2316 deteriore
1024 2263 1133 2316 reiecto.
1168 2266 1223 2316 liae
1239 2279 1289 2332 pru
1306 2279 1386 2330 opera
1403 2267 1469 2319 ilem
1485 2269 1598 2332 pecunia

279 2354 371 2405 exacte
388 2351 438 2402 est.
457 2347 490 2413 (fi.
503 2348 553 2411 73.)
587 2349 730 2400 Praetereo
747 2347 929 2413 iemrelique,
947 2349 1129 2412 accessiones,
1148 2351 1394 2416 quinquagesimas,
1412 2352 1541 2416 pecunias
1552 2351 1599 2404 de·

278 2439 358 2502 nique
380 2436 415 2486 de
437 2434 523 2498 capite
545 2432 666 2498 demptas
684 2431 716 2496 (5.
734 2432 798 2496 83),
826 2444 878 2496 qua
899 2434 925 2484 iu
948 2447 977 2484 re
995 2431 1131 2498 peculatus
1149 2435 1228 2485 etiam
1246 2435 1330 2485 iuerat
1346 2435 1465 2496 crimen,
1488 2436 1596 2500 quando

278 2521 388 2587 quidem
412 2519 481 2570 baec
505 2515 638 2582 prioribus
662 2515 711 2568 illis
732 2516 866 2582 explicatis
886 2518 1103 2582 interpretatione
1126 2531 1179 2570 non
1202 2521 1289 2582 egent.
1324 2519 1424 2580 Quibus
1442 2521 1596 2585 praemissis

278 2602 435 2656 examinabo
460 2603 514 2654 iam
537 2602 605 2653 duos
629 2603 733 2667 priores
757 2599 843 2664 locos,
873 2605 1024 2654 ceterorum
1051 2603 1243 2654 accuratiorem
1269 2605 1482 2656 constitutionem
1507 2604 1595 2657 futuro

277 2689 372 2742 editori
397 2687 511 2740 libenter
531 2685 680 2738 relicturus.
715 2685 745 2738 ld
767 2689 856 2738 tamen
873 2685 923 2738 leci
940 2687 968 2738 ln
984 2686 1123 2752 omnbus,
1147 2687 1220 2752 quod
1241 2701 1291 2754 pro
1309 2691 1430 2755 tempore
1448 2689 1513 2740 mibi
1529 2702 1595 2740 con-

276 2787 353 2826 cesso
370 2772 453 2838 potul.

341 2860 361 2910 l.
389 2857 418 2908 C.
437 2856 477 2908 3⁰.
496 2855 521 2919 s.
539 2855 579 2906 li.
614 2857 644 2906 ln
663 2855 867 2920 Agyrinensium
889 2855 1008 2908 numeris
1025 2855 1118 2920 exigua
1134 2856 1204 2910 inest
1220 2856 1372 2922 difficultas,
1391 2858 1441 2910 nisi
1458 2856 1530 2923 quod
1546 2871 1595 2908 ve-

275 2945 344 2998 riani
368 2942 451 2996 Codd.
474 2941 540 2994 Edd.
558 2943 586 2992 et
601 2940 654 2990 VV.
672 2941 725 2993 DD.
746 2941 815 2992 coni.
838 2943 895 2992 tum
917 2940 986 2992 luter
1008 2941 1134 2992 medicam
1159 2943 1186 2992 et
1204 2943 1355 2994 oudimoum
1381 2943 1520 3008 (posterius
1543 2943 1594 2993 boc

274 3027 388 3097 praetuli
404 3041 453 3093 ego
470 3039 576 3092 quoque
594 3025 621 3076 in
631 3038 709 3089 seqq.
726 3026 757 3076 ut
773 3027 800 3076 et
815 3026 926 3077 rodim
941 3038 990 3091 pro
1001 3039 1027 3076 v.
1044 3027 1139 3078 modios
1149 3025 1252 3092 codd),
1271 3029 1327 3079 tum
1339 3028 1420 3078 iuter:
1439 3027 1548 3078 mill.
1562 3049 1592 3063 -

274 3113 385 3168 mlii.
399 3137 427 3152 ··
447 3115 475 3164 et
490 3111 633 3174 mviii,
647 3110 761 3175 denique
773 3111 801 3160 in
812 3121 859 3173 so,
877 3110 950 3175 quod
962 3109 1029 3162 Edd.
1042 3109 1174 3176 quaedem
1184 3112 1302 3164 numeris
1317 3111 1460 3164 subiiciunt
1468 3125 1495 3162 v.
1506 3112 1591 3174 mitae

274 3199 347 3267 quod
363 3195 547 3252 necessarlum
563 3208 616 3248 non
633 3195 761 3258 iudicavi,
780 3197 830 3248 etsi
846 3195 911 3246 mibi
927 3207 1034 3262 quoque
1052 3193 1145 3261 placet.
1174 3196 1204 3248 ll.
1221 3195 1239 3247 l.
1255 3197 1328 3248 certe
1345 3209 1398 3250 non
1414 3195 1514 3248 babent
1524 3197 1591 3250 len.

272 3285 312 3338 ln.
329 3298 399 3350 quae
416 3283 483 3335 inira
500 3281 617 3334 numeris
636 3293 717 3346 saepe
740 3282 921 3346 postponunt:
943 3281 980 3332 ll.
1016 3280 1141 3332 Graevius
1158 3280 1336 3346 Beclrlusque,
1360 3281 1493 3332 interdum
1510 3282 1592 3334 eiiam

272 3369 423 3431 Schdtsius,
446 3364 542 3418 lineola
563 3365 730 3431 superposita
750 3362 910 3416 millenarios
933 3375 1060 3416 numeros
1076 3378 1092 3415 a
1110 3365 1268 3418 centenariis
1285 3377 1317 3416 ac
1334 3365 1480 3418 minoribus
1498 3364 1592 3417 dsun-

272 3453 393 3520 gusndos
416 3451 592 3512 censuerunt:
620 3448 669 3502 sed
692 3450 719 3500 in
743 3446 961 3514 inscriptionibus
986 3448 1193 3508 accuratioribus
1219 3449 1348 3502 eiusmodi
1368 3448 1463 3501 lineola
1487 3449 1591 3502 numeri

272 3551 367 3592 omnes
384 3537 500 3599 omuino,
519 3536 598 3587 etlam
610 3534 720 3596 minimi,
739 3533 933 3597 distinguuntur
949 3547 965 3584 a
980 3532 1089 3594 litteris;
1107 3547 1195 3598 neque
1212 3535 1291 3598 igitur
1307 3533 1335 3584 id
1345 3533 1417 3598 apud
1428 3533 1590 3600 antiquiores

272 3622 480 3678 millenariorum
497 3621 602 3686 signum
618 3617 699 3672 luisse
715 3615 854 3684 probabile
871 3617 985 3670 videtur.
1006 3644 1030 3658 ·-
1052 3617 1077 3681 s.
1095 3617 1136 3670 73.
1155 3631 1205 3682 ego
1222 3631 1329 3684 quoque
1346 3617 1396 3684 leg.
1415 3632 1530 3672 censeo:
1548 3618 1591 3672 iis

272 3708 369 3760 cmlx
382 3720 450 3772 pro:
471 3706 513 3758 HS
528 3705 578 3758 LX.

335 3794 367 3845 ll.
397 3793 426 3844 G.
444 3792 485 3844 33.
504 3789 529 3855 5.
547 3791 587 3842 ab.
622 3791 711 3853 Longe
737 3785 866 3840 difficilior
890 3787 943 3840 iem
965 3789 1008 3838 cst
1029 3787 1149 3852 queastio
1172 3785 1206 3840 de
1224 3788 1305 3840 trium
1321 3799 1452 3840 annorum
1468 3785 1589 3842 decumis

270 3874 472 3931 llerbltensibus
489 3877 518 3926 et
533 3874 620 3936 lucro,
639 3872 712 3938 quod
728 3871 815 3938 Atidio
832 3873 912 3936 atque
923 3872 1039 3936 Apronio
1055 3871 1089 3921 sit
1105 3883 1273 3924 conoessum.
1300 3871 1462 3925 bledlmnum
1479 3873 1589 3938 quidem

270 3973 411 4024 mensura,
430 3973 461 4010 er
479 3971 532 4024 qua
548 3958 619 4024 apud
635 3956 736 4010 Siculos
752 3955 910 4008 venditionis
926 3954 968 4006 lex
985 3956 1175 4021 pactionesque
1192 3953 1309 4021 singulae
1326 3956 1441 4020 flebant,
1467 3957 1505 4008 nti
1521 3957 1589 4010 solet

269 4045 367 4099 Tullius
383 4045 465 4111 priori
481 4043 537 4096 lere
554 4055 661 4108 quoque
677 4040 737 4094 loco
754 4041 781 4092 in
797 4040 918 4092 decumis
935 4039 1095 4101 referendis,
1114 4039 1227 4092 eandem
1243 4044 1337 4106 postea
1353 4041 1468 4094 subinde
1485 4044 1511 4094 in
1528 4055 1589 4094 mo·

269 4130 328 4183 dios
345 4129 518 4190 convertens,
537 4140 591 4192 quo
607 4138 774 4180 summarum
789 4125 921 4176 rationem
936 4123 1052 4176 lectores
1068 4122 1171 4178 lacinus
1181 4127 1359 4190 perciperent.
1379 4127 1505 4178 Ceterum
1516 4125 1588 4179 baud

268 4217 338 4278 scio,
361 4228 396 4266 en
416 4211 536 4264 modium
557 4213 621 4264 item
644 4223 799 4263 mensuram
821 4223 853 4262 ac
877 4221 976 4261 nomen
993 4206 1152 4274 plerumque
1167 4207 1322 4275 praetulerit
1338 4211 1364 4262 in
1381 4208 1448 4262 lucri
1464 4211 1586 4276 summis,

267 4301 359 4366 utpote
376 4296 447 4363 quod
465 4296 568 4350 civibus
584 4296 640 4348 lere
657 4297 797 4357 Romanis,
815 4293 916 4346 libertis
932 4292 1026 4347 saltam
1043 4307 1058 4346 e
1074 4295 1207 4359 praetoria
1224 4294 1333 4346 cohorte
1351 4294 1553 4348 concederetur.

333 4383 378 4436 lits
394 4381 575 4436 subiciendus
592 4381 681 4434 stetim
698 4381 740 4432 est
755 4377 829 4432 iocus
845 4379 898 4430 buc
915 4379 942 4430 in
958 4379 1051 4445 primis
1068 4379 1167 4431 iaciens
1181 4377 1438 4432 Pseudo-Frontonis
1450 4381 1506 4432 slve
1518 4383 1587 4432 Am·

266 4469 333 4520 sieni
354 4468 382 4521 in
400 4467 530 4531 suopte
549 4466 726 4528 elocutionum,
749 4464 797 4516 Ed.
815 4464 881 4529 Aug.
899 4463 959 4516 neu
981 4465 1098 4514 llomana
1119 4477 1146 4528 p.
1164 4462 1221 4515 373.
1257 4463 1385 4516 «Dimidio
1401 4463 1484 4530 pluris
1501 4463 1527 4514 id
1544 4466 1586 4517 est

267 4552 357 4620 duplo.
392 4553 447 4604 th.
468 4553 495 4603 in
515 4549 687 4604 numentana
707 4549 774 4612 (lies
790 4548 883 4600 codd:
903 4547 1053 4600 Commeat.
1066 4561 1114 4611 pro
1130 4547 1309 4612 menbris)
1327 4546 1362 4599 de
1379 4547 1500 4601 decumis
1517 4548 1585 4600 lier-

266 4637 409 4690 biteuslum
425 4649 475 4702 per
491 4636 646 4697 biennium,
668 4645 730 4686 cum
746 4633 832 4698 primo
849 4645 918 4684 anno
934 4630 1057 4684 vendites
1073 4631 1144 4683 dicet
1160 4631 1236 4682 tritici
1253 4631 1349 4686 modiis
1364 4633 1499 4686 xxxlillll
1516 4631 1584 4684 mili-

266 4721 326 4774 bus.
353 4719 476 4774 secundo
493 4720 571 4772 tritici
587 4718 682 4770 modiis
698 4717 766 4768 XXV
782 4715 888 4768 milibus
905 4715 1003 4768 DCCC.
1026 4717 1102 4768 Anno
1118 4715 1196 4766 tertio
1213 4729 1294 4782 supra
1310 4716 1415 4768 iacente
1426 4717 1518 4780 [immo
1535 4717 1584 4768 od·

265 4808 362 4859 telesia
381 4803 424 4858 vel
447 4805 542 4858 tecue.
559 4802 640 4868 lina]
666 4801 828 4854 aeschrione
849 4799 971 4852 vendites
991 4797 1083 4853 dicum
1105 4798 1247 4852 medimnis
1266 4801 1311 4852 1111
1332 4799 1439 4853 milibus
1465 4802 1582 4856 centum.

264 4891 341 4944 idem
357 4890 452 4943 modiis
462 4888 551 4940 xnvu
566 4886 672 4940 milibus
689 4885 766 4938 dictis
782 4883 861 4952 dupla
877 4897 984 4938 summe
1001 4897 1062 4936 cum
1073 4885 1193 4950 proxime
1211 4884 1277 4948 (lies
1288 4885 1379 4938 cusu:
1395 4885 1516 4952 proximi)
1534 4885 1584 4938 ad-

265 4975 362 5028 dicitur
377 4973 519 5028 medimnis
535 4973 592 5026 vlll
608 4969 715 5026 munus
732 4973 751 5024 C
768 4970 825 5024 lere
842 4968 925 5037 pluris
942 4981 1023 5035 quem
1039 4968 1177 5034 superiore
1194 4981 1290 5022 anno.»
1309 4996 1339 5008 —
1357 4968 1478 5024 Eundem
1494 4967 1583 5023 locum

264 5061 293 5118 in
307 5058 470 5128 qubusdam
486 5059 677 5114 mnecuorsru
691 5055 728 5112 lta
742 5053 851 5124 protulit
863 5053 985 5110 umbus:
1004 5051 1141 5110 Cornelius
1152 5053 1249 5108 Frento
1264 5054 1292 5108 iu
1301 5053 1583 5112 assumsisset
