3578 5862
593 1061 637 1152 N.
664 1059 805 1152 TULLII
832 1055 1061 1150 CICERONIS

337 1276 456 1366 BR
520 1271 778 1362 LEGE
839 1266 1320 1358 AGRARIA

752 1500 908 1552 CONTRA

427 1687 469 1762 P.
497 1681 783 1763 SERVILIUM
809 1672 1232 1757 buchuliacum

635 1896 799 1956 ORATIO
825 1893 1027 1952 SECUNDA

730 2084 768 2129 AD
784 2081 928 2128 POPULUII.

692 2297 953 2308 m

256 2541 280 2606 Ι.
303 2536 332 2604 4.
355 2540 412 2604 Est
433 2539 526 2602 boc
517 2558 550 2602 ru
571 2558 658 2600 more
680 2539 834 2646 positum,
858 2536 1016 2625 Quirites,
1038 2534 1249 2618 institutoque
1268 2535 1437 2612 maiorum,
1458 2545 1494 2600 ut

171 2640 210 2714 ii,
235 2639 291 2723 qui
311 2631 465 2699 benelicio
487 2641 592 2697 vestro
614 2633 767 2714 imagines
788 2632 925 2695 familiae
948 2639 1024 2694 suae
1047 2631 1208 2694 consecuti
1227 2639 1317 2706 sunt,
1340 2651 1408 2695 eam
1431 2632 1495 2715 pri-

170 2751 254 2795 mam
275 2730 412 2793 habeant
433 2728 629 2801 contionem,
651 2747 715 2810 qua
736 2728 867 2809 gratiam
889 2721 1034 2788 beneficii
1050 2724 1148 2788 vestri
1163 2745 1234 2788 cum
1250 2745 1378 2790 suorum
1399 2724 1494 2789 laude

171 2824 373 2906 coniungant.
411 2821 519 2896 Qua
511 2841 545 2882 rn
574 2822 718 2884 oratione
747 2841 811 2884 non
839 2820 918 2884 nulli
946 2818 1118 2903 aliqnando
1141 2818 1226 2903 digni
1249 2821 1401 2884 malorum
1423 2821 1493 2884 loco

169 2918 385 3001 reperiuntur,
407 2915 552 2999 plerique
574 2923 680 2977 antem
701 2914 763 2978 boc
784 2911 968 2998 perficiunt,
989 2921 1025 2976 ut
1046 2921 1167 2977 tantum
1190 2913 1362 2978 maioribus
1385 2930 1518 2978 eorumo

170 3011 311 3073 debiturn
333 3029 402 3072 esse
425 3007 584 3083 videatur,
607 3007 691 3070 unde
714 3008 809 3070 etiam
832 3006 917 3090 quod
939 3009 1075 3091 posteris
1097 3007 1273 3070 solveretur
1293 3007 1494 3072 redundaret.

169 3105 265 3179 Mihi,
287 3102 443 3178 Quirites,
466 3102 551 3185 apud
565 3122 622 3165 vos
645 3104 684 3164 de
706 3102 784 3163 meis
806 3101 978 3164 maioribus
999 3100 1125 3163 dicendi
1149 3101 1283 3165 facultas
1305 3123 1370 3166 non
1392 3103 1495 3178 dator,

170 3216 235 3260 non
257 3214 323 3278 quo
344 3215 410 3258 uon
433 3195 513 3258 tales
534 3194 670 3269 luerint,
692 3194 803 3276 quales
825 3214 884 3256 nos
907 3193 1034 3256 illorum
1049 3195 1202 3278 sanguine
1218 3203 1340 3261 creatos
1356 3196 1496 3282 discipli·

171 3291 286 3374 nisque
307 3288 470 3352 institutos
493 3287 625 3363 videtis,
655 3288 711 3350 sed
733 3286 818 3370 quod
840 3286 935 3350 laude
962 3288 1107 3371 populari
1130 3296 1226 3373 atque
1247 3290 1378 3354 honoris
1398 3292 1496 3355 vestri

170 3383 242 3446 luce
265 3389 442 3444 caruerunt.
486 3377 516 3442 2.
539 3383 585 3444 llo
608 3402 659 3443 me
680 3382 750 3467 ipso
773 3389 878 3445 autem
900 3401 1012 3445 vereor
1033 3402 1072 3444 ne
1094 3385 1269 3466 arrogantis
1285 3384 1326 3447 sit
1339 3385 1424 3470 apud
1439 3405 1497 3449 vos
1505 3395 1533 3442 44

172 3475 293 3549 dicere,
314 3474 428 3557 ingrati
451 3481 564 3537 tacere.
593 3475 671 3538 Nam
694 3483 725 3538 et
755 3476 870 3561 quibus
900 3474 1014 3541 studiis
1036 3476 1118 3540 hanc
1140 3477 1325 3561 dignitatem
1345 3498 1497 3542 consecu-

171 3578 222 3634 tus
249 3568 310 3632 sim
338 3576 454 3632 memet
477 3569 582 3651 ipsum
613 3589 858 3634 commemorare
886 3577 1039 3655 perquam
1070 3591 1165 3653 gravo
1196 3581 1257 3647 est,
1287 3579 1319 3636 et
1341 3572 1434 3637 silere
1456 3571 1496 3635 de

173 3663 268 3728 tantis
294 3663 407 3726 vestris
435 3658 596 3726 beneficiis
627 3663 715 3726 nullo
744 3664 840 3729 modo
867 3684 1008 3747 possum.
1047 3653 1175 3772 Quare(
1180 3664 1380 3731 adhibebatur
1406 3687 1496 3730 arne
1603 3667 1666 3758 ,eid

173 3765 259 3824 certa
279 3759 360 3822 ratio
383 3756 623 3840 moderatioque
647 3756 773 3820 dicendi
780 3737 870 3850 ,‚)ut
893 3756 971 3842 quid
993 3777 1012 3820 a
1033 3758 1124 3822 vobis
1146 3779 1337 3844 acceperam,
1360 3782 1497 3826 comme-

172 3845 312 3930 morem;
341 3872 405 3936 qua
428 3872 462 3914 re
485 3851 599 3933 dignus
622 3859 726 3915 vestro
757 3873 880 3916 summo
901 3853 1024 3916 honore
1046 3853 1263 3938 singularique
1284 3857 1449 3921 iudicio
1425 3866 1535 3932 s1m‚to

172 3949 241 4033 ipse
269 3945 393 4014 modice
423 3945 542 4021 dicam3
575 3945 600 4009 si
630 3965 760 4010 necesse
783 3948 856 4022 erit,
890 3967 945 4009 vos
968 3947 1097 4011 eosdem
1120 3948 1357 4014 existimaturos
1378 3959 1497 4034 putem,

172 4043 229 4128 qui
249 4040 458 4107 iudicavistis.
502 4036 532 4102 3.
555 4041 606 4104 Me
627 4040 781 4123 perlongo
803 4040 970 4104 intervallo
992 4061 1092 4126 prope
1114 4044 1282 4108 memoriae
1304 4051 1497 4128 temporum-

173 4157 235 4221 que
257 4143 439 4200 nostrorum
459 4135 595 4220 primum
617 4135 779 4198 hominem
796 4154 915 4198 novum
929 4134 1094 4198 consulem
1107 4135 1226 4202 lecistis
1249 4146 1281 4203 et
1295 4160 1368 4203 eum
1381 4139 1497 4212 locum,

173 4249 268 4315 quem
289 4229 438 4295 nobilitas
460 4228 627 4312 praesidiis
649 4225 805 4291 firmatum
827 4235 924 4312 atquo
947 4231 1033 4291 omni
1054 4230 1173 4294 ratione
1195 4231 1388 4298 obvadatum
1409 4240 1498 4296 tene·

171 4325 241 4402 bat,
273 4345 324 4390 me
353 4323 434 4388 duco
461 4322 635 4387 rescidistis
664 4323 836 4406 virtutique
858 4321 891 4383 in
918 4330 1079 4407 posterum
1101 4331 1209 4407 patere
1230 4327 1385 4391 voluistis.
1432 4329 1535 4389 Neam
1578 4346 1580 4348 ·

173 4439 224 4482 me
245 4425 368 4485 tanturn
389 4417 484 4481 modo
507 4417 686 4493 consulem,
710 4415 795 4501 quod
818 4423 867 4480 est
888 4416 993 4499 ipsum
1014 4436 1070 4502 per
1083 4438 1154 4482 sese
1171 4419 1417 4503 amplissimum,
1440 4416 1497 4482 sed

239 4683 264 4733 4.
284 4681 398 4747 Quirites]
416 4681 477 4745 quio
493 4681 519 4732 F.
539 4707 567 4717 -
585 4679 755 4740 imtitatioquc
771 4679 800 4730 E.
821 4705 847 4714 -
867 4679 892 4729 2.
910 4678 937 4744 44]
955 4679 979 4731 ei
995 4681 1022 4730 F.
1042 4705 1070 4716 -
1088 4686 1173 4732 matre
1189 4683 1216 4733 F.
1231 4709 1259 4720 -
1278 4683 1302 4734 3.
1320 4683 1497 4735 concionanti

176 4756 308 4822 (ubique),
331 4756 469 4808 creticam
485 4756 515 4806 T.
540 4781 567 4791 -
598 4752 658 4818 quo]
681 4767 758 4816 quom
774 4755 803 4806 E.
828 4779 855 4791 -
882 4753 907 4806 4.
925 4756 953 4806 ia
967 4755 1066 4808 cottone
1082 4757 1110 4807 T.
1131 4783 1158 4794 -
1184 4759 1209 4809 t.
1226 4760 1403 4822 reppea'mtm
1417 4760 1447 4811 Ε.
1467 4783 1495 4795 -

175 4833 199 4883 7.
217 4832 279 4882 milri
295 4832 403 4896 Quirites
418 4831 558 4883 PiIhoeus:
582 4829 668 4892 matta.
686 4831 720 4888 1³;
745 4829 854 4892 maeque
869 4829 931 4890 ΕΗ
954 4831 1016 4882 mitt
1031 4832 1130 4895 quidem
1145 4830 1259 4885 Atto.
1280 4861 1307 4872 -
1325 4835 1350 4886 8.
1369 4848 1417 4897 quo
1432 4834 1495 4885 EF:

175 4907 241 4970 mod
257 4903 373 4960 ALIO.
387 4931 415 4942 -
432 4919 484 4958 ooo
500 4905 561 4956 tolca
576 4903 1372 4971 faerimltotcataeertatlilom.ooa);totecs1eertataoal.-
1392 4909 1499 4972 totpm

175 4977 687 5045 aaamu:mamaorn1.u0.-
706 4981 782 5045 opud]
799 4983 890 5043 operta
904 4981 933 5032 E.
953 5005 981 5016 -
1001 4994 1046 5033 ooo
1061 4994 1114 5033 om.
1133 4983 1190 5036 EF.
1209 5011 1237 5021 -
1257 4984 1298 5035 43.
1315 4984 1406 5035 matria
1421 4984 1449 5034 F.
1469 5009 1495 5018 -

175 5056 216 5106 46.
234 5055 317 5108 Rom
331 5056 444 5108 atriti.
465 5083 493 5094 -
512 5056 552 5107 t'i.
567 5054 692 5120 prolooqo
707 5056 737 5108 E.
752 5083 779 5094 -
798 5056 839 5108 49.
857 5056 924 5108 comi
939 5055 1046 5122 ratione]
1063 5057 1238 5111 accuratione
1254 5059 1280 5109 F.
1301 5085 1329 5096 -
1347 5058 1389 5110 20.
1406 5069 1451 5110 aec
1462 5057 1497 5108 E:

174 5128 413 5194 moseeFALto.
432 5157 459 5170 -
478 5132 520 5184 st.
538 5132 620 5197 ipsum
636 5143 691 5183 om.
708 5131 738 5183 E.

217 5222 307 5274 dimo
321 5222 384 5274 4.44.
1242 5223 1284 5292 39
