3638 5868
394 435 396 443 ’
481 441 551 506 er.
572 442 628 506 111.
658 439 1012 554 44444414-4ΧΙΠ.
1037 437 1094 524 53.
1116 435 1306 507 lta-lte.
1497 437 1560 507 ast

234 611 387 686 maculae,
409 610 564 685 invidiae,
587 608 737 674 infamiae
758 610 851 674 nohis
873 609 1020 674 omnibus
1043 629 1113 674 esse
1134 611 1264 696 possint.
1306 611 1424 694 Atqui
1446 611 1560 676 amicit

234 701 308 770 lto.
342 705 368 769 0
391 706 556 779 miserum,
585 724 604 768 o
626 705 819 768 invidiosum
841 703 1061 787 offensumque
1081 724 1255 787 paucorum
1277 705 1371 788 culpa
1393 713 1490 789 atque
1511 706 1561 768 ln·

235 800 387 884 dignitate
409 800 551 863 ordinem
573 799 782 863 senatoriuml
826 797 939 862 Albam
965 797 1136 862 Aemilium
1165 799 1327 863 sedentem
1354 800 1387 862 in
1415 800 1560 864 faucibus

234 893 359 958 macelli
382 894 472 979 loqui
493 893 598 977 palam
617 893 733 956 vicisse
755 894 904 968 Verrem,
926 900 1052 974 emptos
1073 892 1190 956 habere
1211 893 1348 969 iudices,
1379 894 1477 957 aliurn
1500 895 1559 958 Hs

235 1007 311 1054 cccc
334 987 473 1062 milibus,
495 988 592 1052 aliurn
615 987 673 1051 HS
696 1004 737 1062 ro,
760 1007 856 1071 quem
878 986 1020 1061 minimo,
1044 986 1117 1048 coel
1159 987 1264 1070 Atque
1287 989 1315 1050 ei
1338 1007 1409 1053 cnm
1430 990 1585 1073 respon-⁵

235 1104 305 1146 sum
327 1090 412 1146 esset
440 1081 508 1144 fieri
536 1101 601 1145 non
629 1101 738 1164 posse,
767 1081 882 1144 multos
910 1087 1008 1143 testes
1037 1099 1107 1142 esse
1137 1078 1291 1157 dicturos,
1321 1077 1371 1145 rire
1399 1091 1562 1168 praeterea

235 1193 347 1241 causae
369 1197 433 1239 non
455 1175 654 1239 defuturum:
676 1175 795 1250 „Licet
814 1175 936 1249 hercle,
965 1173 1088 1258 inquit,
1117 1193 1225 1238 omnes
1248 1176 1354 1238 omnia
1376 1177 1498 1241 dicant:
1527 1178 1560 1241 in

233 1271 301 1344 illo,
322 1269 386 1333 nisi
406 1289 458 1333 res
480 1269 647 1334 manifesta
664 1269 725 1332 erit
738 1269 783 1331 ita
797 1268 902 1342 allata,
924 1277 960 1332 ut
974 1267 1157 1353 responderi
1171 1268 1252 1331 nihil
1266 1271 1378 1351 possit,
1396 1272 1561 1336 vicimus-‘⁴

232 1395 275 1411 -
296 1358 368 1424 446.
396 1365 483 1428 Bene
504 1363 587 1445 agis,
617 1363 714 1426 Alba:
744 1362 783 1424 ad
817 1369 901 1426 tuam
933 1363 1059 1425 veniam
1088 1359 1318 1427 condicionem.
1360 1366 1447 1429 Nihil
1467 1375 1560 1451 putas

233 1456 338 1520 valere
359 1456 394 1519 in
415 1457 543 1520 iudiciis
566 1456 795 1530 coniecturam,
818 1455 898 1519 nihil
921 1455 1152 1537 suspicionem,
1173 1455 1253 1519 nihil
1275 1469 1454 1524 anteactae
1476 1461 1598 1525 vitaeto

233 1550 516 1625 existimationem,
541 1549 622 1614 nihil
642 1550 781 1613 virorum
802 1548 957 1614 bonorum
971 1548 1163 1623 testimonia,
1184 1550 1265 1612 nihil
1280 1551 1439 1616 civitatum
1454 1563 1562 1617 aueto-

233 1645 343 1708 ritates
365 1647 402 1706 a'c
423 1644 561 1724 litteras:
598 1663 649 1706 res
675 1642 857 1706 manifestas
883 1644 1020 1726 quaeris.
1062 1644 1133 1705 Non
1155 1663 1275 1726 quaero
1296 1644 1418 1709 iudices
1442 1646 1562 1711 Cassia·

232 1759 308 1815 nos3
337 1744 478 1802 veterem
507 1737 700 1802 iudiciorum
727 1738 927 1801 severitatem
953 1753 1018 1798 non
1044 1736 1191 1818 requir03
1220 1745 1356 1802 vestram
1383 1739 1418 1802 in
1446 1740 1505 1803 lrac
1527 1761 1561 1804 re
1656 1734 1660 1742 '

233 1830 344 1906 fidem,
374 1831 571 1913 dignitatem,
592 1830 777 1912 religionem
797 1828 832 1892 in
855 1829 1025 1893 iudicando
1046 1850 1112 1893 non
1133 1830 1284 1915 imploro:
1305 1833 1417 1898 Albam
1437 1835 1561 1898 habebo

233 1926 386 2000 iudicem,
408 1944 482 1988 eum
502 1924 682 1998 hominem,
712 1923 824 2007 quise
846 1924 913 2008 ipse
936 1943 1076 1986 scurram
1098 1923 1367 2006 improbissimum
1389 1929 1561 1994 existimari
1570 1940 1600 1990 tt

233 2020 317 2094 vult,
345 2018 401 2103 (pri
422 2037 442 2080 a
463 2019 578 2082 scurris
600 2036 726 2100 semper
745 2017 849 2100 potius
871 2016 1027 2099 gladiator
1051 2036 1146 2100 quam
1167 2037 1276 2082 scurra
1296 2022 1472 2103 appellatus
1495 2031 1561 2088 eet:

233 2115 361 2178 aderam
383 2131 449 2176 rem
471 2111 640 2175 eiusmodi
661 2111 694 2174 iu
708 2111 860 2185 decumis,
881 2119 917 2174 ut
937 2110 1018 2173 Alba
1038 2110 1175 2175 latentur
1194 2113 1290 2178 istum
1312 2116 1345 2177 in
1366 2137 1401 2180 re
1422 2117 1564 2182 frumen·

233 2209 313 2272 laria
335 2213 368 2270 et
386 2207 420 2270 in
440 2206 533 2269 honis
556 2213 714 2269 aratorum
736 2212 845 2288 aperte
866 2205 1036 2289 palamque
1052 2223 1122 2268 esse
1136 2207 1331 2288 praedatum.
1354 2213 1466 2276 Llllll.
1489 2208 1561 2276 lt7.

232 2303 390 2366 Decumas
420 2300 486 2383 agri
514 2299 662 2362 Leontini
692 2317 806 2381 magno
835 2298 915 2362 dicis
940 2306 971 2362 te
992 2299 1186 2364 vendidisse.
1229 2300 1363 2366 Ostendi
1390 2305 1453 2370 iam
1481 2307 1561 2370 illud

233 2395 341 2471 initio,
370 2412 435 2458 non
462 2392 707 2457 existimandum
737 2412 852 2474 magno
881 2391 1061 2456 vendidisse
1089 2412 1178 2470 eum,
1207 2397 1264 2479 qui
1288 2400 1385 2462 verbo
1413 2401 1600 2466 decumastt

233 2487 426 2564 vendiderit,
455 2507 490 2550 re
512 2493 545 2550 et
573 2485 761 2550 condicione
787 2493 819 2550 et
840 2486 910 2569 lege
932 2495 965 2551 et
986 2486 1091 2552 edicto
1113 2495 1145 2552 et
1165 2489 1295 2555 lieentia
1315 2491 1561 2562 decumanorum

233 2582 382 2646 decumas
404 2581 579 2644 aratoribus
600 2581 706 2645 nullas
728 2582 867 2667 reliquas
888 2581 1011 2646 lecerit.
1053 2583 1158 2645 Etiam
1179 2583 1259 2647 illud
1281 2588 1424 2665 ostendi,
1450 2591 1562 2654 vendi·

234 2678 318 2741 disse
339 2677 419 2739 alios
440 2695 554 2758 magno
578 2676 726 2740 decumas
748 2677 816 2758 agri
830 2676 978 2739 Leontini
1000 2683 1239 2761 ceterorumque
1261 2699 1416 2762 agrorum,
1438 2691 1472 2746 et
1491 2683 1562 2767 lege

232 2772 402 2836 Hieronica
422 2769 625 2845 vendidisse,
648 2777 681 2832 et
701 2770 802 2853 pluris
823 2771 918 2833 etiam
935 2790 1031 2853 quam
1051 2778 1084 2834 te
1105 2770 1302 2849 vendidisse,
1325 2796 1385 2840 nec
1405 2785 1561 2843 aratorem

233 2881 426 2950 ‘quemquam
449 2885 520 2928 esse
543 2873 706 2949 questum
737 2883 797 2927 nec
826 2864 911 2928 enirn
931 2863 1005 2938 luit,
1032 2864 1117 2948 quod
1139 2865 1308 2950 quisquam
1331 2871 1422 2954 queri
1443 2879 1599 2955 possetne

231 2981 304 3025 cum
332 2960 401 3043 lege
431 2960 622 3044 aequissime
650 2959 767 3042 scripta
795 2957 986 3032 venderent,
1013 2978 1121 3042 neque
1149 2960 1228 3024 illud
1255 2982 1405 3048 umquam
1431 2971 1562 3033 aratoris

231 3055 393 3129 interfuit,
423 3054 535 3138 quanti
567 3053 719 3117 decumae
753 3054 909 3117 venirent.
951 3056 1023 3117 Non
1045 3055 1128 3117 enirn
1149 3055 1195 3117 ita
1216 3064 1279 3133 est,
1313 3067 1363 3134 ut,
1392 3061 1419 3123 si
1447 3082 1561 3146 magno

230 3150 404 3224 venierint,
432 3149 504 3232 plus
526 3155 632 3211 arator
660 3147 791 3222 debeat,
820 3147 847 3210 si
870 3147 1121 3230 pantominus:
1150 3157 1186 3212 ut
1206 3149 1363 3216 frumenta
1383 3159 1458 3218 nata
1479 3163 1561 3230 sunt,

232 3243 279 3306 ita
301 3243 454 3306 decumae
476 3247 632 3306 veneunt:
654 3241 787 3305 aratoris
809 3249 915 3306 autem
936 3241 1068 3305 interest
1088 3242 1132 3304 ita
1153 3263 1188 3306 se
1207 3244 1367 3310 frumenta
1378 3246 1506 3324 habere,
1528 3256 1564 3313 ut

232 3339 385 3401 decumae
407 3335 662 3419 quamplurimo
689 3335 799 3398 venire
821 3335 962 3419 possint:
992 3333 1068 3398 dum
1095 3343 1201 3400 arator
1227 3357 1269 3401 ne
1296 3339 1368 3423 plus
1396 3339 1599 3405 decumameo

233 3431 304 3506 det,
327 3427 458 3511 expedit
478 3430 508 3492 ei
530 3428 695 3493 decumam
726 3449 797 3492 esse
826 3449 923 3512 quam
950 3431 1129 3494 maximam.
1173 3425 1244 3494 448.
1275 3432 1393 3497 Verum
1421 3429 1499 3510 hoc',
1517 3445 1563 3500 ·ut

232 3526 363 3610 opinor,
393 3543 464 3587 esse
485 3523 534 3586 ris
555 3529 650 3606 caput
678 3522 873 3587 detensionis
895 3530 984 3598 tuae,
1010 3543 1125 3606 magno
1147 3531 1179 3588 te
1202 3523 1351 3590 decumas
1372 3526 1563 3604 vendidisse,

232 3626 329 3704 atque
351 3618 485 3683 aliorum
507 3616 638 3700 quidem
660 3635 805 3700 agrorum
827 3637 885 3701 pro
907 3618 1055 3700 portione
1076 3638 1191 3702 magno
1208 3621 1356 3684 decumas
1369 3622 1563 3701 vendidisse,

232 3713 299 3797 agri
320 3731 395 3777 vero
417 3711 586 3788 Leontini,
618 3712 673 3796 qui
699 3710 870 3794 plurimum
892 3711 1005 3788 efficit,
1033 3713 1129 3776 tritici
1150 3713 1290 3779 modium
1311 3731 1407 3782 ocxrr
1427 3719 1564 3784 milibus.

297 4000 323 4052 4.
342 4000 416 4052 otoo.
427 3999 489 4064 433.
500 3999 617 4064 (praeter
627 3997 678 4062 44.)
688 4000 708 4049 Α
719 3999 899 4063 4444444444.
911 3999 976 4051 dett.
988 4002 1022 4061 0;
1034 4001 1053 4052 4.
1067 4002 1093 4065 (l.
1106 4015 1131 4052 e.
1144 3999 1194 4064 vel)
1206 4003 1258 4054 444.
1271 4004 1349 4069 4344.
1364 4031 1392 4041 -
1404 4009 1565 4071 offensem-

233 4089 280 4140 poe
296 4074 374 4140 4344.
395 4101 422 4112 -
441 4076 466 4126 a.
484 4075 583 4124 44444444
599 4086 653 4124 orn.
672 4073 753 4125 ldem.
774 4100 803 4110 -
822 4087 895 4138 orem
911 4076 945 4124 ad
960 4077 1063 4126 4444444
1081 4076 1162 4127 idem.
1178 4103 1206 4114 -
1219 4078 1243 4128 4.
1261 4077 1341 4130 lescle
1356 4079 1438 4145 43444
1456 4083 1566 4136 seeum
1636 4107 1642 4121 ·

233 4153 279 4202 ctt.
299 4152 328 4201 0.
344 4173 371 4186 -
386 4151 471 4200 4444444
485 4150 514 4199 is
530 4150 575 4200 4444
590 4148 669 4200 codd.
689 4148 744 4212 (sed
764 4147 840 4212 4344.
859 4150 916 4201 sine
932 4150 983 4212 tol:
1002 4153 1086 4203 4444444
1102 4154 1130 4203 44
1145 4153 1216 4204 444444
1241 4153 1301 4205 cod.
1320 4155 1379 4207 llot
1393 4157 1422 4208 0.
1442 4185 1469 4198 -
1482 4161 1506 4212 8.
1524 4175 1565 4212 m

231 4241 268 4280 m.
285 4227 333 4278 ortt
349 4227 387 4276 444
402 4227 446 4276 ott.
467 4223 549 4288 43444
572 4239 612 4276 ree
627 4237 662 4276 44.
681 4226 728 4276 cett
745 4226 827 4276 altato
843 4223 881 4274 444
897 4238 936 4285 co,
953 4225 991 4274 ito
1005 4240 1030 4276 r.
1048 4239 1082 4278 m.
1101 4228 1149 4278 4444
1165 4228 1208 4278 ott.
1227 4230 1274 4280 ctt.
1293 4230 1323 4280 0.
1342 4259 1370 4269 ·-
1389 4233 1413 4286 9.
1432 4239 1489 4302 apte
1504 4237 1520 4290 4
1537 4240 1565 4289 et

233 4300 289 4353 elli:
308 4301 347 4350 444
363 4301 440 4365 pauci
458 4299 523 4350 dett.
542 4299 571 4349 0.
591 4299 624 4350 cl.
644 4299 669 4363 5.
683 4300 739 4350 tas.
753 4326 781 4335 —
797 4298 837 4349 44.
855 4304 928 4350 actae
942 4299 1009 4350 44444
1024 4301 1102 4365 4344.
1123 4329 1150 4340 -
1170 4304 1210 4353 44.
1227 4303 1341 4356 utronea
1357 4306 1478 4362 44444444
1494 4311 1563 4375 4349

231 4377 284 4429 AB
308 4373 351 4439 (cl.
371 4375 395 4438 5.
409 4375 450 4426 944.
469 4373 527 4424 466.
545 4373 624 4424 Beier
640 4373 675 4436 ad
692 4373 739 4424 on.
759 4373 778 4424 1.
797 4375 821 4434 7,
839 4374 905 4436 4444
931 4373 986 4424 don.
1003 4377 1052 4426 otr.
1072 4379 1117 4428 etl.
1137 4378 1165 4428 0.
1185 4404 1214 4415 -
1233 4379 1371 4432 deleted.
1390 4382 1437 4434 dtt.
1459 4411 1485 4422 -
1504 4386 1564 4436 4444-

232 4453 322 4504 444444
338 4451 401 4503 AB.
422 4474 450 4485 -
468 4451 536 4497 4444.
555 4461 586 4497 ac
602 4448 710 4506 44444444
727 4461 767 4498 res
782 4461 852 4500 4444.
871 4446 919 4498 44).
938 4461 1022 4513 marg.
1041 4451 1106 4502 4584
1123 4465 1156 4502 ex
1172 4466 1211 4515 φ4
1235 4459 1302 4504 auct.
1320 4468 1352 4506 oe
1367 4459 1509 4510 4444444444
1525 4460 1565 4510 444-

231 4531 300 4578 44444
314 4524 461 4588 monifestat
477 4521 556 4572 codd.
575 4520 646 4582 rell.;
666 4523 842 4584 44444νί44444,
860 4524 1012 4586 testimonla,
1030 4525 1141 4576 litteras:
1156 4541 1197 4577 rec
1212 4528 1301 4593 444447.
1318 4543 1352 4581 ex
1368 4531 1473 4584 Hotom.
1492 4536 1561 4586 conl.

231 4603 260 4652 4.
279 4601 353 4651 tofis.
374 4623 402 4636 -
422 4598 462 4648 43.
480 4599 529 4648 tac
544 4612 573 4649 44
589 4597 706 4661 4344φ4
731 4597 778 4650 tec
794 4600 864 4659 an;
887 4599 930 4648 tec
946 4599 1029 4662 43444
1052 4599 1097 4650 tec
1118 4603 1163 4652 ctt.
1182 4602 1211 4652 0.
1231 4627 1260 4640 -
1280 4601 1320 4655 44.
1336 4605 1414 4658 tabeo
1433 4609 1512 4672 4344.
1532 4637 1561 4649 -

232 4676 274 4726 lt.
292 4686 388 4737 suuper
401 4673 485 4735 potius
500 4670 581 4736 43444
597 4673 681 4736 pollue
697 4685 793 4736 4444444
811 4675 857 4724 444.
876 4674 906 4724 O.
919 4701 946 4710 -
959 4679 995 4725 444
1012 4671 1143 4726 llalmius:
1161 4675 1192 4725 stt
1209 4676 1288 4728 codd.
1307 4680 1336 4730 0.
1357 4706 1385 4717 -
1404 4682 1445 4732 44.
1463 4683 1524 4734 diets
1540 4689 1564 4741 44

231 4747 301 4813 4344
312 4763 344 4812 p:
365 4749 426 4798 44444
440 4760 466 4798 ce
483 4751 528 4799 ctt.
548 4749 577 4798 0.
593 4775 621 4785 —
638 4748 679 4799 40.
697 4762 791 4813 mopso
807 4760 861 4799 em.
879 4747 959 4812 4344.
975 4775 1003 4784 -
1016 4749 1057 4799 44.
1076 4754 1099 4800 44
1115 4749 1175 4816 4434]
1192 4764 1225 4802 444
1241 4752 1293 4816 leae
1309 4751 1387 4818 4344.
1402 4782 1430 4795 -
1443 4759 1484 4810 46.
1501 4773 1563 4810 444-

232 4825 317 4876 4444444
333 4821 401 4886 4449
412 4823 434 4873 Α
446 4823 465 4873 n
478 4837 515 4886 φτ
533 4823 645 4874 44444444
661 4825 713 4888 435
725 4823 757 4876 44
769 4825 804 4883 04
821 4823 932 4874 44444444
949 4822 1014 4873 dett.
1035 4847 1063 4860 —
1081 4825 1122 4874 47.
1140 4839 1233 4890 mopso
1249 4827 1316 4878 44444
1330 4830 1409 4893 4344.
1429 4858 1457 4868 -
1476 4833 1518 4886 48.
1535 4839 1563 4886 ut

232 4911 286 4950 om.
305 4897 386 4948 idem.
401 4921 428 4932 —
442 4896 483 4947 49.
500 4902 621 4948 venem
638 4897 706 4961 4344
717 4897 759 4950 ld.
774 4925 802 4935 -
816 4897 856 4948 30.
875 4899 1005 4948 4444444444
1022 4895 1104 4961 43444
1124 4899 1228 4951 doctore
1244 4903 1290 4953 ott.
1309 4904 1338 4954 0.
1354 4927 1381 4942 -
1395 4902 1436 4956 44.
1454 4908 1563 4960 mom

232 4975 248 5024 4
266 4972 344 5024 codd.
363 4969 467 5033 lamb,
485 4971 548 5023 cod.
564 4973 623 5024 llet.
642 4973 694 5036 nge
703 4974 732 5024 0.
745 4985 870 5024 —oerum
886 4977 921 5023 tot
938 4975 979 5035 (ex
995 4972 1033 5038 44)
1051 4975 1149 5038 opinor,
1166 4976 1212 5028 toc
1229 4977 1373 5041 44444344.
1389 4979 1468 5031 -33,
1487 4987 1563 5045 atque

232 5047 534 5100 4444444--4444444444
550 5046 619 5111 4344
630 5048 662 5098 F:
682 5061 735 5100 om.
754 5050 801 5100 ctt.
819 5049 849 5100 0.
870 5075 898 5087 —
917 5045 958 5100 st.
976 5061 1036 5100 vero
1052 5061 1106 5102 om.
1124 5049 1202 5115 4344.
1218 5077 1245 5088 -
1259 5051 1344 5104 CCXI!
1358 5055 1436 5120 4433.
1454 5060 1563 5122 praeter
1609 5113 1614 5121 ,

233 5122 280 5186 444
299 5121 382 5176 CCXV
395 5122 460 5185 444
478 5122 577 5174 44444444
593 5135 646 5175 om.
665 5123 743 5187 4344.
