<?xml version="1.0" encoding="UTF-8"?>
<!DOCTYPE html PUBLIC "-//W3C//DTD XHTML 1.0 Transitional//EN"
    "http://www.w3.org/TR/xhtml1/DTD/xhtml1-transitional.dtd">
<html xmlns="http://www.w3.org/1999/xhtml" xml:lang="en" lang="en">
 <head>
  <title>
</title>
<meta http-equiv="Content-Type" content="text/html;charset=utf-8" />
  <meta name='ocr-system' content='tesseract 3.04.00' />
  <meta name='ocr-capabilities' content='ocr_page ocr_carea ocr_par ocr_line ocrx_word'/>
</head>
<body>
  <div class='ocr_page' id='page_1' title='image "./mtulliiciceroni00baitgoog_0281.png"; bbox 0 0 3642 5868; ppageno 0'>
   <div class='ocr_carea' id='block_1_1' title="bbox 474 441 1534 530">
    <p class='ocr_par' dir='ltr' id='par_1_1' title="bbox 474 441 1534 530">
     <span class='ocr_line' id='line_1_1' title="bbox 474 441 1534 530; baseline -0.007 -15"><span class='ocrx_word' id='word_1_1' title='bbox 474 449 545 516; x_wconf 79' lang='lat' dir='ltr'><strong>nn.</strong></span> <span class='ocrx_word' id='word_1_2' title='bbox 566 450 621 514; x_wconf 82' lang='lat' dir='ltr'><strong>nr.</strong></span> <span class='ocrx_word' id='word_1_3' title='bbox 651 449 725 516; x_wconf 71' lang='lat' dir='ltr'><strong>cn.</strong></span> <span class='ocrx_word' id='word_1_4' title='bbox 745 446 1009 518; x_wconf 75' lang='lat' dir='ltr'>xxm-xxv.</span> <span class='ocrx_word' id='word_1_5' title='bbox 1036 443 1093 530; x_wconf 71' lang='lat' dir='ltr'><strong>sc.</strong></span> <span class='ocrx_word' id='word_1_6' title='bbox 1115 441 1265 511; x_wconf 82' lang='lat' dir='ltr'><strong>er-os.</strong></span> <span class='ocrx_word' id='word_1_7' title='bbox 1471 441 1534 512; x_wconf 80' lang='lat' dir='ltr'><strong>soc</strong></span> 
     </span>
    </p>
   </div>
   <div class='ocr_carea' id='block_1_2' title="bbox 205 616 1560 1460">
    <p class='ocr_par' dir='ltr' id='par_1_2' title="bbox 205 616 1560 1460">
     <span class='ocr_line' id='line_1_2' title="bbox 206 616 1535 704; baseline -0.002 -18"><span class='ocrx_word' id='word_1_8' title='bbox 206 619 488 686; x_wconf 86' lang='lat' dir='ltr'><strong>consuetudinem:</strong></span> <span class='ocrx_word' id='word_1_9' title='bbox 521 621 637 685; x_wconf 83' lang='lat' dir='ltr'><strong>damna</strong></span> <span class='ocrx_word' id='word_1_10' title='bbox 659 618 816 704; x_wconf 88' lang='lat' dir='ltr'><strong>denique,</strong></span> <span class='ocrx_word' id='word_1_11' title='bbox 848 616 989 693; x_wconf 89' lang='lat' dir='ltr'><strong>iudices,</strong></span> <span class='ocrx_word' id='word_1_12' title='bbox 1019 617 1108 681; x_wconf 83' lang='lat' dir='ltr'><strong>nulla</strong></span> <span class='ocrx_word' id='word_1_13' title='bbox 1129 623 1217 682; x_wconf 79' lang='lat' dir='ltr'><strong>tanta</strong></span> <span class='ocrx_word' id='word_1_14' title='bbox 1239 623 1329 692; x_wconf 91' lang='lat' dir='ltr'><strong>sunt,</strong></span> <span class='ocrx_word' id='word_1_15' title='bbox 1362 636 1447 701; x_wconf 90' lang='lat' dir='ltr'><strong>quae</strong></span> <span class='ocrx_word' id='word_1_16' title='bbox 1468 639 1535 684; x_wconf 93' lang='lat' dir='ltr'><strong>non</strong></span> 
     </span>
     <span class='ocr_line' id='line_1_3' title="bbox 205 711 1535 799; baseline -0.002 -18"><span class='ocrx_word' id='word_1_17' title='bbox 205 717 265 782; x_wconf 82' lang='lat' dir='ltr'><strong>riri</strong></span> <span class='ocrx_word' id='word_1_18' title='bbox 285 715 385 780; x_wconf 87' lang='lat' dir='ltr'><strong>iortes</strong></span> <span class='ocrx_word' id='word_1_19' title='bbox 407 735 443 780; x_wconf 90' lang='lat' dir='ltr'><strong>ac</strong></span> <span class='ocrx_word' id='word_1_20' title='bbox 467 736 582 799; x_wconf 86' lang='lat' dir='ltr'><strong>magno</strong></span> <span class='ocrx_word' id='word_1_21' title='bbox 605 723 636 780; x_wconf 89' lang='lat' dir='ltr'><strong>et</strong></span> <span class='ocrx_word' id='word_1_22' title='bbox 656 715 757 778; x_wconf 89' lang='lat' dir='ltr'><strong>libero</strong></span> <span class='ocrx_word' id='word_1_23' title='bbox 779 715 885 778; x_wconf 85' lang='lat' dir='ltr'><strong>animo</strong></span> <span class='ocrx_word' id='word_1_24' title='bbox 908 713 1027 787; x_wconf 82' lang='lat' dir='ltr'><strong>affecti,</strong></span> <span class='ocrx_word' id='word_1_25' title='bbox 1048 711 1181 777; x_wconf 77' lang='lat' dir='ltr'><strong>ferenda</strong></span> <span class='ocrx_word' id='word_1_26' title='bbox 1202 712 1403 778; x_wconf 82' lang='lat' dir='ltr'><strong>arbitrentur.</strong></span> <span class='ocrx_word' id='word_1_27' title='bbox 1427 713 1535 790; x_wconf 81' lang='lat' dir='ltr'><strong>Quidr</strong></span> 
     </span>
     <span class='ocr_line' id='line_1_4' title="bbox 206 805 1536 895; baseline -0.004 -20"><span class='ocrx_word' id='word_1_28' title='bbox 206 813 234 875; x_wconf 87' lang='lat' dir='ltr'><strong>si</strong></span> <span class='ocrx_word' id='word_1_29' title='bbox 256 811 417 895; x_wconf 88' lang='lat' dir='ltr'><strong>equitibus</strong></span> <span class='ocrx_word' id='word_1_30' title='bbox 439 811 590 874; x_wconf 86' lang='lat' dir='ltr'><strong>Romanis</strong></span> <span class='ocrx_word' id='word_1_31' title='bbox 617 829 683 872; x_wconf 92' lang='lat' dir='ltr'><strong>non</strong></span> <span class='ocrx_word' id='word_1_32' title='bbox 705 809 850 873; x_wconf 82' lang='lat' dir='ltr'><strong>obscuris</strong></span> <span class='ocrx_word' id='word_1_33' title='bbox 871 828 978 892; x_wconf 87' lang='lat' dir='ltr'><strong>neque</strong></span> <span class='ocrx_word' id='word_1_34' title='bbox 1003 807 1136 891; x_wconf 88' lang='lat' dir='ltr'><strong>ignotis,</strong></span> <span class='ocrx_word' id='word_1_35' title='bbox 1166 807 1222 870; x_wconf 87' lang='lat' dir='ltr'><strong>sed</strong></span> <span class='ocrx_word' id='word_1_36' title='bbox 1243 805 1388 870; x_wconf 79' lang='lat' dir='ltr'><strong>honestis</strong></span> <span class='ocrx_word' id='word_1_37' title='bbox 1410 813 1443 870; x_wconf 92' lang='lat' dir='ltr'><strong>et</strong></span> <span class='ocrx_word' id='word_1_38' title='bbox 1463 806 1536 870; x_wconf 93' lang='lat' dir='ltr'><strong>illn-</strong></span> 
     </span>
     <span class='ocr_line' id='line_1_5' title="bbox 206 900 1537 987; baseline -0.005 -17"><span class='ocrx_word' id='word_1_39' title='bbox 206 906 323 970; x_wconf 88' lang='lat' dir='ltr'><strong>stribus</strong></span> <span class='ocrx_word' id='word_1_40' title='bbox 345 926 457 970; x_wconf 89' lang='lat' dir='ltr'><strong>manus</strong></span> <span class='ocrx_word' id='word_1_41' title='bbox 479 906 519 968; x_wconf 92' lang='lat' dir='ltr'><strong>ab</strong></span> <span class='ocrx_word' id='word_1_42' title='bbox 540 905 683 987; x_wconf 77' lang='lat' dir='ltr'><strong>Apronio</strong></span> <span class='ocrx_word' id='word_1_43' title='bbox 703 904 766 967; x_wconf 90' lang='lat' dir='ltr'><strong>isto</strong></span> <span class='ocrx_word' id='word_1_44' title='bbox 789 909 936 987; x_wconf 87' lang='lat' dir='ltr'><strong>praetore</strong></span> <span class='ocrx_word' id='word_1_45' title='bbox 964 902 1034 965; x_wconf 90' lang='lat' dir='ltr'><strong>sine</strong></span> <span class='ocrx_word' id='word_1_46' title='bbox 1055 901 1122 965; x_wconf 92' lang='lat' dir='ltr'><strong>ulla</strong></span> <span class='ocrx_word' id='word_1_47' title='bbox 1143 900 1340 965; x_wconf 82' lang='lat' dir='ltr'><strong>dubitatione</strong></span> <span class='ocrx_word' id='word_1_48' title='bbox 1362 900 1537 964; x_wconf 82' lang='lat' dir='ltr'><strong>affereban-</strong></span> 
     </span>
     <span class='ocr_line' id='line_1_6' title="bbox 206 994 1560 1084; baseline -0.007 -20"><span class='ocrx_word' id='word_1_49' title='bbox 206 1008 275 1074; x_wconf 86' lang='lat' dir='ltr'><strong>tur,</strong></span> <span class='ocrx_word' id='word_1_50' title='bbox 298 999 376 1084; x_wconf 92' lang='lat' dir='ltr'><strong>quid</strong></span> <span class='ocrx_word' id='word_1_51' title='bbox 399 999 612 1081; x_wconf 67' lang='lat' dir='ltr'><strong>exspectatis?</strong></span> <span class='ocrx_word' id='word_1_52' title='bbox 635 998 713 1081; x_wconf 90' lang='lat' dir='ltr'><strong>quid</strong></span> <span class='ocrx_word' id='word_1_53' title='bbox 735 1017 819 1060; x_wconf 88' lang='lat' dir='ltr'><strong>ame</strong></span> <span class='ocrx_word' id='word_1_54' title='bbox 835 997 972 1079; x_wconf 88' lang='lat' dir='ltr'><strong>amplius</strong></span> <span class='ocrx_word' id='word_1_55' title='bbox 987 995 1157 1060; x_wconf 89' lang='lat' dir='ltr'><strong>dicendum</strong></span> <span class='ocrx_word' id='word_1_56' title='bbox 1171 995 1313 1078; x_wconf 72' lang='lat' dir='ltr'><strong>putatis?</strong></span> <span class='ocrx_word' id='word_1_57' title='bbox 1335 1013 1377 1058; x_wconf 85' lang='lat' dir='ltr'><strong>an</strong></span> <span class='ocrx_word' id='word_1_58' title='bbox 1391 994 1425 1057; x_wconf 91' lang='lat' dir='ltr'><strong>id</strong></span> <span class='ocrx_word' id='word_1_59' title='bbox 1441 1008 1560 1076; x_wconf 85' lang='lat' dir='ltr'><strong>agen-c</strong></span> 
     </span>
     <span class='ocr_line' id='line_1_7' title="bbox 207 1089 1536 1173; baseline -0.003 -17"><span class='ocrx_word' id='word_1_60' title='bbox 207 1093 299 1168; x_wconf 92' lang='lat' dir='ltr'><strong>dum,</strong></span> <span class='ocrx_word' id='word_1_61' title='bbox 327 1099 363 1156; x_wconf 92' lang='lat' dir='ltr'><strong>ut</strong></span> <span class='ocrx_word' id='word_1_62' title='bbox 392 1113 430 1156; x_wconf 87' lang='lat' dir='ltr'><strong>eo</strong></span> <span class='ocrx_word' id='word_1_63' title='bbox 460 1093 596 1156; x_wconf 90' lang='lat' dir='ltr'><strong>celerius</strong></span> <span class='ocrx_word' id='word_1_64' title='bbox 626 1090 666 1154; x_wconf 87' lang='lat' dir='ltr'><strong>de</strong></span> <span class='ocrx_word' id='word_1_65' title='bbox 688 1092 749 1154; x_wconf 91' lang='lat' dir='ltr'><strong>isto</strong></span> <span class='ocrx_word' id='word_1_66' title='bbox 771 1091 1000 1172; x_wconf 79' lang='lat' dir='ltr'><strong>transigamus,</strong></span> <span class='ocrx_word' id='word_1_67' title='bbox 1033 1110 1098 1173; x_wconf 92' lang='lat' dir='ltr'><strong>qno</strong></span> <span class='ocrx_word' id='word_1_68' title='bbox 1121 1091 1275 1154; x_wconf 86' lang='lat' dir='ltr'><strong>maturius</strong></span> <span class='ocrx_word' id='word_1_69' title='bbox 1296 1089 1336 1153; x_wconf 90' lang='lat' dir='ltr'><strong>ad</strong></span> <span class='ocrx_word' id='word_1_70' title='bbox 1357 1089 1536 1172; x_wconf 87' lang='lat' dir='ltr'><strong>Apronium</strong></span> 
     </span>
     <span class='ocr_line' id='line_1_8' title="bbox 206 1183 1537 1272; baseline -0.002 -22"><span class='ocrx_word' id='word_1_71' title='bbox 206 1189 383 1272; x_wconf 87' lang='lat' dir='ltr'><strong>possimus,</strong></span> <span class='ocrx_word' id='word_1_72' title='bbox 406 1188 439 1251; x_wconf 91' lang='lat' dir='ltr'><strong>id</strong></span> <span class='ocrx_word' id='word_1_73' title='bbox 462 1186 550 1270; x_wconf 92' lang='lat' dir='ltr'><strong>quod</strong></span> <span class='ocrx_word' id='word_1_74' title='bbox 573 1205 631 1268; x_wconf 90' lang='lat' dir='ltr'><strong>ego</strong></span> <span class='ocrx_word' id='word_1_75' title='bbox 653 1185 701 1248; x_wconf 92' lang='lat' dir='ltr'><strong>illi</strong></span> <span class='ocrx_word' id='word_1_76' title='bbox 723 1186 785 1248; x_wconf 89' lang='lat' dir='ltr'><strong>iam</strong></span> <span class='ocrx_word' id='word_1_77' title='bbox 807 1185 842 1246; x_wconf 91' lang='lat' dir='ltr'><strong>in</strong></span> <span class='ocrx_word' id='word_1_78' title='bbox 858 1185 967 1248; x_wconf 89' lang='lat' dir='ltr'><strong>Sicilia</strong></span> <span class='ocrx_word' id='word_1_79' title='bbox 981 1184 1144 1268; x_wconf 82' lang='lat' dir='ltr'><strong>pollicitus</strong></span> <span class='ocrx_word' id='word_1_80' title='bbox 1159 1205 1246 1259; x_wconf 90' lang='lat' dir='ltr'><strong>sum,</strong></span> <span class='ocrx_word' id='word_1_81' title='bbox 1268 1183 1457 1267; x_wconf 76' lang='lat' dir='ltr'><strong>pervenire?</strong></span> <span class='ocrx_word' id='word_1_82' title='bbox 1481 1186 1537 1269; x_wconf 93' lang='lat' dir='ltr'><strong>qui</strong></span> 
     </span>
     <span class='ocr_line' id='line_1_9' title="bbox 208 1277 1538 1366; baseline -0.002 -22"><span class='ocrx_word' id='word_1_83' title='bbox 208 1281 241 1344; x_wconf 90' lang='lat' dir='ltr'><strong>C.</strong></span> <span class='ocrx_word' id='word_1_84' title='bbox 256 1281 456 1356; x_wconf 87' lang='lat' dir='ltr'><strong>llatrinium,</strong></span> <span class='ocrx_word' id='word_1_85' title='bbox 478 1279 618 1354; x_wconf 90' lang='lat' dir='ltr'><strong>iudices,</strong></span> <span class='ocrx_word' id='word_1_86' title='bbox 640 1299 763 1366; x_wconf 70' lang='lat' dir='ltr'><strong>summa</strong></span> <span class='ocrx_word' id='word_1_87' title='bbox 777 1280 893 1342; x_wconf 87' lang='lat' dir='ltr'><strong>virtute</strong></span> <span class='ocrx_word' id='word_1_88' title='bbox 914 1279 1094 1354; x_wconf 89' lang='lat' dir='ltr'><strong>hominem,</strong></span> <span class='ocrx_word' id='word_1_89' title='bbox 1116 1298 1240 1342; x_wconf 89' lang='lat' dir='ltr'><strong>summa</strong></span> <span class='ocrx_word' id='word_1_90' title='bbox 1253 1277 1429 1353; x_wconf 87' lang='lat' dir='ltr'><strong>industria,</strong></span> <span class='ocrx_word' id='word_1_91' title='bbox 1451 1299 1538 1342; x_wconf 92' lang='lat' dir='ltr'><strong>sum·</strong></span> 
     </span>
     <span class='ocr_line' id='line_1_10' title="bbox 206 1371 1537 1460; baseline -0.003 -20"><span class='ocrx_word' id='word_1_92' title='bbox 206 1396 259 1460; x_wconf 89' lang='lat' dir='ltr'><strong>ma</strong></span> <span class='ocrx_word' id='word_1_93' title='bbox 279 1377 395 1459; x_wconf 81' lang='lat' dir='ltr'><strong>gratie,</strong></span> <span class='ocrx_word' id='word_1_94' title='bbox 418 1375 581 1438; x_wconf 72' lang='lat' dir='ltr'><strong>Leontinis</strong></span> <span class='ocrx_word' id='word_1_95' title='bbox 603 1374 638 1437; x_wconf 93' lang='lat' dir='ltr'><strong>in</strong></span> <span class='ocrx_word' id='word_1_96' title='bbox 659 1372 790 1456; x_wconf 88' lang='lat' dir='ltr'><strong>publico</strong></span> <span class='ocrx_word' id='word_1_97' title='bbox 811 1372 944 1436; x_wconf 89' lang='lat' dir='ltr'><strong>biduum</strong></span> <span class='ocrx_word' id='word_1_98' title='bbox 966 1374 1077 1436; x_wconf 89' lang='lat' dir='ltr'><strong>tenuit.</strong></span> <span class='ocrx_word' id='word_1_99' title='bbox 1119 1374 1225 1456; x_wconf 89' lang='lat' dir='ltr'><strong>Atque</strong></span> <span class='ocrx_word' id='word_1_100' title='bbox 1247 1371 1286 1434; x_wconf 90' lang='lat' dir='ltr'><strong>ab</strong></span> <span class='ocrx_word' id='word_1_101' title='bbox 1305 1372 1466 1454; x_wconf 84' lang='lat' dir='ltr'><strong>Apronio,</strong></span> <span class='ocrx_word' id='word_1_102' title='bbox 1488 1374 1537 1436; x_wconf 92' lang='lat' dir='ltr'><strong>iu-</strong></span> 
     </span>
    </p>
   </div>
   <div class='ocr_carea' id='block_1_3' title="bbox 207 1467 1695 1552">
    <p class='ocr_par' dir='ltr' id='par_1_3' title="bbox 207 1467 1695 1552">
     <span class='ocr_line' id='line_1_11' title="bbox 207 1467 1695 1552; baseline -0.004 -19"><span class='ocrx_word' id='word_1_103' title='bbox 207 1472 311 1546; x_wconf 88' lang='lat' dir='ltr'><strong>dices,</strong></span> <span class='ocrx_word' id='word_1_104' title='bbox 339 1470 470 1552; x_wconf 87' lang='lat' dir='ltr'><strong>bomine</strong></span> <span class='ocrx_word' id='word_1_105' title='bbox 498 1471 532 1533; x_wconf 92' lang='lat' dir='ltr'><strong>in</strong></span> <span class='ocrx_word' id='word_1_106' title='bbox 562 1468 719 1532; x_wconf 89' lang='lat' dir='ltr'><strong>dedecore</strong></span> <span class='ocrx_word' id='word_1_107' title='bbox 747 1475 839 1541; x_wconf 90' lang='lat' dir='ltr'><strong>nato,</strong></span> <span class='ocrx_word' id='word_1_108' title='bbox 869 1467 909 1531; x_wconf 91' lang='lat' dir='ltr'><strong>ad</strong></span> <span class='ocrx_word' id='word_1_109' title='bbox 937 1467 1167 1550; x_wconf 82' lang='lat' dir='ltr'><strong>turpitudinem</strong></span> <span class='ocrx_word' id='word_1_110' title='bbox 1189 1468 1340 1542; x_wconf 86' lang='lat' dir='ltr'><strong>educato,</strong></span> <span class='ocrx_word' id='word_1_111' title='bbox 1367 1468 1406 1531; x_wconf 92' lang='lat' dir='ltr'><strong>ad</strong></span> <span class='ocrx_word' id='word_1_112' title='bbox 1429 1469 1537 1532; x_wconf 88' lang='lat' dir='ltr'><strong>Verris</strong></span> <span class='ocrx_word' id='word_1_113' title='bbox 1548 1481 1575 1528; x_wconf 82' lang='lat' dir='ltr'><strong>ro</strong></span> <span class='ocrx_word' id='word_1_114' title='bbox 1690 1489 1695 1508; x_wconf 73' lang='lat'>²</span> 
     </span>
    </p>
   </div>
   <div class='ocr_carea' id='block_1_4' title="bbox 119 1549 1579 2969">
    <p class='ocr_par' dir='ltr' id='par_1_4' title="bbox 119 1549 1579 2969">
     <span class='ocr_line' id='line_1_12' title="bbox 207 1549 1537 1648; baseline -0.001 -20"><span class='ocrx_word' id='word_1_115' title='bbox 207 1565 327 1648; x_wconf 85' lang='lat' dir='ltr'><strong>flagitia</strong></span> <span class='ocrx_word' id='word_1_116' title='bbox 355 1549 570 1647; x_wconf 83' lang='lat' dir='ltr'><strong>libidinesque</strong></span> <span class='ocrx_word' id='word_1_117' title='bbox 602 1561 857 1636; x_wconf 85' lang='lat' dir='ltr'><strong>accommodato,</strong></span> <span class='ocrx_word' id='word_1_118' title='bbox 890 1560 1031 1645; x_wconf 85' lang='lat' dir='ltr'><strong>equitem</strong></span> <span class='ocrx_word' id='word_1_119' title='bbox 1059 1562 1236 1624; x_wconf 87' lang='lat' dir='ltr'><strong>Romanum</strong></span> <span class='ocrx_word' id='word_1_120' title='bbox 1265 1561 1376 1625; x_wconf 89' lang='lat' dir='ltr'><strong>scitote</strong></span> <span class='ocrx_word' id='word_1_121' title='bbox 1404 1562 1537 1627; x_wconf 89' lang='lat' dir='ltr'><strong>biduum</strong></span> 
     </span>
     <span class='ocr_line' id='line_1_13' title="bbox 207 1654 1537 1742; baseline -0.001 -20"><span class='ocrx_word' id='word_1_122' title='bbox 207 1661 280 1724; x_wconf 93' lang='lat' dir='ltr'><strong>cibo</strong></span> <span class='ocrx_word' id='word_1_123' title='bbox 309 1665 459 1742; x_wconf 87' lang='lat' dir='ltr'><strong>tectoque</strong></span> <span class='ocrx_word' id='word_1_124' title='bbox 489 1656 701 1739; x_wconf 86' lang='lat' dir='ltr'><strong>prohibitum:</strong></span> <span class='ocrx_word' id='word_1_125' title='bbox 729 1655 864 1718; x_wconf 92' lang='lat' dir='ltr'><strong>biduum</strong></span> <span class='ocrx_word' id='word_1_126' title='bbox 892 1655 1058 1719; x_wconf 83' lang='lat' dir='ltr'><strong>Leontinis</strong></span> <span class='ocrx_word' id='word_1_127' title='bbox 1081 1656 1116 1718; x_wconf 91' lang='lat' dir='ltr'><strong>in</strong></span> <span class='ocrx_word' id='word_1_128' title='bbox 1137 1654 1208 1718; x_wconf 80' lang='lat' dir='ltr'><strong>loro</strong></span> <span class='ocrx_word' id='word_1_129' title='bbox 1231 1655 1383 1718; x_wconf 90' lang='lat' dir='ltr'><strong>custodiis</strong></span> <span class='ocrx_word' id='word_1_130' title='bbox 1404 1657 1537 1739; x_wconf 78' lang='lat' dir='ltr'><strong>Apronii</strong></span> 
     </span>
     <span class='ocr_line' id='line_1_14' title="bbox 207 1749 1539 1834; baseline -0.001 -17"><span class='ocrx_word' id='word_1_131' title='bbox 207 1760 366 1819; x_wconf 87' lang='lat' dir='ltr'><strong>retentum</strong></span> <span class='ocrx_word' id='word_1_132' title='bbox 394 1760 491 1834; x_wconf 89' lang='lat' dir='ltr'><strong>atque</strong></span> <span class='ocrx_word' id='word_1_133' title='bbox 516 1757 710 1814; x_wconf 79' lang='lat' dir='ltr'><strong>asservatum</strong></span> <span class='ocrx_word' id='word_1_134' title='bbox 738 1769 844 1832; x_wconf 90' lang='lat' dir='ltr'><strong>neque</strong></span> <span class='ocrx_word' id='word_1_135' title='bbox 872 1756 946 1813; x_wconf 87' lang='lat' dir='ltr'><strong>ante</strong></span> <span class='ocrx_word' id='word_1_136' title='bbox 975 1750 1159 1824; x_wconf 89' lang='lat' dir='ltr'><strong>dimissum,</strong></span> <span class='ocrx_word' id='word_1_137' title='bbox 1191 1768 1287 1832; x_wconf 89' lang='lat' dir='ltr'><strong>quam</strong></span> <span class='ocrx_word' id='word_1_138' title='bbox 1314 1749 1355 1812; x_wconf 90' lang='lat' dir='ltr'><strong>ad</strong></span> <span class='ocrx_word' id='word_1_139' title='bbox 1377 1752 1539 1816; x_wconf 90' lang='lat' dir='ltr'><strong>condicio·</strong></span> 
     </span>
     <span class='ocr_line' id='line_1_15' title="bbox 208 1838 1538 1929; baseline 0 -17"><span class='ocrx_word' id='word_1_140' title='bbox 208 1869 282 1912; x_wconf 89' lang='lat' dir='ltr'><strong>nem</strong></span> <span class='ocrx_word' id='word_1_141' title='bbox 304 1849 373 1912; x_wconf 92' lang='lat' dir='ltr'><strong>eius</strong></span> <span class='ocrx_word' id='word_1_142' title='bbox 396 1845 549 1929; x_wconf 82' lang='lat' dir='ltr'><strong>depectus</strong></span> <span class='ocrx_word' id='word_1_143' title='bbox 571 1851 630 1908; x_wconf 89' lang='lat' dir='ltr'><strong>est.</strong></span> <span class='ocrx_word' id='word_1_144' title='bbox 672 1843 772 1906; x_wconf 84' lang='lat' dir='ltr'>XXV.</span> <span class='ocrx_word' id='word_1_145' title='bbox 795 1838 845 1904; x_wconf 83' lang='lat' dir='ltr'><strong>et.</strong></span> <span class='ocrx_word' id='word_1_146' title='bbox 868 1845 948 1906; x_wconf 85' lang='lat' dir='ltr'><strong>Nam</strong></span> <span class='ocrx_word' id='word_1_147' title='bbox 970 1844 1047 1927; x_wconf 89' lang='lat' dir='ltr'><strong>quid</strong></span> <span class='ocrx_word' id='word_1_148' title='bbox 1070 1863 1128 1926; x_wconf 87' lang='lat' dir='ltr'><strong>ego</strong></span> <span class='ocrx_word' id='word_1_149' title='bbox 1151 1843 1192 1906; x_wconf 90' lang='lat' dir='ltr'><strong>de</strong></span> <span class='ocrx_word' id='word_1_150' title='bbox 1211 1841 1250 1917; x_wconf 86' lang='lat' dir='ltr'><strong>Q.</strong></span> <span class='ocrx_word' id='word_1_151' title='bbox 1265 1842 1385 1920; x_wconf 91' lang='lat' dir='ltr'><strong>Lollio,</strong></span> <span class='ocrx_word' id='word_1_152' title='bbox 1407 1846 1538 1924; x_wconf 87' lang='lat' dir='ltr'><strong>iudices,</strong></span> 
     </span>
     <span class='ocr_line' id='line_1_16' title="bbox 209 1936 1577 2030; baseline -0.004 -26"><span class='ocrx_word' id='word_1_153' title='bbox 209 1941 330 2016; x_wconf 84' lang='lat' dir='ltr'><strong>dicam,</strong></span> <span class='ocrx_word' id='word_1_154' title='bbox 362 1941 477 2030; x_wconf 69' lang='lat' dir='ltr'><strong>equite</strong></span> <span class='ocrx_word' id='word_1_155' title='bbox 498 1940 641 2002; x_wconf 85' lang='lat' dir='ltr'><strong>Romano</strong></span> <span class='ocrx_word' id='word_1_156' title='bbox 671 1944 811 2020; x_wconf 88' lang='lat' dir='ltr'><strong>spectato</strong></span> <span class='ocrx_word' id='word_1_157' title='bbox 839 1944 935 2021; x_wconf 88' lang='lat' dir='ltr'><strong>atque</strong></span> <span class='ocrx_word' id='word_1_158' title='bbox 960 1936 1119 2002; x_wconf 83' lang='lat' dir='ltr'><strong>honestet</strong></span> <span class='ocrx_word' id='word_1_159' title='bbox 1159 1937 1249 2000; x_wconf 87' lang='lat' dir='ltr'><strong>Clara</strong></span> <span class='ocrx_word' id='word_1_160' title='bbox 1271 1958 1322 2002; x_wconf 90' lang='lat' dir='ltr'><strong>res</strong></span> <span class='ocrx_word' id='word_1_161' title='bbox 1344 1946 1409 2015; x_wconf 86' lang='lat' dir='ltr'><strong>est,</strong></span> <span class='ocrx_word' id='word_1_162' title='bbox 1442 1951 1577 2026; x_wconf 61' lang='lat' dir='ltr'><strong>mamre</strong></span> 
     </span>
     <span class='ocr_line' id='line_1_17' title="bbox 209 2030 1540 2116; baseline -0.002 -16"><span class='ocrx_word' id='word_1_163' title='bbox 209 2038 350 2100; x_wconf 92' lang='lat' dir='ltr'><strong>dicturus</strong></span> <span class='ocrx_word' id='word_1_164' title='bbox 372 2055 460 2107; x_wconf 90' lang='lat' dir='ltr'><strong>sum,</strong></span> <span class='ocrx_word' id='word_1_165' title='bbox 490 2039 557 2097; x_wconf 87' lang='lat' dir='ltr'><strong>tota</strong></span> <span class='ocrx_word' id='word_1_166' title='bbox 578 2031 686 2094; x_wconf 87' lang='lat' dir='ltr'><strong>Sicilia</strong></span> <span class='ocrx_word' id='word_1_167' title='bbox 707 2030 912 2094; x_wconf 88' lang='lat' dir='ltr'><strong>celeberrima</strong></span> <span class='ocrx_word' id='word_1_168' title='bbox 933 2040 1029 2116; x_wconf 90' lang='lat' dir='ltr'><strong>atque</strong></span> <span class='ocrx_word' id='word_1_169' title='bbox 1051 2032 1233 2096; x_wconf 87' lang='lat' dir='ltr'><strong>notissima:</strong></span> <span class='ocrx_word' id='word_1_170' title='bbox 1264 2033 1413 2116; x_wconf 90' lang='lat' dir='ltr'><strong>quicum</strong></span> <span class='ocrx_word' id='word_1_171' title='bbox 1436 2040 1540 2098; x_wconf 90' lang='lat' dir='ltr'><strong>araret</strong></span> 
     </span>
     <span class='ocr_line' id='line_1_18' title="bbox 119 2125 1539 2218; baseline -0.001 -24"><span class='ocrx_word' id='word_1_172' title='bbox 119 2198 127 2218; x_wconf 84' lang='lat'><strong>.</strong></span> <span class='ocrx_word' id='word_1_173' title='bbox 208 2131 243 2194; x_wconf 93' lang='lat' dir='ltr'><strong>in</strong></span> <span class='ocrx_word' id='word_1_174' title='bbox 263 2129 415 2193; x_wconf 88' lang='lat' dir='ltr'><strong>Aetnensi</strong></span> <span class='ocrx_word' id='word_1_175' title='bbox 449 2146 586 2210; x_wconf 92' lang='lat' dir='ltr'><strong>cumque</strong></span> <span class='ocrx_word' id='word_1_176' title='bbox 617 2125 645 2188; x_wconf 92' lang='lat' dir='ltr'><strong>is</strong></span> <span class='ocrx_word' id='word_1_177' title='bbox 672 2144 748 2207; x_wconf 88' lang='lat' dir='ltr'><strong>ager</strong></span> <span class='ocrx_word' id='word_1_178' title='bbox 775 2125 918 2207; x_wconf 88' lang='lat' dir='ltr'><strong>Apronio</strong></span> <span class='ocrx_word' id='word_1_179' title='bbox 945 2127 1020 2190; x_wconf 90' lang='lat' dir='ltr'><strong>cum</strong></span> <span class='ocrx_word' id='word_1_180' title='bbox 1044 2126 1159 2190; x_wconf 90' lang='lat' dir='ltr'><strong>ceteris</strong></span> <span class='ocrx_word' id='word_1_181' title='bbox 1180 2127 1265 2210; x_wconf 90' lang='lat' dir='ltr'><strong>agris</strong></span> <span class='ocrx_word' id='word_1_182' title='bbox 1288 2136 1372 2191; x_wconf 88' lang='lat' dir='ltr'><strong>esset</strong></span> <span class='ocrx_word' id='word_1_183' title='bbox 1395 2130 1539 2205; x_wconf 88' lang='lat' dir='ltr'><strong>traditus,</strong></span> 
     </span>
     <span class='ocr_line' id='line_1_19' title="bbox 209 2217 1540 2307; baseline 0.001 -21"><span class='ocrx_word' id='word_1_184' title='bbox 209 2223 350 2307; x_wconf 88' lang='lat' dir='ltr'><strong>equestri</strong></span> <span class='ocrx_word' id='word_1_185' title='bbox 378 2227 485 2286; x_wconf 83' lang='lat' dir='ltr'><strong>vetere</strong></span> <span class='ocrx_word' id='word_1_186' title='bbox 512 2220 568 2283; x_wconf 87' lang='lat' dir='ltr'><strong>illa</strong></span> <span class='ocrx_word' id='word_1_187' title='bbox 596 2218 782 2282; x_wconf 88' lang='lat' dir='ltr'><strong>auctoritate</strong></span> <span class='ocrx_word' id='word_1_188' title='bbox 805 2225 836 2281; x_wconf 90' lang='lat' dir='ltr'><strong>et</strong></span> <span class='ocrx_word' id='word_1_189' title='bbox 865 2222 965 2302; x_wconf 87' lang='lat' dir='ltr'><strong>gratia</strong></span> <span class='ocrx_word' id='word_1_190' title='bbox 987 2218 1085 2284; x_wconf 80' lang='lat' dir='ltr'><strong>fretus</strong></span> <span class='ocrx_word' id='word_1_191' title='bbox 1107 2217 1276 2286; x_wconf 84' lang='lat' dir='ltr'><strong>affirmavit</strong></span> <span class='ocrx_word' id='word_1_192' title='bbox 1297 2241 1331 2286; x_wconf 88' lang='lat' dir='ltr'><strong>se</strong></span> <span class='ocrx_word' id='word_1_193' title='bbox 1353 2223 1540 2288; x_wconf 84' lang='lat' dir='ltr'><strong>decumanis</strong></span> 
     </span>
     <span class='ocr_line' id='line_1_20' title="bbox 210 2314 1539 2403; baseline 0 -22"><span class='ocrx_word' id='word_1_194' title='bbox 210 2319 282 2403; x_wconf 93' lang='lat' dir='ltr'><strong>plus</strong></span> <span class='ocrx_word' id='word_1_195' title='bbox 305 2338 402 2402; x_wconf 90' lang='lat' dir='ltr'><strong>quam</strong></span> <span class='ocrx_word' id='word_1_196' title='bbox 424 2317 569 2390; x_wconf 88' lang='lat' dir='ltr'><strong>deberet,</strong></span> <span class='ocrx_word' id='word_1_197' title='bbox 602 2335 666 2379; x_wconf 91' lang='lat' dir='ltr'><strong>non</strong></span> <span class='ocrx_word' id='word_1_198' title='bbox 694 2315 851 2377; x_wconf 87' lang='lat' dir='ltr'><strong>daturum.</strong></span> <span class='ocrx_word' id='word_1_199' title='bbox 894 2314 1042 2379; x_wconf 81' lang='lat' dir='ltr'><strong>Refertur</strong></span> <span class='ocrx_word' id='word_1_200' title='bbox 1071 2315 1138 2380; x_wconf 89' lang='lat' dir='ltr'><strong>eius</strong></span> <span class='ocrx_word' id='word_1_201' title='bbox 1165 2335 1268 2380; x_wconf 90' lang='lat' dir='ltr'><strong>sermo</strong></span> <span class='ocrx_word' id='word_1_202' title='bbox 1290 2317 1330 2380; x_wconf 92' lang='lat' dir='ltr'><strong>ad</strong></span> <span class='ocrx_word' id='word_1_203' title='bbox 1350 2317 1539 2400; x_wconf 89' lang='lat' dir='ltr'><strong>Apronium.</strong></span> 
     </span>
     <span class='ocr_line' id='line_1_21' title="bbox 210 2407 1577 2486; baseline -0.003 -9"><span class='ocrx_word' id='word_1_204' title='bbox 210 2414 304 2477; x_wconf 88' lang='lat' dir='ltr'><strong>Enim</strong></span> <span class='ocrx_word' id='word_1_205' title='bbox 326 2432 402 2476; x_wconf 91' lang='lat' dir='ltr'><strong>vero</strong></span> <span class='ocrx_word' id='word_1_206' title='bbox 425 2411 485 2474; x_wconf 89' lang='lat' dir='ltr'><strong>iste</strong></span> <span class='ocrx_word' id='word_1_207' title='bbox 507 2411 611 2474; x_wconf 88' lang='lat' dir='ltr'><strong>ridere</strong></span> <span class='ocrx_word' id='word_1_208' title='bbox 632 2429 670 2472; x_wconf 93' lang='lat' dir='ltr'><strong>ac</strong></span> <span class='ocrx_word' id='word_1_209' title='bbox 692 2407 799 2471; x_wconf 83' lang='lat' dir='ltr'><strong>mirari</strong></span> <span class='ocrx_word' id='word_1_210' title='bbox 821 2407 959 2472; x_wconf 92' lang='lat' dir='ltr'><strong>Lollium</strong></span> <span class='ocrx_word' id='word_1_211' title='bbox 981 2409 1062 2474; x_wconf 89' lang='lat' dir='ltr'><strong>nibil</strong></span> <span class='ocrx_word' id='word_1_212' title='bbox 1085 2411 1125 2474; x_wconf 88' lang='lat' dir='ltr'><strong>dc</strong></span> <span class='ocrx_word' id='word_1_213' title='bbox 1146 2410 1310 2486; x_wconf 83' lang='lat' dir='ltr'><strong>Matrinio,</strong></span> <span class='ocrx_word' id='word_1_214' title='bbox 1331 2410 1412 2478; x_wconf 87' lang='lat' dir='ltr'><strong>nibil</strong></span> <span class='ocrx_word' id='word_1_215' title='bbox 1433 2409 1473 2476; x_wconf 90' lang='lat' dir='ltr'><strong>de</strong></span> <span class='ocrx_word' id='word_1_216' title='bbox 1489 2423 1577 2476; x_wconf 76' lang='lat' dir='ltr'><strong>cero</strong></span> 
     </span>
     <span class='ocr_line' id='line_1_22' title="bbox 210 2500 1540 2590; baseline 0 -18"><span class='ocrx_word' id='word_1_217' title='bbox 210 2510 286 2572; x_wconf 90' lang='lat' dir='ltr'><strong>teris</strong></span> <span class='ocrx_word' id='word_1_218' title='bbox 308 2508 402 2571; x_wconf 86' lang='lat' dir='ltr'><strong>rebus</strong></span> <span class='ocrx_word' id='word_1_219' title='bbox 424 2506 562 2570; x_wconf 88' lang='lat' dir='ltr'><strong>audisse.</strong></span> <span class='ocrx_word' id='word_1_220' title='bbox 592 2505 688 2568; x_wconf 85' lang='lat' dir='ltr'><strong>Mittit</strong></span> <span class='ocrx_word' id='word_1_221' title='bbox 709 2501 749 2565; x_wconf 88' lang='lat' dir='ltr'><strong>ad</strong></span> <span class='ocrx_word' id='word_1_222' title='bbox 770 2501 932 2565; x_wconf 90' lang='lat' dir='ltr'><strong>bominem</strong></span> <span class='ocrx_word' id='word_1_223' title='bbox 948 2504 1118 2569; x_wconf 88' lang='lat' dir='ltr'><strong>Venerios:</strong></span> <span class='ocrx_word' id='word_1_224' title='bbox 1142 2500 1214 2586; x_wconf 84' lang='lat' dir='ltr'><strong>(boc</strong></span> <span class='ocrx_word' id='word_1_225' title='bbox 1230 2523 1361 2590; x_wconf 91' lang='lat' dir='ltr'><strong>quoque</strong></span> <span class='ocrx_word' id='word_1_226' title='bbox 1376 2507 1540 2582; x_wconf 88' lang='lat' dir='ltr'><strong>attendite,</strong></span> 
     </span>
     <span class='ocr_line' id='line_1_23' title="bbox 212 2595 1540 2686; baseline 0 -20"><span class='ocrx_word' id='word_1_227' title='bbox 212 2603 407 2686; x_wconf 87' lang='lat' dir='ltr'><strong>apparitores</strong></span> <span class='ocrx_word' id='word_1_228' title='bbox 429 2621 448 2664; x_wconf 89' lang='lat' dir='ltr'><strong>a</strong></span> <span class='ocrx_word' id='word_1_229' title='bbox 470 2605 616 2682; x_wconf 89' lang='lat' dir='ltr'><strong>praetore</strong></span> <span class='ocrx_word' id='word_1_230' title='bbox 638 2596 816 2679; x_wconf 85' lang='lat' dir='ltr'><strong>assignatos</strong></span> <span class='ocrx_word' id='word_1_231' title='bbox 837 2595 986 2662; x_wconf 87' lang='lat' dir='ltr'><strong>habuisse</strong></span> <span class='ocrx_word' id='word_1_232' title='bbox 1010 2598 1237 2672; x_wconf 86' lang='lat' dir='ltr'><strong>decumanum,</strong></span> <span class='ocrx_word' id='word_1_233' title='bbox 1261 2599 1288 2664; x_wconf 88' lang='lat' dir='ltr'><strong>si</strong></span> <span class='ocrx_word' id='word_1_234' title='bbox 1305 2598 1368 2662; x_wconf 92' lang='lat' dir='ltr'><strong>boc</strong></span> <span class='ocrx_word' id='word_1_235' title='bbox 1382 2599 1540 2666; x_wconf 85' lang='lat' dir='ltr'><strong>mediocre</strong></span> 
     </span>
     <span class='ocr_line' id='line_1_24' title="bbox 211 2691 1541 2779; baseline 0 -19"><span class='ocrx_word' id='word_1_236' title='bbox 211 2702 430 2779; x_wconf 77' lang='lat' dir='ltr'><strong>argumentum</strong></span> <span class='ocrx_word' id='word_1_237' title='bbox 451 2692 552 2758; x_wconf 86' lang='lat' dir='ltr'><strong>rideri</strong></span> <span class='ocrx_word' id='word_1_238' title='bbox 581 2698 702 2775; x_wconf 87' lang='lat' dir='ltr'><strong>potest,</strong></span> <span class='ocrx_word' id='word_1_239' title='bbox 730 2691 826 2752; x_wconf 88' lang='lat' dir='ltr'><strong>istum</strong></span> <span class='ocrx_word' id='word_1_240' title='bbox 856 2692 1105 2756; x_wconf 86' lang='lat' dir='ltr'><strong>decumanorum</strong></span> <span class='ocrx_word' id='word_1_241' title='bbox 1131 2694 1260 2756; x_wconf 90' lang='lat' dir='ltr'><strong>nomine</strong></span> <span class='ocrx_word' id='word_1_242' title='bbox 1282 2692 1322 2756; x_wconf 87' lang='lat' dir='ltr'><strong>ad</strong></span> <span class='ocrx_word' id='word_1_243' title='bbox 1345 2712 1420 2758; x_wconf 90' lang='lat' dir='ltr'><strong>suos</strong></span> <span class='ocrx_word' id='word_1_244' title='bbox 1443 2715 1541 2779; x_wconf 89' lang='lat' dir='ltr'><strong>quae·</strong></span> 
     </span>
     <span class='ocr_line' id='line_1_25' title="bbox 211 2781 1540 2871; baseline 0.002 -18"><span class='ocrx_word' id='word_1_245' title='bbox 211 2798 278 2854; x_wconf 87' lang='lat' dir='ltr'><strong>stus</strong></span> <span class='ocrx_word' id='word_1_246' title='bbox 300 2809 368 2853; x_wconf 91' lang='lat' dir='ltr'><strong>esse</strong></span> <span class='ocrx_word' id='word_1_247' title='bbox 390 2781 562 2868; x_wconf 76' lang='lat' dir='ltr'><strong>abusumzl</strong></span> <span class='ocrx_word' id='word_1_248' title='bbox 593 2784 763 2848; x_wconf 86' lang='lat' dir='ltr'><strong>adducitur</strong></span> <span class='ocrx_word' id='word_1_249' title='bbox 782 2803 802 2846; x_wconf 88' lang='lat' dir='ltr'><strong>a</strong></span> <span class='ocrx_word' id='word_1_250' title='bbox 824 2784 969 2848; x_wconf 88' lang='lat' dir='ltr'><strong>Veneriis</strong></span> <span class='ocrx_word' id='word_1_251' title='bbox 997 2795 1094 2871; x_wconf 86' lang='lat' dir='ltr'><strong>atque</strong></span> <span class='ocrx_word' id='word_1_252' title='bbox 1116 2784 1197 2850; x_wconf 90' lang='lat' dir='ltr'><strong>adeo</strong></span> <span class='ocrx_word' id='word_1_253' title='bbox 1219 2786 1388 2852; x_wconf 85' lang='lat' dir='ltr'><strong>attrahitur</strong></span> <span class='ocrx_word' id='word_1_254' title='bbox 1407 2789 1540 2867; x_wconf 88' lang='lat' dir='ltr'><strong>Lollius,</strong></span> 
     </span>
     <span class='ocr_line' id='line_1_26' title="bbox 209 2879 1579 2969; baseline -0.002 -22"><span class='ocrx_word' id='word_1_255' title='bbox 209 2881 410 2948; x_wconf 90' lang='lat' dir='ltr'><strong>commodum</strong></span> <span class='ocrx_word' id='word_1_256' title='bbox 441 2901 513 2944; x_wconf 92' lang='lat' dir='ltr'><strong>cnm</strong></span> <span class='ocrx_word' id='word_1_257' title='bbox 538 2881 701 2963; x_wconf 88' lang='lat' dir='ltr'><strong>Apronius</strong></span> <span class='ocrx_word' id='word_1_258' title='bbox 723 2899 741 2943; x_wconf 89' lang='lat' dir='ltr'><strong>e</strong></span> <span class='ocrx_word' id='word_1_259' title='bbox 771 2879 927 2962; x_wconf 87' lang='lat' dir='ltr'><strong>palaestra</strong></span> <span class='ocrx_word' id='word_1_260' title='bbox 948 2881 1082 2946; x_wconf 86' lang='lat' dir='ltr'><strong>redisset</strong></span> <span class='ocrx_word' id='word_1_261' title='bbox 1104 2882 1190 2944; x_wconf 92' lang='lat' dir='ltr'><strong>etin</strong></span> <span class='ocrx_word' id='word_1_262' title='bbox 1211 2881 1368 2957; x_wconf 90' lang='lat' dir='ltr'><strong>triclinio,</strong></span> <span class='ocrx_word' id='word_1_263' title='bbox 1397 2885 1485 2969; x_wconf 92' lang='lat' dir='ltr'><strong>quod</strong></span> <span class='ocrx_word' id='word_1_264' title='bbox 1506 2885 1541 2948; x_wconf 90' lang='lat' dir='ltr'><strong>in</strong></span> <span class='ocrx_word' id='word_1_265' title='bbox 1549 2895 1579 2946; x_wconf 78' lang='lat' dir='ltr'><strong>at</strong></span> 
     </span>
    </p>
   </div>
   <div class='ocr_carea' id='block_1_5' title="bbox 207 2971 1542 3344">
    <p class='ocr_par' dir='ltr' id='par_1_5' title="bbox 207 2971 1542 3344">
     <span class='ocr_line' id='line_1_27' title="bbox 207 2971 1541 3062; baseline 0.003 -22"><span class='ocrx_word' id='word_1_266' title='bbox 207 2977 277 3040; x_wconf 80' lang='lat' dir='ltr'><strong>loro</strong></span> <span class='ocrx_word' id='word_1_267' title='bbox 298 2977 420 3040; x_wconf 87' lang='lat' dir='ltr'><strong>Aetnae</strong></span> <span class='ocrx_word' id='word_1_268' title='bbox 443 2981 612 3049; x_wconf 83' lang='lat' dir='ltr'><strong>straverat,</strong></span> <span class='ocrx_word' id='word_1_269' title='bbox 634 2973 842 3038; x_wconf 84' lang='lat' dir='ltr'><strong>recubuisset</strong></span> <span class='ocrx_word' id='word_1_270' title='bbox 886 2971 937 3037; x_wconf 74' lang='lat'>62.</span> <span class='ocrx_word' id='word_1_271' title='bbox 967 2974 1124 3038; x_wconf 89' lang='lat' dir='ltr'><strong>Statuitur</strong></span> <span class='ocrx_word' id='word_1_272' title='bbox 1145 2974 1267 3039; x_wconf 89' lang='lat' dir='ltr'><strong>Lollius</strong></span> <span class='ocrx_word' id='word_1_273' title='bbox 1287 2976 1321 3038; x_wconf 92' lang='lat' dir='ltr'><strong>in</strong></span> <span class='ocrx_word' id='word_1_274' title='bbox 1341 2977 1398 3041; x_wconf 91' lang='lat' dir='ltr'><strong>illo</strong></span> <span class='ocrx_word' id='word_1_275' title='bbox 1420 2985 1541 3062; x_wconf 88' lang='lat' dir='ltr'><strong>tempe·</strong></span> 
     </span>
     <span class='ocr_line' id='line_1_28' title="bbox 208 3067 1541 3153; baseline 0.002 -19"><span class='ocrx_word' id='word_1_276' title='bbox 208 3072 290 3136; x_wconf 84' lang='lat' dir='ltr'><strong>stivc</strong></span> <span class='ocrx_word' id='word_1_277' title='bbox 312 3069 523 3153; x_wconf 78' lang='lat' dir='ltr'><strong>gladiatorum</strong></span> <span class='ocrx_word' id='word_1_278' title='bbox 546 3069 705 3132; x_wconf 85' lang='lat' dir='ltr'><strong>convivio.</strong></span> <span class='ocrx_word' id='word_1_279' title='bbox 747 3068 818 3129; x_wconf 90' lang='lat' dir='ltr'><strong>Non</strong></span> <span class='ocrx_word' id='word_1_280' title='bbox 840 3067 1025 3132; x_wconf 90' lang='lat' dir='ltr'><strong>mehercule.</strong></span> <span class='ocrx_word' id='word_1_281' title='bbox 1041 3069 1137 3142; x_wconf 88' lang='lat' dir='ltr'><strong>baec,</strong></span> <span class='ocrx_word' id='word_1_282' title='bbox 1167 3087 1250 3153; x_wconf 83' lang='lat' dir='ltr'><strong>quae</strong></span> <span class='ocrx_word' id='word_1_283' title='bbox 1270 3068 1404 3153; x_wconf 92' lang='lat' dir='ltr'><strong>loquor,</strong></span> <span class='ocrx_word' id='word_1_284' title='bbox 1432 3071 1541 3136; x_wconf 90' lang='lat' dir='ltr'><strong>crede-</strong></span> 
     </span>
     <span class='ocr_line' id='line_1_29' title="bbox 207 3161 1541 3245; baseline 0 -15"><span class='ocrx_word' id='word_1_285' title='bbox 207 3186 292 3240; x_wconf 90' lang='lat' dir='ltr'><strong>rem,</strong></span> <span class='ocrx_word' id='word_1_286' title='bbox 312 3165 451 3238; x_wconf 89' lang='lat' dir='ltr'><strong>iudiccs,</strong></span> <span class='ocrx_word' id='word_1_287' title='bbox 474 3163 599 3227; x_wconf 87' lang='lat' dir='ltr'><strong>tametsi</strong></span> <span class='ocrx_word' id='word_1_288' title='bbox 614 3163 711 3245; x_wconf 83' lang='lat' dir='ltr'><strong>vulgo</strong></span> <span class='ocrx_word' id='word_1_289' title='bbox 726 3161 908 3236; x_wconf 90' lang='lat' dir='ltr'><strong>audieram,</strong></span> <span class='ocrx_word' id='word_1_290' title='bbox 929 3162 991 3225; x_wconf 91' lang='lat' dir='ltr'><strong>nisi</strong></span> <span class='ocrx_word' id='word_1_291' title='bbox 1007 3181 1131 3226; x_wconf 88' lang='lat' dir='ltr'><strong>mecum</strong></span> <span class='ocrx_word' id='word_1_292' title='bbox 1152 3163 1222 3245; x_wconf 91' lang='lat' dir='ltr'><strong>ipse</strong></span> <span class='ocrx_word' id='word_1_293' title='bbox 1239 3183 1354 3240; x_wconf 82' lang='lat' dir='ltr'><strong>senex,</strong></span> <span class='ocrx_word' id='word_1_294' title='bbox 1375 3184 1448 3230; x_wconf 89' lang='lat' dir='ltr'><strong>cum</strong></span> <span class='ocrx_word' id='word_1_295' title='bbox 1463 3167 1541 3230; x_wconf 82' lang='lat' dir='ltr'><strong>milri</strong></span> 
     </span>
     <span class='ocr_line' id='line_1_30' title="bbox 208 3255 1542 3344; baseline 0 -20"><span class='ocrx_word' id='word_1_296' title='bbox 208 3267 305 3344; x_wconf 90' lang='lat' dir='ltr'><strong>atque</strong></span> <span class='ocrx_word' id='word_1_297' title='bbox 327 3257 403 3322; x_wconf 93' lang='lat' dir='ltr'><strong>huic</strong></span> <span class='ocrx_word' id='word_1_298' title='bbox 424 3258 581 3322; x_wconf 87' lang='lat' dir='ltr'><strong>voluntati</strong></span> <span class='ocrx_word' id='word_1_299' title='bbox 603 3255 813 3322; x_wconf 87' lang='lat' dir='ltr'><strong>accusationis</strong></span> <span class='ocrx_word' id='word_1_300' title='bbox 834 3273 925 3320; x_wconf 86' lang='lat' dir='ltr'><strong>meae</strong></span> <span class='ocrx_word' id='word_1_301' title='bbox 946 3255 1114 3320; x_wconf 86' lang='lat' dir='ltr'><strong>lacrimans</strong></span> <span class='ocrx_word' id='word_1_302' title='bbox 1137 3257 1253 3340; x_wconf 72' lang='lat' dir='ltr'><strong>gratim</strong></span> <span class='ocrx_word' id='word_1_303' title='bbox 1272 3265 1396 3340; x_wconf 89' lang='lat' dir='ltr'><strong>ageret,</strong></span> <span class='ocrx_word' id='word_1_304' title='bbox 1419 3277 1542 3324; x_wconf 85' lang='lat' dir='ltr'><strong>summa</strong></span> 
     </span>
    </p>
   </div>
   <div class='ocr_carea' id='block_1_6' title="bbox 209 3504 1545 5222">
    <p class='ocr_par' dir='ltr' id='par_1_6' title="bbox 209 3504 1545 5222">
     <span class='ocr_line' id='line_1_31' title="bbox 209 3504 1541 3576; baseline -0.001 -12"><span class='ocrx_word' id='word_1_305' title='bbox 209 3523 306 3565; x_wconf 88' lang='lat' dir='ltr'><strong>severo</strong></span> <span class='ocrx_word' id='word_1_306' title='bbox 322 3509 425 3560; x_wconf 90' lang='lat' dir='ltr'><strong>omneis</strong></span> <span class='ocrx_word' id='word_1_307' title='bbox 442 3507 587 3573; x_wconf 87' lang='lat' dir='ltr'><strong>scripturas</strong></span> <span class='ocrx_word' id='word_1_308' title='bbox 604 3504 753 3558; x_wconf 88' lang='lat' dir='ltr'><strong>dissimileis</strong></span> <span class='ocrx_word' id='word_1_309' title='bbox 772 3519 785 3557; x_wconf 87' lang='lat' dir='ltr'><strong>a</strong></span> <span class='ocrx_word' id='word_1_310' title='bbox 803 3519 847 3558; x_wconf 88' lang='lat' dir='ltr'><strong>me</strong></span> <span class='ocrx_word' id='word_1_311' title='bbox 864 3504 991 3571; x_wconf 82' lang='lat' dir='ltr'><strong>probatas</strong></span> <span class='ocrx_word' id='word_1_312' title='bbox 1003 3520 1035 3559; x_wconf 91' lang='lat' dir='ltr'><strong>ee</strong></span> <span class='ocrx_word' id='word_1_313' title='bbox 1051 3509 1174 3572; x_wconf 87' lang='lat' dir='ltr'><strong>receptes</strong></span> <span class='ocrx_word' id='word_1_314' title='bbox 1185 3505 1227 3559; x_wconf 90' lang='lat' dir='ltr'><strong>vel</strong></span> <span class='ocrx_word' id='word_1_315' title='bbox 1244 3505 1279 3558; x_wconf 85' lang='lat' dir='ltr'><strong>ob</strong></span> <span class='ocrx_word' id='word_1_316' title='bbox 1296 3506 1339 3559; x_wconf 92' lang='lat' dir='ltr'><strong>illo</strong></span> <span class='ocrx_word' id='word_1_317' title='bbox 1351 3509 1459 3576; x_wconf 85' lang='lat' dir='ltr'><strong>antiquo</strong></span> <span class='ocrx_word' id='word_1_318' title='bbox 1473 3509 1541 3564; x_wconf 90' lang='lat' dir='ltr'><strong>libro</strong></span> 
     </span>
     <span class='ocr_line' id='line_1_32' title="bbox 211 3581 1542 3651; baseline 0.002 -15"><span class='ocrx_word' id='word_1_319' title='bbox 211 3584 382 3650; x_wconf 83' lang='lat' dir='ltr'><strong>(Fabriciano)</strong></span> <span class='ocrx_word' id='word_1_320' title='bbox 400 3581 442 3634; x_wconf 86' lang='lat' dir='ltr'><strong>vei</strong></span> <span class='ocrx_word' id='word_1_321' title='bbox 460 3581 494 3632; x_wconf 87' lang='lat' dir='ltr'><strong>ab</strong></span> <span class='ocrx_word' id='word_1_322' title='bbox 512 3581 568 3632; x_wconf 87' lang='lat' dir='ltr'><strong>aliis</strong></span> <span class='ocrx_word' id='word_1_323' title='bbox 586 3593 647 3633; x_wconf 88' lang='lat' dir='ltr'><strong>esse</strong></span> <span class='ocrx_word' id='word_1_324' title='bbox 664 3584 787 3647; x_wconf 81' lang='lat' dir='ltr'><strong>petitos.»</strong></span> <span class='ocrx_word' id='word_1_325' title='bbox 806 3607 834 3618; x_wconf 92' lang='lat'><strong>·-</strong></span> <span class='ocrx_word' id='word_1_326' title='bbox 859 3583 883 3632; x_wconf 93' lang='grc'><strong>4.</strong></span> <span class='ocrx_word' id='word_1_327' title='bbox 902 3585 974 3632; x_wconf 82' lang='lat' dir='ltr'><strong>tento</strong></span> <span class='ocrx_word' id='word_1_328' title='bbox 991 3595 1044 3633; x_wconf 93' lang='lat' dir='ltr'><strong>om.</strong></span> <span class='ocrx_word' id='word_1_329' title='bbox 1063 3583 1132 3647; x_wconf 69' lang='lat' dir='ltr'><strong>Lgtb</strong></span> <span class='ocrx_word' id='word_1_330' title='bbox 1144 3583 1173 3634; x_wconf 85' lang='lat' dir='ltr'><strong>B.</strong></span> <span class='ocrx_word' id='word_1_331' title='bbox 1194 3609 1222 3620; x_wconf 87' lang='lat'><strong>·-</strong></span> <span class='ocrx_word' id='word_1_332' title='bbox 1240 3583 1264 3634; x_wconf 73' lang='grc'><strong>4.</strong></span> <span class='ocrx_word' id='word_1_333' title='bbox 1284 3597 1316 3634; x_wconf 85' lang='lat' dir='ltr'><strong>ac</strong></span> <span class='ocrx_word' id='word_1_334' title='bbox 1330 3597 1424 3650; x_wconf 76' lang='lat' dir='ltr'><strong>magno</strong></span> <span class='ocrx_word' id='word_1_335' title='bbox 1441 3587 1542 3651; x_wconf 73' lang='lat' dir='ltr'><strong>egros</strong></span> 
     </span>
     <span class='ocr_line' id='line_1_33' title="bbox 209 3657 1543 3726; baseline 0.001 -15"><span class='ocrx_word' id='word_1_336' title='bbox 209 3661 281 3711; x_wconf 89' lang='lat' dir='ltr'><strong>BV:</strong></span> <span class='ocrx_word' id='word_1_337' title='bbox 301 3673 331 3710; x_wconf 88' lang='lat' dir='ltr'><strong>oe</strong></span> <span class='ocrx_word' id='word_1_338' title='bbox 348 3672 401 3709; x_wconf 92' lang='lat' dir='ltr'><strong>om.</strong></span> <span class='ocrx_word' id='word_1_339' title='bbox 416 3660 461 3708; x_wconf 89' lang='lat' dir='ltr'><strong>ott.</strong></span> <span class='ocrx_word' id='word_1_340' title='bbox 475 3658 504 3707; x_wconf 92' lang='grc' dir='ltr'><strong>Ο.</strong></span> <span class='ocrx_word' id='word_1_341' title='bbox 519 3683 546 3693; x_wconf 85' lang='grc'>-</span> <span class='ocrx_word' id='word_1_342' title='bbox 566 3671 597 3706; x_wconf 85' lang='lat' dir='ltr'><strong>cc</strong></span> <span class='ocrx_word' id='word_1_343' title='bbox 613 3657 777 3720; x_wconf 72' lang='lat' dir='ltr'><strong>liborchib.</strong></span> <span class='ocrx_word' id='word_1_344' title='bbox 794 3685 821 3694; x_wconf 97' lang='lat'><em>-</em></span> <span class='ocrx_word' id='word_1_345' title='bbox 840 3658 931 3722; x_wconf 76' lang='lat' dir='ltr'><strong>adfecti</strong></span> <span class='ocrx_word' id='word_1_346' title='bbox 946 3657 978 3708; x_wconf 93' lang='lat' dir='ltr'><strong>V.</strong></span> <span class='ocrx_word' id='word_1_347' title='bbox 993 3685 1021 3695; x_wconf 88' lang='lat'>-</span> <span class='ocrx_word' id='word_1_348' title='bbox 1038 3659 1143 3722; x_wconf 76' lang='lat' dir='ltr'><strong>serendo</strong></span> <span class='ocrx_word' id='word_1_349' title='bbox 1158 3657 1248 3710; x_wconf 77' lang='lat' dir='ltr'><strong>arbitr.</strong></span> <span class='ocrx_word' id='word_1_350' title='bbox 1263 3671 1316 3709; x_wconf 91' lang='lat' dir='ltr'><strong>om.</strong></span> <span class='ocrx_word' id='word_1_351' title='bbox 1330 3662 1409 3726; x_wconf 70' lang='lat' dir='ltr'><strong>Lglt.</strong></span> <span class='ocrx_word' id='word_1_352' title='bbox 1426 3689 1451 3702; x_wconf 94' lang='lat'><em>-</em></span> <span class='ocrx_word' id='word_1_353' title='bbox 1471 3663 1543 3714; x_wconf 84' lang='lat' dir='ltr'><strong>orbi-</strong></span> 
     </span>
     <span class='ocr_line' id='line_1_34' title="bbox 210 3731 1541 3802; baseline 0.002 -16"><span class='ocrx_word' id='word_1_354' title='bbox 210 3739 341 3786; x_wconf 80' lang='lat' dir='ltr'><strong>trcreatur</strong></span> <span class='ocrx_word' id='word_1_355' title='bbox 356 3734 387 3784; x_wconf 88' lang='lat' dir='ltr'><strong>N.</strong></span> <span class='ocrx_word' id='word_1_356' title='bbox 404 3761 430 3770; x_wconf 96' lang='lat'>-</span> <span class='ocrx_word' id='word_1_357' title='bbox 450 3733 515 3795; x_wconf 86' lang='lat' dir='ltr'><strong>quod</strong></span> <span class='ocrx_word' id='word_1_358' title='bbox 531 3733 553 3781; x_wconf 81' lang='lat' dir='ltr'><strong>si</strong></span> <span class='ocrx_word' id='word_1_359' title='bbox 569 3732 600 3782; x_wconf 89' lang='lat' dir='ltr'><strong>V.</strong></span> <span class='ocrx_word' id='word_1_360' title='bbox 615 3759 643 3768; x_wconf 85' lang='lat'><strong>—-</strong></span> <span class='ocrx_word' id='word_1_361' title='bbox 662 3731 686 3783; x_wconf 82' lang='lat'><strong>3.</strong></span> <span class='ocrx_word' id='word_1_362' title='bbox 704 3747 755 3782; x_wconf 80' lang='lat' dir='ltr'><strong>non</strong></span> <span class='ocrx_word' id='word_1_363' title='bbox 771 3745 905 3797; x_wconf 89' lang='lat' dir='ltr'><strong>superscr.</strong></span> <span class='ocrx_word' id='word_1_364' title='bbox 924 3734 951 3783; x_wconf 87' lang='lat' dir='ltr'><strong>in</strong></span> <span class='ocrx_word' id='word_1_365' title='bbox 967 3732 998 3782; x_wconf 95' lang='lat' dir='ltr'><strong>V.</strong></span> <span class='ocrx_word' id='word_1_366' title='bbox 1014 3756 1042 3768; x_wconf 95' lang='lat'>—</span> <span class='ocrx_word' id='word_1_367' title='bbox 1061 3733 1160 3784; x_wconf 80' lang='lat' dir='ltr'><strong>iniertr.</strong></span> <span class='ocrx_word' id='word_1_368' title='bbox 1173 3734 1204 3783; x_wconf 88' lang='lat' dir='ltr'><strong>V.</strong></span> <span class='ocrx_word' id='word_1_369' title='bbox 1219 3761 1247 3771; x_wconf 94' lang='lat'><strong>·-</strong></span> <span class='ocrx_word' id='word_1_370' title='bbox 1260 3733 1285 3786; x_wconf 83' lang='grc'><strong>4.</strong></span> <span class='ocrx_word' id='word_1_371' title='bbox 1303 3735 1357 3786; x_wconf 77' lang='lat' dir='ltr'><strong>tillo</strong></span> <span class='ocrx_word' id='word_1_372' title='bbox 1367 3749 1421 3790; x_wconf 89' lang='lat' dir='ltr'><strong>om.</strong></span> <span class='ocrx_word' id='word_1_373' title='bbox 1434 3738 1503 3802; x_wconf 69' lang='grc'><strong>4399</strong></span> <span class='ocrx_word' id='word_1_374' title='bbox 1513 3738 1541 3789; x_wconf 84' lang='grc' dir='ltr'><strong>Β.</strong></span> 
     </span>
     <span class='ocr_line' id='line_1_35' title="bbox 211 3808 1541 3874; baseline 0.001 -13"><span class='ocrx_word' id='word_1_375' title='bbox 211 3837 241 3852; x_wconf 89' lang='grc'><strong>-</strong></span> <span class='ocrx_word' id='word_1_376' title='bbox 260 3810 340 3874; x_wconf 74' lang='lat' dir='ltr'><strong>adfer.</strong></span> <span class='ocrx_word' id='word_1_377' title='bbox 359 3823 384 3872; x_wconf 87' lang='lat' dir='ltr'><strong>q.</strong></span> <span class='ocrx_word' id='word_1_378' title='bbox 402 3809 538 3870; x_wconf 73' lang='lat' dir='ltr'><strong>expectetis</strong></span> <span class='ocrx_word' id='word_1_379' title='bbox 548 3809 578 3858; x_wconf 92' lang='lat' dir='ltr'><strong>V.</strong></span> <span class='ocrx_word' id='word_1_380' title='bbox 597 3833 627 3846; x_wconf 86' lang='lat'>-</span> <span class='ocrx_word' id='word_1_381' title='bbox 645 3811 669 3860; x_wconf 85' lang='lat' dir='ltr'><strong>c.</strong></span> <span class='ocrx_word' id='word_1_382' title='bbox 688 3808 796 3871; x_wconf 80' lang='lat' dir='ltr'><strong>emplius</strong></span> <span class='ocrx_word' id='word_1_383' title='bbox 813 3822 831 3858; x_wconf 86' lang='lat' dir='ltr'><strong>o</strong></span> <span class='ocrx_word' id='word_1_384' title='bbox 846 3821 886 3859; x_wconf 83' lang='lat' dir='ltr'><strong>mo</strong></span> <span class='ocrx_word' id='word_1_385' title='bbox 896 3809 926 3859; x_wconf 94' lang='lat' dir='ltr'><strong>V.</strong></span> <span class='ocrx_word' id='word_1_386' title='bbox 947 3835 972 3846; x_wconf 91' lang='lat'><em>-</em></span> <span class='ocrx_word' id='word_1_387' title='bbox 994 3810 1120 3872; x_wconf 70' lang='lat' dir='ltr'><strong>agerem</strong></span> <span class='ocrx_word' id='word_1_388' title='bbox 1135 3813 1171 3860; x_wconf 83' lang='lat' dir='ltr'><strong>est</strong></span> <span class='ocrx_word' id='word_1_389' title='bbox 1185 3813 1214 3860; x_wconf 83' lang='lat' dir='ltr'><strong>ut</strong></span> <span class='ocrx_word' id='word_1_390' title='bbox 1223 3808 1254 3860; x_wconf 88' lang='lat' dir='ltr'><strong>V.</strong></span> <span class='ocrx_word' id='word_1_391' title='bbox 1269 3835 1297 3846; x_wconf 92' lang='lat'><em>-</em></span> <span class='ocrx_word' id='word_1_392' title='bbox 1316 3811 1341 3861; x_wconf 76' lang='grc' dir='ltr'><strong>Ἰ.</strong></span> <span class='ocrx_word' id='word_1_393' title='bbox 1356 3811 1451 3873; x_wconf 76' lang='lat' dir='ltr'><strong>possim</strong></span> <span class='ocrx_word' id='word_1_394' title='bbox 1466 3811 1498 3862; x_wconf 90' lang='lat' dir='ltr'><strong>V.</strong></span> <span class='ocrx_word' id='word_1_395' title='bbox 1513 3837 1541 3848; x_wconf 86' lang='lat'><strong>·-</strong></span> 
     </span>
     <span class='ocr_line' id='line_1_36' title="bbox 210 3883 1543 3952; baseline 0.001 -15"><span class='ocrx_word' id='word_1_396' title='bbox 210 3899 255 3952; x_wconf 75' lang='lat' dir='ltr'><strong>opo</strong></span> <span class='ocrx_word' id='word_1_397' title='bbox 272 3898 326 3936; x_wconf 86' lang='lat' dir='ltr'><strong>orn.</strong></span> <span class='ocrx_word' id='word_1_398' title='bbox 344 3884 367 3934; x_wconf 90' lang='lat' dir='ltr'>V</span> <span class='ocrx_word' id='word_1_399' title='bbox 378 3884 446 3948; x_wconf 79' lang='lat' dir='ltr'><strong>Lgre</strong></span> <span class='ocrx_word' id='word_1_400' title='bbox 455 3885 476 3935; x_wconf 90' lang='lat' dir='ltr'><strong>A</strong></span> <span class='ocrx_word' id='word_1_401' title='bbox 485 3885 515 3935; x_wconf 87' lang='grc' dir='ltr'><strong>Β.</strong></span> <span class='ocrx_word' id='word_1_402' title='bbox 530 3911 557 3920; x_wconf 95' lang='grc'><strong>-</strong></span> <span class='ocrx_word' id='word_1_403' title='bbox 575 3885 627 3935; x_wconf 82' lang='lat' dir='ltr'><strong>iilic</strong></span> <span class='ocrx_word' id='word_1_404' title='bbox 643 3883 721 3947; x_wconf 74' lang='lat' dir='ltr'><strong>ugia.</strong></span> <span class='ocrx_word' id='word_1_405' title='bbox 737 3911 764 3920; x_wconf 96' lang='lat'>-</span> <span class='ocrx_word' id='word_1_406' title='bbox 780 3884 912 3946; x_wconf 75' lang='lat' dir='ltr'><strong>pervenire</strong></span> <span class='ocrx_word' id='word_1_407' title='bbox 927 3883 996 3948; x_wconf 74' lang='lat' dir='ltr'><strong>egis</strong></span> <span class='ocrx_word' id='word_1_408' title='bbox 1009 3886 1029 3934; x_wconf 85' lang='lat' dir='ltr'>N</span> <span class='ocrx_word' id='word_1_409' title='bbox 1039 3884 1075 3933; x_wconf 91' lang='lat' dir='ltr'><strong>V:</strong></span> <span class='ocrx_word' id='word_1_410' title='bbox 1092 3885 1178 3935; x_wconf 75' lang='lat' dir='ltr'><strong>occire</strong></span> <span class='ocrx_word' id='word_1_411' title='bbox 1194 3885 1240 3935; x_wconf 87' lang='lat' dir='ltr'><strong>ott.</strong></span> <span class='ocrx_word' id='word_1_412' title='bbox 1255 3910 1283 3922; x_wconf 96' lang='lat'>—</span> <span class='ocrx_word' id='word_1_413' title='bbox 1302 3884 1326 3936; x_wconf 90' lang='lat'><strong>8.</strong></span> <span class='ocrx_word' id='word_1_414' title='bbox 1345 3884 1384 3948; x_wconf 81' lang='grc'><strong>0.]</strong></span> <span class='ocrx_word' id='word_1_415' title='bbox 1400 3899 1458 3938; x_wconf 75' lang='lat' dir='ltr'><strong>crea</strong></span> <span class='ocrx_word' id='word_1_416' title='bbox 1473 3886 1543 3950; x_wconf 69' lang='lat' dir='ltr'><strong>LgSV</strong></span> 
     </span>
     <span class='ocr_line' id='line_1_37' title="bbox 212 3956 1545 4025; baseline 0 -13"><span class='ocrx_word' id='word_1_417' title='bbox 212 3962 254 4025; x_wconf 86' lang='lat' dir='ltr'><strong>(ex</strong></span> <span class='ocrx_word' id='word_1_418' title='bbox 271 3959 376 4018; x_wconf 74' lang='lat' dir='ltr'><strong>Caium).</strong></span> <span class='ocrx_word' id='word_1_419' title='bbox 397 3985 425 3996; x_wconf 88' lang='lat'>—</span> <span class='ocrx_word' id='word_1_420' title='bbox 442 3960 607 4010; x_wconf 75' lang='lat' dir='ltr'><strong>Mmtriuiwo</strong></span> <span class='ocrx_word' id='word_1_421' title='bbox 623 3958 701 4023; x_wconf 67' lang='lat' dir='ltr'><strong>Lglb.</strong></span> <span class='ocrx_word' id='word_1_422' title='bbox 723 3985 750 3993; x_wconf 96' lang='lat'>—</span> <span class='ocrx_word' id='word_1_423' title='bbox 769 3971 893 4008; x_wconf 72' lang='lat' dir='ltr'><strong>mmmmm</strong></span> <span class='ocrx_word' id='word_1_424' title='bbox 909 3957 1034 4008; x_wconf 79' lang='lat' dir='ltr'><strong>industria</strong></span> <span class='ocrx_word' id='word_1_425' title='bbox 1049 3959 1084 4020; x_wconf 86' lang='lat' dir='ltr'><strong>V;</strong></span> <span class='ocrx_word' id='word_1_426' title='bbox 1102 3972 1122 4010; x_wconf 83' lang='lat' dir='ltr'><strong>r.</strong></span> <span class='ocrx_word' id='word_1_427' title='bbox 1141 3959 1193 4010; x_wconf 82' lang='lat' dir='ltr'><strong>ind.</strong></span> <span class='ocrx_word' id='word_1_428' title='bbox 1212 3970 1266 4011; x_wconf 90' lang='lat' dir='ltr'><strong>om.</strong></span> <span class='ocrx_word' id='word_1_429' title='bbox 1285 3956 1363 4022; x_wconf 77' lang='lat' dir='ltr'><strong>Lglr.</strong></span> <span class='ocrx_word' id='word_1_430' title='bbox 1383 3985 1411 3998; x_wconf 84' lang='lat'><em>-</em></span> <span class='ocrx_word' id='word_1_431' title='bbox 1430 3961 1455 4011; x_wconf 82' lang='lat'><strong>9.</strong></span> <span class='ocrx_word' id='word_1_432' title='bbox 1473 3961 1545 4024; x_wconf 81' lang='lat' dir='ltr'><strong>etqui</strong></span> 
     </span>
     <span class='ocr_line' id='line_1_38' title="bbox 210 4033 1544 4100; baseline -0.001 -12"><span class='ocrx_word' id='word_1_433' title='bbox 210 4039 269 4088; x_wconf 85' lang='lat' dir='ltr'><strong>Par.</strong></span> <span class='ocrx_word' id='word_1_434' title='bbox 283 4034 344 4088; x_wconf 83' lang='lat' dir='ltr'><strong>Lali.</strong></span> <span class='ocrx_word' id='word_1_435' title='bbox 358 4035 387 4099; x_wconf 74' lang='lat' dir='ltr'><strong>(t)</strong></span> <span class='ocrx_word' id='word_1_436' title='bbox 405 4033 438 4086; x_wconf 86' lang='lat' dir='ltr'><strong>sl.</strong></span> <span class='ocrx_word' id='word_1_437' title='bbox 452 4035 479 4086; x_wconf 84' lang='lat' dir='ltr'><strong>in</strong></span> <span class='ocrx_word' id='word_1_438' title='bbox 491 4047 574 4099; x_wconf 85' lang='lat' dir='ltr'><strong>marg.</strong></span> <span class='ocrx_word' id='word_1_439' title='bbox 588 4033 667 4094; x_wconf 77' lang='lat' dir='ltr'><strong>ibSi;</strong></span> <span class='ocrx_word' id='word_1_440' title='bbox 686 4049 735 4097; x_wconf 82' lang='lat' dir='ltr'><strong>quo</strong></span> <span class='ocrx_word' id='word_1_441' title='bbox 746 4036 777 4084; x_wconf 89' lang='lat' dir='ltr'><strong>V.</strong></span> <span class='ocrx_word' id='word_1_442' title='bbox 793 4061 819 4072; x_wconf 90' lang='lat'>-</span> <span class='ocrx_word' id='word_1_443' title='bbox 838 4035 871 4084; x_wconf 82' lang='lat' dir='ltr'><strong>cb</strong></span> <span class='ocrx_word' id='word_1_444' title='bbox 882 4048 936 4085; x_wconf 94' lang='lat' dir='ltr'><strong>om.</strong></span> <span class='ocrx_word' id='word_1_445' title='bbox 950 4035 1012 4098; x_wconf 83' lang='lat' dir='ltr'>ng.</span> <span class='ocrx_word' id='word_1_446' title='bbox 1025 4037 1133 4100; x_wconf 86' lang='lat' dir='ltr'><strong>praeter</strong></span> <span class='ocrx_word' id='word_1_447' title='bbox 1144 4035 1188 4095; x_wconf 73' lang='grc'><strong>42,</strong></span> <span class='ocrx_word' id='word_1_448' title='bbox 1207 4036 1256 4085; x_wconf 85' lang='lat' dir='ltr'><strong>AB</strong></span> <span class='ocrx_word' id='word_1_449' title='bbox 1267 4035 1286 4085; x_wconf 91' lang='lat' dir='ltr'>C</span> <span class='ocrx_word' id='word_1_450' title='bbox 1296 4035 1327 4093; x_wconf 80' lang='lat' dir='ltr'><strong>V:</strong></span> <span class='ocrx_word' id='word_1_451' title='bbox 1345 4046 1423 4098; x_wconf 83' lang='lat' dir='ltr'><strong>oque</strong></span> <span class='ocrx_word' id='word_1_452' title='bbox 1433 4035 1544 4098; x_wconf 78' lang='lat' dir='ltr'><strong>Apronio</strong></span> 
     </span>
     <span class='ocr_line' id='line_1_39' title="bbox 212 4108 1544 4174; baseline 0.002 -13"><span class='ocrx_word' id='word_1_453' title='bbox 212 4111 279 4161; x_wconf 88' lang='lat' dir='ltr'><strong>coni.</strong></span> <span class='ocrx_word' id='word_1_454' title='bbox 297 4109 379 4161; x_wconf 83' lang='lat' dir='ltr'><strong>Klotz.</strong></span> <span class='ocrx_word' id='word_1_455' title='bbox 398 4108 491 4174; x_wconf 82' lang='lat' dir='ltr'><strong>{scrib</strong></span> <span class='ocrx_word' id='word_1_456' title='bbox 511 4112 631 4160; x_wconf 86' lang='lat' dir='ltr'><strong>osteum</strong></span> <span class='ocrx_word' id='word_1_457' title='bbox 647 4109 732 4164; x_wconf 81' lang='lat' dir='ltr'><strong>Madv.</strong></span> <span class='ocrx_word' id='word_1_458' title='bbox 750 4110 847 4172; x_wconf 87' lang='lat' dir='ltr'><strong>Opuse.</strong></span> <span class='ocrx_word' id='word_1_459' title='bbox 865 4111 885 4160; x_wconf 91' lang='lat'><strong>1.</strong></span> <span class='ocrx_word' id='word_1_460' title='bbox 903 4121 931 4173; x_wconf 89' lang='lat' dir='ltr'>p.</span> <span class='ocrx_word' id='word_1_461' title='bbox 945 4109 1001 4160; x_wconf 78' lang='grc'><strong>343.</strong></span> <span class='ocrx_word' id='word_1_462' title='bbox 1020 4122 1038 4159; x_wconf 87' lang='lat' dir='ltr'><strong>c</strong></span> <span class='ocrx_word' id='word_1_463' title='bbox 1056 4111 1085 4172; x_wconf 84' lang='lat'><strong>0.</strong></span> <span class='ocrx_word' id='word_1_464' title='bbox 1102 4109 1213 4172; x_wconf 77' lang='lat' dir='ltr'><strong>Apronio</strong></span> <span class='ocrx_word' id='word_1_465' title='bbox 1230 4122 1284 4164; x_wconf 89' lang='lat' dir='ltr'><strong>om.</strong></span> <span class='ocrx_word' id='word_1_466' title='bbox 1303 4109 1398 4174; x_wconf 72' lang='lat' dir='ltr'><strong>atquc]</strong></span> <span class='ocrx_word' id='word_1_467' title='bbox 1411 4136 1439 4146; x_wconf 89' lang='lat'><em>-</em></span> <span class='ocrx_word' id='word_1_468' title='bbox 1458 4111 1499 4163; x_wconf 83' lang='lat' dir='ltr'><strong>to.</strong></span> <span class='ocrx_word' id='word_1_469' title='bbox 1516 4112 1544 4162; x_wconf 81' lang='lat' dir='ltr'><strong>ic</strong></span> 
     </span>
     <span class='ocr_line' id='line_1_40' title="bbox 211 4183 1544 4250; baseline 0.001 -15"><span class='ocrx_word' id='word_1_470' title='bbox 211 4185 335 4250; x_wconf 83' lang='lat' dir='ltr'><strong>dedecore]</strong></span> <span class='ocrx_word' id='word_1_471' title='bbox 356 4185 471 4236; x_wconf 77' lang='lat' dir='ltr'><strong>indecore</strong></span> <span class='ocrx_word' id='word_1_472' title='bbox 491 4183 568 4248; x_wconf 71' lang='lat' dir='ltr'><strong>bgli.</strong></span> <span class='ocrx_word' id='word_1_473' title='bbox 590 4209 617 4220; x_wconf 84' lang='lat'>—</span> <span class='ocrx_word' id='word_1_474' title='bbox 643 4189 702 4234; x_wconf 81' lang='lat' dir='ltr'><strong>uoto</strong></span> <span class='ocrx_word' id='word_1_475' title='bbox 723 4197 792 4234; x_wconf 89' lang='lat' dir='ltr'><strong>corr.</strong></span> <span class='ocrx_word' id='word_1_476' title='bbox 811 4185 837 4234; x_wconf 86' lang='lat' dir='ltr'><strong>in</strong></span> <span class='ocrx_word' id='word_1_477' title='bbox 857 4189 919 4236; x_wconf 83' lang='lat' dir='ltr'><strong>noto</strong></span> <span class='ocrx_word' id='word_1_478' title='bbox 935 4184 966 4233; x_wconf 91' lang='lat' dir='ltr'><strong>V.</strong></span> <span class='ocrx_word' id='word_1_479' title='bbox 987 4210 1014 4220; x_wconf 88' lang='lat'><em>-</em></span> <span class='ocrx_word' id='word_1_480' title='bbox 1041 4186 1127 4235; x_wconf 81' lang='lat' dir='ltr'><strong>edricto</strong></span> <span class='ocrx_word' id='word_1_481' title='bbox 1144 4183 1222 4248; x_wconf 69' lang='lat' dir='ltr'><strong>Lglb.</strong></span> <span class='ocrx_word' id='word_1_482' title='bbox 1243 4209 1269 4222; x_wconf 90' lang='lat'><em>-</em></span> <span class='ocrx_word' id='word_1_483' title='bbox 1298 4184 1338 4233; x_wconf 84' lang='grc'><strong>44.</strong></span> <span class='ocrx_word' id='word_1_484' title='bbox 1357 4187 1544 4238; x_wconf 77' lang='lat' dir='ltr'><strong>occmomodutc</strong></span> 
     </span>
     <span class='ocr_line' id='line_1_41' title="bbox 210 4257 1544 4324; baseline 0 -14"><span class='ocrx_word' id='word_1_485' title='bbox 210 4261 277 4310; x_wconf 82' lang='lat' dir='ltr'><strong>Non.</strong></span> <span class='ocrx_word' id='word_1_486' title='bbox 295 4272 322 4324; x_wconf 90' lang='lat' dir='ltr'><strong>p.</strong></span> <span class='ocrx_word' id='word_1_487' title='bbox 341 4258 398 4310; x_wconf 77' lang='lat' dir='ltr'><strong>atr.</strong></span> <span class='ocrx_word' id='word_1_488' title='bbox 419 4287 447 4298; x_wconf 88' lang='lat'><em>-</em></span> <span class='ocrx_word' id='word_1_489' title='bbox 475 4259 515 4309; x_wconf 68' lang='lat' dir='ltr'><strong>ti.</strong></span> <span class='ocrx_word' id='word_1_490' title='bbox 533 4259 561 4308; x_wconf 82' lang='lat' dir='ltr'><strong>in</strong></span> <span class='ocrx_word' id='word_1_491' title='bbox 576 4258 739 4311; x_wconf 77' lang='lat' dir='ltr'><strong>cumcitsv.</strong></span> <span class='ocrx_word' id='word_1_492' title='bbox 757 4257 841 4310; x_wconf 85' lang='lat' dir='ltr'><strong>Atel.</strong></span> <span class='ocrx_word' id='word_1_493' title='bbox 859 4259 890 4308; x_wconf 93' lang='lat' dir='ltr'><strong>V.</strong></span> <span class='ocrx_word' id='word_1_494' title='bbox 910 4258 934 4322; x_wconf 76' lang='lat'>5.</span> <span class='ocrx_word' id='word_1_495' title='bbox 953 4259 994 4308; x_wconf 78' lang='lat'>77.</span> <span class='ocrx_word' id='word_1_496' title='bbox 1015 4286 1043 4298; x_wconf 91' lang='grc'><strong>-</strong></span> <span class='ocrx_word' id='word_1_497' title='bbox 1067 4259 1164 4322; x_wconf 79' lang='lat' dir='ltr'><strong>Aproni</strong></span> <span class='ocrx_word' id='word_1_498' title='bbox 1179 4260 1211 4311; x_wconf 92' lang='lat' dir='ltr'><strong>V.</strong></span> <span class='ocrx_word' id='word_1_499' title='bbox 1231 4285 1259 4295; x_wconf 96' lang='lat'><em>-</em></span> <span class='ocrx_word' id='word_1_500' title='bbox 1285 4258 1324 4310; x_wconf 87' lang='grc'><strong>43.</strong></span> <span class='ocrx_word' id='word_1_501' title='bbox 1344 4260 1544 4312; x_wconf 74' lang='lat' dir='ltr'><strong>adsemetwov</strong></span> 
     </span>
     <span class='ocr_line' id='line_1_42' title="bbox 212 4333 1542 4399; baseline 0.002 -14"><span class='ocrx_word' id='word_1_502' title='bbox 212 4335 253 4399; x_wconf 77' lang='lat' dir='ltr'><strong>(ct.</strong></span> <span class='ocrx_word' id='word_1_503' title='bbox 272 4334 303 4385; x_wconf 90' lang='lat' dir='ltr'><strong>V.</strong></span> <span class='ocrx_word' id='word_1_504' title='bbox 324 4333 347 4398; x_wconf 63' lang='grc' dir='ltr'><strong>ἓ.</strong></span> <span class='ocrx_word' id='word_1_505' title='bbox 366 4334 407 4384; x_wconf 86' lang='grc'><strong>68.</strong></span> <span class='ocrx_word' id='word_1_506' title='bbox 426 4334 492 4398; x_wconf 64' lang='lat' dir='ltr'><strong>tbi:</strong></span> <span class='ocrx_word' id='word_1_507' title='bbox 511 4338 638 4384; x_wconf 74' lang='lat' dir='ltr'><strong>servaturi</strong></span> <span class='ocrx_word' id='word_1_508' title='bbox 655 4335 701 4384; x_wconf 88' lang='lat' dir='ltr'><strong>ctt.</strong></span> <span class='ocrx_word' id='word_1_509' title='bbox 720 4334 749 4384; x_wconf 94' lang='lat'><strong>0.</strong></span> <span class='ocrx_word' id='word_1_510' title='bbox 769 4333 934 4396; x_wconf 74' lang='lat' dir='ltr'><strong>[acromatum</strong></span> <span class='ocrx_word' id='word_1_511' title='bbox 948 4347 1028 4396; x_wconf 81' lang='lat' dir='ltr'><strong>oeque</strong></span> <span class='ocrx_word' id='word_1_512' title='bbox 1044 4347 1097 4385; x_wconf 91' lang='lat' dir='ltr'><strong>om.</strong></span> <span class='ocrx_word' id='word_1_513' title='bbox 1116 4333 1204 4399; x_wconf 71' lang='lat' dir='ltr'><strong>ugia]</strong></span> <span class='ocrx_word' id='word_1_514' title='bbox 1226 4360 1254 4370; x_wconf 88' lang='lat'>-</span> <span class='ocrx_word' id='word_1_515' title='bbox 1272 4345 1351 4396; x_wconf 81' lang='lat' dir='ltr'><strong>aeque</strong></span> <span class='ocrx_word' id='word_1_516' title='bbox 1367 4349 1421 4388; x_wconf 92' lang='lat' dir='ltr'><strong>non</strong></span> <span class='ocrx_word' id='word_1_517' title='bbox 1438 4350 1493 4390; x_wconf 80' lang='lat' dir='ltr'><strong>om.</strong></span> <span class='ocrx_word' id='word_1_518' title='bbox 1510 4338 1542 4388; x_wconf 94' lang='lat' dir='ltr'><strong>V.</strong></span> 
     </span>
     <span class='ocr_line' id='line_1_43' title="bbox 212 4406 1544 4477; baseline 0.007 -20"><span class='ocrx_word' id='word_1_519' title='bbox 212 4432 240 4444; x_wconf 96' lang='lat'>—</span> <span class='ocrx_word' id='word_1_520' title='bbox 262 4407 429 4458; x_wconf 70' lang='lat' dir='ltr'><strong>condicionem</strong></span> <span class='ocrx_word' id='word_1_521' title='bbox 445 4407 515 4471; x_wconf 75' lang='lat' dir='ltr'><strong>Lgta</strong></span> <span class='ocrx_word' id='word_1_522' title='bbox 527 4408 561 4457; x_wconf 93' lang='lat' dir='ltr'><strong>V:</strong></span> <span class='ocrx_word' id='word_1_523' title='bbox 580 4407 734 4458; x_wconf 68' lang='lat' dir='ltr'><strong>concremes</strong></span> <span class='ocrx_word' id='word_1_524' title='bbox 749 4406 806 4458; x_wconf 91' lang='lat' dir='ltr'><strong>rell.</strong></span> <span class='ocrx_word' id='word_1_525' title='bbox 825 4408 854 4457; x_wconf 90' lang='lat'><strong>0.</strong></span> <span class='ocrx_word' id='word_1_526' title='bbox 870 4434 898 4444; x_wconf 91' lang='lat'><em>-</em></span> <span class='ocrx_word' id='word_1_527' title='bbox 918 4407 958 4459; x_wconf 85' lang='grc'><strong>44.</strong></span> <span class='ocrx_word' id='word_1_528' title='bbox 977 4410 1090 4472; x_wconf 74' lang='lat' dir='ltr'><strong>ceperim</strong></span> <span class='ocrx_word' id='word_1_529' title='bbox 1106 4424 1146 4471; x_wconf 76' lang='lat' dir='ltr'><strong>cp:</strong></span> <span class='ocrx_word' id='word_1_530' title='bbox 1165 4409 1290 4471; x_wconf 73' lang='lat' dir='ltr'><strong>despectio</strong></span> <span class='ocrx_word' id='word_1_531' title='bbox 1300 4409 1336 4468; x_wconf 77' lang='lat' dir='ltr'><strong>V:</strong></span> <span class='ocrx_word' id='word_1_532' title='bbox 1355 4411 1462 4464; x_wconf 70' lang='lat' dir='ltr'><strong>dolrem</strong></span> <span class='ocrx_word' id='word_1_533' title='bbox 1475 4412 1544 4477; x_wconf 72' lang='lat' dir='ltr'><strong>:gia</strong></span> 
     </span>
     <span class='ocr_line' id='line_1_44' title="bbox 210 4480 1545 4547; baseline 0.003 -13"><span class='ocrx_word' id='word_1_534' title='bbox 210 4481 284 4534; x_wconf 82' lang='lat' dir='ltr'>Nol.</span> <span class='ocrx_word' id='word_1_535' title='bbox 302 4483 329 4534; x_wconf 94' lang='lat' dir='ltr'><strong>in</strong></span> <span class='ocrx_word' id='word_1_536' title='bbox 345 4495 429 4546; x_wconf 87' lang='lat' dir='ltr'><strong>marg.</strong></span> <span class='ocrx_word' id='word_1_537' title='bbox 451 4481 528 4543; x_wconf 77' lang='lat' dir='ltr'><strong>t58l3</strong></span> <span class='ocrx_word' id='word_1_538' title='bbox 547 4483 665 4546; x_wconf 58' lang='lat' dir='ltr'><strong>&amp;portur</strong></span> <span class='ocrx_word' id='word_1_539' title='bbox 680 4480 737 4533; x_wconf 89' lang='lat' dir='ltr'><strong>rell.</strong></span> <span class='ocrx_word' id='word_1_540' title='bbox 758 4483 787 4534; x_wconf 93' lang='lat'><strong>0.</strong></span> <span class='ocrx_word' id='word_1_541' title='bbox 806 4509 835 4520; x_wconf 93' lang='lat'><em>-</em></span> <span class='ocrx_word' id='word_1_542' title='bbox 855 4483 921 4534; x_wconf 75' lang='lat' dir='ltr'><strong>Leito</strong></span> <span class='ocrx_word' id='word_1_543' title='bbox 938 4482 1015 4547; x_wconf 68' lang='lat' dir='ltr'><strong>Lgid.</strong></span> <span class='ocrx_word' id='word_1_544' title='bbox 1037 4511 1064 4522; x_wconf 87' lang='lat'>—</span> <span class='ocrx_word' id='word_1_545' title='bbox 1084 4487 1124 4536; x_wconf 81' lang='lat' dir='ltr'><strong>ld.</strong></span> <span class='ocrx_word' id='word_1_546' title='bbox 1143 4490 1178 4536; x_wconf 86' lang='lat' dir='ltr'><strong>cst</strong></span> <span class='ocrx_word' id='word_1_547' title='bbox 1192 4497 1234 4536; x_wconf 77' lang='lat' dir='ltr'><strong>res</strong></span> <span class='ocrx_word' id='word_1_548' title='bbox 1250 4484 1328 4547; x_wconf 70' lang='lat' dir='ltr'><strong>Lgit.</strong></span> <span class='ocrx_word' id='word_1_549' title='bbox 1354 4511 1380 4520; x_wconf 93' lang='lat'><em>-</em></span> <span class='ocrx_word' id='word_1_550' title='bbox 1409 4485 1450 4536; x_wconf 87' lang='grc'><strong>48.</strong></span> <span class='ocrx_word' id='word_1_551' title='bbox 1467 4488 1545 4538; x_wconf 69' lang='lat' dir='ltr'><strong>osuii</strong></span> 
     </span>
     <span class='ocr_line' id='line_1_45' title="bbox 211 4557 1542 4624; baseline 0.005 -16"><span class='ocrx_word' id='word_1_552' title='bbox 211 4557 294 4621; x_wconf 73' lang='lat' dir='ltr'><strong>Lgttl3</strong></span> <span class='ocrx_word' id='word_1_553' title='bbox 312 4569 372 4607; x_wconf 82' lang='lat' dir='ltr'><strong>uere</strong></span> <span class='ocrx_word' id='word_1_554' title='bbox 388 4558 419 4608; x_wconf 93' lang='lat' dir='ltr'>V.</span> <span class='ocrx_word' id='word_1_555' title='bbox 440 4581 467 4594; x_wconf 94' lang='lat'>-</span> <span class='ocrx_word' id='word_1_556' title='bbox 495 4557 540 4608; x_wconf 86' lang='lat' dir='ltr'><strong>iiio</strong></span> <span class='ocrx_word' id='word_1_557' title='bbox 557 4563 580 4608; x_wconf 82' lang='lat' dir='ltr'><strong>et</strong></span> <span class='ocrx_word' id='word_1_558' title='bbox 596 4559 616 4608; x_wconf 93' lang='lat'>0</span> <span class='ocrx_word' id='word_1_559' title='bbox 634 4561 725 4608; x_wconf 86' lang='lat' dir='ltr'><strong>contra</strong></span> <span class='ocrx_word' id='word_1_560' title='bbox 742 4559 820 4610; x_wconf 91' lang='lat' dir='ltr'><strong>codd.</strong></span> <span class='ocrx_word' id='word_1_561' title='bbox 842 4586 869 4596; x_wconf 98' lang='lat'>-</span> <span class='ocrx_word' id='word_1_562' title='bbox 889 4559 1033 4623; x_wconf 70' lang='lat' dir='ltr'><strong>cdflrosooii</strong></span> <span class='ocrx_word' id='word_1_563' title='bbox 1049 4560 1080 4610; x_wconf 94' lang='lat' dir='ltr'>V.</span> <span class='ocrx_word' id='word_1_564' title='bbox 1101 4586 1129 4597; x_wconf 95' lang='lat'>-</span> <span class='ocrx_word' id='word_1_565' title='bbox 1149 4560 1189 4610; x_wconf 84' lang='grc'><strong>49.</strong></span> <span class='ocrx_word' id='word_1_566' title='bbox 1208 4560 1244 4610; x_wconf 86' lang='lat' dir='ltr'><strong>od</strong></span> <span class='ocrx_word' id='word_1_567' title='bbox 1258 4559 1397 4622; x_wconf 82' lang='lat' dir='ltr'><strong>Apronium</strong></span> <span class='ocrx_word' id='word_1_568' title='bbox 1413 4561 1542 4624; x_wconf 76' lang='lat' dir='ltr'><strong>Nle:</strong></span> 
     </span>
     <span class='ocr_line' id='line_1_46' title="bbox 210 4629 1541 4700; baseline 0.003 -18"><span class='ocrx_word' id='word_1_569' title='bbox 210 4631 320 4694; x_wconf 79' lang='lat' dir='ltr'><strong>Apronio</strong></span> <span class='ocrx_word' id='word_1_570' title='bbox 336 4629 384 4681; x_wconf 87' lang='lat' dir='ltr'><strong>dtt.</strong></span> <span class='ocrx_word' id='word_1_571' title='bbox 399 4658 427 4668; x_wconf 96' lang='lat'><em>-</em></span> <span class='ocrx_word' id='word_1_572' title='bbox 445 4633 487 4682; x_wconf 70' lang='grc'><strong>44.</strong></span> <span class='ocrx_word' id='word_1_573' title='bbox 506 4633 604 4698; x_wconf 77' lang='lat' dir='ltr'><strong>odrigo.</strong></span> <span class='ocrx_word' id='word_1_574' title='bbox 624 4633 654 4683; x_wconf 90' lang='lat' dir='ltr'>V.</span> <span class='ocrx_word' id='word_1_575' title='bbox 675 4655 703 4668; x_wconf 89' lang='lat'><em>-</em></span> <span class='ocrx_word' id='word_1_576' title='bbox 728 4634 773 4684; x_wconf 87' lang='lat' dir='ltr'><strong>boc</strong></span> <span class='ocrx_word' id='word_1_577' title='bbox 789 4632 858 4697; x_wconf 69' lang='lat' dir='ltr'><strong>Lgli</strong></span> <span class='ocrx_word' id='word_1_578' title='bbox 869 4635 891 4684; x_wconf 84' lang='lat' dir='ltr'>N</span> <span class='ocrx_word' id='word_1_579' title='bbox 900 4634 935 4684; x_wconf 90' lang='lat' dir='ltr'><strong>V:</strong></span> <span class='ocrx_word' id='word_1_580' title='bbox 954 4647 1007 4685; x_wconf 91' lang='lat' dir='ltr'><strong>om.</strong></span> <span class='ocrx_word' id='word_1_581' title='bbox 1026 4636 1071 4685; x_wconf 89' lang='lat' dir='ltr'><strong>ctt.</strong></span> <span class='ocrx_word' id='word_1_582' title='bbox 1092 4661 1119 4672; x_wconf 93' lang='lat'>-</span> <span class='ocrx_word' id='word_1_583' title='bbox 1138 4633 1179 4684; x_wconf 75' lang='lat'>23.</span> <span class='ocrx_word' id='word_1_584' title='bbox 1198 4634 1397 4686; x_wconf 69' lang='lat' dir='ltr'><strong>decumanam</strong></span> <span class='ocrx_word' id='word_1_585' title='bbox 1414 4634 1492 4700; x_wconf 71' lang='lat' dir='ltr'><strong>Lgit.</strong></span> <span class='ocrx_word' id='word_1_586' title='bbox 1513 4661 1541 4674; x_wconf 88' lang='lat'><em>-</em></span> 
     </span>
     <span class='ocr_line' id='line_1_47' title="bbox 210 4706 1544 4776; baseline 0.004 -17"><span class='ocrx_word' id='word_1_587' title='bbox 210 4707 251 4759; x_wconf 72' lang='lat'>24.</span> <span class='ocrx_word' id='word_1_588' title='bbox 271 4706 402 4756; x_wconf 69' lang='lat' dir='ltr'><strong>mdudtur</strong></span> <span class='ocrx_word' id='word_1_589' title='bbox 419 4719 437 4755; x_wconf 86' lang='lat' dir='ltr'><strong>o</strong></span> <span class='ocrx_word' id='word_1_590' title='bbox 457 4706 554 4756; x_wconf 80' lang='lat' dir='ltr'><strong>Veneris</strong></span> <span class='ocrx_word' id='word_1_591' title='bbox 575 4719 652 4770; x_wconf 83' lang='lat' dir='ltr'><strong>usquc</strong></span> <span class='ocrx_word' id='word_1_592' title='bbox 676 4708 738 4758; x_wconf 83' lang='lat' dir='ltr'><strong>odeo</strong></span> <span class='ocrx_word' id='word_1_593' title='bbox 755 4707 823 4771; x_wconf 77' lang='lat' dir='ltr'><strong>Lgta</strong></span> <span class='ocrx_word' id='word_1_594' title='bbox 840 4721 865 4772; x_wconf 92' lang='lat' dir='ltr'>p.</span> <span class='ocrx_word' id='word_1_595' title='bbox 885 4719 921 4758; x_wconf 93' lang='lat' dir='ltr'><strong>m.</strong></span> <span class='ocrx_word' id='word_1_596' title='bbox 952 4735 979 4745; x_wconf 82' lang='grc'>-</span> <span class='ocrx_word' id='word_1_597' title='bbox 1005 4710 1105 4761; x_wconf 66' lang='lat' dir='ltr'><strong>meet.</strong></span> <span class='ocrx_word' id='word_1_598' title='bbox 1124 4710 1155 4760; x_wconf 91' lang='lat' dir='ltr'><strong>V.</strong></span> <span class='ocrx_word' id='word_1_599' title='bbox 1176 4737 1203 4748; x_wconf 89' lang='lat'>-</span> <span class='ocrx_word' id='word_1_600' title='bbox 1222 4711 1263 4761; x_wconf 72' lang='grc'><strong>45.</strong></span> <span class='ocrx_word' id='word_1_601' title='bbox 1280 4713 1436 4762; x_wconf 72' lang='lat' dir='ltr'><strong>emendum</strong></span> <span class='ocrx_word' id='word_1_602' title='bbox 1452 4724 1544 4776; x_wconf 80' lang='lat' dir='ltr'><strong>margo</strong></span> 
     </span>
     <span class='ocr_line' id='line_1_48' title="bbox 210 4779 1543 4848; baseline 0.001 -14"><span class='ocrx_word' id='word_1_603' title='bbox 210 4782 304 4834; x_wconf 90' lang='lat' dir='ltr'><strong>Lemb.</strong></span> <span class='ocrx_word' id='word_1_604' title='bbox 323 4779 387 4831; x_wconf 84' lang='grc'><strong>4584</strong></span> <span class='ocrx_word' id='word_1_605' title='bbox 406 4781 445 4846; x_wconf 82' lang='lat' dir='ltr'><strong>(ex</strong></span> <span class='ocrx_word' id='word_1_606' title='bbox 463 4783 514 4844; x_wconf 73' lang='lat' dir='ltr'><strong>ot)</strong></span> <span class='ocrx_word' id='word_1_607' title='bbox 537 4780 614 4845; x_wconf 91' lang='lat' dir='ltr'><strong>prob.</strong></span> <span class='ocrx_word' id='word_1_608' title='bbox 632 4782 762 4834; x_wconf 89' lang='lat' dir='ltr'><strong>Wesenh.</strong></span> <span class='ocrx_word' id='word_1_609' title='bbox 780 4783 813 4834; x_wconf 90' lang='lat' dir='ltr'><strong>ed</strong></span> <span class='ocrx_word' id='word_1_610' title='bbox 831 4783 973 4834; x_wconf 70' lang='lat' dir='ltr'><strong>Sestiacum</strong></span> <span class='ocrx_word' id='word_1_611' title='bbox 989 4797 1015 4848; x_wconf 86' lang='lat' dir='ltr'>p.</span> <span class='ocrx_word' id='word_1_612' title='bbox 1028 4785 1078 4837; x_wconf 75' lang='lat'><strong>24:</strong></span> <span class='ocrx_word' id='word_1_613' title='bbox 1095 4785 1223 4836; x_wconf 79' lang='lat' dir='ltr'><strong>eormredo</strong></span> <span class='ocrx_word' id='word_1_614' title='bbox 1239 4784 1322 4848; x_wconf 60' lang='lat' dir='ltr'><strong>Lair:</strong></span> <span class='ocrx_word' id='word_1_615' title='bbox 1338 4785 1495 4848; x_wconf 68' lang='lat' dir='ltr'><strong>pertundus</strong></span> <span class='ocrx_word' id='word_1_616' title='bbox 1511 4786 1543 4848; x_wconf 74' lang='lat' dir='ltr'><strong>V:</strong></span> 
     </span>
     <span class='ocr_line' id='line_1_49' title="bbox 211 4853 1542 4923; baseline 0.004 -16"><span class='ocrx_word' id='word_1_617' title='bbox 211 4857 337 4908; x_wconf 72' lang='lat' dir='ltr'><strong>comoedo</strong></span> <span class='ocrx_word' id='word_1_618' title='bbox 352 4853 408 4906; x_wconf 89' lang='lat' dir='ltr'><strong>rell.</strong></span> <span class='ocrx_word' id='word_1_619' title='bbox 427 4856 457 4907; x_wconf 91' lang='lat'><strong>0.</strong></span> <span class='ocrx_word' id='word_1_620' title='bbox 475 4855 509 4907; x_wconf 86' lang='lat' dir='ltr'><strong>ct.</strong></span> <span class='ocrx_word' id='word_1_621' title='bbox 528 4856 612 4907; x_wconf 86' lang='lat' dir='ltr'><strong>Hand.</strong></span> <span class='ocrx_word' id='word_1_622' title='bbox 632 4857 757 4908; x_wconf 85' lang='lat' dir='ltr'><strong>Turs.11.</strong></span> <span class='ocrx_word' id='word_1_623' title='bbox 775 4871 801 4922; x_wconf 91' lang='lat' dir='ltr'>p.</span> <span class='ocrx_word' id='word_1_624' title='bbox 821 4859 877 4908; x_wconf 77' lang='lat' dir='ltr'><strong>idi.</strong></span> <span class='ocrx_word' id='word_1_625' title='bbox 897 4857 955 4908; x_wconf 90' lang='lat' dir='ltr'><strong>coll.</strong></span> <span class='ocrx_word' id='word_1_626' title='bbox 974 4871 1001 4922; x_wconf 90' lang='lat' dir='ltr'>p.</span> <span class='ocrx_word' id='word_1_627' title='bbox 1021 4860 1077 4912; x_wconf 84' lang='grc'><strong>400.</strong></span> <span class='ocrx_word' id='word_1_628' title='bbox 1097 4887 1126 4896; x_wconf 94' lang='grc'>-</span> <span class='ocrx_word' id='word_1_629' title='bbox 1146 4875 1164 4911; x_wconf 89' lang='lat' dir='ltr'><strong>o</strong></span> <span class='ocrx_word' id='word_1_630' title='bbox 1176 4860 1232 4923; x_wconf 71' lang='lat' dir='ltr'><strong>pai.</strong></span> <span class='ocrx_word' id='word_1_631' title='bbox 1251 4858 1335 4923; x_wconf 71' lang='lat' dir='ltr'><strong>egis:</strong></span> <span class='ocrx_word' id='word_1_632' title='bbox 1354 4857 1494 4920; x_wconf 71' lang='lat' dir='ltr'><strong>spumeo</strong></span> <span class='ocrx_word' id='word_1_633' title='bbox 1510 4860 1542 4912; x_wconf 96' lang='lat' dir='ltr'><strong>V.</strong></span> 
     </span>
     <span class='ocr_line' id='line_1_50' title="bbox 214 4930 1543 5000; baseline 0.003 -18"><span class='ocrx_word' id='word_1_634' title='bbox 214 4958 241 4966; x_wconf 93' lang='lat'>—</span> <span class='ocrx_word' id='word_1_635' title='bbox 260 4931 302 4982; x_wconf 75' lang='grc'><strong>46.</strong></span> <span class='ocrx_word' id='word_1_636' title='bbox 320 4935 444 4982; x_wconf 81' lang='lat' dir='ltr'><strong>statueret</strong></span> <span class='ocrx_word' id='word_1_637' title='bbox 459 4945 492 4992; x_wconf 87' lang='grc' dir='ltr'><strong>φ.</strong></span> <span class='ocrx_word' id='word_1_638' title='bbox 508 4955 535 4966; x_wconf 90' lang='grc'>-</span> <span class='ocrx_word' id='word_1_639' title='bbox 551 4930 700 4982; x_wconf 79' lang='lat' dir='ltr'><strong>recubuisset</strong></span> <span class='ocrx_word' id='word_1_640' title='bbox 717 4932 784 4994; x_wconf 74' lang='lat' dir='ltr'><strong>ch:</strong></span> <span class='ocrx_word' id='word_1_641' title='bbox 802 4931 952 4982; x_wconf 71' lang='lat' dir='ltr'><strong>meubuisrct</strong></span> <span class='ocrx_word' id='word_1_642' title='bbox 963 4936 1008 4984; x_wconf 88' lang='lat' dir='ltr'><strong>ott.</strong></span> <span class='ocrx_word' id='word_1_643' title='bbox 1022 4935 1052 4985; x_wconf 88' lang='lat'><strong>0.</strong></span> <span class='ocrx_word' id='word_1_644' title='bbox 1070 4936 1215 5000; x_wconf 82' lang='lat' dir='ltr'><strong>Utrumque</strong></span> <span class='ocrx_word' id='word_1_645' title='bbox 1232 4949 1281 5000; x_wconf 90' lang='lat' dir='ltr'><strong>per</strong></span> <span class='ocrx_word' id='word_1_646' title='bbox 1298 4947 1328 4986; x_wconf 88' lang='lat' dir='ltr'><strong>se</strong></span> <span class='ocrx_word' id='word_1_647' title='bbox 1346 4936 1420 4986; x_wconf 88' lang='lat' dir='ltr'><strong>recte</strong></span> <span class='ocrx_word' id='word_1_648' title='bbox 1437 4933 1543 4986; x_wconf 85' lang='lat' dir='ltr'><strong>dicitur.</strong></span> 
     </span>
     <span class='ocr_line' id='line_1_51' title="bbox 212 5003 1541 5071; baseline 0.002 -16"><span class='ocrx_word' id='word_1_649' title='bbox 212 5005 245 5056; x_wconf 89' lang='lat' dir='ltr'><strong>cl.</strong></span> <span class='ocrx_word' id='word_1_650' title='bbox 264 5003 346 5055; x_wconf 87' lang='lat' dir='ltr'><strong>Pleut.</strong></span> <span class='ocrx_word' id='word_1_651' title='bbox 365 5007 436 5058; x_wconf 84' lang='lat' dir='ltr'><strong>Asin.</strong></span> <span class='ocrx_word' id='word_1_652' title='bbox 455 5007 485 5057; x_wconf 92' lang='lat' dir='ltr'><strong>V.</strong></span> <span class='ocrx_word' id='word_1_653' title='bbox 505 5008 530 5069; x_wconf 94' lang='grc'><strong>4,</strong></span> <span class='ocrx_word' id='word_1_654' title='bbox 549 5007 571 5057; x_wconf 94' lang='grc'><strong>4.</strong></span> <span class='ocrx_word' id='word_1_655' title='bbox 599 5007 679 5058; x_wconf 91' lang='lat' dir='ltr'><strong>Stich.</strong></span> <span class='ocrx_word' id='word_1_656' title='bbox 697 5008 729 5058; x_wconf 91' lang='lat' dir='ltr'><strong>V.</strong></span> <span class='ocrx_word' id='word_1_657' title='bbox 749 5009 772 5065; x_wconf 85' lang='grc'><strong>4.</strong></span> <span class='ocrx_word' id='word_1_658' title='bbox 792 5007 816 5058; x_wconf 89' lang='grc'><strong>6.</strong></span> <span class='ocrx_word' id='word_1_659' title='bbox 843 5008 952 5058; x_wconf 77' lang='lat' dir='ltr'><strong>Marcet.</strong></span> <span class='ocrx_word' id='word_1_660' title='bbox 969 5009 990 5058; x_wconf 96' lang='lat' dir='ltr'>l.</span> <span class='ocrx_word' id='word_1_661' title='bbox 1009 5009 1034 5071; x_wconf 88' lang='grc'><strong>4,</strong></span> <span class='ocrx_word' id='word_1_662' title='bbox 1052 5008 1093 5060; x_wconf 81' lang='grc'><strong>98.</strong></span> <span class='ocrx_word' id='word_1_663' title='bbox 1119 5010 1180 5061; x_wconf 85' lang='lat' dir='ltr'><strong>Ter.</strong></span> <span class='ocrx_word' id='word_1_664' title='bbox 1203 5009 1310 5061; x_wconf 86' lang='lat' dir='ltr'><strong>Phorm.</strong></span> <span class='ocrx_word' id='word_1_665' title='bbox 1328 5010 1359 5059; x_wconf 93' lang='lat' dir='ltr'><strong>ll.</strong></span> <span class='ocrx_word' id='word_1_666' title='bbox 1378 5009 1403 5069; x_wconf 80' lang='lat'><strong>2,</strong></span> <span class='ocrx_word' id='word_1_667' title='bbox 1422 5007 1463 5060; x_wconf 76' lang='lat'><strong>28.</strong></span> <span class='ocrx_word' id='word_1_668' title='bbox 1483 5007 1541 5059; x_wconf 89' lang='lat' dir='ltr'><strong>coll.</strong></span> 
     </span>
     <span class='ocr_line' id='line_1_52' title="bbox 212 5080 1541 5149; baseline 0.003 -17"><span class='ocrx_word' id='word_1_669' title='bbox 212 5081 284 5132; x_wconf 81' lang='lat' dir='ltr'><strong>Suet.</strong></span> <span class='ocrx_word' id='word_1_670' title='bbox 303 5080 359 5132; x_wconf 86' lang='lat' dir='ltr'><strong>Tib.</strong></span> <span class='ocrx_word' id='word_1_671' title='bbox 378 5083 419 5132; x_wconf 76' lang='lat'>72.</span> <span class='ocrx_word' id='word_1_672' title='bbox 437 5083 511 5134; x_wconf 83' lang='lat' dir='ltr'><strong>Foro.</strong></span> <span class='ocrx_word' id='word_1_673' title='bbox 530 5093 552 5132; x_wconf 90' lang='lat' dir='ltr'><strong>s.</strong></span> <span class='ocrx_word' id='word_1_674' title='bbox 569 5096 596 5132; x_wconf 86' lang='lat' dir='ltr'><strong>r.</strong></span> <span class='ocrx_word' id='word_1_675' title='bbox 614 5082 738 5134; x_wconf 80' lang='lat' dir='ltr'><strong>recumbe.</strong></span> <span class='ocrx_word' id='word_1_676' title='bbox 755 5081 883 5133; x_wconf 82' lang='lat' dir='ltr'><strong>Wesenh.</strong></span> <span class='ocrx_word' id='word_1_677' title='bbox 902 5082 919 5134; x_wconf 92' lang='grc'><strong>1.</strong></span> <span class='ocrx_word' id='word_1_678' title='bbox 937 5081 954 5134; x_wconf 89' lang='lat' dir='ltr'>l.</span> <span class='ocrx_word' id='word_1_679' title='bbox 972 5082 1056 5134; x_wconf 81' lang='lat' dir='ltr'><strong>recab.</strong></span> <span class='ocrx_word' id='word_1_680' title='bbox 1074 5085 1199 5149; x_wconf 75' lang='lat' dir='ltr'><strong>praeterr.</strong></span> <span class='ocrx_word' id='word_1_681' title='bbox 1219 5109 1247 5122; x_wconf 96' lang='lat'>-</span> <span class='ocrx_word' id='word_1_682' title='bbox 1268 5085 1310 5135; x_wconf 77' lang='lat'>27.</span> <span class='ocrx_word' id='word_1_683' title='bbox 1327 5082 1447 5136; x_wconf 70' lang='lat' dir='ltr'><strong>mdeste</strong></span> <span class='ocrx_word' id='word_1_684' title='bbox 1463 5081 1541 5148; x_wconf 77' lang='lat' dir='ltr'><strong>egis.</strong></span> 
     </span>
     <span class='ocr_line' id='line_1_53' title="bbox 215 5155 1153 5222; baseline 0.001 -12"><span class='ocrx_word' id='word_1_685' title='bbox 215 5183 243 5194; x_wconf 83' lang='lat'><strong>-</strong></span> <span class='ocrx_word' id='word_1_686' title='bbox 260 5157 321 5210; x_wconf 81' lang='lat' dir='ltr'><strong>boec</strong></span> <span class='ocrx_word' id='word_1_687' title='bbox 337 5157 403 5221; x_wconf 85' lang='lat' dir='ltr'><strong>VN,</strong></span> <span class='ocrx_word' id='word_1_688' title='bbox 421 5155 525 5210; x_wconf 58' lang='lat' dir='ltr'><strong>brom.</strong></span> <span class='ocrx_word' id='word_1_689' title='bbox 544 5159 589 5210; x_wconf 88' lang='lat' dir='ltr'><strong>ctt.</strong></span> <span class='ocrx_word' id='word_1_690' title='bbox 611 5185 638 5196; x_wconf 93' lang='lat'>-</span> <span class='ocrx_word' id='word_1_691' title='bbox 656 5157 697 5210; x_wconf 76' lang='lat'><strong>28.</strong></span> <span class='ocrx_word' id='word_1_692' title='bbox 714 5157 789 5222; x_wconf 75' lang='lat' dir='ltr'><strong>uolgo</strong></span> <span class='ocrx_word' id='word_1_693' title='bbox 806 5157 836 5209; x_wconf 92' lang='lat' dir='ltr'><strong>V.</strong></span> <span class='ocrx_word' id='word_1_694' title='bbox 856 5184 884 5197; x_wconf 92' lang='lat'><strong>·-</strong></span> <span class='ocrx_word' id='word_1_695' title='bbox 902 5157 944 5210; x_wconf 80' lang='lat'><strong>29.</strong></span> <span class='ocrx_word' id='word_1_696' title='bbox 962 5158 1107 5211; x_wconf 72' lang='lat' dir='ltr'><strong>uenenum</strong></span> <span class='ocrx_word' id='word_1_697' title='bbox 1123 5161 1153 5212; x_wconf 91' lang='lat' dir='ltr'><strong>V.</strong></span> 
     </span>
    </p>
   </div>
   <div class='ocr_carea' id='block_1_7' title="bbox 0 0 1836 5868">
    <p class='ocr_par' dir='ltr' id='par_1_7' title="bbox 0 0 1836 5868">
     <span class='ocr_line' id='line_1_54' title="bbox 0 0 1836 5868; baseline 0 0"><span class='ocrx_word' id='word_1_698' title='bbox 0 0 1836 5868; x_wconf 95' lang='lat' dir='ltr'><strong> </strong></span> 
     </span>
    </p>
   </div>
  </div>
 </body>
</html>
