3644 5874
343 393 405 460 724
749 390 900 457 ORATIO
921 393 1000 456 PRO
1022 392 1057 456 L.
1078 392 1243 457 nunaut

344 575 411 630 tum
433 563 510 628 mibi
524 563 638 637 fueris,
659 561 777 644 inquit,
799 570 847 626 tot
861 565 983 626 annosi
1005 562 1109 626 iorum
1124 581 1190 625 uon
1204 562 1366 644 attigeris?
1388 560 1502 626 alueris
1517 571 1591 626 tam
1618 562 1674 625 diu

344 668 393 734 et,
416 678 486 722 cum
507 659 600 739 longo
622 655 786 718 intervallo
808 657 950 731 veneris,
980 656 1138 731 cumbis,
1169 656 1222 740 qui
1251 655 1285 717 in
1306 654 1374 718 foro
1403 655 1601 730 habitarint,
1633 656 1672 719 de

344 754 496 835 dignitate
515 750 729 814 contendas‘ls
755 750 891 812 Primum
907 750 967 814 ista
982 757 1090 812 nostra
1112 748 1289 824 assiduitas,
1312 749 1417 823 Servi,
1439 750 1544 814 nescis
1566 768 1673 832 quan·

343 855 409 910 tum
431 845 588 909 interdum
608 844 718 906 afferat
737 843 918 907 hominibus
936 841 1076 916 fastidii,
1108 849 1258 927 quantum
1287 843 1448 906 satietatis.
1491 842 1574 905 blibi
1599 843 1672 926 qui·

320 941 415 1003 odem
436 939 638 1003 vehementer
660 937 802 1020 expediit
822 938 957 1020 positam
979 939 1012 1000 in
1034 937 1133 1000 oculis
1150 956 1219 999 csse
1234 935 1386 1016 gratiam:
1408 935 1464 1001 sed
1479 943 1593 999 umen
1609 955 1670 1018 ego

343 1035 405 1097 mci
427 1033 601 1097 satietatem
622 1051 734 1113 magno
757 1051 827 1094 meo
849 1032 955 1095 labore
978 1034 1140 1115 superavi,
1169 1039 1200 1095 et
1221 1041 1255 1094 tu
1277 1033 1352 1093 item
1374 1031 1523 1095 fortasse:
1551 1048 1670 1092 verum

343 1138 447 1192 tamen
468 1127 595 1209 utrique
617 1132 759 1188 nostrum
774 1125 967 1188 desiderium
982 1127 1061 1190 nibil
1076 1125 1242 1192 obfuisset.
1275 1121 1325 1188 22.
1342 1125 1404 1188 Sed
1419 1133 1455 1188 ut
1466 1124 1527 1188 boc
1541 1123 1669 1187 omisso

343 1222 383 1285 ad
405 1221 580 1285 studiorum
602 1225 699 1303 atque
721 1219 834 1282 artium
856 1221 1089 1284 contentionem
1104 1227 1314 1294 revertamur,
1337 1221 1390 1302 qui
1405 1227 1508 1304 potest
1521 1218 1669 1280 dubitari

343 1315 421 1399 quin
442 1313 482 1378 ad
504 1313 700 1376 consulatum
721 1312 958 1395 adipiscendum
984 1314 1083 1376 multo
1105 1315 1178 1396 plus
1199 1314 1308 1375 afferat
1329 1312 1489 1394 dignitatis
1510 1314 1559 1375 rei
1583 1311 1671 1373 mili-

306 1409 416 1472 rotaris
439 1427 534 1490 quam
555 1407 634 1469 iuris
657 1406 758 1469 civilis
781 1406 904 1487 gloria?
937 1407 1056 1488 Vigilas
1077 1415 1111 1470 ιιι
1134 1406 1173 1469 de
1197 1413 1307 1480 nocte,
1332 1413 1369 1468 ιιι
1389 1407 1451 1469 tuis
1472 1405 1669 1470 consultori-

342 1502 401 1564 bus
422 1499 633 1583 respondeas,
654 1499 724 1573 ille,
746 1507 781 1562 ut
802 1519 839 1562 eo
862 1520 926 1583 quo
947 1501 1082 1565 intendit
1102 1507 1224 1564 mature
1239 1521 1310 1563 cum
1325 1500 1465 1563 exercitu
1479 1500 1666 1582 perveniat:

342 1605 374 1658 te
402 1594 571 1678 gallorum,
600 1593 691 1672 illum
719 1593 903 1656 bucinarum
925 1601 1034 1658 cantus
1057 1594 1244 1658 exsuscitat:
1273 1601 1307 1657 tu
1329 1595 1483 1658 actionem
1507 1594 1665 1666 instituis,

342 1689 396 1752 illc
418 1689 516 1753 aciem
536 1687 679 1750 instruit:
702 1694 735 1751 tu
758 1706 850 1750 caves
872 1707 913 1749 ne
935 1689 982 1751 tui
1005 1690 1219 1763 consultores,
1241 1687 1294 1750 ille
1316 1707 1356 1750 ne
1378 1687 1472 1750 urbes
1488 1695 1543 1751 aut
1558 1695 1666 1750 castra

342 1783 522 1866 capiantur:
544 1780 598 1843 ille
620 1789 707 1844 tenet
729 1789 761 1844 et
782 1781 840 1844 scit
861 1788 897 1843 ιιι
917 1781 1056 1845 hostium
1077 1783 1208 1865 copiae,
1229 1790 1264 1846 ιιι
1286 1789 1322 1844 ut
1342 1799 1444 1864 aquae
1465 1781 1593 1864 pluviae
1615 1800 1667 1844 ar·

306 1882 489 1939 taceantur:
522 1873 575 1936 ille
605 1874 792 1938 exercitatus
823 1882 872 1937 est
904 1875 937 1936 in
967 1875 1176 1961 propagandis
1205 1872 1336 1949 finibus,
1370 1883 1405 1937 tu
1436 1875 1470 1938 in
1501 1874 1663 1957 regendis.

342 1970 383 2032 X.
404 1971 449 2032 Ac
470 1967 617 2031 nimirum
638 1999 680 2016 -
702 1966 870 2030 dicendum
892 1977 940 2030 est
961 1971 1045 2032 enim
1067 1971 1153 2054 quod
1166 1970 1270 2033 sentio
1285 2002 1326 2016 -
1341 1969 1389 2032 rei
1403 1968 1545 2031 militaris
1560 1969 1663 2030 vimus

342 2069 481 2145 praestat
501 2062 613 2124 ceteris
635 2062 790 2126 omnibus.
832 2063 918 2126 llaec
940 2083 1055 2127 nomen
1077 2064 1195 2148 populo
1216 2065 1374 2136 Romano,
1394 2061 1474 2124 haec
1494 2061 1567 2124 huic
1589 2059 1662 2122 urbi

342 2163 501 2220 aeternam
523 2155 655 2237 gloriam
676 2157 815 2240 peperit,
837 2156 916 2220 baec
938 2157 1044 2220 orbem
1059 2164 1210 2220 terrarum
1227 2176 1336 2240 parere
1350 2155 1425 2218 huic
1439 2155 1572 2239 imperio
1587 2160 1662 2216 coe·

342 2251 402 2331 git:
433 2267 542 2311 omnes
571 2249 709 2312 urbanae
735 2269 801 2324 res,
817 2231 936 2321 (omnia
964 2251 1042 2313 hacc
1068 2259 1175 2314 nostra
1202 2250 1362 2333 praeclara
1388 2247 1494 2312 studia
1521 2256 1553 2311 et
1580 2248 1661 2310 haec

134 2413 143 2436 .
306 2342 476 2408 tolosensis
504 2343 572 2406 laus
599 2350 632 2405 et
660 2342 813 2406 industria
840 2329 994 2424 latent)in
1015 2344 1112 2408 tutela
1133 2364 1169 2407 ac
1189 2342 1347 2426 praesidio
1367 2342 1502 2406 bellicae
1523 2341 1658 2406 virtutis

126 2421 254 2489 f*
343 2437 444 2501 Simul
465 2443 559 2519 atque
580 2436 738 2518 increpuit
758 2431 896 2518 suspicio
918 2437 1088 2513 tumultus,
1110 2446 1192 2501 artes
1214 2437 1286 2500 ilico
1301 2442 1425 2500 nostrae
1440 2437 1658 2500 conticiscunt

428 2527 479 2594 23.
500 2529 540 2592 Et
560 2531 710 2612 quoniam
731 2529 809 2593 mibi
831 2531 947 2594 videris
969 2533 1060 2594 istam
1083 2530 1246 2594 scientiam
1261 2530 1338 2593 iuris
1353 2537 1513 2612 tamquam
1528 2526 1659 2592 filiolam

343 2623 479 2688 osculari
507 2633 610 2696 tuam,
638 2641 703 2685 non
732 2624 833 2707 patiar
861 2632 893 2688 te
923 2627 955 2688 in
986 2632 1072 2687 tanto
1094 2643 1201 2687 errore
1223 2624 1356 2698 versari,
1387 2631 1424 2686 ut
1444 2622 1528 2686 istud
1547 2620 1657 2684 nescio

343 2717 438 2801 quid,
459 2716 546 2799 quod
568 2721 654 2778 tanto
676 2735 771 2798 opere
791 2716 945 2792 didicisti,
968 2719 1163 2802 praeclarum
1177 2716 1298 2801 aliquid
1313 2736 1382 2780 esse
1397 2716 1557 2780 arbitrere.
1578 2714 1657 2777 Aliis

298 2817 402 2892 'aaego
423 2815 456 2871 te
478 2808 660 2881 virtuibus,
683 2809 913 2885 continentiae,
936 2811 1112 2894 gravitatis,
1135 2811 1291 2884 iustitiae,
1315 2808 1403 2884 fidei,
1426 2809 1538 2872 ceteris
1557 2807 1657 2871 omni·

342 2904 418 2979 bus,
440 2902 603 2965 consulatu
625 2909 656 2964 et
677 2903 763 2964 omni
784 2902 905 2968 honore
926 2924 1050 2987 semper
1065 2904 1282 2987 dignissimum
1297 2904 1445 2967 iudicavi.
1479 2903 1572 2978 Quod
1587 2900 1657 2984 qui-

342 2999 415 3062 dem
436 2998 486 3059 ius
507 2995 599 3061 civile
621 2995 774 3070 didicisti,
796 3016 861 3060 non
883 2997 998 3074 dicam,
1022 3019 1150 3081 operam
1172 2998 1350 3083 perdidisti,
1373 2999 1429 3060 sed
1447 2996 1527 3059 illud
1541 2995 1654 3066 dicam,

341 3092 460 3155 nullam
482 3109 552 3154 esse
574 3088 607 3152 in
628 3089 684 3152 illa
704 3089 869 3174 disciplina
891 3093 1041 3156 munitam
1062 3094 1103 3156 ad
1118 3093 1312 3156 consulatum
1325 3092 1417 3156 viam.
1439 3091 1557 3154 Omnes
1571 3089 1653 3152 enim

406 3299 429 3348 ι.
448 3299 483 3345 ιοι
498 3292 579 3355 inquii
594 3291 622 3342 E.
643 3315 670 3327 -
696 3295 826 3342 tolenno:
843 3293 920 3344 codd.
940 3295 1005 3356 Cic,
1024 3295 1087 3346 item
1105 3295 1164 3346 cod.
1183 3295 1257 3345 Goth.
1277 3297 1304 3344 et
1320 3297 1377 3344 Par.
1396 3294 1419 3344 2.
1439 3289 1601 3352 Quintiliani:
1621 3295 1655 3340 toi

339 3374 412 3424 anub
428 3368 505 3421 codd.
525 3364 581 3417 rell.
600 3365 715 3428 Quintil..
733 3370 759 3418 in
777 3367 873 3431 quibus
890 3374 925 3419 tot
940 3371 1013 3420 anub
1030 3371 1064 3420 ad
1081 3371 1218 3434 sequentia
1235 3367 1346 3420 relatum
1363 3373 1412 3418 est.
1439 3368 1519 3418 liceto
1541 3369 1595 3416 tum
1614 3365 1655 3415 di·

339 3449 445 3500 ceretur
461 3449 496 3494 tot
511 3442 584 3492 ausu
599 3441 616 3490 i.
636 3454 660 3492 e.
678 3441 745 3491 intra
763 3443 801 3492 tot
817 3455 914 3505 annos;
933 3445 982 3494 sed
998 3459 1083 3509 aeque
1095 3459 1188 3496 verum
1206 3447 1247 3495 est
1262 3445 1331 3506 opud
1346 3456 1428 3494 suere.
1444 3441 1656 3505 psuistoicoso:

338 3524 354 3572 i.
374 3535 398 3572 e.
416 3532 466 3584 per
487 3520 527 3567 ιοι
547 3528 639 3566 anuos.
666 3515 741 3576 Quod
765 3517 800 3567 ait
822 3518 1017 3582 Steinmetzius‚
1040 3517 1119 3571 etiani
1136 3522 1161 3571 in
1179 3519 1301 3571 omnbus
1318 3521 1389 3570 Parr.
1408 3520 1435 3568 et
1451 3515 1581 3567 bavaricis
1597 3515 1653 3564 Cic.

338 3593 475 3647 codicibus
491 3592 584 3643 reterri
600 3603 643 3641 vv.
657 3595 692 3641 tot
707 3605 787 3642 conos
802 3592 836 3642 ad
852 3597 1009 3656 sequentem
1026 3599 1199 3657 sententiam,
1217 3592 1311 3647 saltem
1328 3593 1362 3644 de
1378 3595 1405 3645 lt
1421 3589 1517 3642 fulsum
1533 3593 1581 3641 est
1603 3589 1654 3640 Ce-

321 3669 424 3720 'terum
441 3668 475 3719 ci.
493 3667 527 3717 de
543 3665 601 3716 loco
619 3665 698 3716 etiam
714 3666 841 3718 Wesenb.
860 3668 894 3718 ad
910 3670 1050 3721 Sestiacum
1066 3685 1093 3736 p.
1105 3672 1137 3722 96
1154 3674 1207 3722 not.
1223 3699 1250 3708 —
1267 3668 1359 3734 sonan]
1374 3681 1461 3720 correo
1471 3669 1501 3717 G.
1515 3693 1542 3702 -
1559 3664 1654 3727 clunis

337 3746 357 3794 G
369 3745 402 3804 L,
421 3741 480 3792 cod.
493 3741 585 3792 ambr.
597 3741 622 3790 t.
635 3739 755 3801 Quintil:
774 3743 883 3806 obfueris
898 3745 918 3794 Ε
930 3747 984 3796 ΜΟ
995 3760 1020 3796 v.
1036 3773 1064 3784 -
1082 3748 1171 3796 tandiu
1187 3747 1244 3796 GL.
1258 3773 1285 3781 -
1304 3747 1329 3795 9.
1347 3749 1371 3796 et
1386 3758 1403 3796 v
1416 3746 1443 3794 et
1460 3741 1539 3794 codd.
1552 3739 1650 3801 Quint:

334 3824 363 3868 at
378 3818 398 3868 E
411 3818 477 3879 Gli,
495 3818 511 3866 ιι
528 3817 591 3867 Qu.
606 3840 634 3853 -
652 3830 710 3867 cum
725 3822 779 3868 tom
794 3819 867 3883 longo
883 3819 962 3870 codd.
976 3822 1077 3882 Quint.;
1096 3835 1153 3872 cum
1168 3823 1241 3886 teugo
1255 3825 1310 3884 post
1321 3821 1374 3870 l'v.
1388 3845 1415 3855 -
1434 3831 1492 3868 cum
1507 3817 1545 3866 ti:
1560 3815 1612 3865 mci
1626 3814 1653 3864 et

336 3893 413 3944 codd.
433 3892 525 3956 optimi
547 3891 647 3952 Quint:
673 3907 731 3943 cum
751 3895 782 3944 iis
804 3896 862 3945 LO.
882 3921 909 3930 -
933 3895 1069 3946 babitus-im
1091 3898 1239 3957 thl'xv:
1266 3895 1411 3945 habiturust
1430 3893 1508 3944 ELO
1528 3895 1556 3942 et
1572 3888 1650 3941 codd.

335 3965 492 4029 Quintiliani.
512 3995 539 4004 —
557 3967 588 4016 dc
604 3979 656 4016 om.
675 3965 693 4019 a
710 3971 738 4018 et
754 3967 831 4019 codd.
849 3967 969 4033 plerique
987 3970 1073 4029 Quint.
1089 3998 1114 4008 -
1135 3972 1159 4020 3.
1177 3975 1264 4021 nostro
1280 3983 1374 4029 cmx.
1390 3995 1416 4004 -
1435 3967 1460 4018 l.
1477 3967 1531 4030 odf.
1549 3967 1605 4016 EG.
1619 3990 1649 4001 -

334 4045 358 4094 t.
377 4042 484 4106 etpediit
500 4043 531 4092 L:
551 4043 649 4105 cupedit
665 4044 735 4103 mci,
757 4044 772 4094 o
789 4045 852 4094 Oxx.
878 4069 904 4078 -
928 4043 951 4093 6.
970 4047 998 4092 tu
1013 4044 1071 4094 item
1087 4045 1181 4109 scripsi
1197 4059 1229 4095 er
1247 4043 1332 4094 Orellii
1349 4045 1518 4093 coniectura:
1541 4045 1569 4091 tu
1586 4041 1652 4090 ιάιιιι

334 4117 424 4179 codd,
442 4117 499 4168 LO.
514 4145 541 4154 —
554 4117 695 4180 tutorque
712 4119 741 4168 G.
757 4145 783 4154 -
798 4120 905 4182 opicum
921 4119 950 4168 G.
964 4145 991 4153 -
1004 4119 1049 4168 tec
1065 4121 1192 4170 conmisso
1208 4123 1237 4170 G.
1253 4145 1279 4154 -
1298 4119 1323 4170 8.
1335 4116 1449 4168 dubitare
1465 4117 1531 4178 mei,
1548 4115 1650 4174 sou.;

333 4193 390 4254 quis
406 4195 484 4254 potest
504 4190 617 4241 isauro
638 4191 698 4242 cod.
715 4193 840 4243 Memmii.
862 4221 888 4232 -·
917 4193 942 4243 9.
959 4207 1000 4244 rc:
1014 4194 1067 4245 mii.
1086 4195 1239 4258 ECilxsp.
1260 4220 1287 4230 -
1313 4193 1353 4243 til.
1374 4192 1552 4256 Vigiior--tu
1566 4191 1593 4240 iu
1607 4201 1653 4239 re-

332 4269 418 4332 pendis
441 4265 519 4316 alleri
543 4265 648 4326 Quintil.
667 4267 708 4317 lit.
727 4267 758 4328 3,
777 4267 808 4318 99
825 4275 876 4332 sq,
903 4267 999 4318 eadem
1020 4283 1063 4319 vv.
1084 4283 1169 4334 usque
1193 4270 1227 4321 ad
1244 4269 1378 4321 mutatui
1393 4267 1465 4319 idem
1481 4269 1523 4319 IX.
1540 4267 1571 4328 2,
1589 4264 1650 4324 ⁴⁰03

336 4343 452 4407 licitos-
463 4343 616 4404 -peomict
631 4342 784 4393 Rufinianus
802 4342 835 4393 de
852 4343 895 4407 lig.
909 4345 976 4392 scnt.
996 4342 1020 4406 Β.
1034 4343 1074 4393 37.
1090 4367 1117 4380 —
1136 4343 1342 4395 concitatoribus
1356 4339 1456 4405 aliquot
1471 4339 1550 4393 codd.
1563 4339 1651 4400 Quint.

333 4419 376 4468 lli.
395 4417 425 4478 3,
444 4417 485 4467 32.
505 4441 532 4452 —
551 4417 591 4467 tl.
609 4418 732 4467 cootmdit
749 4416 799 4480 (alii
816 4419 899 4479 tondit)
917 4415 996 4468 codd.
1016 4416 1135 4482 plerique
1152 4420 1238 4480 Quint.
1257 4420 1298 4470 IX.
1317 4419 1347 4479 2,
1364 4418 1426 4476 tilii:
1444 4423 1473 4468 ut
1487 4423 1586 4469 maim
1602 4426 1652 4477 quo

332 4493 436 4543 imeudit
451 4490 535 4542 liutin.
549 4515 576 4526 —
596 4492 637 4541 tt.
655 4491 803 4542 boeium
819 4493 916 4544 Giic:
935 4493 1029 4543 bocia
1048 4495 1162 4546 Esto.
1176 4521 1203 4531 —
1222 4496 1345 4546 suscitat
1360 4495 1452 4555 Eitv,
1470 4491 1548 4543 codd.
1561 4488 1650 4549 Quint.

335 4566 495 4632 complures.
514 4591 541 4601 -
564 4571 614 4616 oct.
632 4567 734 4618 instruis
750 4582 777 4627 χ.
798 4594 825 4604 -
845 4567 885 4617 ⁴3.
903 4581 935 4618 ac
950 4569 1098 4618 consultores
1119 4571 1155 4619 tui
1172 4569 1249 4621 codd.
1268 4570 1368 4630 Quint:
1390 4581 1421 4618 us
1437 4571 1465 4617 tu
1484 4564 1604 4616 comte:
1620 4563 1649 4612 G.

334 4669 367 4680 -
384 4641 424 4694 ll.
442 4645 506 4693 una
519 4645 550 4690 ut
563 4642 609 4691 scit
619 4642 648 4691 G.
663 4667 690 4678 -
709 4643 750 4692 tii.
768 4642 922 4693 mutatur
937 4642 1015 4694 codd.
1027 4641 1146 4708 plerique
1158 4646 1244 4705 Quint.
1260 4671 1287 4682 -
1306 4649 1380 4706 tuac
1393 4643 1441 4694 Ec
1450 4654 1504 4703 χι.
1524 4665 1550 4676 -
1569 4636 1611 4687 46.
1624 4640 1652 4685 at

333 4718 395 4767 uim.
413 4728 439 4766 v.
460 4742 488 4752 -
506 4714 546 4780 ti.
561 4717 682 4781 praesui]
697 4730 763 4780 pros
778 4719 807 4767 G.
824 4743 849 4754 -
869 4717 929 4768 boec
944 4731 998 4768 om.
1017 4721 1046 4769 G.
1068 4745 1095 4757 -·
1111 4719 1197 4782 popuii
1212 4721 1241 4768 ii.
1260 4719 1322 4770 GH.
1342 4742 1370 4755 -
1388 4711 1649 4780 baecluic1tuictit

335 4793 380 4842 lioc
396 4806 424 4853 χ.
444 4814 472 4827 -
491 4790 532 4842 ss.
549 4791 659 4854 pterim
674 4803 728 4842 om.
747 4793 776 4843 G.
795 4819 824 4828 —
842 4793 907 4856 cogit
923 4793 953 4844 C.
974 4817 1001 4830 ··
1019 4794 1059 4845 20.
1078 4794 1155 4844 ιαισιιι
1170 4802 1206 4859 ψ.
1227 4821 1255 4832 ·-
1272 4793 1314 4844 tl.
1331 4794 1433 4856 :captio
1449 4791 1532 4842 EGv.
1548 4814 1576 4825 -
1592 4785 1651 4835 ilico

324 4857 400 4918 dlv:
419 4867 474 4919 iiico
485 4868 518 4928 G;
535 4867 601 4918 itlico
612 4868 632 4917 Ε
643 4868 698 4918 to,
710 4894 738 4904 -
750 4873 847 4919 oestrus
857 4875 893 4933 ψ.
904 4893 931 4904 ·—
945 4869 1103 4919 conticiscunt
1113 4871 1146 4918 G:
1165 4868 1328 4918 conticescant
1342 4865 1399 4918 rell.
1412 4867 1439 4916 et
1449 4862 1509 4914 edd.
1529 4861 1568 4913 ci.
1581 4859 1648 4910 uait.

337 4940 372 4991 ad
388 4955 414 5005 p.
433 4942 474 5005 97,
493 4943 517 4992 t.
535 4942 592 5004 seo,
605 4941 646 4993 43.
661 4970 688 4979 -
706 4943 748 4995 22.
764 4944 798 4994 lit
808 4969 845 4982 --
855 4948 925 4994 tuom
941 4941 1017 4994 affert
1026 4945 1124 4993 Auctor
1140 4943 1256 4994 incertus
1272 4942 1298 4992 in
1314 4940 1412 4993 Anecd.
1426 4940 1507 4991 Paris.
1521 4937 1590 4988 rhet.
1603 4933 1648 4985 ed.

337 5016 426 5068 Eclrst.
437 5030 464 5081 p.
477 5017 514 5080 8.,
532 5018 577 5080 qui
593 5015 675 5067 habet
689 5019 753 5068 iacis
768 5021 894 5071 scientam
910 5019 937 5067 et
947 5017 1072 5080 coruptsoti
1084 5018 1149 5082 (tort
1164 5018 1245 5080 recte)
1257 5029 1306 5082 pro
1320 5015 1436 5069 omissi.
1452 5037 1478 5051 -
1497 5011 1539 5066 93.
1552 5017 1576 5062 te
1590 5009 1649 5058 ditt-

338 5090 387 5143 tiu:
402 5093 429 5143 io
444 5107 473 5154 χ.
488 5119 515 5133 -
532 5093 630 5144 omasi
645 5104 730 5146 mose
746 5092 775 5144 Ε.
791 5119 817 5130 -
836 5093 877 5144 26.
895 5093 1003 5144 iucem
1019 5094 1048 5143 G.
1064 5120 1090 5130 -
1108 5092 1150 5144 99.
1168 5092 1247 5144 ormi:
1262 5091 1320 5144 EG.
