3638 5868
283 367 346 436 346
656 373 700 437 lli
719 369 888 438 VERREM
908 369 1032 438 horto
1055 369 1238 438 SECUNDA

283 543 370 629 quod
392 541 431 608 ab
451 543 514 606 isto
535 548 622 606 recte
642 541 759 606 lactum
782 561 851 606 esse
865 541 1030 618 defendes,
1053 551 1084 606 te
1099 541 1256 606 facturum
1271 539 1440 627 profiteare
1455 551 1488 608 et
1502 547 1607 634 qnasi,

283 639 371 722 quod
391 637 444 701 isti
466 637 587 700 licitum
608 655 678 699 esse
700 635 804 711 dices,
825 636 1030 700 vehementer
1051 637 1160 720 cupias
1182 637 1241 700 tibi
1263 638 1368 701 licere.
1401 639 1497 724 Atqui
1522 640 1548 703 si
1570 641 1605 702 id

282 732 404 805 licebit,
426 728 505 793 nihil
527 736 592 804 est,
614 729 702 813 quod
723 733 841 812 putetis
863 749 1055 815 quemquam
1077 731 1208 814 posthac
1224 733 1483 808 commissurum,
1504 740 1541 796 ut
1565 734 1606 797 de

282 825 426 908 pecuniis
446 823 630 907 repetundis
652 824 856 888 condemnari
884 825 994 908 possit.
1038 825 1197 901 Quantam
1220 826 1304 890 enim
1327 827 1465 911 quisque
1488 847 1604 891 concu-

256 917 376 1002 epierit
396 918 579 1000 pecuniam,
601 924 720 982 uotam
741 917 850 983 licebit
870 939 926 1003 per
948 917 1047 982 cellae
1068 938 1186 983 nomen
1207 920 1438 985 aestimationis
1452 921 1607 1006 magnitu-

281 1012 356 1078 dine
378 1019 600 1096 consequatur.

365 1105 474 1168 xcvt.
496 1102 569 1168 223.
594 1104 634 1169 At
659 1107 743 1170 enim
767 1115 816 1170 est
838 1107 1008 1192 quiddam,
1037 1107 1124 1191 quod
1146 1107 1242 1171 etiam
1265 1109 1292 1172 si
1314 1109 1419 1193 palam
1441 1109 1475 1174 in
1497 1111 1605 1176 delen·

282 1199 385 1264 dendo
410 1220 474 1263 nou
496 1201 579 1264 dicet
599 1200 806 1276 Hortensius,
828 1209 934 1266 tamen
957 1203 1002 1266 ita
1024 1202 1124 1277 dicet,
1147 1211 1183 1266 ut
1203 1221 1261 1267 vos
1283 1203 1316 1266 id
1332 1203 1485 1286 suspicari
1507 1213 1540 1268 et
1553 1226 1606 1271 oo·

281 1295 381 1378 qitare
408 1295 556 1379 possitis:
584 1295 742 1378 pertinere
770 1297 831 1359 hoc
860 1297 900 1359 ad
922 1296 1123 1359 commodum
1145 1298 1356 1371 senatorium,
1384 1300 1544 1381 pertinere
1565 1302 1606 1364 ad

245 1387 273 1450 44
282 1387 449 1454 utilitatem
471 1408 599 1463 comm,
621 1388 677 1473 qui
699 1387 859 1464 iudicent,
885 1391 941 1472 qui
962 1389 997 1451 in
1018 1391 1191 1472 provinciis
1214 1411 1286 1454 cum
1307 1398 1464 1475 potestate
1486 1401 1541 1457 aut
1562 1395 1607 1456 le-

281 1484 407 1567 gatione
429 1503 463 1546 se
484 1482 609 1546 futuros
631 1481 804 1567 aliquando
828 1483 1029 1546 arbitrentur.
1073 1485 1255 1548 Praeclaros
1276 1504 1352 1548 vero
1376 1487 1536 1550 existimas
1557 1489 1606 1552 iu·

281 1577 366 1640 dices
387 1595 447 1640 nos
469 1576 599 1653 habere,
622 1596 704 1661 quos
726 1577 840 1640 alienis
862 1578 1001 1661 peccatis
1024 1597 1231 1642 concessuros
1254 1585 1364 1664 putes,
1395 1599 1459 1663 quo
1481 1580 1605 1645 facilius

279 1670 358 1753 ipsis
381 1690 512 1753 peccare
533 1671 636 1736 liceat
670 1672 754 1755 Ergo
776 1673 808 1734 id
823 1672 971 1736 volumus
984 1671 1138 1754 populum
1152 1673 1345 1748 Romanum,
1367 1672 1400 1736 id
1415 1675 1606 1757 provincias,

280 1764 313 1827 id
335 1765 439 1828 socios
453 1766 664 1851 nationesque
679 1772 803 1850 exteras
819 1767 1020 1841 existimare,
1042 1768 1068 1829 si
1084 1773 1247 1831 senatores
1264 1769 1423 1842 indicent,
1445 1767 1506 1832 hoc
1521 1777 1606 1832 certe

243 1869 379 1924 ttunum
407 1879 508 1942 genus
536 1861 679 1924 inlicitae
708 1861 863 1943 pecuniae
892 1881 951 1944 per
979 1880 1132 1924 summam
1162 1861 1311 1924 iniuriam
1333 1865 1494 1947 cogendae
1517 1864 1605 1928 nullo

279 1954 375 2018 modo
397 1973 493 2038 posse
513 1954 727 2039 reprehendit
760 1952 854 2031 Quod
884 1954 910 2018 si
932 1956 976 2018 ita
999 1961 1064 2030 est,
1094 1955 1172 2038 quid
1193 1975 1362 2038 possumus
1377 1963 1496 2020 contra
1516 1957 1607 2023 illum

278 2053 458 2133 praetorem
480 2049 602 2124 dicere,
625 2049 680 2135 qui
703 2049 847 2134 quotidie
869 2048 1023 2132 templum
1037 2054 1141 2122 tenet,
1164 2051 1219 2133 qui
1239 2069 1305 2112 rem
1320 2049 1479 2133 publicam
1495 2051 1607 2116 sistere

278 2150 374 2225 44344
395 2161 505 2225 posse,
528 2144 589 2206 nisi
613 2143 653 2206 ad
675 2151 855 2228 equestrem
878 2143 1020 2206 ordinem
1037 2142 1154 2206 iudicia
1168 2143 1372 2207 referantur?
1416 2140 1488 2207 244.
1512 2143 1607 2222 Quod

280 2237 306 2299 si
327 2235 383 2300 ille
403 2237 464 2301 hoc
485 2257 585 2301 unum
607 2238 726 2320 agitare
748 2237 906 2320 eoeperit,
930 2255 999 2300 csse
1015 2237 1145 2320 aliquod
1161 2257 1260 2322 genus
1276 2237 1436 2321 cogendae
1451 2241 1606 2322 pecuniae

241 2339 460 2396 catenatorum
483 2351 649 2396 commune
672 2338 705 2395 et
726 2333 789 2395 iam
810 2352 911 2415 prope
934 2349 1120 2394 concessum
1142 2332 1264 2406 ordini,
1288 2352 1353 2417 quo
1369 2353 1484 2418 genere
1501 2334 1540 2397 ab
1555 2353 1606 2397 so·

280 2426 337 2488 ciis
365 2427 502 2489 maxima
527 2426 664 2510 pecunia
696 2445 756 2510 per
781 2446 935 2489 summam
963 2426 1111 2491 iniuriam
1140 2426 1318 2500 auferatur,
1350 2445 1455 2511 neque
1484 2427 1518 2490 id
1539 2426 1605 2490 ullo

279 2519 375 2585 modo
398 2520 563 2584 senatoriis
585 2520 711 2586 iudiciis
733 2520 923 2604 reprehendi
946 2539 1041 2604 posse
1062 2519 1177 2604 idque,
1201 2520 1276 2582 dum
1291 2528 1440 2604 equester
1458 2521 1537 2584 ordo
1558 2522 1607 2584 iu·

280 2615 415 2688 dicaret,
437 2634 611 2698 numquam
635 2635 704 2679 esse
720 2614 942 2680 commissum:
965 2615 1038 2698 quis
1054 2615 1210 2677 obsistet?
1233 2614 1305 2698 quis
1321 2616 1606 2699 erittam‘cupidus

279 2710 392 2787 vestri,
415 2716 478 2772 tam
500 2707 605 2774 fautor
626 2707 766 2784 ordinis,
788 2711 844 2794 qui
868 2709 907 2772 de
929 2708 1155 2773 transferendis
1177 2708 1304 2772 iudiciis
1319 2711 1424 2794 possit
1437 2713 1605 2775 recusaret

333 2982 358 3032 4.
375 2984 441 3031 recte
456 2992 510 3031 om.
524 2981 539 3031 6
551 2981 629 3044 4433.
643 2980 741 3032 dett-
755 2979 896 3044 4444444444
909 2979 970 3042 (tir.)
984 2980 1011 3029 et
1027 2980 1120 3042 Naup:
1139 2979 1248 3041 deicidis
1257 2978 1335 3030 codd.
1349 2977 1438 3032 rell·
1451 2979 1478 3029 44
1492 2983 1515 3030 te
1525 2980 1604 3044 4349.

280 3083 308 3096 -
322 3061 345 3107 et
355 3069 408 3107 om.
421 3055 499 3120 4344.
512 3083 540 3096 -
558 3058 582 3108 t.
596 3057 657 3107 44444
667 3054 736 3120 4344
748 3055 789 3107 49.
801 3082 828 3093 -
846 3056 1000 3106 uehunecter
1011 3054 1032 3103 V
1044 3057 1071 3105 et
1081 3052 1216 3120 plerique:
1236 3054 1343 3104 44444444
1354 3055 1384 3116 F;
1403 3060 1432 3105 tu
1442 3067 1515 3105 moue
1526 3053 1604 3119 4344.

278 3133 384 3185 Frustra
401 3133 488 3183 Garat.
503 3133 534 3182 ll.
551 3133 661 3183 immone
676 3129 759 3182 ‘lollio
776 3130 909 3181 vmdtcare
927 3131 1018 3181 studet
1035 3127 1163 3193 exemplis
1181 3141 1213 3178 ex
1233 3129 1340 3180 Sidonio
1363 3127 1462 3191 allatis,
1486 3134 1515 3181 ut
1531 3132 1561 3182 ll.
1579 3133 1605 3183 4.

278 3209 321 3259 Vl.
334 3208 359 3259 9.
378 3208 419 3258 444.
439 3207 463 3258 3.
482 3204 573 3272 ibique
590 3209 697 3258 savaro.
724 3209 865 3257 Praeterea
881 3207 1010 3270 provocet
1027 3205 1061 3255 ad
1078 3205 1131 3255 Cic.
1145 3216 1188 3268 ep.
1207 3203 1241 3253 ad
1254 3205 1324 3254 lam.
1338 3205 1403 3256 lllll.
1416 3205 1468 3264 49,
1487 3202 1532 3254 ubi
1545 3205 1604 3257 cod.

279 3283 348 3338 bled.
367 3287 394 3335 et
410 3283 468 3334 duo
480 3281 658 3335 bibliothecae
674 3281 835 3333 barberinae
851 3282 958 3346 sulpure
974 3280 1131 3332 adverbium
1149 3277 1262 3338 habent;
1281 3280 1344 3330 item
1362 3282 1499 3344 corrupte!
1519 3307 1547 3316 -
1564 3294 1608 3330 eu·

275 3357 423 3424 44444344.
444 3385 471 3396 -
490 3359 562 3420 atqui
579 3371 632 3410 om.
651 3358 685 3418 V;
711 3365 786 3422 utque
803 3357 879 3421 agia.
901 3384 928 3394 -
956 3357 979 3407 3.
998 3357 1145 3407 conmissus·
1159 3359 1188 3405 ut
1204 3356 1234 3404 de
1247 3356 1349 3418 4444444
1366 3356 1397 3405 V.
1416 3355 1490 3419 (44444
1507 3357 1605 3408 Maius:

277 3433 466 3484 coemuranae
477 3435 507 3484 de
520 3434 558 3496 ρ.)
571 3461 599 3471 -
616 3433 642 3484 4.
660 3434 860 3484 emmunim·
871 3431 984 3496 egla·
1003 3431 1109 3494 aperit
1125 3429 1206 3481 idem.
1218 3457 1246 3468 -
1265 3430 1290 3480 6.
1308 3437 1469 3494 4444344444
1485 3431 1565 3483 idem.
1576 3457 1604 3469 -

278 3510 303 3560 t.
322 3509 425 3572 3444444
439 3509 471 3560 V.
491 3509 553 3574 (Br.)
572 3537 599 3548 -
619 3511 643 3560 a.
662 3523 713 3560 soc
729 3510 792 3560 dicet
809 3508 842 3558 V:
861 3523 887 3559 a.
906 3510 973 3558 dieat
988 3506 1072 3572 4344;
1089 3521 1116 3556 o.
1135 3507 1194 3556 dicit
1209 3504 1266 3557 rell.
1279 3507 1308 3556 0.
1322 3533 1351 3543 -
1370 3508 1433 3558 dicet
1443 3507 1465 3556 V
1477 3509 1506 3556 et
1520 3505 1604 3569 43444

278 3585 346 3635 dicut
361 3585 377 3634 6
394 3583 436 3634 alii
454 3586 547 3650 4433.;
566 3586 625 3636 dicit
642 3583 698 3646 alii,
717 3584 746 3634 0.
762 3611 789 3621 -
807 3588 835 3633 ut
851 3598 896 3634 uos
911 3586 938 3634 44
954 3585 1119 3647 uupitiumur
1134 3589 1158 3633 at
1173 3597 1228 3647 cop.
1243 3583 1322 3644 possit
1338 3582 1416 3646 4344.
1431 3607 1459 3619 ·-
1478 3582 1502 3631 9.
1520 3582 1565 3632 lico
1575 3593 1607 3632 oo

278 3661 302 3710 V
319 3661 371 3726 [est
386 3660 483 3712 deinde
500 3663 527 3710 iu
543 3661 604 3726 post
619 3660 775 3710 conmotam
790 3659 899 3718 theod..
918 3660 967 3710 sed
984 3659 1088 3723 punctis
1105 3659 1250 3721 notatum];
1268 3658 1313 3708 boc
1324 3656 1538 3719 od--pertinere
1550 3669 1604 3707 om.

278 3735 357 3800 4344.
378 3761 405 3774 -
424 3735 484 3786 tort.
503 3740 655 3786 4444444444.
678 3761 706 3772 -
729 3735 769 3785 40.
787 3734 921 3785 utilitatem
936 3735 980 3797 qui
999 3735 1092 3784 iudices
1108 3734 1135 3784 ia
1148 3746 1222 3795 prou.
1240 3731 1318 3796 4344.
1338 3757 1367 3770 -
1386 3738 1431 3783 out
1446 3733 1568 3796 (43444444
1583 3733 1607 3782 V

280 3810 354 3874 (Br.):
374 3815 449 3872 utque
465 3811 512 3874 lep.
531 3809 612 3874 4344;
631 3815 677 3860 cut
692 3823 749 3860 uam
765 3809 812 3876 lep.
831 3809 910 3860 codd.
928 3808 985 3859 rell.
1005 3809 1033 3859 0.
1061 3807 1100 3859 Cl.
1119 3807 1161 3858 lV.
1181 3807 1205 3872 5.
1218 3808 1243 3858 9.
1264 3835 1291 3844 -
1311 3808 1351 3857 44.
1371 3807 1558 3858 actitarentur
1572 3806 1603 3859 V.

282 3913 308 3924 -
326 3899 385 3936 ocro
401 3885 471 3948 4342
482 3887 544 3936 FV:
569 3887 639 3936 utros
662 3884 718 3937 rell.
747 3886 912 3952 (praeclarius
935 3897 994 3934 uero
1019 3884 1168 3934 seistimotia
1187 3883 1214 3933 id
1235 3895 1279 3933 uos
1294 3881 1384 3934 bebere
1400 3897 1461 3945 quos
1476 3884 1539 3933 muti
1554 3885 1607 3934 4444

274 3961 388 4024 meniis
402 3973 471 4012 cono.
489 3960 576 4025 tgtt.)
596 3989 624 3998 -
651 3962 789 4011 eristum
804 3960 835 4022 V,
854 3962 918 4011 item
936 3973 960 4010 v.
979 3957 1020 4011 ll.
1042 3987 1069 3998 -·
1097 3959 1137 4011 43.
1154 3959 1215 4022 ipsis
1230 3959 1254 4008 V
1270 3961 1297 4009 et
1313 3958 1342 4010 l:
1360 3959 1426 4021 ipsos
1443 3957 1506 4010 dett.
1526 3959 1555 4010 Ο.
1576 3986 1603 3995 -

274 4035 390 4098 meurs]
404 4036 553 4086 ruraureV
565 4049 589 4100 p.
602 4048 651 4097 m.,
668 4048 757 4085 errore
773 4047 827 4086 sec.
841 4048 888 4093 m.;
904 4033 1165 4098 particulata-
1182 4031 1304 4098 columae]
1321 4034 1386 4095 quod
1396 4033 1474 4097 4344.
1494 4032 1542 4098 [Ab
1554 4033 1605 4084 boo

276 4108 340 4161 inde
364 4108 423 4159 loco
448 4109 523 4161 Nisb.
545 4111 581 4161 ait
602 4123 631 4162 se
654 4110 732 4162 huius
749 4111 848 4161 codicis
865 4114 892 4162 tn
909 4111 960 4168 hac
977 4112 1096 4161 extrema
1113 4111 1231 4161 oratione
1249 4109 1440 4173 corruptissimi
1458 4108 1604 4172 sphalmata

277 4185 377 4235 infinita
394 4185 525 4236 omittere.
554 4187 607 4236 Nos
623 4184 781 4236 tradidimus
798 4198 867 4250 quae
883 4184 925 4237 ille
942 4183 1053 4244 rettulit.
1073 4199 1106 4235 oe
1125 4185 1204 4235 nimia
1221 4184 1289 4236 fides
1306 4184 1392 4236 codici
1403 4187 1523 4236 ceterum
1536 4187 1605 4251 opti-

278 4274 322 4312 mo
340 4262 365 4311 ln
382 4260 433 4311 hac
450 4263 525 4326 parte
542 4261 668 4312 orationis
684 4260 836 4326 habeatur]
855 4289 882 4298 -
902 4260 942 4312 44.
961 4262 987 4310 44
1004 4263 1065 4311 ante
1082 4261 1160 4310 accim
1176 4260 1265 4311 cm.V
1282 4260 1308 4310 in
1326 4259 1378 4310 flue
1394 4271 1489 4311 versus
1507 4261 1605 4324 [lectio-

278 4349 353 4396 nem,
378 4347 447 4399 quae
468 4348 533 4385 vera
554 4335 674 4397 uidetur,
701 4337 831 4388 brennius
856 4337 958 4402 primus
982 4334 1108 4401 protulitl.
1134 4361 1161 4371 -
1187 4335 1289 4386 Gliltlls'
1310 4335 1422 4386 lVDIClt'
1437 4347 1445 4398 )
1465 4335 1557 4387 VNVll
1571 4335 1603 4386 V.

279 4409 340 4476 (lis.)
359 4437 387 4446 -
407 4411 447 4461 ts.
465 4411 657 4474 reprebmdeudi
674 4413 734 4474 quid
751 4426 820 4463 corr.
838 4415 866 4464 in
883 4413 949 4477 quod
958 4413 989 4463 V.
1005 4412 1066 4476 (Bt.)
1081 4440 1108 4449 —
1127 4413 1165 4462 itu
1180 4414 1212 4463 sit
1228 4411 1305 4476 4344.
1321 4439 1349 4448 -
1368 4411 1408 4461 tt.
1427 4409 1515 4460 cotidie
1530 4412 1562 4462 V.
1575 4439 1603 4448 -

277 4487 406 4538 4444444444
423 4485 494 4550 (item
511 4487 541 4549 44)
557 4499 629 4551 posse
643 4501 694 4538 nou
710 4493 785 4552 nepot
795 4486 863 4552 4344
882 4487 1006 4552 (44444444
1021 4485 1120 4550 habet).
1137 4511 1164 4524 -
1185 4487 1225 4538 48.
1242 4487 1292 4536 uisi
1309 4485 1376 4550 tgtt
1387 4487 1451 4536 NV:
1469 4488 1497 4535 ui
1506 4485 1562 4537 rell.
1575 4515 1602 4527 -

279 4563 319 4614 49.
337 4563 451 4626 ospitare
467 4563 481 4613 6
499 4562 578 4626 4433.
596 4562 661 4613 dett.
682 4590 709 4600 -
728 4569 843 4626 44444444
859 4562 936 4628 4344.
953 4589 980 4599 -
1000 4563 1102 4626 aliquod
1119 4575 1180 4613 cum
1192 4563 1294 4628 isuper
1311 4561 1367 4612 oV.
1382 4561 1443 4623 (Bt.)
1458 4587 1484 4597 -
1503 4563 1605 4625 copesdi

275 4639 396 4702 pecunius
411 4637 522 4700 egia-
541 4639 582 4689 20.
600 4641 753 4689 amatorium
765 4641 787 4688 V
799 4639 859 4703 (444.)
871 4642 898 4690 44
914 4640 976 4702 443.
990 4637 1021 4689 ta
1035 4637 1102 4701 [lori.
1115 4637 1208 4702 recte].
1225 4665 1252 4674 -
1267 4635 1355 4701 prope]
1370 4637 1470 4699 placeat
1485 4636 1562 4699 4344.
1573 4663 1601 4672 -

278 4713 336 4778 quo]
354 4713 445 4776 quique
461 4712 543 4762 idem.
558 4739 586 4750 —
605 4727 623 4762 o
638 4714 744 4763 44444444
760 4717 788 4765 et
805 4715 882 4778 4399.
897 4740 923 4749 -
943 4715 984 4764 44.
1002 4713 1125 4776 mumma]
1142 4713 1169 4762 is
1185 4725 1283 4762 444444
1299 4711 1376 4775 4349.
1388 4737 1415 4746 -
1434 4711 1567 4774 4444444444·
1581 4712 1605 4760 V
1719 4709 1724 4721 '

279 4789 306 4838 et
321 4786 378 4838 rell.
397 4789 504 4852 praeter
521 4786 589 4850 tgta
607 4786 776 4852 (4444444444)
794 4791 854 4840 etN
870 4788 1040 4854 (4444444444
1061 4791 1193 4838 overtona
1203 4788 1231 4838 4.
1246 4813 1273 4822 -
1292 4799 1370 4849 aeque
1385 4786 1412 4834 44
1427 4785 1478 4836 utto
1489 4785 1558 4849 tgtt
1569 4800 1602 4848 cp:

278 4877 357 4926 usque
376 4863 465 4914 ullcO
492 4863 540 4927 [sic
560 4863 586 4913 in
604 4864 626 4912 V
643 4877 702 4915 esse
725 4865 831 4915 videtur
853 4865 879 4915 in
903 4862 962 4913 loeo
980 4863 1106 4922 evanido;
1132 4861 1228 4913 saltem
1245 4875 1277 4913 ex
1294 4860 1379 4926 spatio
1395 4861 1422 4910 44
1439 4873 1491 4912 non
1509 4860 1604 4912 edesse

279 4939 470 5004 suspicandum
492 4941 547 4998 est;
569 4938 618 4989 sed
640 4938 722 4989 habet
744 4940 804 4990 cod.
823 4939 883 4989 ante
898 4951 969 5000 posse
984 4937 1098 4988 litteram
1116 4949 1185 5000 quae
1202 4938 1226 4987 44
1240 4937 1356 4987 Brunoio
1374 4934 1500 5002 videtur];
1526 4949 1606 4998 capue

278 5015 341 5065 44444
357 5013 413 5065 rell.
434 5040 461 5050 -
481 5015 522 5064 44.
541 5015 603 5080 sem]
621 5015 756 5077 superioris
771 5013 851 5078 4344.
865 5040 892 5050 -
911 5013 1032 5064 iudicauit
1048 5015 1078 5075 V,
1097 5017 1126 5064 ut
1142 5015 1256 5065 Bmunio
1266 5011 1384 5073 videtur,
1402 5012 1482 5077 idque
1494 5011 1602 5076 optime.

280 5115 308 5128 -
327 5089 368 5144 tt.
387 5088 483 5141 obsistet
505 5090 574 5158 4399
585 5089 710 5144 aaut:
736 5091 825 5142 4444444
840 5101 910 5142 corr.
928 5090 955 5140 in
973 5087 1073 5142 44444444
1089 5087 1171 5154 4344;
1199 5089 1274 5140 corut
1295 5087 1359 5140 dett.
1383 5111 1411 5124 ··
1437 5086 1477 5139 at.
1495 5091 1605 5138 oasim
