3642 5862
503 440 572 506 cm.
594 440 632 506 v.
662 439 737 508 cu.
758 437 990 506 tvm-nu.
1017 435 1074 524 33.
1096 434 1284 504 teo-sss.
1492 435 1549 504 sss

235 609 329 686 urbe,
350 610 385 674 in
405 628 441 674 rc
461 609 590 694 publica
609 612 728 676 versari
750 562 875 700 liceret,
897 610 937 675 iis
959 609 1107 674 omuibus
1128 615 1260 674 mortem
1276 607 1422 674 acerbam
1444 608 1556 674 crude·

234 704 361 789 lemque
382 712 588 789 proponeret,
610 706 638 769 si
659 705 785 770 fortuna
807 725 861 770 eos
875 704 915 770 ad
936 705 1076 789 aliquam
1097 712 1217 788 partem
1239 702 1365 768 Siciliae
1379 702 1555 768 detulisset

234 793 306 861 453.
327 799 377 862 Ad
400 797 455 862 Cn.
476 799 679 881 Pompeium,
700 799 907 890 clarissim-um
928 799 1031 864 virum
1046 805 1078 862 et
1096 799 1318 872 fortissimum,
1340 795 1488 882 permulti
1503 816 1556 860 oc-

234 894 299 958 ciso
328 893 487 975 Perperna
515 913 556 956 ex
585 891 640 955 illo
669 893 850 958 Sertoriano
879 913 1011 956 numero
1033 893 1167 956 militum
1189 891 1408 974 confugerunt.
1451 889 1554 966 Quem

233 1007 298 1051 non
318 986 373 1050 ille
395 1007 516 1051 summo
538 1007 609 1050 cum
631 987 735 1051 studio
756 986 878 1051 salvum
892 987 1148 1070 incolumemque
1163 986 1319 1050 servavit?
1341 985 1392 1048 cui
1407 986 1468 1049 civi
1482 997 1579 1068 sup-e

233 1081 309 1165 plici
337 1100 403 1143 non
430 1081 486 1143 illu
511 1080 642 1146 dextera
669 1080 788 1144 invicta
814 1079 910 1144 fidem
936 1080 1080 1163 porrexit
1101 1087 1133 1144 et
1154 1099 1241 1165 spem
1263 1079 1373 1144 salutis
1393 1078 1554 1142 ostendit?

232 1176 321 1238 ltane
342 1176 442 1238 vorot
470 1175 585 1259 quibus
613 1173 675 1237 fuit
698 1180 808 1257 portus
829 1173 914 1256 apud
937 1193 1026 1249 eum,
1054 1195 1149 1258 quem
1172 1181 1280 1238 conns
1300 1192 1387 1238 arma
1407 1171 1555 1248 tulerant,

232 1268 272 1332 iis
294 1267 378 1352 apud
401 1275 449 1343 te,
465 1269 563 1332 ¹cuius
584 1268 708 1332 nullum
729 1269 763 1330 in
783 1287 818 1331 re
840 1267 967 1352 publica
988 1275 1179 1332 momentum
1201 1286 1351 1350 umquem
1372 1266 1432 1330 luit
1438 1263 1466 1346 ,4
1470 1286 1555 1332 mors

233 1369 265 1426 et
286 1362 442 1426 cruciatus
464 1369 531 1449 emt
552 1353 765 1456 constitutus)
797 1361 892 1433 Vide,
921 1381 1015 1444 wana
1044 1361 1241 1426 commodam
1262 1361 1477 1426 defensionem
1501 1380 1556 1427 ex·
1656 1336 1734 1426 ΐὲ-

234 1456 392 1540 cogitaris.
442 1457 523 1520 LIX.
552 1455 636 1520 Malo
669 1453 850 1519 mehercule
878 1455 928 1529 id,
956 1455 1041 1538 quod
1071 1464 1107 1520 tu
1135 1455 1295 1530 delendis,
1321 1455 1372 1519 his
1400 1455 1593 1520 iudicibusto

232 1551 415 1635 populoque
436 1552 596 1623 Romano,
627 1568 723 1633 quam
744 1551 792 1625 id,
822 1549 908 1633 quod
930 1569 988 1632 ego
1011 1549 1176 1624 insimulo,
1205 1549 1350 1632 probari:
1378 1549 1478 1624 malo,
1507 1549 1556 1612 in·

233 1664 345 1729 quarm
367 1652 399 1708 te
420 1645 473 1709 isti
495 1643 805 1726 semihominum,
826 1663 922 1726 quarn
944 1643 1169 1708 mercatoribus
1191 1650 1223 1706 ct
1238 1643 1439 1706 naviculariis
1454 1643 1556 1708 inimi·

232 1759 304 1803 cum
336 1746 433 1823 utque
464 1735 613 1802 infestum
643 1737 759 1820 putari.
801 1738 907 1802 Meum
939 1738 1025 1801 enim
1053 1737 1173 1800 crimen
1200 1736 1350 1802 avaritiae
1378 1744 1412 1802 te
1440 1737 1556 1801 nimiae

232 1833 390 1917 coarguit:
413 1840 468 1896 tua
488 1830 631 1894 defensio
652 1830 769 1894 furoris
791 1831 954 1894 cuiusdam
975 1838 1007 1895 et
1027 1831 1230 1896 immunitatis
1252 1838 1284 1896 et
1303 1830 1465 1895 inauditae
1487 1851 1557 1894 cru·

233 1926 372 1990 delitatis
394 1932 427 1988 et
445 1943 547 2010 poene
568 1943 671 1988 novae
691 1924 941 2008 proscriptionis.
983 1921 1055 1988 llil.
1078 1925 1141 1988 Sed
1162 1945 1225 1989 non
1241 1925 1315 1988 lieet
1328 1945 1379 1988 me
1393 1925 1455 1988 isto
1470 1930 1594 1990 tantoto

231 2019 334 2096 hono,
357 2018 495 2093 iudices,
518 2017 582 2092 uti,
603 2037 670 2081 non
691 2017 775 2082 licet
811 2017 934 2082 Adsunt
956 2019 1041 2082 enim
1062 2017 1185 2082 Puteoli
1208 2019 1287 2082 toti:
1308 2016 1558 2100 frequentissimi

232 2120 387 2192 venerunt
407 2111 449 2176 ad
466 2111 530 2176 hoc
550 2110 703 2175 iudicium
726 2117 934 2186 mercatores,
954 2111 1100 2175 homines
1120 2111 1297 2197 locppletcs
1311 2119 1407 2194 atque
1421 2110 1557 2187 honesti,

232 2208 289 2292 qui
310 2208 423 2291 partim
445 2206 549 2270 socios
571 2224 663 2278 suos,
684 2205 797 2288 partim
817 2204 963 2280 libertos,
984 2206 1099 2289 partim
1122 2205 1312 2270 conlibertos
1334 2205 1503 2288 spoliatos,
1524 2205 1557 2270 in

230 2301 336 2366 uincla
369 2300 549 2396 coniectos,
580 2299 695 2382 partim
723 2299 756 2362 in
786 2299 921 2363 vinculis
951 2307 1096 2376 necatos,
1128 2300 1242 2382 partim
1265 2300 1369 2365 securi
1391 2319 1557 2383 percussos

232 2415 301 2460 esse
333 2391 451 2460 dicunt.
472 2407 474 2418 '
493 2393 553 2457 Hic
581 2392 671 2466 vide,
701 2411 797 2475 quarn
819 2413 869 2456 me
892 2393 936 2456 sis
958 2414 1073 2458 usurus
1094 2413 1209 2478 aequo.
1244 2394 1322 2458 Cum
1344 2414 1403 2478 ego
1424 2396 1458 2458 P.
1481 2394 1595 2468 Gra-w

230 2491 319 2554 nium
341 2495 452 2552 testem
475 2486 673 2570 produxero,
708 2487 764 2570 qui
793 2506 869 2550 suos
890 2486 1021 2550 libertos
1042 2488 1098 2552 abs
1120 2495 1152 2552 te
1174 2489 1278 2552 securi
1298 2507 1465 2571 percussos
1487 2508 1557 2553 esse

230 2583 330 2657 dicat,
363 2581 422 2666 qui
443 2581 498 2644 abs
521 2587 551 2644 te
574 2599 687 2643 navem
708 2599 799 2662 suam
821 2600 1006 2663 mercesque
1027 2589 1164 2664 repetat:
1194 2581 1348 2656 refellite,
1370 2583 1398 2646 si
1419 2583 1556 2665 poterim

231 2696 335 2742 meum
351 2683 463 2739 testem
477 2675 637 2749 deseram,
660 2674 716 2739 tibi
731 2673 853 2750 inveho,
876 2681 924 2749 te,
946 2675 1094 2758 inquam,
1116 2675 1290 2740 adiuvabo:
1313 2676 1470 2740 ostendito
1484 2676 1557 2740 illos

231 2792 302 2836 cum
324 2769 463 2834 Sertorio
483 2768 599 2842 luisse,
623 2767 662 2832 ab
683 2768 797 2831 Dianio
819 2767 978 2850 fugientes
999 2768 1040 2854 ad
1056 2769 1195 2834 Siciliam
1216 2789 1286 2834 esse
1301 2769 1433 2834 deletos.
1472 2770 1557 2834 Nihil

231 2872 294 2941 est,
317 2864 402 2948 quod
424 2871 455 2929 te
477 2862 602 2927 mallem
624 2862 775 2945 probare;
797 2862 921 2926 nullum
938 2862 1022 2926 enirn
1037 2862 1176 2938 lacinus,
1199 2864 1286 2946 quod
1301 2863 1420 2928 maiore
1434 2864 1594 2946 suppli-cs

231 2960 280 3023 cio
309 2958 439 3041 dignum
466 2958 521 3033 sit,
548 2956 679 3039 reperiri
710 2975 815 3039 neque
842 2955 976 3039 proferri
1006 2963 1121 3039 potest.
1165 2952 1238 3020 455.
1262 2957 1422 3022 Reducem
1443 2960 1558 3022 iterum

231 3052 369 3135 equitem
391 3052 583 3125 Romanum,
612 3049 647 3112 L.
679 3049 841 3138 Flavium,
868 3049 895 3112 si
916 3051 1022 3126 voles,
1050 3051 1204 3134 quoniam
1224 3054 1330 3137 priore
1352 3052 1492 3128 actione,
1522 3057 1559 3115 ut

231 3145 356 3229 patroni
378 3145 426 3208 tui
447 3144 607 3219 dictitant,
630 3163 710 3208 nova
733 3142 869 3226 quadam
891 3144 1066 3225 sapientia,
1088 3151 1124 3209 ut
1139 3165 1249 3210 omnes
1262 3146 1461 3229 intelligunt,
1483 3166 1558 3212 con·

232 3239 364 3304 scientia
384 3245 440 3300 tua
460 3245 556 3319 atque
577 3237 764 3300 auctoritate
781 3256 923 3300 meorum
937 3238 1064 3301 testium
1080 3245 1193 3303 testem
1207 3239 1330 3306 nullum
1344 3241 1557 3323 interrogasti.

230 3333 446 3416 Interrogetur
465 3329 608 3405 Flavius,
631 3331 659 3394 si
672 3329 776 3404 voles,
799 3330 928 3412 quinam
946 3328 1042 3394 luerit
1055 3332 1092 3394 L.
1107 3331 1303 3410 Herennius,
1325 3334 1370 3409 is,
1393 3354 1487 3419 quem
1501 3334 1594 3408 illeso

231 3425 441 3512 argentariam
462 3423 554 3507 Lepti
575 3423 690 3488 iecisse
712 3422 803 3500 dicit3
827 3424 883 3507 qui
905 3445 976 3490 cnm
997 3425 1133 3510 amplius
1156 3435 1282 3492 centum
1297 3427 1383 3493 cives
1397 3428 1557 3494 Romanos

296 3717 321 3768 4.
338 3717 371 3766 tir
386 3713 455 3780 4343
466 3714 512 3768 ts:
534 3714 573 3766 tir
587 3714 687 3780 444399
704 3713 754 3778 al,
780 3713 853 3782 quod
869 3729 924 3770 non
939 3728 1050 3782 prorsus
1065 3715 1248 3783 spernendum
1266 3715 1307 3782 (ct.
1326 3713 1361 3768 ad
1378 3717 1408 3770 44.
1428 3716 1453 3782 3.
1473 3719 1555 3784 tto),

231 3803 293 3844 nem
310 3790 382 3858 quod
399 3803 440 3842 eor
456 3790 588 3856 sequitur,
606 3789 669 3842 nihil
686 3790 783 3843 obstet.
803 3791 858 3855 (tiis
873 3793 930 3857 443.)
948 3817 976 3828 -
993 3792 1130 3844 tomintim
1145 3795 1166 3844 44
1183 3795 1211 3843 et
1226 3792 1303 3858 4399.
1323 3817 1351 3828 -
1370 3793 1395 3844 3.
1415 3807 1465 3844 occ.
1483 3795 1555 3859 Pop.

227 3881 309 3932 perso.
329 3863 401 3918 toa.
423 3865 558 3930 [Perpenno
574 3866 663 3929 segg.)
682 3891 709 3902 -
735 3865 759 3918 l.
778 3879 811 3918 σω
826 3867 849 3917 o
864 3867 906 3918 illo
923 3871 943 3920 44
961 3861 1023 3919 cum
1039 3867 1055 3916 ls
1071 3879 1154 3931 super
1169 3867 1205 3928 tr,
1229 3879 1310 3931 quem
1327 3865 1428 3918 eddidit
1444 3881 1499 3920 see.
1518 3880 1555 3920 m.

233 3969 260 3980 -
278 3953 411 3994 cumeram
427 3941 457 3994 44.
477 3967 504 3976 -
524 3943 549 3992 5.
567 3941 664 3990 saluom
679 3941 883 4006 iccotsenccquoa
898 3945 928 3995 44.
949 3969 975 3979 -
995 3943 1043 3993 cici
1063 3943 1169 4005 steppttci
1186 3940 1267 3994 dett:
1291 3942 1352 3993 civis
1372 3943 1461 4006 suplici
1477 3946 1497 3994 44
1513 3955 1555 4009 pr.

232 4033 268 4070 m.
294 4019 404 4084 (34344344
426 4030 481 4069 sec.
505 4017 566 4080 m.);
590 4017 638 4066 etot
659 4017 792 4080 ammonii
812 4017 895 4079 tem
916 4021 958 4070 cot
980 4019 1130 4082 supplicanti
1146 4017 1193 4070 Ld.
1212 4016 1288 4084 prob.
1312 4018 1375 4069 Bak.
1392 4031 1420 4084 p.
1438 4019 1494 4078 443.;
1517 4019 1558 4070 otei

232 4099 285 4144 tom
300 4093 550 4157 miscuerint·
570 4093 594 4143 3.
612 4093 663 4142 loo.
682 4097 706 4142 et
720 4093 794 4157 fldem
804 4094 869 4146 dett.
882 4096 911 4146 0.
925 4121 953 4132 -
972 4097 996 4146 ’4.
1015 4101 1104 4146 contro
1120 4109 1192 4158 qoem
1203 4094 1268 4146 dett.
1281 4095 1311 4145 0.
1325 4119 1353 4130 -
1372 4095 1481 4146 totcrsmt
1491 4094 1556 4147 dett.

234 4194 261 4205 -
280 4170 305 4221 8.
323 4169 360 4218 tis
376 4169 405 4219 44.
420 4194 448 4203 -
466 4173 617 4218 morracium
633 4166 715 4231 4345,
733 4172 764 4219 ut
779 4168 871 4222 Lamb.
887 4171 1013 4222 coniecit:
1031 4177 1217 4222 mooommtom
1233 4168 1289 4222 rell.
1303 4173 1431 4234 (mopiam
1445 4185 1556 4224 monem

232 4243 296 4294 dett.
315 4244 353 4308 0.)
378 4268 406 4278 -
431 4243 471 4294 49.
488 4243 557 4294 mdo
574 4242 652 4294 codd.
672 4243 737 4293 noti:
755 4245 832 4306 moto,
849 4245 917 4296 moto
932 4245 1075 4308 Victorius,
1093 4247 1123 4296 0.
1143 4271 1170 4280 -—
1188 4245 1337 4298 Mercede
1352 4247 1431 4311 Legg.
1449 4251 1557 4312 practer

233 4321 244 4369 4
260 4323 287 4370 et
298 4319 338 4370 43.
353 4345 380 4357 -
394 4319 506 4383 desmdcs
521 4321 551 4370 44.
565 4345 593 4354 -
608 4319 647 4370 43.
661 4323 781 4382 meru
792 4321 821 4370 44.
835 4345 862 4354 -
876 4320 1064 4370 acardioetoite
1075 4320 1191 4384 coercuit
1201 4320 1240 4372 sic
1250 4322 1285 4382 44;
1303 4323 1416 4374 moritis
1425 4329 1449 4373 et
1459 4325 1524 4376 enta
1535 4329 1559 4376 tc

232 4406 318 4457 comp.
338 4393 383 4444 (43.
402 4393 435 4444 cl.
453 4394 538 4446 Madv.
558 4394 635 4459 epist.
652 4407 679 4459 p.
698 4395 755 4444 434.
774 4394 822 4459 Op.
840 4395 859 4444 1.
878 4407 905 4459 p.
924 4394 995 4454 374,
1013 4395 1059 4457 qui
1076 4406 1108 4444 er
1125 4397 1257 4459 scriptura
1274 4394 1334 4446 cod.
1351 4398 1372 4447 44
1389 4398 1556 4463 suspicatur:

232 4468 358 4518 comitiae
373 4472 471 4518 tontom
487 4474 510 4520 ta
525 4470 654 4534 coerciti&
672 4469 735 4520 nau.
754 4482 780 4533 p.
793 4468 833 4519 443.
853 4469 921 4520 coni.
935 4471 1061 4520 avaritias
1071 4471 1192 4528 andnim
1211 4470 1304 4520 contos
1315 4482 1368 4522 om.
1381 4471 1459 4534 4348.
1481 4472 1557 4536 [Nihil
1627 4520 1631 4528 ‚

233 4543 310 4594 deest
318 4544 344 4593 in
355 4543 376 4594 44
387 4545 497 4596 nisicin
508 4558 566 4596 voe.
580 4551 615 4605 te;
628 4557 690 4596 nem
701 4545 915 4608 clementinis]
926 4571 953 4582 -
964 4546 1004 4595 43.
1014 4558 1092 4606 postte
1103 4547 1131 4596 44.
1144 4571 1172 4580 -
1184 4545 1224 4597 46.
1236 4550 1321 4596 otsuot
1331 4547 1361 4596 44.
1372 4573 1399 4582 -
1412 4548 1451 4599 48.
1460 4549 1559 4610 purtim

232 4619 378 4670 montom
392 4621 510 4683 spoliator
526 4621 575 4672 lia:
594 4621 626 4670 ob
641 4621 688 4670 isto
703 4620 821 4683 spoliotm
836 4620 901 4671 dett.
913 4621 943 4671 0.
957 4646 985 4655 -
999 4621 1040 4671 49.
1052 4621 1181 4673 cioclolt:
1197 4619 1366 4672 occurren.
1380 4622 1410 4672 0.
1424 4647 1451 4658 -
1461 4625 1558 4685 partim

231 4696 259 4745 ia
269 4696 484 4748 cinmdemotos
494 4707 548 4746 om.
561 4693 607 4757 443,
626 4694 685 4745 cod.
698 4691 790 4746 Lemh.
804 4695 838 4759 (ic
847 4694 935 4744 cinctis
946 4695 1023 4758 lagg.
1036 4697 1143 4758 praeter
1153 4696 1194 4758 39,
1212 4695 1258 4760 qui
1268 4693 1387 4746 habetis
1397 4696 1514 4760 dediciis.)
1527 4723 1554 4734 -

232 4771 274 4821 20.
293 4784 372 4834 quom
387 4783 501 4822 meum
516 4771 545 4822 44.
560 4795 588 4806 -
600 4771 627 4820 P.
646 4782 700 4821 otu.
718 4770 796 4834 lagg.
817 4795 845 4807 -
862 4770 904 4821 34.
923 4769 967 4820 obs
982 4774 1006 4820 ta
1021 4767 1063 4820 his
1081 4770 1116 4821 443
1135 4767 1226 4833 (altero
1241 4768 1301 4820 loco
1316 4767 1356 4833 ll:
1375 4782 1393 4819 a
1408 4774 1432 4820 te
1448 4768 1512 4822 dett.
1526 4773 1555 4823 0.

234 4845 304 4908 (quid
319 4845 364 4896 obs
379 4849 403 4896 te
418 4846 457 4908 44.)
470 4871 498 4882 -
512 4845 552 4898 ni.
571 4847 694 4896 antestio
710 4845 775 4896 dett.
788 4845 817 4896 0.
832 4871 859 4881 -
871 4845 989 4909 sumimur
1004 4847 1033 4896 44.
1047 4871 1075 4882 -
1088 4846 1129 4898 45.
1147 4846 1236 4897 mdiu
1252 4846 1316 4899 dett.
1330 4846 1360 4898 0.
1378 4844 1417 4898 34.
1431 4845 1465 4896 ed
1477 4846 1502 4911 5.
1515 4847 1555 4900 34.

235 4919 293 4972 439.
313 4945 341 4956 -
359 4920 400 4972 26.
418 4921 554 4972 redderem
570 4921 639 4971 n.-
659 4922 699 4972 39.
719 4922 834 4984 quem
850 4921 933 4984 4339ς
951 4922 1030 4984 casim
1046 4921 1076 4971 44.
1096 4947 1124 4958 -·
1141 4923 1181 4986 4.]
1198 4922 1238 4974 sic
1252 4923 1274 4974 44
1290 4934 1331 4986 pr.
1349 4933 1385 4972 m.
1406 4923 1433 4972 et
1447 4921 1510 4973 td:
1529 4923 1556 4974 0.

235 4996 287 5056 444;
307 4995 332 5046 Τ.
350 4996 372 5048 44
388 4995 452 5048 tm.
465 4997 497 5048 444
518 4998 546 5048 ct
562 4997 640 5060 segg.
658 5008 761 5048 omnes.
781 4995 821 5057 (Et
837 4996 876 5048 sic
891 4995 974 5048 iidem
989 4995 1057 5051 intre
1072 4994 1097 5060 3.
1111 4995 1179 5061 453.)
1191 5023 1219 5033 -
1231 4995 1353 5048 [iamiar
1367 4995 1406 5044 tis
1415 4995 1450 5054 113
1467 4996 1554 5048 monn.

235 5071 312 5136 4349.
333 5099 361 5109 -
380 5072 421 5126 34.
439 5085 496 5137 ora.
517 5071 595 5138 Lapis]
618 5071 854 5136 commiaclensi
873 5070 893 5122 44
909 5084 951 5136 pr.
969 5083 1023 5134 m.;
1049 5079 1224 5138 commutor-s
1243 5071 1360 5138 14443444
1375 5072 1397 5122 44
1412 5083 1483 5124 corr.
1500 5085 1555 5126 sec.

235 5157 272 5198 m.
291 5147 318 5200 et
334 5146 381 5198 33.
399 5171 428 5186 -·
445 5150 545 5199 centum
560 5159 614 5200 om.
631 5146 700 5212 4329
716 5145 823 5214 (meldi
838 5145 859 5199 C
873 5147 934 5198 ente
950 5145 1032 5210 cicc).
1051 5171 1079 5186 -
1097 5147 1160 5200 ciuis
1174 5149 1204 5200 44.
