3578 5862
321 433 383 501 640
484 438 538 502 DE
560 437 666 503 LEGE
687 437 867 504 AGRARIA
888 437 1009 504 LIBER
1030 439 1069 504 ll.
1093 439 1169 505 Gar.
1183 439 1343 504 XXXVII.
1364 437 1407 524 5.
1433 435 1533 502 t03.

321 630 377 674 voa
397 608 550 672 fortunati
571 607 673 683 eritis,
704 609 1120 695 sibuuestatum,quen1
1144 609 1284 684 bebetis,
1313 629 1378 674 non
1411 610 1579 694 ignavia
1608 629 1698 692 quas·

320 705 425 778 situm,
447 700 504 766 sed
518 701 636 765 virtute
658 710 785 786 partum
806 705 987 768 tenueritis:
1011 703 1100 789 quod
1122 723 1181 788 ego
1196 725 1234 768 ea
1249 705 1455 779 eoncordia,
1489 725 1610 789 quarn
1626 705 1696 768 mibi

321 796 473 862 constitui
502 815 573 859 eum
605 797 728 880 collega
759 797 955 862 invitissimis
984 797 1023 860 iis
1044 795 1240 872 bominibus,
1270 801 1409 881 quinos
1441 800 1489 863 in
1519 800 1695 864 consulatu

323 891 561 955 inimicissimos
589 889 655 954 lore
684 891 706 972 †
736 892 857 956 actibus
883 891 1006 975 providi
1034 891 1180 954 omnibus
1206 893 1358 974 prospexi
1384 913 1488 956 sane
1532 895 1693 956 revocari.

295 984 412 1047 s1dem
434 983 568 1048 tribunis
593 984 695 1067 plebis
718 985 918 1059 denuntiavi,
946 1004 987 1048 ne
1010 983 1086 1067 quid
1115 984 1286 1048 turbulenti
1309 1005 1359 1048 me
1382 987 1554 1050 consule
1579 987 1695 1050 conte

320 1085 400 1144 rent.
436 1077 598 1140 Summum
620 1086 652 1141 et
673 1073 884 1141 firmissimum
900 1084 948 1140 est
967 1076 1046 1140 illud
1061 1078 1281 1142 communibus
1295 1077 1441 1144 fortunis
1463 1079 1692 1164 praesidium,

322 1172 478 1249 Quirites,
501 1171 554 1245 ut,
575 1171 684 1255 quales
707 1191 764 1234 vos
786 1170 941 1234 hodierno
965 1171 1016 1234 die
1041 1172 1179 1236 maxima
1200 1174 1347 1236 contione
1369 1173 1462 1236 milri
1494 1193 1568 1258 pro
1594 1174 1693 1236 salute

320 1271 425 1330 vestra
445 1265 652 1348 praebuistis,
674 1264 753 1328 tales
776 1261 908 1347 reliquis
930 1265 1125 1348 temporibus
1146 1266 1192 1330 rei
1206 1267 1354 1350 publicae
1368 1267 1602 1351 praebeatis.
1636 1269 1691 1328 Pro

321 1366 406 1423 oerto
429 1359 584 1441 polliceor
603 1359 667 1423 hoe
688 1359 780 1422 vobis
801 1367 897 1443 atque
919 1357 1085 1434 eonlirmo,
1114 1378 1164 1422 me
1186 1379 1257 1424 esse
1279 1360 1540 1443 perfecturum,
1567 1368 1609 1424 ut
1632 1361 1689 1422 iarn

282 1452 446 1517 sotandem
467 1452 532 1528 illi,
555 1456 610 1539 qui
630 1453 744 1517 honori
767 1453 949 1517 inviderunt
970 1470 1058 1528 meo,
1083 1461 1188 1518 umen
1203 1473 1259 1518 vos
1281 1456 1456 1520 universos
1486 1457 1532 1519 in
1551 1453 1688 1519 consule

319 1552 487 1636 deligendo
509 1549 681 1635 plurimum
703 1547 822 1612 vidisse
845 1545 1014 1612 fateantur.

383 1815 407 1863 l.
426 1825 502 1875 quom
512 1825 556 1862 uos
565 1809 689 1874 fortunati
700 1809 769 1860 stitis
780 1808 938 1872 Madvigius:
958 1822 1006 1870 pao
1016 1821 1060 1858 uos
1070 1809 1198 1872 sortmsom
1209 1809 1295 1872 regitis
1307 1809 1325 1858 Ε
1337 1809 1353 1858 F
1363 1811 1383 1860 ,t
1393 1807 1440 1864 Lti
1453 1809 1497 1866 0;
1521 1813 1682 1870 penemeos

317 1886 495 1952 fortunatioris
511 1886 579 1937 eritis
596 1884 730 1944 Halmius3
759 1895 808 1944 qno
824 1897 867 1933 eos
882 1884 985 1946 soriano
1001 1883 1101 1934 mdiors
1117 1883 1186 1933 eritis
1202 1883 1400 1934 Mommsenius.
1422 1912 1451 1920 -
1478 1897 1570 1947 quesn
1586 1883 1679 1932 Mdetr's

318 1964 462 2027 Madvigius
473 1977 478 2010 :
498 1973 570 2026 quem
580 1960 673 2010 bebetis
686 1971 736 2010 ssss
748 1959 767 2009 Ε
778 1959 823 2009 FA
833 1959 852 2008 1.
861 1957 880 2011 8
888 1959 917 2008 0.
929 1984 957 1994 -
967 1973 1018 2008 non
1027 1961 1132 2024 ipsanio
1142 1960 1293 2022 quosnam
1311 1959 1353 2008 ssd
1362 1960 1457 2010 omnis
1466 1965 1596 2023 parison
1609 1956 1678 2008 Med-

319 2039 419 2102 vigius:
445 2051 496 2087 non
512 2037 630 2102 tpnnroni
646 2049 696 2086 non
714 2035 852 2098 mum
866 2036 908 2084 ssd
920 2036 1091 2098 simpertum
1107 2035 1210 2097 wastin
1221 2033 1246 2096 F)
1263 2033 1402 2086 ociumEF
1411 2037 1446 2095 P;
1469 2050 1535 2086 saon
1553 2033 1676 2098 merom

319 2112 479 2178 (ignoromini
490 2113 535 2175 Gi:
552 2125 586 2162 on
601 2111 740 2174 quaesitum
756 2109 798 2160 ssd
812 2111 865 2160 vito
878 2115 983 2173 porissm
998 2112 1080 2160 osiam
1096 2113 1161 2168 Gn:
1187 2110 1313 2160 meliorem
1328 2124 1378 2160 non
1397 2110 1557 2174 ignoratis,
1578 2122 1633 2158 non
1647 2112 1671 2156 at

318 2188 470 2250 qomsisnm,
489 2187 531 2237 ssd
546 2188 717 2249 vituperium
734 2184 811 2235 otium
828 2198 889 2235 curn
907 2183 949 2235 ed.
969 2185 1131 2249 llervagiaua
1148 2181 1233 2238 Lao.
1246 2185 1308 2235 —2
1327 2198 1358 2235 eo
1369 2184 1532 2250 Madvigius
1553 2186 1613 2250 (ap.
1627 2184 1671 2234 Us-

319 2263 454 2326 singluml:
472 2267 495 2312 et
512 2262 587 2313 EFA
597 2260 615 2315 2
624 2263 658 2320 0;
677 2275 710 2311 en
727 2261 754 2310 b.
767 2287 794 2296 —
806 2261 830 2310 3.
849 2261 1000 2310 invitissimis
1015 2260 1054 2325 tis]
1071 2261 1238 2310 invictissimis
1248 2273 1297 2310 esse
1308 2261 1327 2310 E
1337 2261 1354 2310 F
1363 2263 1391 2311 P.
1400 2287 1427 2296 -
1441 2263 1494 2324 qui
1506 2275 1562 2312 nos
1572 2259 1668 2312 Madvi-

319 2339 390 2401 gius:
405 2349 465 2400 pons
476 2349 521 2386 uos
531 2336 550 2387 E
560 2337 578 2386 F
588 2338 608 2386 G
617 2337 636 2386 P
645 2338 680 2394 A:
695 2347 756 2398 gnos
764 2347 827 2385 cum
839 2334 881 2384 ed.
895 2334 1059 2397 llarvagiene
1071 2334 1155 2388 iao.
1166 2361 1193 2370 -
1204 2333 1416 2385 l.inimieissimos
1424 2335 1485 2398 [οη
1496 2335 1664 2398 Madvigius:

318 2413 474 2462 mannonis
485 2411 628 2474 stomporis
637 2410 657 2460 E
666 2411 698 2468 Ρ;
715 2407 816 2458 inimico
827 2421 877 2460 esse
887 2415 911 2460 et
921 2411 1067 2473 comunibus
1077 2412 1109 2471 F:
1121 2410 1257 2460 immisistis
1266 2415 1289 2460 st
1302 2412 1415 2474 eorporis
1425 2412 1462 2469 lt:
1478 2411 1611 2462 inaniens
1620 2419 1667 2458 esar

318 2492 342 2538 et
358 2488 449 2537 animis
464 2491 488 2537 st
503 2487 615 2548 eorporis
626 2497 688 2534 curn
700 2483 744 2534 ed.
757 2484 919 2547 llervegiana
932 2481 990 2544 io:
1009 2486 1121 2536 inimicos
1132 2499 1182 2536 esse
1192 2491 1215 2536 st
1226 2486 1305 2536 animi
1316 2491 1338 2536 st
1348 2485 1463 2550 corporis
1475 2487 1509 2536 L.
1524 2513 1555 2522 -
1568 2483 1662 2534 acidas

319 2561 431 2625 (iactibus
442 2561 470 2622 Gt
484 2561 587 2622 pronidi
598 2558 724 2624 (praesidi
735 2559 764 2621 Α)
779 2559 891 2608 omnibus
903 2561 1024 2623 prospexi
1034 2561 1158 2624 tpsrspesi
1169 2562 1194 2623 Fi
1212 2574 1273 2611 sons
1283 2562 1399 2612 revocant
1416 2561 1497 2612 EFP
1507 2565 1546 2612 A:
1568 2557 1662 2608 uetitus

314 2637 433 2698 presidi:
451 2635 562 2685 mnnibsss
575 2633 696 2696 prospsni
711 2645 771 2682 sons
781 2639 804 2684 st
820 2636 934 2684 revocavi
945 2647 1007 2685 curn
1019 2634 1063 2685 ed.
1081 2635 1245 2698 llervegiana
1257 2635 1274 2690 t
1284 2637 1317 2694 0;
1337 2637 1528 2699 osisprovidi:
1547 2634 1661 2686 omnibns

314 2712 436 2774 prospem
451 2723 511 2760 sons
526 2714 550 2760 st
563 2709 685 2772 promovi
701 2709 733 2767 L;
752 2708 920 2769 iostaoeront,
938 2709 1006 2759 vobis
1021 2709 1133 2760 manibus
1145 2711 1265 2773 prospsni
1282 2715 1357 2772 asom
1371 2715 1493 2762 rsnoeoei
1506 2712 1616 2773 Ussing.
1628 2731 1653 2742 -

318 2789 343 2838 s.
361 2801 392 2838 ns
409 2785 560 2838 Turnebus:
584 2798 638 2837 om.
656 2782 769 2838 ΕΗΒ.
790 2811 816 2820 -
835 2789 975 2836 enatarent
991 2785 1025 2846 E3
1047 2791 1171 2836 eomturet
1187 2788 1214 2838 F.
1235 2813 1261 2822 -
1281 2787 1305 2838 l.
1324 2787 1532 2851 puniis--iolis
1550 2785 1609 2834 EF.
1628 2805 1653 2816 -
1751 2853 1752 2856 Ἴ

317 2863 435 2914 monnio
447 2863 500 2914 Nic.
511 2859 647 2925 nugatus:
665 2861 786 2912 tiodiem
797 2861 882 2910 EFA⁴
892 2885 919 2894 —
929 2860 954 2911 a.
966 2861 1039 2924 reip.
1052 2862 1106 2914 Nic.
1119 2859 1258 2926 Angelius:
1278 2864 1306 2914 lt.
1317 2877 1344 2926 p.
1357 2864 1391 2922 T;
1407 2876 1434 2926 p.
1447 2864 1476 2912 a.
1492 2857 1613 2914 ΕΗΒ.
1623 2881 1647 2894 -

319 2937 343 2988 9.
362 2943 429 2988 certo
445 2937 502 2988 Nic.
514 2935 651 3000 Angelius:
670 2941 736 2986 onio
746 2940 844 2999 reperto
857 2935 889 2996 E:
907 2939 974 2985 cerm
984 2941 1067 3000 repeto
1079 2939 1141 2997 Pl:
1160 2943 1227 2989 osrto
1238 2943 1334 3002 recepto
1347 2939 1373 2988 F.
1386 2965 1413 2975 -
1425 2940 1465 2989 tt.
1479 2937 1613 3002 ddigendo
1625 2935 1648 2984 F.

384 3155 494 3218 Enpiieit
508 3153 570 3205 tiber
584 3154 620 3204 M.
640 3152 666 3204 T.
679 3153 758 3204 Cicer.
776 3153 807 3204 da
822 3153 875 3217 ispo
890 3153 999 3218 operio
1013 3153 1141 3204 secandos.
1166 3153 1256 3216 incipit
1270 3153 1360 3204 terrim
1376 3153 1408 3213 Ε;
1426 3153 1546 3216 Explicit
1561 3164 1647 3203 seem·

317 3231 555 3359 {ipsfligplssmdani'spe
560 3243 686 3358 ἕιρνςηα
713 3229 802 3292 Incipit
818 3229 904 3281 serim
920 3229 1027 3280 simum
1036 3229 1073 3279 M.
1087 3228 1113 3279 T.
1126 3229 1153 3279 C.
1167 3229 1199 3288 F:
1217 3227 1289 3280 Liber
1299 3228 1330 3279 11.
1344 3228 1471 3292 enpiieois.
1500 3225 1641 3292 Incipitlll
1751 3323 1752 3380 1
