<?xml version="1.0" encoding="UTF-8"?>
<!DOCTYPE html PUBLIC "-//W3C//DTD XHTML 1.0 Transitional//EN"
    "http://www.w3.org/TR/xhtml1/DTD/xhtml1-transitional.dtd">
<html xmlns="http://www.w3.org/1999/xhtml" xml:lang="en" lang="en">
 <head>
  <title>
</title>
<meta http-equiv="Content-Type" content="text/html;charset=utf-8" />
  <meta name='ocr-system' content='tesseract 3.04.00' />
  <meta name='ocr-capabilities' content='ocr_page ocr_carea ocr_par ocr_line ocrx_word'/>
</head>
<body>
  <div class='ocr_page' id='page_1' title='image "./mtulliiciceroni00baitgoog_0199.png"; bbox 0 0 3642 5868; ppageno 0'>
   <div class='ocr_carea' id='block_1_1' title="bbox 524 423 1561 512">
    <p class='ocr_par' dir='ltr' id='par_1_1' title="bbox 524 423 1561 512">
     <span class='ocr_line' id='line_1_1' title="bbox 524 423 1561 512; baseline -0.003 -16"><span class='ocrx_word' id='word_1_1' title='bbox 524 432 594 498; x_wconf 76' lang='lat' dir='ltr'><strong>cn.</strong></span> <span class='ocrx_word' id='word_1_2' title='bbox 617 434 642 496; x_wconf 90' lang='lat' dir='ltr'><strong>r.</strong></span> <span class='ocrx_word' id='word_1_3' title='bbox 672 429 744 496; x_wconf 63' lang='lat' dir='ltr'><strong>c...</strong></span> <span class='ocrx_word' id='word_1_4' title='bbox 767 429 972 496; x_wconf 83' lang='lat' dir='ltr'><strong>cv-cvn.</strong></span> <span class='ocrx_word' id='word_1_5' title='bbox 998 426 1055 512; x_wconf 66' lang='lat' dir='ltr'><strong>§a</strong></span> <span class='ocrx_word' id='word_1_6' title='bbox 1077 423 1267 493; x_wconf 78' lang='lat' dir='ltr'><strong>rie-uo.</strong></span> <span class='ocrx_word' id='word_1_7' title='bbox 1498 425 1561 494; x_wconf 79' lang='lat' dir='ltr'><strong>ire</strong></span> 
     </span>
    </p>
   </div>
   <div class='ocr_carea' id='block_1_2' title="bbox 237 601 1604 3256">
    <p class='ocr_par' dir='ltr' id='par_1_2' title="bbox 237 601 1604 3232">
     <span class='ocr_line' id='line_1_2' title="bbox 240 601 1560 685; baseline 0 -19"><span class='ocrx_word' id='word_1_8' title='bbox 240 602 304 668; x_wconf 94' lang='lat' dir='ltr'><strong>illis</strong></span> <span class='ocrx_word' id='word_1_9' title='bbox 337 603 492 668; x_wconf 89' lang='lat' dir='ltr'><strong>columnis</strong></span> <span class='ocrx_word' id='word_1_10' title='bbox 521 602 593 666; x_wconf 87' lang='lat' dir='ltr'><strong>dico</strong></span> <span class='ocrx_word' id='word_1_11' title='bbox 615 622 707 677; x_wconf 88' lang='lat' dir='ltr'><strong>esse,</strong></span> <span class='ocrx_word' id='word_1_12' title='bbox 741 621 823 685; x_wconf 86' lang='lat' dir='ltr'><strong>quac</strong></span> <span class='ocrx_word' id='word_1_13' title='bbox 855 607 954 664; x_wconf 89' lang='lat' dir='ltr'><strong>atuo</strong></span> <span class='ocrx_word' id='word_1_14' title='bbox 975 601 1175 682; x_wconf 80' lang='lat' dir='ltr'>redemptore</span> <span class='ocrx_word' id='word_1_15' title='bbox 1196 605 1373 662; x_wconf 89' lang='lat' dir='ltr'><strong>commotae</strong></span> <span class='ocrx_word' id='word_1_16' title='bbox 1394 619 1458 663; x_wconf 93' lang='lat' dir='ltr'><strong>non</strong></span> <span class='ocrx_word' id='word_1_17' title='bbox 1481 603 1560 666; x_wconf 84' lang='lat' dir='ltr'><strong>sint:</strong></span> 
     </span>
     <span class='ocr_line' id='line_1_3' title="bbox 239 693 1561 782; baseline 0.001 -21"><span class='ocrx_word' id='word_1_18' title='bbox 239 697 311 762; x_wconf 91' lang='lat' dir='ltr'><strong>dico</strong></span> <span class='ocrx_word' id='word_1_19' title='bbox 334 719 421 775; x_wconf 90' lang='lat' dir='ltr'><strong>esse,</strong></span> <span class='ocrx_word' id='word_1_20' title='bbox 445 718 486 761; x_wconf 89' lang='lat' dir='ltr'><strong>ex</strong></span> <span class='ocrx_word' id='word_1_21' title='bbox 507 717 572 782; x_wconf 91' lang='lat' dir='ltr'><strong>qua</strong></span> <span class='ocrx_word' id='word_1_22' title='bbox 593 704 714 761; x_wconf 89' lang='lat' dir='ltr'><strong>tantum</strong></span> <span class='ocrx_word' id='word_1_23' title='bbox 735 697 902 759; x_wconf 90' lang='lat' dir='ltr'><strong>tectorium</strong></span> <span class='ocrx_word' id='word_1_24' title='bbox 923 701 1013 758; x_wconf 90' lang='lat' dir='ltr'><strong>vetus</strong></span> <span class='ocrx_word' id='word_1_25' title='bbox 1035 695 1191 758; x_wconf 86' lang='lat' dir='ltr'><strong>deiectum</strong></span> <span class='ocrx_word' id='word_1_26' title='bbox 1213 693 1254 756; x_wconf 90' lang='lat' dir='ltr'><strong>sit</strong></span> <span class='ocrx_word' id='word_1_27' title='bbox 1275 700 1308 756; x_wconf 91' lang='lat' dir='ltr'><strong>et</strong></span> <span class='ocrx_word' id='word_1_28' title='bbox 1328 711 1447 759; x_wconf 88' lang='lat' dir='ltr'><strong>novum</strong></span> <span class='ocrx_word' id='word_1_29' title='bbox 1468 697 1561 762; x_wconf 91' lang='lat' dir='ltr'><strong>indu·</strong></span> 
     </span>
     <span class='ocr_line' id='line_1_4' title="bbox 239 789 1562 874; baseline -0.001 -18"><span class='ocrx_word' id='word_1_30' title='bbox 239 800 334 856; x_wconf 86' lang='lat' dir='ltr'><strong>ctum.</strong></span> <span class='ocrx_word' id='word_1_31' title='bbox 378 793 472 869; x_wconf 87' lang='lat' dir='ltr'><strong>Quod</strong></span> <span class='ocrx_word' id='word_1_32' title='bbox 495 793 521 856; x_wconf 92' lang='lat' dir='ltr'><strong>si</strong></span> <span class='ocrx_word' id='word_1_33' title='bbox 543 799 631 855; x_wconf 89' lang='lat' dir='ltr'><strong>tanta</strong></span> <span class='ocrx_word' id='word_1_34' title='bbox 651 789 787 874; x_wconf 91' lang='lat' dir='ltr'><strong>pecunia</strong></span> <span class='ocrx_word' id='word_1_35' title='bbox 809 789 972 852; x_wconf 92' lang='lat' dir='ltr'><strong>columnas</strong></span> <span class='ocrx_word' id='word_1_36' title='bbox 987 789 1136 852; x_wconf 85' lang='lat' dir='ltr'><strong>dealbari</strong></span> <span class='ocrx_word' id='word_1_37' title='bbox 1158 795 1335 870; x_wconf 87' lang='lat' dir='ltr'><strong>putassem,</strong></span> <span class='ocrx_word' id='word_1_38' title='bbox 1364 797 1449 854; x_wconf 88' lang='lat' dir='ltr'><strong>certe</strong></span> <span class='ocrx_word' id='word_1_39' title='bbox 1470 811 1562 854; x_wconf 91' lang='lat' dir='ltr'><strong>num·</strong></span> 
     </span>
     <span class='ocr_line' id='line_1_5' title="bbox 239 880 1562 970; baseline 0.001 -21"><span class='ocrx_word' id='word_1_40' title='bbox 239 906 334 970; x_wconf 92' lang='lat' dir='ltr'><strong>quam</strong></span> <span class='ocrx_word' id='word_1_41' title='bbox 363 887 555 950; x_wconf 77' lang='lat' dir='ltr'><strong>aedilitatem</strong></span> <span class='ocrx_word' id='word_1_42' title='bbox 589 887 746 970; x_wconf 88' lang='lat' dir='ltr'><strong>petissem.</strong></span> <span class='ocrx_word' id='word_1_43' title='bbox 791 880 862 947; x_wconf 78' lang='lat' dir='ltr'><strong>litt.</strong></span> <span class='ocrx_word' id='word_1_44' title='bbox 890 884 931 946; x_wconf 80' lang='lat' dir='ltr'><strong>At</strong></span> <span class='ocrx_word' id='word_1_45' title='bbox 952 891 988 948; x_wconf 87' lang='lat' dir='ltr'><strong>ut</strong></span> <span class='ocrx_word' id='word_1_46' title='bbox 1008 884 1152 947; x_wconf 87' lang='lat' dir='ltr'><strong>videatur</strong></span> <span class='ocrx_word' id='word_1_47' title='bbox 1171 889 1277 948; x_wconf 85' lang='lat' dir='ltr'><strong>tamen</strong></span> <span class='ocrx_word' id='word_1_48' title='bbox 1299 903 1350 946; x_wconf 88' lang='lat' dir='ltr'><strong>res</strong></span> <span class='ocrx_word' id='word_1_49' title='bbox 1371 885 1422 966; x_wconf 79' lang='lat' dir='ltr'><strong>agi</strong></span> <span class='ocrx_word' id='word_1_50' title='bbox 1444 891 1476 948; x_wconf 88' lang='lat' dir='ltr'><strong>et</strong></span> <span class='ocrx_word' id='word_1_51' title='bbox 1497 907 1562 950; x_wconf 89' lang='lat' dir='ltr'><strong>non</strong></span> 
     </span>
     <span class='ocr_line' id='line_1_6' title="bbox 239 979 1586 1064; baseline 0.001 -21"><span class='ocrx_word' id='word_1_52' title='bbox 239 981 318 1063; x_wconf 90' lang='lat' dir='ltr'><strong>eripi</strong></span> <span class='ocrx_word' id='word_1_53' title='bbox 347 981 491 1064; x_wconf 82' lang='lat' dir='ltr'><strong>pupillo:</strong></span> <span class='ocrx_word' id='word_1_54' title='bbox 524 1001 551 1044; x_wconf 83' lang='lat' dir='ltr'><strong>ss</strong></span> <span class='ocrx_word' id='word_1_55' title='bbox 582 997 657 1054; x_wconf 81' lang='lat' dir='ltr'><strong>ovrn</strong></span> <span class='ocrx_word' id='word_1_56' title='bbox 685 999 795 1043; x_wconf 72' lang='lat' dir='ltr'><strong>occurs</strong></span> <span class='ocrx_word' id='word_1_57' title='bbox 824 998 920 1042; x_wconf 78' lang='lat' dir='ltr'><strong>cavea</strong></span> <span class='ocrx_word' id='word_1_58' title='bbox 944 997 1141 1052; x_wconf 84' lang='lat' dir='ltr'><strong>nnscrosnrs,</strong></span> <span class='ocrx_word' id='word_1_59' title='bbox 1171 997 1326 1042; x_wconf 77' lang='lat' dir='ltr'><strong>narrcrro.</strong></span> <span class='ocrx_word' id='word_1_60' title='bbox 1370 979 1447 1042; x_wconf 87' lang='lat' dir='ltr'><strong>LVI.</strong></span> <span class='ocrx_word' id='word_1_61' title='bbox 1478 980 1586 1056; x_wconf 83' lang='lat' dir='ltr'><strong>Qnids</strong></span> 
     </span>
     <span class='ocr_line' id='line_1_7' title="bbox 239 1072 1561 1159; baseline 0.003 -21"><span class='ocrx_word' id='word_1_62' title='bbox 239 1083 320 1150; x_wconf 91' lang='lat' dir='ltr'><strong>erat,</strong></span> <span class='ocrx_word' id='word_1_63' title='bbox 344 1076 430 1159; x_wconf 89' lang='lat' dir='ltr'><strong>quod</strong></span> <span class='ocrx_word' id='word_1_64' title='bbox 452 1074 662 1150; x_wconf 79' lang='lat' dir='ltr'><strong>rescinderet,</strong></span> <span class='ocrx_word' id='word_1_65' title='bbox 685 1094 758 1138; x_wconf 89' lang='lat' dir='ltr'><strong>cum</strong></span> <span class='ocrx_word' id='word_1_66' title='bbox 779 1095 837 1138; x_wconf 87' lang='lat' dir='ltr'><strong>suo</strong></span> <span class='ocrx_word' id='word_1_67' title='bbox 860 1093 1019 1157; x_wconf 86' lang='lat' dir='ltr'><strong>quemque</strong></span> <span class='ocrx_word' id='word_1_68' title='bbox 1039 1072 1267 1154; x_wconf 80' lang='lat' dir='ltr'><strong>locolapidem</strong></span> <span class='ocrx_word' id='word_1_69' title='bbox 1281 1079 1475 1156; x_wconf 75' lang='lat' dir='ltr'><strong>reponeret?</strong></span> <span class='ocrx_word' id='word_1_70' title='bbox 1498 1077 1561 1153; x_wconf 82' lang='lat' dir='ltr'><strong>Qu</strong></span> 
     </span>
     <span class='ocr_line' id='line_1_8' title="bbox 238 1183 1562 1244; baseline 0.002 -10"><span class='ocrx_word' id='word_1_71' title='bbox 238 1189 431 1244; x_wconf 76' lang='lat' dir='ltr'><strong>urrunnu,</strong></span> <span class='ocrx_word' id='word_1_72' title='bbox 454 1191 539 1234; x_wconf 81' lang='lat' dir='ltr'><strong>sarrs</strong></span> <span class='ocrx_word' id='word_1_73' title='bbox 554 1189 616 1233; x_wconf 84' lang='lat' dir='ltr'><strong>nar</strong></span> <span class='ocrx_word' id='word_1_74' title='bbox 630 1189 730 1232; x_wconf 75' lang='lat' dir='ltr'><strong>nauus</strong></span> <span class='ocrx_word' id='word_1_75' title='bbox 747 1188 872 1232; x_wconf 82' lang='lat' dir='ltr'><strong>rurscrr</strong></span> <span class='ocrx_word' id='word_1_76' title='bbox 887 1187 930 1242; x_wconf 85' lang='lat' dir='ltr'><strong>nr,</strong></span> <span class='ocrx_word' id='word_1_77' title='bbox 953 1187 1007 1242; x_wconf 75' lang='grc' dir='ltr'><strong>(ιιι</strong></span> <span class='ocrx_word' id='word_1_78' title='bbox 1020 1191 1041 1230; x_wconf 82' lang='lat' dir='ltr'><strong>a</strong></span> <span class='ocrx_word' id='word_1_79' title='bbox 1054 1187 1177 1231; x_wconf 82' lang='lat' dir='ltr'><strong>verena</strong></span> <span class='ocrx_word' id='word_1_80' title='bbox 1193 1183 1404 1233; x_wconf 67' lang='lat' dir='ltr'><strong>unnenscare</strong></span> <span class='ocrx_word' id='word_1_81' title='bbox 1420 1189 1562 1236; x_wconf 81' lang='lat' dir='ltr'><strong>accarrr.</strong></span> 
     </span>
     <span class='ocr_line' id='line_1_9' title="bbox 238 1261 1562 1345; baseline 0.002 -16"><span class='ocrx_word' id='word_1_82' title='bbox 238 1264 385 1338; x_wconf 83' lang='lat' dir='ltr'><strong>Deridet,</strong></span> <span class='ocrx_word' id='word_1_83' title='bbox 408 1284 480 1327; x_wconf 92' lang='lat' dir='ltr'><strong>cum</strong></span> <span class='ocrx_word' id='word_1_84' title='bbox 503 1265 563 1328; x_wconf 85' lang='lat' dir='ltr'><strong>sibi</strong></span> <span class='ocrx_word' id='word_1_85' title='bbox 584 1265 689 1345; x_wconf 88' lang='lat' dir='ltr'><strong>ipsum</strong></span> <span class='ocrx_word' id='word_1_86' title='bbox 710 1263 800 1327; x_wconf 87' lang='lat' dir='ltr'><strong>iubat</strong></span> <span class='ocrx_word' id='word_1_87' title='bbox 820 1264 897 1326; x_wconf 88' lang='lat' dir='ltr'><strong>satis</strong></span> <span class='ocrx_word' id='word_1_88' title='bbox 919 1261 993 1325; x_wconf 89' lang='lat' dir='ltr'><strong>dare</strong></span> <span class='ocrx_word' id='word_1_89' title='bbox 1015 1262 1204 1324; x_wconf 77' lang='lat' dir='ltr'><strong>Habonium.</strong></span> <span class='ocrx_word' id='word_1_90' title='bbox 1247 1262 1386 1328; x_wconf 73' lang='lat' dir='ltr'><strong>Paesuri</strong></span> <span class='ocrx_word' id='word_1_91' title='bbox 1407 1284 1562 1338; x_wconf 75' lang='lat' dir='ltr'><strong>enascens</strong></span> 
     </span>
     <span class='ocr_line' id='line_1_10' title="bbox 239 1355 1563 1440; baseline 0.002 -17"><span class='ocrx_word' id='word_1_92' title='bbox 239 1379 407 1424; x_wconf 81' lang='lat' dir='ltr'><strong>sonvsrvn.</strong></span> <span class='ocrx_word' id='word_1_93' title='bbox 452 1358 575 1434; x_wconf 87' lang='lat' dir='ltr'><strong>Quibus</strong></span> <span class='ocrx_word' id='word_1_94' title='bbox 598 1357 638 1420; x_wconf 89' lang='lat' dir='ltr'><strong>de</strong></span> <span class='ocrx_word' id='word_1_95' title='bbox 659 1357 776 1419; x_wconf 82' lang='lat' dir='ltr'><strong>bonisi</strong></span> <span class='ocrx_word' id='word_1_96' title='bbox 806 1359 892 1431; x_wconf 90' lang='lat' dir='ltr'><strong>eius,</strong></span> <span class='ocrx_word' id='word_1_97' title='bbox 922 1356 997 1440; x_wconf 90' lang='lat' dir='ltr'><strong>qui,</strong></span> <span class='ocrx_word' id='word_1_98' title='bbox 1025 1356 1111 1440; x_wconf 94' lang='lat' dir='ltr'><strong>quod</strong></span> <span class='ocrx_word' id='word_1_99' title='bbox 1132 1362 1168 1419; x_wconf 88' lang='lat' dir='ltr'><strong>tu</strong></span> <span class='ocrx_word' id='word_1_100' title='bbox 1190 1355 1249 1418; x_wconf 78' lang='lat' dir='ltr'><strong>HS</strong></span> <span class='ocrx_word' id='word_1_101' title='bbox 1271 1375 1345 1416; x_wconf 80' lang='lat' dir='ltr'><strong>anax</strong></span> <span class='ocrx_word' id='word_1_102' title='bbox 1366 1360 1493 1426; x_wconf 91' lang='lat' dir='ltr'><strong>milibus</strong></span> <span class='ocrx_word' id='word_1_103' title='bbox 1515 1363 1563 1425; x_wconf 91' lang='lat' dir='ltr'><strong>lo·</strong></span> 
     </span>
     <span class='ocr_line' id='line_1_11' title="bbox 239 1449 1601 1529; baseline 0.001 -12"><span class='ocrx_word' id='word_1_104' title='bbox 239 1454 332 1529; x_wconf 87' lang='lat' dir='ltr'><strong>casti,</strong></span> <span class='ocrx_word' id='word_1_105' title='bbox 355 1473 390 1517; x_wconf 89' lang='lat' dir='ltr'><strong>se</strong></span> <span class='ocrx_word' id='word_1_106' title='bbox 411 1453 472 1516; x_wconf 74' lang='lat' dir='ltr'><strong>Hs</strong></span> <span class='ocrx_word' id='word_1_107' title='bbox 495 1471 582 1516; x_wconf 87' lang='lat' dir='ltr'><strong>cxxx</strong></span> <span class='ocrx_word' id='word_1_108' title='bbox 603 1451 729 1514; x_wconf 92' lang='lat' dir='ltr'><strong>milibus</strong></span> <span class='ocrx_word' id='word_1_109' title='bbox 752 1451 935 1514; x_wconf 77' lang='lat' dir='ltr'><strong>effecturum</strong></span> <span class='ocrx_word' id='word_1_110' title='bbox 958 1469 1028 1513; x_wconf 89' lang='lat' dir='ltr'><strong>esse</strong></span> <span class='ocrx_word' id='word_1_111' title='bbox 1049 1450 1206 1514; x_wconf 90' lang='lat' dir='ltr'><strong>clamavit.</strong></span> <span class='ocrx_word' id='word_1_112' title='bbox 1244 1449 1367 1525; x_wconf 85' lang='lat' dir='ltr'><strong>Quibus</strong></span> <span class='ocrx_word' id='word_1_113' title='bbox 1389 1451 1428 1516; x_wconf 86' lang='lat' dir='ltr'><strong>de</strong></span> <span class='ocrx_word' id='word_1_114' title='bbox 1449 1455 1601 1519; x_wconf 82' lang='lat' dir='ltr'><strong>bonisito</strong></span> 
     </span>
     <span class='ocr_line' id='line_1_12' title="bbox 238 1542 1564 1631; baseline 0.003 -21"><span class='ocrx_word' id='word_1_115' title='bbox 238 1547 370 1631; x_wconf 90' lang='lat' dir='ltr'><strong>pupilli,</strong></span> <span class='ocrx_word' id='word_1_116' title='bbox 392 1547 483 1610; x_wconf 89' lang='lat' dir='ltr'><strong>cuius</strong></span> <span class='ocrx_word' id='word_1_117' title='bbox 505 1551 641 1608; x_wconf 85' lang='lat' dir='ltr'><strong>aetatem</strong></span> <span class='ocrx_word' id='word_1_118' title='bbox 663 1551 695 1608; x_wconf 91' lang='lat' dir='ltr'><strong>ct</strong></span> <span class='ocrx_word' id='word_1_119' title='bbox 716 1544 934 1619; x_wconf 85' lang='lat' dir='ltr'><strong>solitudinem,</strong></span> <span class='ocrx_word' id='word_1_120' title='bbox 964 1544 1058 1607; x_wconf 89' lang='lat' dir='ltr'><strong>etiam</strong></span> <span class='ocrx_word' id='word_1_121' title='bbox 1080 1542 1107 1606; x_wconf 88' lang='lat' dir='ltr'><strong>si</strong></span> <span class='ocrx_word' id='word_1_122' title='bbox 1128 1551 1249 1608; x_wconf 90' lang='lat' dir='ltr'><strong>tutores</strong></span> <span class='ocrx_word' id='word_1_123' title='bbox 1270 1563 1336 1607; x_wconf 92' lang='lat' dir='ltr'><strong>non</strong></span> <span class='ocrx_word' id='word_1_124' title='bbox 1358 1555 1478 1623; x_wconf 87' lang='lat' dir='ltr'><strong>essent,</strong></span> <span class='ocrx_word' id='word_1_125' title='bbox 1509 1549 1564 1614; x_wconf 88' lang='lat' dir='ltr'><strong>dc·</strong></span> 
     </span>
     <span class='ocr_line' id='line_1_13' title="bbox 237 1637 1564 1724; baseline 0.004 -20"><span class='ocrx_word' id='word_1_126' title='bbox 237 1640 368 1706; x_wconf 76' lang='lat' dir='ltr'><strong>ferdere</strong></span> <span class='ocrx_word' id='word_1_127' title='bbox 390 1647 519 1724; x_wconf 89' lang='lat' dir='ltr'><strong>praetor</strong></span> <span class='ocrx_word' id='word_1_128' title='bbox 540 1638 657 1702; x_wconf 81' lang='lat' dir='ltr'><strong>debuit.</strong></span> <span class='ocrx_word' id='word_1_129' title='bbox 700 1639 870 1702; x_wconf 85' lang='lat' dir='ltr'><strong>Tutoribus</strong></span> <span class='ocrx_word' id='word_1_130' title='bbox 893 1637 1134 1700; x_wconf 83' lang='lat' dir='ltr'><strong>defendentibus</strong></span> <span class='ocrx_word' id='word_1_131' title='bbox 1157 1658 1221 1702; x_wconf 94' lang='lat' dir='ltr'><strong>non</strong></span> <span class='ocrx_word' id='word_1_132' title='bbox 1239 1639 1334 1701; x_wconf 92' lang='lat' dir='ltr'><strong>modo</strong></span> <span class='ocrx_word' id='word_1_133' title='bbox 1356 1644 1473 1722; x_wconf 86' lang='lat' dir='ltr'><strong>patrias</strong></span> <span class='ocrx_word' id='word_1_134' title='bbox 1495 1647 1564 1709; x_wconf 93' lang='lat' dir='ltr'><strong>eius</strong></span> 
     </span>
     <span class='ocr_line' id='line_1_14' title="bbox 238 1731 1594 1812; baseline 0.003 -13"><span class='ocrx_word' id='word_1_135' title='bbox 238 1736 401 1812; x_wconf 79' lang='lat' dir='ltr'><strong>fortunas,</strong></span> <span class='ocrx_word' id='word_1_136' title='bbox 424 1734 480 1798; x_wconf 87' lang='lat' dir='ltr'><strong>sed</strong></span> <span class='ocrx_word' id='word_1_137' title='bbox 503 1735 597 1798; x_wconf 87' lang='lat' dir='ltr'><strong>ctiam</strong></span> <span class='ocrx_word' id='word_1_138' title='bbox 618 1733 702 1796; x_wconf 92' lang='lat' dir='ltr'><strong>bona</strong></span> <span class='ocrx_word' id='word_1_139' title='bbox 723 1740 862 1796; x_wconf 91' lang='lat' dir='ltr'><strong>tutorum</strong></span> <span class='ocrx_word' id='word_1_140' title='bbox 877 1731 1033 1795; x_wconf 87' lang='lat' dir='ltr'><strong>ademisti.</strong></span> <span class='ocrx_word' id='word_1_141' title='bbox 1054 1732 1124 1794; x_wconf 89' lang='lat' dir='ltr'><strong>Hoc</strong></span> <span class='ocrx_word' id='word_1_142' title='bbox 1147 1751 1224 1796; x_wconf 86' lang='lat' dir='ltr'><strong>orvs</strong></span> <span class='ocrx_word' id='word_1_143' title='bbox 1245 1753 1350 1796; x_wconf 80' lang='lat' dir='ltr'><strong>norun</strong></span> <span class='ocrx_word' id='word_1_144' title='bbox 1372 1755 1428 1799; x_wconf 87' lang='lat' dir='ltr'><strong>svo</strong></span> <span class='ocrx_word' id='word_1_145' title='bbox 1450 1755 1563 1812; x_wconf 85' lang='lat' dir='ltr'><strong>cvrovs</strong></span> <span class='ocrx_word' id='word_1_146' title='bbox 1589 1775 1594 1786; x_wconf 93' lang='lat'>·</span> 
     </span>
     <span class='ocr_line' id='line_1_15' title="bbox 239 1818 1565 1916; baseline 0.002 -22"><span class='ocrx_word' id='word_1_147' title='bbox 239 1849 364 1894; x_wconf 80' lang='lat' dir='ltr'><strong>rsosro.</strong></span> <span class='ocrx_word' id='word_1_148' title='bbox 408 1828 493 1904; x_wconf 84' lang='lat' dir='ltr'><strong>Quid</strong></span> <span class='ocrx_word' id='word_1_149' title='bbox 524 1836 573 1891; x_wconf 89' lang='lat' dir='ltr'><strong>est</strong></span> <span class='ocrx_word' id='word_1_150' title='bbox 594 1847 649 1890; x_wconf 92' lang='lat' dir='ltr'><strong>svo</strong></span> <span class='ocrx_word' id='word_1_151' title='bbox 672 1829 808 1900; x_wconf 82' lang='lat' dir='ltr'><strong>cvrovnl</strong></span> <span class='ocrx_word' id='word_1_152' title='bbox 851 1818 1040 1908; x_wconf 79' lang='lat' dir='ltr'><strong>ll7.(Lapis</strong></span> <span class='ocrx_word' id='word_1_153' title='bbox 1062 1825 1176 1909; x_wconf 91' lang='lat' dir='ltr'><strong>aliquis</strong></span> <span class='ocrx_word' id='word_1_154' title='bbox 1198 1826 1379 1892; x_wconf 90' lang='lat' dir='ltr'><strong>caedendus</strong></span> <span class='ocrx_word' id='word_1_155' title='bbox 1397 1839 1429 1894; x_wconf 90' lang='lat' dir='ltr'><strong>et</strong></span> <span class='ocrx_word' id='word_1_156' title='bbox 1450 1851 1565 1916; x_wconf 90' lang='lat' dir='ltr'><strong>appor-</strong></span> 
     </span>
     <span class='ocr_line' id='line_1_16' title="bbox 240 1919 1602 1997; baseline 0.003 -10"><span class='ocrx_word' id='word_1_157' title='bbox 240 1923 355 1987; x_wconf 88' lang='lat' dir='ltr'><strong>tandus</strong></span> <span class='ocrx_word' id='word_1_158' title='bbox 382 1921 443 1985; x_wconf 82' lang='lat' dir='ltr'><strong>init</strong></span> <span class='ocrx_word' id='word_1_159' title='bbox 471 1921 615 1986; x_wconf 91' lang='lat' dir='ltr'><strong>machina</strong></span> <span class='ocrx_word' id='word_1_160' title='bbox 643 1941 717 1997; x_wconf 90' lang='lat' dir='ltr'><strong>sua;</strong></span> <span class='ocrx_word' id='word_1_161' title='bbox 746 1938 820 1983; x_wconf 92' lang='lat' dir='ltr'><strong>nam</strong></span> <span class='ocrx_word' id='word_1_162' title='bbox 845 1919 901 1982; x_wconf 96' lang='lat' dir='ltr'><strong>illo</strong></span> <span class='ocrx_word' id='word_1_163' title='bbox 923 1939 988 1982; x_wconf 92' lang='lat' dir='ltr'><strong>non</strong></span> <span class='ocrx_word' id='word_1_164' title='bbox 1010 1939 1139 1993; x_wconf 87' lang='lat' dir='ltr'><strong>saxum,</strong></span> <span class='ocrx_word' id='word_1_165' title='bbox 1165 1940 1231 1983; x_wconf 91' lang='lat' dir='ltr'><strong>non</strong></span> <span class='ocrx_word' id='word_1_166' title='bbox 1254 1923 1400 1987; x_wconf 91' lang='lat' dir='ltr'><strong>materies</strong></span> <span class='ocrx_word' id='word_1_167' title='bbox 1421 1926 1488 1989; x_wconf 89' lang='lat' dir='ltr'><strong>nlla</strong></span> <span class='ocrx_word' id='word_1_168' title='bbox 1510 1927 1564 1990; x_wconf 93' lang='lat' dir='ltr'><strong>ad</strong></span> <span class='ocrx_word' id='word_1_169' title='bbox 1550 1941 1602 1992; x_wconf 76' lang='grc' dir='ltr'><strong>ιι</strong></span> 
     </span>
     <span class='ocr_line' id='line_1_17' title="bbox 239 2013 1565 2104; baseline 0.002 -23"><span class='ocrx_word' id='word_1_170' title='bbox 239 2024 333 2103; x_wconf 80' lang='lat' dir='ltr'><strong>vecta¹</strong></span> <span class='ocrx_word' id='word_1_171' title='bbox 353 2025 422 2104; x_wconf 89' lang='lat' dir='ltr'><strong>est)</strong></span> <span class='ocrx_word' id='word_1_172' title='bbox 443 2023 565 2080; x_wconf 88' lang='lat' dir='ltr'><strong>tantum</strong></span> <span class='ocrx_word' id='word_1_173' title='bbox 587 2017 692 2099; x_wconf 90' lang='lat' dir='ltr'><strong>operis</strong></span> <span class='ocrx_word' id='word_1_174' title='bbox 713 2017 748 2078; x_wconf 96' lang='lat' dir='ltr'><strong>in</strong></span> <span class='ocrx_word' id='word_1_175' title='bbox 768 2016 830 2078; x_wconf 90' lang='lat' dir='ltr'><strong>ista</strong></span> <span class='ocrx_word' id='word_1_176' title='bbox 850 2014 1007 2077; x_wconf 91' lang='lat' dir='ltr'><strong>locatione</strong></span> <span class='ocrx_word' id='word_1_177' title='bbox 1028 2013 1107 2088; x_wconf 82' lang='lat' dir='ltr'><strong>fuit,</strong></span> <span class='ocrx_word' id='word_1_178' title='bbox 1130 2023 1284 2097; x_wconf 89' lang='lat' dir='ltr'><strong>quantum</strong></span> <span class='ocrx_word' id='word_1_179' title='bbox 1306 2035 1427 2099; x_wconf 88' lang='lat' dir='ltr'><strong>paucae</strong></span> <span class='ocrx_word' id='word_1_180' title='bbox 1448 2039 1565 2103; x_wconf 85' lang='lat' dir='ltr'><strong>operae</strong></span> 
     </span>
     <span class='ocr_line' id='line_1_18' title="bbox 239 2095 1565 2191; baseline 0.001 -15"><span class='ocrx_word' id='word_1_181' title='bbox 239 2095 400 2176; x_wconf 79' lang='lat' dir='ltr'><strong>fabrorum</strong></span> <span class='ocrx_word' id='word_1_182' title='bbox 428 2110 583 2174; x_wconf 83' lang='lat' dir='ltr'><strong>mercedis</strong></span> <span class='ocrx_word' id='word_1_183' title='bbox 609 2109 766 2185; x_wconf 89' lang='lat' dir='ltr'><strong>tulerunt,</strong></span> <span class='ocrx_word' id='word_1_184' title='bbox 795 2116 829 2172; x_wconf 90' lang='lat' dir='ltr'><strong>et</strong></span> <span class='ocrx_word' id='word_1_185' title='bbox 856 2109 1127 2191; x_wconf 90' lang='lat' dir='ltr'><strong>manuspretium</strong></span> <span class='ocrx_word' id='word_1_186' title='bbox 1149 2108 1322 2174; x_wconf 79' lang='lat' dir='ltr'><strong>machinae.</strong></span> <span class='ocrx_word' id='word_1_187' title='bbox 1366 2113 1475 2176; x_wconf 90' lang='lat' dir='ltr'><strong>Utrum</strong></span> <span class='ocrx_word' id='word_1_188' title='bbox 1498 2116 1565 2177; x_wconf 85' lang='lat' dir='ltr'><strong>exi-</strong></span> 
     </span>
     <span class='ocr_line' id='line_1_19' title="bbox 241 2200 1565 2290; baseline 0.002 -20"><span class='ocrx_word' id='word_1_189' title='bbox 241 2207 373 2271; x_wconf 91' lang='lat' dir='ltr'><strong>stimatis</strong></span> <span class='ocrx_word' id='word_1_190' title='bbox 400 2206 505 2268; x_wconf 90' lang='lat' dir='ltr'><strong>minus</strong></span> <span class='ocrx_word' id='word_1_191' title='bbox 538 2203 642 2287; x_wconf 90' lang='lat' dir='ltr'><strong>operis</strong></span> <span class='ocrx_word' id='word_1_192' title='bbox 670 2223 740 2267; x_wconf 87' lang='lat' dir='ltr'><strong>esse</strong></span> <span class='ocrx_word' id='word_1_193' title='bbox 770 2223 868 2268; x_wconf 89' lang='lat' dir='ltr'><strong>unam</strong></span> <span class='ocrx_word' id='word_1_194' title='bbox 891 2202 1070 2266; x_wconf 89' lang='lat' dir='ltr'><strong>columnam</strong></span> <span class='ocrx_word' id='word_1_195' title='bbox 1097 2200 1221 2268; x_wconf 86' lang='lat' dir='ltr'><strong>efficere</strong></span> <span class='ocrx_word' id='word_1_196' title='bbox 1244 2205 1283 2267; x_wconf 88' lang='lat' dir='ltr'><strong>ab</strong></span> <span class='ocrx_word' id='word_1_197' title='bbox 1303 2207 1428 2290; x_wconf 77' lang='lat' dir='ltr'><strong>integro</strong></span> <span class='ocrx_word' id='word_1_198' title='bbox 1451 2227 1565 2272; x_wconf 92' lang='lat' dir='ltr'><strong>novam</strong></span> 
     </span>
     <span class='ocr_line' id='line_1_20' title="bbox 240 2295 1565 2388; baseline 0.002 -24"><span class='ocrx_word' id='word_1_199' title='bbox 240 2301 330 2366; x_wconf 91' lang='lat' dir='ltr'><strong>nullo</strong></span> <span class='ocrx_word' id='word_1_200' title='bbox 351 2297 457 2381; x_wconf 88' lang='lat' dir='ltr'><strong>lapide</strong></span> <span class='ocrx_word' id='word_1_201' title='bbox 478 2298 620 2362; x_wconf 90' lang='lat' dir='ltr'><strong>redivivo</strong></span> <span class='ocrx_word' id='word_1_202' title='bbox 644 2318 685 2362; x_wconf 91' lang='lat' dir='ltr'><strong>an</strong></span> <span class='ocrx_word' id='word_1_203' title='bbox 706 2306 857 2382; x_wconf 92' lang='lat' dir='ltr'><strong>quattuor</strong></span> <span class='ocrx_word' id='word_1_204' title='bbox 878 2295 949 2360; x_wconf 93' lang='lat' dir='ltr'><strong>illas</strong></span> <span class='ocrx_word' id='word_1_205' title='bbox 971 2303 1151 2380; x_wconf 78' lang='lat' dir='ltr'><strong>reponeret</strong></span> <span class='ocrx_word' id='word_1_206' title='bbox 1194 2301 1294 2362; x_wconf 89' lang='lat' dir='ltr'><strong>Nemo</strong></span> <span class='ocrx_word' id='word_1_207' title='bbox 1317 2301 1454 2379; x_wconf 89' lang='lat' dir='ltr'><strong>dubitat,</strong></span> <span class='ocrx_word' id='word_1_208' title='bbox 1486 2304 1565 2388; x_wconf 91' lang='lat' dir='ltr'><strong>quin</strong></span> 
     </span>
     <span class='ocr_line' id='line_1_21' title="bbox 240 2390 1602 2478; baseline 0.004 -19"><span class='ocrx_word' id='word_1_209' title='bbox 240 2397 340 2460; x_wconf 92' lang='lat' dir='ltr'><strong>multo</strong></span> <span class='ocrx_word' id='word_1_210' title='bbox 363 2396 463 2458; x_wconf 91' lang='lat' dir='ltr'><strong>maius</strong></span> <span class='ocrx_word' id='word_1_211' title='bbox 486 2394 529 2457; x_wconf 85' lang='lat' dir='ltr'><strong>sit</strong></span> <span class='ocrx_word' id='word_1_212' title='bbox 548 2414 663 2457; x_wconf 92' lang='lat' dir='ltr'><strong>novam</strong></span> <span class='ocrx_word' id='word_1_213' title='bbox 685 2393 800 2457; x_wconf 83' lang='lat' dir='ltr'><strong>iacere.</strong></span> <span class='ocrx_word' id='word_1_214' title='bbox 832 2390 1004 2454; x_wconf 85' lang='lat' dir='ltr'><strong>Ostendam</strong></span> <span class='ocrx_word' id='word_1_215' title='bbox 1025 2394 1059 2458; x_wconf 91' lang='lat' dir='ltr'><strong>in</strong></span> <span class='ocrx_word' id='word_1_216' title='bbox 1080 2393 1212 2456; x_wconf 90' lang='lat' dir='ltr'><strong>aedibus</strong></span> <span class='ocrx_word' id='word_1_217' title='bbox 1235 2394 1365 2476; x_wconf 88' lang='lat' dir='ltr'><strong>privatis</strong></span> <span class='ocrx_word' id='word_1_218' title='bbox 1386 2395 1482 2478; x_wconf 78' lang='lat' dir='ltr'><strong>longa</strong></span> <span class='ocrx_word' id='word_1_219' title='bbox 1505 2395 1602 2464; x_wconf 79' lang='lat' dir='ltr'><strong>dii-so</strong></span> 
     </span>
     <span class='ocr_line' id='line_1_22' title="bbox 239 2486 1566 2574; baseline 0 -20"><span class='ocrx_word' id='word_1_220' title='bbox 239 2489 379 2574; x_wconf 89' lang='lat' dir='ltr'><strong>licilique</strong></span> <span class='ocrx_word' id='word_1_221' title='bbox 399 2497 529 2553; x_wconf 87' lang='lat' dir='ltr'><strong>vectura</strong></span> <span class='ocrx_word' id='word_1_222' title='bbox 550 2489 714 2552; x_wconf 88' lang='lat' dir='ltr'><strong>columnas</strong></span> <span class='ocrx_word' id='word_1_223' title='bbox 736 2486 877 2570; x_wconf 81' lang='lat' dir='ltr'><strong>singulas</strong></span> <span class='ocrx_word' id='word_1_224' title='bbox 899 2487 939 2550; x_wconf 89' lang='lat' dir='ltr'><strong>ad</strong></span> <span class='ocrx_word' id='word_1_225' title='bbox 960 2487 1147 2570; x_wconf 79' lang='lat' dir='ltr'><strong>impluvium</strong></span> <span class='ocrx_word' id='word_1_226' title='bbox 1162 2487 1231 2551; x_wconf 71' lang='lat' dir='ltr'><strong>sis</strong></span> <span class='ocrx_word' id='word_1_227' title='bbox 1252 2490 1462 2572; x_wconf 79' lang='lat' dir='ltr'><strong>quadragenis</strong></span> <span class='ocrx_word' id='word_1_228' title='bbox 1484 2491 1566 2556; x_wconf 93' lang='lat' dir='ltr'><strong>mili·</strong></span> 
     </span>
     <span class='ocr_line' id='line_1_23' title="bbox 240 2576 1566 2669; baseline 0.001 -21"><span class='ocrx_word' id='word_1_229' title='bbox 240 2585 300 2648; x_wconf 92' lang='lat' dir='ltr'><strong>bus</strong></span> <span class='ocrx_word' id='word_1_230' title='bbox 321 2603 386 2646; x_wconf 94' lang='lat' dir='ltr'><strong>non</strong></span> <span class='ocrx_word' id='word_1_231' title='bbox 407 2584 511 2646; x_wconf 91' lang='lat' dir='ltr'><strong>minus</strong></span> <span class='ocrx_word' id='word_1_232' title='bbox 533 2603 663 2666; x_wconf 81' lang='lat' dir='ltr'><strong>magnas</strong></span> <span class='ocrx_word' id='word_1_233' title='bbox 685 2583 815 2646; x_wconf 86' lang='lat' dir='ltr'><strong>locatas.</strong></span> <span class='ocrx_word' id='word_1_234' title='bbox 849 2576 920 2642; x_wconf 83' lang='grc'><strong>448.</strong></span> <span class='ocrx_word' id='word_1_235' title='bbox 944 2581 1006 2644; x_wconf 86' lang='lat' dir='ltr'><strong>Sed</strong></span> <span class='ocrx_word' id='word_1_236' title='bbox 1028 2583 1171 2665; x_wconf 89' lang='lat' dir='ltr'><strong>ineptum</strong></span> <span class='ocrx_word' id='word_1_237' title='bbox 1194 2589 1244 2646; x_wconf 86' lang='lat' dir='ltr'><strong>est</strong></span> <span class='ocrx_word' id='word_1_238' title='bbox 1263 2583 1303 2646; x_wconf 93' lang='lat' dir='ltr'><strong>de</strong></span> <span class='ocrx_word' id='word_1_239' title='bbox 1318 2591 1382 2647; x_wconf 86' lang='lat' dir='ltr'><strong>tem</strong></span> <span class='ocrx_word' id='word_1_240' title='bbox 1396 2587 1566 2669; x_wconf 91' lang='lat' dir='ltr'><strong>perspicua</strong></span> 
     </span>
     <span class='ocr_line' id='line_1_24' title="bbox 242 2676 1565 2763; baseline 0.002 -21"><span class='ocrx_word' id='word_1_241' title='bbox 242 2679 310 2742; x_wconf 92' lang='lat' dir='ltr'><strong>eius</strong></span> <span class='ocrx_word' id='word_1_242' title='bbox 337 2676 533 2759; x_wconf 89' lang='lat' dir='ltr'><strong>impudentia</strong></span> <span class='ocrx_word' id='word_1_243' title='bbox 559 2677 704 2760; x_wconf 90' lang='lat' dir='ltr'><strong>pluribus</strong></span> <span class='ocrx_word' id='word_1_244' title='bbox 733 2676 835 2739; x_wconf 91' lang='lat' dir='ltr'><strong>verbis</strong></span> <span class='ocrx_word' id='word_1_245' title='bbox 864 2677 1044 2758; x_wconf 89' lang='lat' dir='ltr'><strong>disputare,</strong></span> <span class='ocrx_word' id='word_1_246' title='bbox 1074 2678 1259 2759; x_wconf 92' lang='lat' dir='ltr'><strong>praesertim</strong></span> <span class='ocrx_word' id='word_1_247' title='bbox 1281 2697 1353 2740; x_wconf 92' lang='lat' dir='ltr'><strong>cum</strong></span> <span class='ocrx_word' id='word_1_248' title='bbox 1374 2679 1434 2743; x_wconf 90' lang='lat' dir='ltr'><strong>iste</strong></span> <span class='ocrx_word' id='word_1_249' title='bbox 1456 2689 1565 2763; x_wconf 90' lang='lat' dir='ltr'><strong>aperte</strong></span> 
     </span>
     <span class='ocr_line' id='line_1_25' title="bbox 243 2771 1565 2859; baseline 0.002 -23"><span class='ocrx_word' id='word_1_250' title='bbox 243 2779 308 2836; x_wconf 89' lang='lat' dir='ltr'><strong>tota</strong></span> <span class='ocrx_word' id='word_1_251' title='bbox 339 2771 408 2854; x_wconf 77' lang='lat' dir='ltr'><strong>lege</strong></span> <span class='ocrx_word' id='word_1_252' title='bbox 438 2773 579 2835; x_wconf 93' lang='lat' dir='ltr'><strong>omnium</strong></span> <span class='ocrx_word' id='word_1_253' title='bbox 609 2791 786 2836; x_wconf 90' lang='lat' dir='ltr'><strong>sermonem</strong></span> <span class='ocrx_word' id='word_1_254' title='bbox 816 2778 912 2854; x_wconf 90' lang='lat' dir='ltr'><strong>atque</strong></span> <span class='ocrx_word' id='word_1_255' title='bbox 942 2773 1206 2835; x_wconf 85' lang='lat' dir='ltr'><strong>existimationem</strong></span> <span class='ocrx_word' id='word_1_256' title='bbox 1233 2774 1473 2856; x_wconf 75' lang='lat' dir='ltr'><strong>contempserit,</strong></span> <span class='ocrx_word' id='word_1_257' title='bbox 1509 2774 1565 2859; x_wconf 91' lang='lat' dir='ltr'><strong>qni</strong></span> 
     </span>
     <span class='ocr_line' id='line_1_26' title="bbox 242 2866 1604 2952; baseline 0.004 -23"><span class='ocrx_word' id='word_1_258' title='bbox 242 2866 397 2929; x_wconf 91' lang='lat' dir='ltr'><strong>etiamad</strong></span> <span class='ocrx_word' id='word_1_259' title='bbox 419 2873 596 2930; x_wconf 85' lang='lat' dir='ltr'><strong>extremum</strong></span> <span class='ocrx_word' id='word_1_260' title='bbox 618 2866 832 2948; x_wconf 89' lang='lat' dir='ltr'><strong>adscripserit,</strong></span> <span class='ocrx_word' id='word_1_261' title='bbox 855 2885 1004 2929; x_wconf 78' lang='lat' dir='ltr'><strong>nsnrvrva</strong></span> <span class='ocrx_word' id='word_1_262' title='bbox 1026 2885 1086 2929; x_wconf 88' lang='lat' dir='ltr'><strong>srnr</strong></span> <span class='ocrx_word' id='word_1_263' title='bbox 1108 2885 1245 2930; x_wconf 81' lang='lat' dir='ltr'><strong>uacare.</strong></span> <span class='ocrx_word' id='word_1_264' title='bbox 1275 2866 1373 2942; x_wconf 89' lang='lat' dir='ltr'><strong>Quasi</strong></span> <span class='ocrx_word' id='word_1_265' title='bbox 1389 2867 1604 2952; x_wconf 78' lang='lat' dir='ltr'><strong>quidquamtt</strong></span> 
     </span>
     <span class='ocr_line' id='line_1_27' title="bbox 239 2959 1566 3043; baseline 0.004 -21"><span class='ocrx_word' id='word_1_266' title='bbox 239 2959 371 3022; x_wconf 86' lang='lat' dir='ltr'><strong>redivivi</strong></span> <span class='ocrx_word' id='word_1_267' title='bbox 393 2979 434 3022; x_wconf 89' lang='lat' dir='ltr'><strong>ex</strong></span> <span class='ocrx_word' id='word_1_268' title='bbox 456 2979 552 3042; x_wconf 90' lang='lat' dir='ltr'><strong>opere</strong></span> <span class='ocrx_word' id='word_1_269' title='bbox 573 2959 628 3023; x_wconf 91' lang='lat' dir='ltr'><strong>illo</strong></span> <span class='ocrx_word' id='word_1_270' title='bbox 650 2959 815 3023; x_wconf 91' lang='lat' dir='ltr'><strong>tolleretur</strong></span> <span class='ocrx_word' id='word_1_271' title='bbox 835 2979 871 3022; x_wconf 91' lang='lat' dir='ltr'><strong>ac</strong></span> <span class='ocrx_word' id='word_1_272' title='bbox 898 2979 964 3022; x_wconf 93' lang='lat' dir='ltr'><strong>non</strong></span> <span class='ocrx_word' id='word_1_273' title='bbox 986 2967 1088 3023; x_wconf 91' lang='lat' dir='ltr'><strong>totum</strong></span> <span class='ocrx_word' id='word_1_274' title='bbox 1110 2980 1192 3043; x_wconf 90' lang='lat' dir='ltr'><strong>opus</strong></span> <span class='ocrx_word' id='word_1_275' title='bbox 1214 2979 1255 3024; x_wconf 83' lang='lat' dir='ltr'><strong>ex</strong></span> <span class='ocrx_word' id='word_1_276' title='bbox 1276 2961 1423 3026; x_wconf 86' lang='lat' dir='ltr'><strong>redivivis</strong></span> <span class='ocrx_word' id='word_1_277' title='bbox 1447 2965 1566 3027; x_wconf 89' lang='lat' dir='ltr'><strong>consti·</strong></span> 
     </span>
     <span class='ocr_line' id='line_1_28' title="bbox 238 3053 1566 3136; baseline 0.004 -20"><span class='ocrx_word' id='word_1_278' title='bbox 238 3062 390 3118; x_wconf 86' lang='lat' dir='ltr'><strong>tueretur.</strong></span> <span class='ocrx_word' id='word_1_279' title='bbox 432 3055 473 3117; x_wconf 80' lang='lat' dir='ltr'><strong>At</strong></span> <span class='ocrx_word' id='word_1_280' title='bbox 495 3055 579 3116; x_wconf 90' lang='lat' dir='ltr'><strong>enim</strong></span> <span class='ocrx_word' id='word_1_281' title='bbox 601 3055 628 3116; x_wconf 89' lang='lat' dir='ltr'><strong>si</strong></span> <span class='ocrx_word' id='word_1_282' title='bbox 650 3053 771 3136; x_wconf 93' lang='lat' dir='ltr'><strong>pupillo</strong></span> <span class='ocrx_word' id='word_1_283' title='bbox 793 3053 906 3117; x_wconf 89' lang='lat' dir='ltr'><strong>redimi</strong></span> <span class='ocrx_word' id='word_1_284' title='bbox 927 3073 993 3116; x_wconf 91' lang='lat' dir='ltr'><strong>non</strong></span> <span class='ocrx_word' id='word_1_285' title='bbox 1013 3054 1144 3129; x_wconf 88' lang='lat' dir='ltr'><strong>licebat,</strong></span> <span class='ocrx_word' id='word_1_286' title='bbox 1171 3074 1235 3118; x_wconf 91' lang='lat' dir='ltr'><strong>non</strong></span> <span class='ocrx_word' id='word_1_287' title='bbox 1256 3075 1388 3119; x_wconf 90' lang='lat' dir='ltr'><strong>necesse</strong></span> <span class='ocrx_word' id='word_1_288' title='bbox 1410 3066 1478 3121; x_wconf 90' lang='lat' dir='ltr'><strong>erat</strong></span> <span class='ocrx_word' id='word_1_289' title='bbox 1498 3075 1566 3121; x_wconf 92' lang='lat' dir='ltr'><strong>rem</strong></span> 
     </span>
     <span class='ocr_line' id='line_1_29' title="bbox 239 3147 1566 3256; baseline 0.003 -46"><span class='ocrx_word' id='word_1_290' title='bbox 239 3148 309 3211; x_wconf 94' lang='lat' dir='ltr'><strong>ad</strong></span> <span class='ocrx_word' id='word_1_291' title='bbox 302 3169 407 3231; x_wconf 81' lang='lat' dir='ltr'><strong>ipsum</strong></span> <span class='ocrx_word' id='word_1_292' title='bbox 427 3149 612 3230; x_wconf 90' lang='lat' dir='ltr'><strong>pervenire·</strong></span> <span class='ocrx_word' id='word_1_293' title='bbox 634 3155 759 3256; x_wconf 26' lang='lat' dir='ltr'><strong>poterant</strong></span> <span class='ocrx_word' id='word_1_294' title='bbox 779 3147 895 3230; x_wconf 89' lang='lat' dir='ltr'><strong>aliquis</strong></span> <span class='ocrx_word' id='word_1_295' title='bbox 917 3148 957 3210; x_wconf 91' lang='lat' dir='ltr'><strong>ad</strong></span> <span class='ocrx_word' id='word_1_296' title='bbox 979 3147 1011 3211; x_wconf 95' lang='lat' dir='ltr'><strong>id</strong></span> <span class='ocrx_word' id='word_1_297' title='bbox 1034 3149 1196 3230; x_wconf 83' lang='lat' dir='ltr'><strong>negotium</strong></span> <span class='ocrx_word' id='word_1_298' title='bbox 1212 3149 1252 3211; x_wconf 93' lang='lat' dir='ltr'><strong>de</strong></span> <span class='ocrx_word' id='word_1_299' title='bbox 1267 3150 1388 3232; x_wconf 92' lang='lat' dir='ltr'><strong>populo</strong></span> <span class='ocrx_word' id='word_1_300' title='bbox 1404 3150 1566 3215; x_wconf 89' lang='lat' dir='ltr'><strong>accedere</strong></span> 
     </span>
    </p>
   </div>
   <div class='ocr_carea' id='block_1_3' title="bbox 224 3227 1724 3344">
    <p class='ocr_par' dir='ltr' id='par_1_3' title="bbox 224 3227 1724 3344">
     <span class='ocr_line' id='line_1_30' title="bbox 224 3227 1724 3344; baseline 0.004 -40.008"><span class='ocrx_word' id='word_1_301' title='bbox 226 3227 237 3265; x_wconf 59' lang='lat' dir='ltr'>f</span> <span class='ocrx_word' id='word_1_302' title='bbox 224 3241 359 3344; x_wconf 89' lang='lat' dir='ltr'><strong>Omnes</strong></span> <span class='ocrx_word' id='word_1_303' title='bbox 382 3241 503 3304; x_wconf 85' lang='lat' dir='ltr'><strong>exclusi</strong></span> <span class='ocrx_word' id='word_1_304' title='bbox 526 3249 600 3305; x_wconf 91' lang='lat' dir='ltr'><strong>sunt</strong></span> <span class='ocrx_word' id='word_1_305' title='bbox 621 3262 686 3306; x_wconf 93' lang='lat' dir='ltr'><strong>non</strong></span> <span class='ocrx_word' id='word_1_306' title='bbox 707 3242 812 3304; x_wconf 92' lang='lat' dir='ltr'><strong>minus</strong></span> <span class='ocrx_word' id='word_1_307' title='bbox 835 3248 943 3324; x_wconf 89' lang='lat' dir='ltr'><strong>aperte</strong></span> <span class='ocrx_word' id='word_1_308' title='bbox 965 3260 1060 3325; x_wconf 86' lang='lat' dir='ltr'><strong>qnam</strong></span> <span class='ocrx_word' id='word_1_309' title='bbox 1066 3241 1222 3336; x_wconf 79' lang='lat' dir='ltr'><strong>pupillus</strong></span> <span class='ocrx_word' id='word_1_310' title='bbox 1274 3243 1366 3305; x_wconf 91' lang='lat' dir='ltr'><strong>Diem</strong></span> <span class='ocrx_word' id='word_1_311' title='bbox 1387 3246 1567 3327; x_wconf 89' lang='lat' dir='ltr'><strong>praestituit</strong></span> <span class='ocrx_word' id='word_1_312' title='bbox 1644 3275 1724 3336; x_wconf 56' lang='lat' dir='ltr'><strong>pas</strong></span> 
     </span>
    </p>
   </div>
   <div class='ocr_carea' id='block_1_4' title="bbox 1663 1972 1756 2066">
    <p class='ocr_par' dir='ltr' id='par_1_4' title="bbox 1663 1972 1756 2066">
     <span class='ocr_line' id='line_1_31' title="bbox 1663 1972 1756 2066; baseline 0.011 -14"><span class='ocrx_word' id='word_1_313' title='bbox 1663 1972 1756 2066; x_wconf 48' lang='lat' dir='ltr'><strong>affl</strong></span> 
     </span>
    </p>
   </div>
   <div class='ocr_carea' id='block_1_5' title="bbox 1688 3231 1726 3278">
    <p class='ocr_par' dir='ltr' id='par_1_5' title="bbox 1688 3231 1726 3278">
     <span class='ocr_line' id='line_1_32' title="bbox 1688 3231 1726 3278; baseline 0 0"><span class='ocrx_word' id='word_1_314' title='bbox 1688 3231 1708 3269; x_wconf 64' lang='grc' dir='ltr'><strong>θ</strong></span> <span class='ocrx_word' id='word_1_315' title='bbox 1725 3273 1726 3278; x_wconf 74' lang='grc'>,</span> 
     </span>
    </p>
   </div>
   <div class='ocr_carea' id='block_1_6' title="bbox 224 3288 1694 3420">
    <p class='ocr_par' dir='ltr' id='par_1_6' title="bbox 224 3288 1694 3420">
     <span class='ocr_line' id='line_1_33' title="bbox 224 3288 1694 3420; baseline 0.007 -24.117"><span class='ocrx_word' id='word_1_316' title='bbox 224 3288 330 3417; x_wconf 89' lang='lat' dir='ltr'><strong>operi</strong></span> <span class='ocrx_word' id='word_1_317' title='bbox 359 3334 509 3399; x_wconf 80' lang='lat' dir='ltr'><strong>faciundo</strong></span> <span class='ocrx_word' id='word_1_318' title='bbox 538 3335 698 3399; x_wconf 87' lang='lat' dir='ltr'><strong>Kalendas</strong></span> <span class='ocrx_word' id='word_1_319' title='bbox 725 3335 924 3399; x_wconf 87' lang='lat' dir='ltr'><strong>Decembres.</strong></span> <span class='ocrx_word' id='word_1_320' title='bbox 967 3337 1065 3399; x_wconf 90' lang='lat' dir='ltr'><strong>Locat</strong></span> <span class='ocrx_word' id='word_1_321' title='bbox 1094 3337 1218 3399; x_wconf 90' lang='lat' dir='ltr'><strong>circiter</strong></span> <span class='ocrx_word' id='word_1_322' title='bbox 1245 3335 1320 3401; x_wconf 93' lang='lat' dir='ltr'><strong>ldus</strong></span> <span class='ocrx_word' id='word_1_323' title='bbox 1347 3338 1565 3420; x_wconf 85' lang='lat' dir='ltr'><strong>Septembres,</strong></span> <span class='ocrx_word' id='word_1_324' title='bbox 1574 3355 1604 3405; x_wconf 80' lang='grc'><strong>44</strong></span> <span class='ocrx_word' id='word_1_325' title='bbox 1665 3323 1694 3352; x_wconf 48' lang='lat'><strong>⁹⁸</strong></span> 
     </span>
    </p>
   </div>
   <div class='ocr_carea' id='block_1_7' title="bbox 241 3425 1567 3797">
    <p class='ocr_par' dir='ltr' id='par_1_7' title="bbox 241 3425 1567 3797">
     <span class='ocr_line' id='line_1_34' title="bbox 241 3425 1566 3513; baseline 0.006 -23"><span class='ocrx_word' id='word_1_326' title='bbox 241 3429 393 3510; x_wconf 77' lang='lat' dir='ltr'><strong>angustiis</strong></span> <span class='ocrx_word' id='word_1_327' title='bbox 414 3431 565 3511; x_wconf 91' lang='lat' dir='ltr'><strong>temporis</strong></span> <span class='ocrx_word' id='word_1_328' title='bbox 587 3428 801 3492; x_wconf 87' lang='lat' dir='ltr'><strong>excluduntur</strong></span> <span class='ocrx_word' id='word_1_329' title='bbox 817 3450 938 3493; x_wconf 91' lang='lat' dir='ltr'><strong>omnes.</strong></span> <span class='ocrx_word' id='word_1_330' title='bbox 971 3425 1043 3491; x_wconf 83' lang='grc'><strong>449.</strong></span> <span class='ocrx_word' id='word_1_331' title='bbox 1059 3429 1146 3506; x_wconf 86' lang='lat' dir='ltr'><strong>Quid</strong></span> <span class='ocrx_word' id='word_1_332' title='bbox 1161 3434 1262 3513; x_wconf 78' lang='lat' dir='ltr'><strong>ergo‘l</strong></span> <span class='ocrx_word' id='word_1_333' title='bbox 1295 3431 1483 3497; x_wconf 87' lang='lat' dir='ltr'><strong>Habonius</strong></span> <span class='ocrx_word' id='word_1_334' title='bbox 1473 3442 1566 3497; x_wconf 79' lang='lat' dir='ltr'><strong>istam</strong></span> 
     </span>
     <span class='ocr_line' id='line_1_35' title="bbox 242 3522 1566 3613; baseline 0.006 -28"><span class='ocrx_word' id='word_1_335' title='bbox 242 3522 325 3585; x_wconf 88' lang='lat' dir='ltr'><strong>diem</strong></span> <span class='ocrx_word' id='word_1_336' title='bbox 353 3542 417 3605; x_wconf 91' lang='lat' dir='ltr'><strong>quo</strong></span> <span class='ocrx_word' id='word_1_337' title='bbox 440 3525 535 3586; x_wconf 92' lang='lat' dir='ltr'><strong>modo</strong></span> <span class='ocrx_word' id='word_1_338' title='bbox 558 3524 760 3607; x_wconf 77' lang='lat' dir='ltr'><strong>assequitur?</strong></span> <span class='ocrx_word' id='word_1_339' title='bbox 803 3525 897 3588; x_wconf 89' lang='lat' dir='ltr'><strong>LVll.</strong></span> <span class='ocrx_word' id='word_1_340' title='bbox 926 3525 1025 3588; x_wconf 89' lang='lat' dir='ltr'><strong>Nemo</strong></span> <span class='ocrx_word' id='word_1_341' title='bbox 1047 3525 1193 3590; x_wconf 87' lang='lat' dir='ltr'><strong>Habonio</strong></span> <span class='ocrx_word' id='word_1_342' title='bbox 1216 3525 1368 3589; x_wconf 92' lang='lat' dir='ltr'><strong>molestus</strong></span> <span class='ocrx_word' id='word_1_343' title='bbox 1391 3534 1439 3591; x_wconf 89' lang='lat' dir='ltr'><strong>est</strong></span> <span class='ocrx_word' id='word_1_344' title='bbox 1459 3548 1566 3613; x_wconf 89' lang='lat' dir='ltr'><strong>neque</strong></span> 
     </span>
     <span class='ocr_line' id='line_1_36' title="bbox 241 3615 1566 3706; baseline 0.007 -28"><span class='ocrx_word' id='word_1_345' title='bbox 241 3615 393 3680; x_wconf 86' lang='lat' dir='ltr'><strong>Kalendis</strong></span> <span class='ocrx_word' id='word_1_346' title='bbox 420 3618 645 3682; x_wconf 88' lang='lat' dir='ltr'><strong>Decembribus</strong></span> <span class='ocrx_word' id='word_1_347' title='bbox 673 3638 778 3702; x_wconf 88' lang='lat' dir='ltr'><strong>neque</strong></span> <span class='ocrx_word' id='word_1_348' title='bbox 807 3620 905 3682; x_wconf 87' lang='lat' dir='ltr'><strong>Nonis</strong></span> <span class='ocrx_word' id='word_1_349' title='bbox 934 3639 1040 3704; x_wconf 92' lang='lat' dir='ltr'><strong>neque</strong></span> <span class='ocrx_word' id='word_1_350' title='bbox 1066 3620 1185 3684; x_wconf 91' lang='lat' dir='ltr'><strong>ldibus.</strong></span> <span class='ocrx_word' id='word_1_351' title='bbox 1228 3620 1375 3704; x_wconf 91' lang='lat' dir='ltr'><strong>Denique</strong></span> <span class='ocrx_word' id='word_1_352' title='bbox 1402 3622 1566 3706; x_wconf 89' lang='lat' dir='ltr'><strong>aliquanto</strong></span> 
     </span>
     <span class='ocr_line' id='line_1_37' title="bbox 241 3711 1567 3797; baseline 0.008 -25"><span class='ocrx_word' id='word_1_353' title='bbox 241 3716 314 3773; x_wconf 89' lang='lat' dir='ltr'><strong>ante</strong></span> <span class='ocrx_word' id='word_1_354' title='bbox 333 3712 367 3774; x_wconf 93' lang='lat' dir='ltr'><strong>in</strong></span> <span class='ocrx_word' id='word_1_355' title='bbox 389 3711 583 3792; x_wconf 77' lang='lat' dir='ltr'><strong>provinciam</strong></span> <span class='ocrx_word' id='word_1_356' title='bbox 603 3713 664 3774; x_wconf 89' lang='lat' dir='ltr'><strong>iste</strong></span> <span class='ocrx_word' id='word_1_357' title='bbox 684 3711 911 3793; x_wconf 85' lang='lat' dir='ltr'><strong>proficiscitur,</strong></span> <span class='ocrx_word' id='word_1_358' title='bbox 944 3733 1041 3797; x_wconf 90' lang='lat' dir='ltr'><strong>quam</strong></span> <span class='ocrx_word' id='word_1_359' title='bbox 1063 3733 1145 3796; x_wconf 92' lang='lat' dir='ltr'><strong>opus</strong></span> <span class='ocrx_word' id='word_1_360' title='bbox 1169 3714 1315 3778; x_wconf 86' lang='lat' dir='ltr'><strong>ellectum</strong></span> <span class='ocrx_word' id='word_1_361' title='bbox 1337 3721 1394 3778; x_wconf 92' lang='lat' dir='ltr'><strong>est.</strong></span> <span class='ocrx_word' id='word_1_362' title='bbox 1438 3718 1567 3782; x_wconf 85' lang='lat' dir='ltr'><strong>Postea·</strong></span> 
     </span>
    </p>
   </div>
   <div class='ocr_carea' id='block_1_8' title="bbox 173 3877 1568 5226">
    <p class='ocr_par' dir='ltr' id='par_1_8' title="bbox 173 3877 1568 5226">
     <span class='ocr_line' id='line_1_38' title="bbox 308 3877 1567 3946; baseline 0.007 -19"><span class='ocrx_word' id='word_1_363' title='bbox 308 3877 332 3928; x_wconf 89' lang='grc'><strong>4.</strong></span> <span class='ocrx_word' id='word_1_364' title='bbox 345 3891 363 3928; x_wconf 86' lang='lat' dir='ltr'><strong>a</strong></span> <span class='ocrx_word' id='word_1_365' title='bbox 379 3879 431 3941; x_wconf 78' lang='lat' dir='ltr'><strong>taso]</strong></span> <span class='ocrx_word' id='word_1_366' title='bbox 448 3891 481 3928; x_wconf 76' lang='lat' dir='ltr'><strong>aa</strong></span> <span class='ocrx_word' id='word_1_367' title='bbox 497 3882 597 3928; x_wconf 79' lang='lat' dir='ltr'><strong>tuorum</strong></span> <span class='ocrx_word' id='word_1_368' title='bbox 612 3877 644 3928; x_wconf 87' lang='lat' dir='ltr'><strong>V.</strong></span> <span class='ocrx_word' id='word_1_369' title='bbox 656 3903 684 3915; x_wconf 89' lang='lat'>-</span> <span class='ocrx_word' id='word_1_370' title='bbox 703 3879 728 3928; x_wconf 77' lang='lat'><strong>2.</strong></span> <span class='ocrx_word' id='word_1_371' title='bbox 742 3879 860 3930; x_wconf 71' lang='lat' dir='ltr'><strong>danaim</strong></span> <span class='ocrx_word' id='word_1_372' title='bbox 876 3880 907 3930; x_wconf 88' lang='lat' dir='ltr'><strong>sit</strong></span> <span class='ocrx_word' id='word_1_373' title='bbox 917 3881 987 3944; x_wconf 69' lang='lat' dir='ltr'><strong>bgid</strong></span> <span class='ocrx_word' id='word_1_374' title='bbox 998 3881 1080 3932; x_wconf 85' lang='lat' dir='ltr'><strong>Prisc.</strong></span> <span class='ocrx_word' id='word_1_375' title='bbox 1093 3882 1123 3932; x_wconf 95' lang='lat' dir='ltr'><strong>ll.</strong></span> <span class='ocrx_word' id='word_1_376' title='bbox 1142 3895 1169 3946; x_wconf 95' lang='lat' dir='ltr'><strong>p.</strong></span> <span class='ocrx_word' id='word_1_377' title='bbox 1183 3881 1250 3933; x_wconf 70' lang='lat' dir='ltr'><strong>dtt.:</strong></span> <span class='ocrx_word' id='word_1_378' title='bbox 1269 3883 1387 3934; x_wconf 77' lang='lat' dir='ltr'><strong>delectanti</strong></span> <span class='ocrx_word' id='word_1_379' title='bbox 1402 3883 1445 3936; x_wconf 83' lang='lat' dir='ltr'><strong>vel</strong></span> <span class='ocrx_word' id='word_1_380' title='bbox 1462 3885 1567 3937; x_wconf 69' lang='lat' dir='ltr'><strong>moiun</strong></span> 
     </span>
     <span class='ocr_line' id='line_1_39' title="bbox 241 3951 1566 4025; baseline 0.007 -22"><span class='ocrx_word' id='word_1_381' title='bbox 241 3954 274 4004; x_wconf 83' lang='lat' dir='ltr'><strong>sit</strong></span> <span class='ocrx_word' id='word_1_382' title='bbox 289 3953 351 4014; x_wconf 87' lang='lat' dir='ltr'><strong>dtt.;</strong></span> <span class='ocrx_word' id='word_1_383' title='bbox 373 3953 475 4003; x_wconf 70' lang='grc'><strong>(4444444414</strong></span> <span class='ocrx_word' id='word_1_384' title='bbox 493 3953 525 4002; x_wconf 85' lang='lat' dir='ltr'><strong>sit</strong></span> <span class='ocrx_word' id='word_1_385' title='bbox 541 3953 581 4004; x_wconf 88' lang='lat' dir='ltr'><strong>eV</strong></span> <span class='ocrx_word' id='word_1_386' title='bbox 597 3955 624 4004; x_wconf 89' lang='lat' dir='ltr'><strong>et</strong></span> <span class='ocrx_word' id='word_1_387' title='bbox 639 3951 717 4017; x_wconf 79' lang='lat' dir='ltr'><strong>vulgo</strong></span> <span class='ocrx_word' id='word_1_388' title='bbox 733 3957 794 4017; x_wconf 91' lang='lat' dir='ltr'><strong>post</strong></span> <span class='ocrx_word' id='word_1_389' title='bbox 810 3957 907 4007; x_wconf 78' lang='lat' dir='ltr'><strong>Manui.</strong></span> <span class='ocrx_word' id='word_1_390' title='bbox 932 3955 1062 4020; x_wconf 65' lang='lat' dir='ltr'><strong>{mimium</strong></span> <span class='ocrx_word' id='word_1_391' title='bbox 1077 3957 1109 4006; x_wconf 80' lang='lat' dir='ltr'><strong>sit</strong></span> <span class='ocrx_word' id='word_1_392' title='bbox 1125 3955 1261 4022; x_wconf 77' lang='lat' dir='ltr'><strong>Halmius.)</strong></span> <span class='ocrx_word' id='word_1_393' title='bbox 1282 3984 1309 3994; x_wconf 96' lang='lat'><em>-</em></span> <span class='ocrx_word' id='word_1_394' title='bbox 1327 3957 1352 4010; x_wconf 89' lang='lat' dir='ltr'><strong>l.</strong></span> <span class='ocrx_word' id='word_1_395' title='bbox 1368 3960 1482 4023; x_wconf 80' lang='lat' dir='ltr'><strong>petissem</strong></span> <span class='ocrx_word' id='word_1_396' title='bbox 1498 3961 1566 4025; x_wconf 74' lang='lat' dir='ltr'><strong>ngas</strong></span> 
     </span>
     <span class='ocr_line' id='line_1_40' title="bbox 242 4026 1567 4094; baseline 0.008 -16"><span class='ocrx_word' id='word_1_397' title='bbox 242 4041 268 4093; x_wconf 88' lang='lat' dir='ltr'><strong>p.</strong></span> <span class='ocrx_word' id='word_1_398' title='bbox 282 4041 318 4078; x_wconf 93' lang='grc' dir='ltr'><strong>ιιι.</strong></span> <span class='ocrx_word' id='word_1_399' title='bbox 337 4029 418 4080; x_wconf 86' lang='lat' dir='ltr'><strong>Prisc.</strong></span> <span class='ocrx_word' id='word_1_400' title='bbox 435 4029 467 4079; x_wconf 92' lang='lat'><strong>11.</strong></span> <span class='ocrx_word' id='word_1_401' title='bbox 485 4039 513 4092; x_wconf 92' lang='lat' dir='ltr'><strong>p.</strong></span> <span class='ocrx_word' id='word_1_402' title='bbox 531 4026 599 4079; x_wconf 69' lang='lat' dir='ltr'><strong>itt:</strong></span> <span class='ocrx_word' id='word_1_403' title='bbox 619 4028 761 4090; x_wconf 67' lang='lat' dir='ltr'><strong>ponebam</strong></span> <span class='ocrx_word' id='word_1_404' title='bbox 777 4030 816 4079; x_wconf 87' lang='lat' dir='ltr'><strong>eV</strong></span> <span class='ocrx_word' id='word_1_405' title='bbox 832 4028 879 4080; x_wconf 90' lang='lat' dir='ltr'><strong>dtt.</strong></span> <span class='ocrx_word' id='word_1_406' title='bbox 893 4030 921 4080; x_wconf 94' lang='lat'><strong>0.</strong></span> <span class='ocrx_word' id='word_1_407' title='bbox 942 4057 968 4069; x_wconf 91' lang='lat'>-</span> <span class='ocrx_word' id='word_1_408' title='bbox 989 4032 1025 4094; x_wconf 85' lang='lat' dir='ltr'><strong>ot]</strong></span> <span class='ocrx_word' id='word_1_409' title='bbox 1042 4033 1076 4082; x_wconf 88' lang='lat' dir='ltr'><strong>od</strong></span> <span class='ocrx_word' id='word_1_410' title='bbox 1091 4032 1122 4082; x_wconf 92' lang='lat' dir='ltr'><strong>V.</strong></span> <span class='ocrx_word' id='word_1_411' title='bbox 1137 4059 1165 4069; x_wconf 97' lang='lat'><em>-</em></span> <span class='ocrx_word' id='word_1_412' title='bbox 1183 4033 1208 4082; x_wconf 80' lang='grc'><strong>44.</strong></span> <span class='ocrx_word' id='word_1_413' title='bbox 1226 4034 1354 4086; x_wconf 73' lang='lat' dir='ltr'><strong>reciderit</strong></span> <span class='ocrx_word' id='word_1_414' title='bbox 1370 4036 1399 4086; x_wconf 92' lang='lat' dir='ltr'><strong>l..</strong></span> <span class='ocrx_word' id='word_1_415' title='bbox 1419 4063 1448 4073; x_wconf 91' lang='lat'><em>-</em></span> <span class='ocrx_word' id='word_1_416' title='bbox 1466 4036 1491 4087; x_wconf 83' lang='lat'><strong>6.</strong></span> <span class='ocrx_word' id='word_1_417' title='bbox 1509 4049 1567 4087; x_wconf 76' lang='lat' dir='ltr'><strong>arm</strong></span> 
     </span>
     <span class='ocr_line' id='line_1_41' title="bbox 241 4103 1568 4175; baseline 0.005 -19"><span class='ocrx_word' id='word_1_418' title='bbox 241 4119 286 4156; x_wconf 82' lang='lat' dir='ltr'><strong>rao</strong></span> <span class='ocrx_word' id='word_1_419' title='bbox 302 4117 422 4168; x_wconf 60' lang='lat' dir='ltr'><strong>mensque</strong></span> <span class='ocrx_word' id='word_1_420' title='bbox 437 4103 491 4154; x_wconf 83' lang='lat' dir='ltr'><strong>loco</strong></span> <span class='ocrx_word' id='word_1_421' title='bbox 506 4103 614 4166; x_wconf 66' lang='lat' dir='ltr'><strong>tamdem</strong></span> <span class='ocrx_word' id='word_1_422' title='bbox 630 4104 657 4154; x_wconf 90' lang='lat' dir='ltr'><strong>in</strong></span> <span class='ocrx_word' id='word_1_423' title='bbox 673 4103 696 4151; x_wconf 90' lang='lat' dir='ltr'>V</span> <span class='ocrx_word' id='word_1_424' title='bbox 713 4103 862 4156; x_wconf 87' lang='lat' dir='ltr'><strong>oblitterata</strong></span> <span class='ocrx_word' id='word_1_425' title='bbox 879 4107 949 4158; x_wconf 88' lang='lat' dir='ltr'><strong>sunt.</strong></span> <span class='ocrx_word' id='word_1_426' title='bbox 971 4133 996 4144; x_wconf 91' lang='lat'><em>-</em></span> <span class='ocrx_word' id='word_1_427' title='bbox 1018 4107 1042 4157; x_wconf 81' lang='grc'><strong>4.</strong></span> <span class='ocrx_word' id='word_1_428' title='bbox 1062 4109 1105 4170; x_wconf 86' lang='lat' dir='ltr'><strong>qai</strong></span> <span class='ocrx_word' id='word_1_429' title='bbox 1121 4107 1146 4173; x_wconf 89' lang='lat' dir='ltr'><strong>a]</strong></span> <span class='ocrx_word' id='word_1_430' title='bbox 1164 4122 1216 4171; x_wconf 84' lang='lat' dir='ltr'><strong>qna</strong></span> <span class='ocrx_word' id='word_1_431' title='bbox 1230 4110 1262 4160; x_wconf 89' lang='lat' dir='ltr'><strong>V.</strong></span> <span class='ocrx_word' id='word_1_432' title='bbox 1282 4135 1309 4148; x_wconf 94' lang='lat'>-</span> <span class='ocrx_word' id='word_1_433' title='bbox 1328 4112 1424 4175; x_wconf 83' lang='lat' dir='ltr'><strong>accepit</strong></span> <span class='ocrx_word' id='word_1_434' title='bbox 1437 4111 1506 4163; x_wconf 86' lang='lat' dir='ltr'><strong>Vll:</strong></span> <span class='ocrx_word' id='word_1_435' title='bbox 1525 4127 1568 4163; x_wconf 82' lang='lat' dir='ltr'><strong>ac·</strong></span> 
     </span>
     <span class='ocr_line' id='line_1_42' title="bbox 241 4177 1568 4247; baseline 0.006 -17"><span class='ocrx_word' id='word_1_436' title='bbox 241 4180 333 4243; x_wconf 81' lang='lat' dir='ltr'><strong>ceperit</strong></span> <span class='ocrx_word' id='word_1_437' title='bbox 353 4177 387 4230; x_wconf 92' lang='lat' dir='ltr'><strong>al.</strong></span> <span class='ocrx_word' id='word_1_438' title='bbox 405 4179 438 4239; x_wconf 77' lang='lat'><strong>03</strong></span> <span class='ocrx_word' id='word_1_439' title='bbox 456 4177 579 4240; x_wconf 83' lang='lat' dir='ltr'><strong>acciperat</strong></span> <span class='ocrx_word' id='word_1_440' title='bbox 595 4179 656 4241; x_wconf 73' lang='lat' dir='ltr'><strong>ng.</strong></span> <span class='ocrx_word' id='word_1_441' title='bbox 676 4189 778 4228; x_wconf 90' lang='lat' dir='ltr'><strong>omnes.</strong></span> <span class='ocrx_word' id='word_1_442' title='bbox 799 4205 826 4215; x_wconf 92' lang='lat'><em>-</em></span> <span class='ocrx_word' id='word_1_443' title='bbox 845 4181 869 4232; x_wconf 89' lang='lat'><strong>8.</strong></span> <span class='ocrx_word' id='word_1_444' title='bbox 887 4181 1035 4247; x_wconf 76' lang='lat' dir='ltr'><strong>Haboaiien]</strong></span> <span class='ocrx_word' id='word_1_445' title='bbox 1053 4183 1086 4233; x_wconf 87' lang='lat' dir='ltr'><strong>cl.</strong></span> <span class='ocrx_word' id='word_1_446' title='bbox 1105 4181 1129 4247; x_wconf 72' lang='lat' dir='ltr'><strong>S.</strong></span> <span class='ocrx_word' id='word_1_447' title='bbox 1149 4183 1205 4234; x_wconf 76' lang='grc'><strong>434.</strong></span> <span class='ocrx_word' id='word_1_448' title='bbox 1225 4209 1254 4222; x_wconf 90' lang='lat'><strong>·-</strong></span> <span class='ocrx_word' id='word_1_449' title='bbox 1272 4184 1297 4236; x_wconf 84' lang='grc'><strong>9.</strong></span> <span class='ocrx_word' id='word_1_450' title='bbox 1315 4185 1423 4237; x_wconf 74' lang='lat' dir='ltr'><strong>salvabor</strong></span> <span class='ocrx_word' id='word_1_451' title='bbox 1437 4186 1477 4236; x_wconf 89' lang='lat' dir='ltr'><strong>V:</strong></span> <span class='ocrx_word' id='word_1_452' title='bbox 1495 4187 1568 4238; x_wconf 71' lang='grc'><strong>44444·</strong></span> 
     </span>
     <span class='ocr_line' id='line_1_43' title="bbox 241 4251 1568 4326; baseline 0.008 -22"><span class='ocrx_word' id='word_1_453' title='bbox 241 4259 284 4304; x_wconf 83' lang='lat' dir='ltr'><strong>tur</strong></span> <span class='ocrx_word' id='word_1_454' title='bbox 300 4256 357 4315; x_wconf 85' lang='lat' dir='ltr'><strong>ctt.;</strong></span> <span class='ocrx_word' id='word_1_455' title='bbox 373 4254 487 4305; x_wconf 67' lang='lat' dir='ltr'><strong>columae</strong></span> <span class='ocrx_word' id='word_1_456' title='bbox 501 4252 581 4317; x_wconf 77' lang='lat' dir='ltr'><strong>vulgo</strong></span> <span class='ocrx_word' id='word_1_457' title='bbox 597 4251 659 4304; x_wconf 87' lang='lat' dir='ltr'><strong>inde</strong></span> <span class='ocrx_word' id='word_1_458' title='bbox 677 4266 692 4303; x_wconf 85' lang='lat' dir='ltr'><strong>a</strong></span> <span class='ocrx_word' id='word_1_459' title='bbox 708 4255 821 4317; x_wconf 77' lang='lat' dir='ltr'><strong>Nauger.</strong></span> <span class='ocrx_word' id='word_1_460' title='bbox 840 4257 869 4307; x_wconf 89' lang='grc' dir='ltr'><strong>Ο.</strong></span> <span class='ocrx_word' id='word_1_461' title='bbox 885 4283 912 4292; x_wconf 88' lang='lat'><em>-</em></span> <span class='ocrx_word' id='word_1_462' title='bbox 930 4258 973 4308; x_wconf 84' lang='lat' dir='ltr'><strong>HS</strong></span> <span class='ocrx_word' id='word_1_463' title='bbox 988 4259 1170 4311; x_wconf 65' lang='lat' dir='ltr'><strong>aimundum</strong></span> <span class='ocrx_word' id='word_1_464' title='bbox 1188 4259 1249 4322; x_wconf 88' lang='lat' dir='ltr'><strong>(om.</strong></span> <span class='ocrx_word' id='word_1_465' title='bbox 1267 4261 1376 4326; x_wconf 71' lang='lat' dir='ltr'><strong>calidas)</strong></span> <span class='ocrx_word' id='word_1_466' title='bbox 1392 4262 1424 4312; x_wconf 88' lang='lat' dir='ltr'><strong>V.</strong></span> <span class='ocrx_word' id='word_1_467' title='bbox 1444 4288 1472 4298; x_wconf 92' lang='lat'><em>-</em></span> <span class='ocrx_word' id='word_1_468' title='bbox 1491 4263 1568 4314; x_wconf 85' lang='lat' dir='ltr'><strong>iocati</strong></span> 
     </span>
     <span class='ocr_line' id='line_1_44' title="bbox 240 4329 1565 4398; baseline 0.005 -17"><span class='ocrx_word' id='word_1_469' title='bbox 240 4331 272 4381; x_wconf 88' lang='lat' dir='ltr'><strong>V.</strong></span> <span class='ocrx_word' id='word_1_470' title='bbox 293 4357 321 4368; x_wconf 88' lang='lat'><em>-</em></span> <span class='ocrx_word' id='word_1_471' title='bbox 339 4331 380 4381; x_wconf 87' lang='grc'><strong>40.</strong></span> <span class='ocrx_word' id='word_1_472' title='bbox 397 4343 423 4380; x_wconf 80' lang='lat' dir='ltr'><strong>se</strong></span> <span class='ocrx_word' id='word_1_473' title='bbox 438 4331 477 4379; x_wconf 91' lang='lat' dir='ltr'><strong>V:</strong></span> <span class='ocrx_word' id='word_1_474' title='bbox 497 4341 550 4380; x_wconf 91' lang='lat' dir='ltr'><strong>cm.</strong></span> <span class='ocrx_word' id='word_1_475' title='bbox 569 4330 613 4379; x_wconf 91' lang='lat' dir='ltr'><strong>ctt.</strong></span> <span class='ocrx_word' id='word_1_476' title='bbox 632 4330 662 4379; x_wconf 91' lang='lat'><strong>0.</strong></span> <span class='ocrx_word' id='word_1_477' title='bbox 682 4355 710 4366; x_wconf 93' lang='lat'>-</span> <span class='ocrx_word' id='word_1_478' title='bbox 728 4329 778 4381; x_wconf 82' lang='lat' dir='ltr'><strong>HS.</strong></span> <span class='ocrx_word' id='word_1_479' title='bbox 796 4333 1062 4385; x_wconf 73' lang='lat' dir='ltr'><strong>accolancclsecclm</strong></span> <span class='ocrx_word' id='word_1_480' title='bbox 1080 4334 1141 4398; x_wconf 87' lang='lat' dir='ltr'><strong>(om.</strong></span> <span class='ocrx_word' id='word_1_481' title='bbox 1159 4334 1268 4398; x_wconf 66' lang='lat' dir='ltr'><strong>midae)</strong></span> <span class='ocrx_word' id='word_1_482' title='bbox 1283 4336 1315 4387; x_wconf 93' lang='lat' dir='ltr'><strong>V.</strong></span> <span class='ocrx_word' id='word_1_483' title='bbox 1330 4361 1358 4374; x_wconf 91' lang='lat'><em>-</em></span> <span class='ocrx_word' id='word_1_484' title='bbox 1377 4349 1428 4386; x_wconf 82' lang='lat' dir='ltr'><strong>esse</strong></span> <span class='ocrx_word' id='word_1_485' title='bbox 1442 4337 1473 4398; x_wconf 87' lang='lat' dir='ltr'><strong>V,</strong></span> <span class='ocrx_word' id='word_1_486' title='bbox 1487 4337 1565 4390; x_wconf 90' lang='lat' dir='ltr'><strong>codd.</strong></span> 
     </span>
     <span class='ocr_line' id='line_1_45' title="bbox 242 4400 1565 4477; baseline 0.005 -20"><span class='ocrx_word' id='word_1_487' title='bbox 242 4405 313 4457; x_wconf 91' lang='lat' dir='ltr'><strong>noti:</strong></span> <span class='ocrx_word' id='word_1_488' title='bbox 332 4417 358 4456; x_wconf 83' lang='lat' dir='ltr'><strong>sa</strong></span> <span class='ocrx_word' id='word_1_489' title='bbox 375 4417 426 4456; x_wconf 80' lang='lat' dir='ltr'><strong>essa</strong></span> <span class='ocrx_word' id='word_1_490' title='bbox 436 4405 465 4454; x_wconf 92' lang='lat'><strong>0.</strong></span> <span class='ocrx_word' id='word_1_491' title='bbox 480 4431 508 4442; x_wconf 86' lang='lat'><strong>—-</strong></span> <span class='ocrx_word' id='word_1_492' title='bbox 527 4404 567 4454; x_wconf 92' lang='grc'><strong>44.</strong></span> <span class='ocrx_word' id='word_1_493' title='bbox 580 4400 662 4454; x_wconf 71' lang='lat' dir='ltr'><strong>acuo</strong></span> <span class='ocrx_word' id='word_1_494' title='bbox 678 4408 701 4454; x_wconf 84' lang='lat' dir='ltr'><strong>ot</strong></span> <span class='ocrx_word' id='word_1_495' title='bbox 716 4405 847 4457; x_wconf 72' lang='lat' dir='ltr'><strong>solitudine</strong></span> <span class='ocrx_word' id='word_1_496' title='bbox 857 4408 888 4458; x_wconf 94' lang='lat' dir='ltr'><strong>V.</strong></span> <span class='ocrx_word' id='word_1_497' title='bbox 904 4435 930 4445; x_wconf 82' lang='lat'>-</span> <span class='ocrx_word' id='word_1_498' title='bbox 951 4410 991 4460; x_wconf 83' lang='grc'><strong>43.</strong></span> <span class='ocrx_word' id='word_1_499' title='bbox 1004 4414 1115 4460; x_wconf 70' lang='lat' dir='ltr'><strong>amomon</strong></span> <span class='ocrx_word' id='word_1_500' title='bbox 1130 4423 1185 4460; x_wconf 81' lang='lat' dir='ltr'><strong>aaa</strong></span> <span class='ocrx_word' id='word_1_501' title='bbox 1195 4411 1230 4460; x_wconf 85' lang='lat' dir='ltr'><strong>ad</strong></span> <span class='ocrx_word' id='word_1_502' title='bbox 1243 4411 1321 4474; x_wconf 78' lang='lat' dir='ltr'><strong>ngas.</strong></span> <span class='ocrx_word' id='word_1_503' title='bbox 1332 4437 1359 4448; x_wconf 90' lang='lat'>-</span> <span class='ocrx_word' id='word_1_504' title='bbox 1376 4425 1422 4464; x_wconf 87' lang='lat' dir='ltr'><strong>src</strong></span> <span class='ocrx_word' id='word_1_505' title='bbox 1432 4414 1565 4477; x_wconf 75' lang='lat' dir='ltr'><strong>orrovsV;</strong></span> 
     </span>
     <span class='ocr_line' id='line_1_46' title="bbox 242 4479 1565 4553; baseline 0.005 -21"><span class='ocrx_word' id='word_1_506' title='bbox 242 4482 305 4532; x_wconf 84' lang='lat' dir='ltr'><strong>bono</strong></span> <span class='ocrx_word' id='word_1_507' title='bbox 321 4495 365 4531; x_wconf 81' lang='lat' dir='ltr'><strong>cao</strong></span> <span class='ocrx_word' id='word_1_508' title='bbox 381 4493 478 4543; x_wconf 79' lang='lat' dir='ltr'><strong>qaoque</strong></span> <span class='ocrx_word' id='word_1_509' title='bbox 494 4479 528 4530; x_wconf 89' lang='lat' dir='ltr'><strong>do</strong></span> <span class='ocrx_word' id='word_1_510' title='bbox 546 4481 605 4530; x_wconf 86' lang='lat' dir='ltr'><strong>liot.</strong></span> <span class='ocrx_word' id='word_1_511' title='bbox 625 4479 693 4529; x_wconf 91' lang='lat' dir='ltr'><strong>coni.</strong></span> <span class='ocrx_word' id='word_1_512' title='bbox 711 4481 740 4530; x_wconf 89' lang='lat' dir='ltr'><strong>L.</strong></span> <span class='ocrx_word' id='word_1_513' title='bbox 757 4481 820 4532; x_wconf 85' lang='lat' dir='ltr'><strong>Rau.</strong></span> <span class='ocrx_word' id='word_1_514' title='bbox 832 4484 851 4532; x_wconf 94' lang='lat' dir='ltr'><strong>l.</strong></span> <span class='ocrx_word' id='word_1_515' title='bbox 870 4497 896 4548; x_wconf 91' lang='lat' dir='ltr'><strong>p.</strong></span> <span class='ocrx_word' id='word_1_516' title='bbox 911 4483 967 4536; x_wconf 89' lang='grc'><strong>484.</strong></span> <span class='ocrx_word' id='word_1_517' title='bbox 985 4486 1016 4535; x_wconf 94' lang='lat' dir='ltr'><strong>ll.</strong></span> <span class='ocrx_word' id='word_1_518' title='bbox 1034 4499 1061 4549; x_wconf 92' lang='lat' dir='ltr'><strong>p.</strong></span> <span class='ocrx_word' id='word_1_519' title='bbox 1075 4485 1129 4544; x_wconf 87' lang='grc'><strong>49.;</strong></span> <span class='ocrx_word' id='word_1_520' title='bbox 1148 4497 1221 4535; x_wconf 74' lang='lat' dir='ltr'><strong>mam</strong></span> <span class='ocrx_word' id='word_1_521' title='bbox 1236 4485 1325 4546; x_wconf 74' lang='grc' dir='ltr'><strong>οιιίᾳω</strong></span> <span class='ocrx_word' id='word_1_522' title='bbox 1341 4487 1401 4538; x_wconf 77' lang='lat' dir='ltr'><strong>Asc.</strong></span> <span class='ocrx_word' id='word_1_523' title='bbox 1420 4487 1462 4538; x_wconf 90' lang='lat' dir='ltr'><strong>ed.</strong></span> <span class='ocrx_word' id='word_1_524' title='bbox 1480 4490 1565 4553; x_wconf 92' lang='lat' dir='ltr'><strong>princ.</strong></span> 
     </span>
     <span class='ocr_line' id='line_1_47' title="bbox 240 4553 1568 4626; baseline 0.004 -18"><span class='ocrx_word' id='word_1_525' title='bbox 240 4555 346 4608; x_wconf 86' lang='lat' dir='ltr'><strong>Derald.</strong></span> <span class='ocrx_word' id='word_1_526' title='bbox 365 4557 392 4605; x_wconf 93' lang='lat' dir='ltr'><strong>et</strong></span> <span class='ocrx_word' id='word_1_527' title='bbox 409 4555 468 4605; x_wconf 91' lang='lat' dir='ltr'><strong>cod.</strong></span> <span class='ocrx_word' id='word_1_528' title='bbox 482 4554 553 4605; x_wconf 86' lang='lat' dir='ltr'><strong>beid.</strong></span> <span class='ocrx_word' id='word_1_529' title='bbox 568 4579 596 4590; x_wconf 83' lang='lat'><em>-</em></span> <span class='ocrx_word' id='word_1_530' title='bbox 614 4553 655 4605; x_wconf 90' lang='grc'><strong>44.</strong></span> <span class='ocrx_word' id='word_1_531' title='bbox 674 4557 735 4616; x_wconf 83' lang='lat' dir='ltr'><strong>qaid</strong></span> <span class='ocrx_word' id='word_1_532' title='bbox 750 4561 786 4605; x_wconf 80' lang='lat' dir='ltr'><strong>sat</strong></span> <span class='ocrx_word' id='word_1_533' title='bbox 800 4571 846 4608; x_wconf 87' lang='lat' dir='ltr'><strong>suo</strong></span> <span class='ocrx_word' id='word_1_534' title='bbox 857 4559 945 4620; x_wconf 76' lang='lat' dir='ltr'><strong>cuique</strong></span> <span class='ocrx_word' id='word_1_535' title='bbox 960 4560 998 4609; x_wconf 94' lang='lat' dir='ltr'><strong>V:</strong></span> <span class='ocrx_word' id='word_1_536' title='bbox 1017 4573 1070 4609; x_wconf 92' lang='lat' dir='ltr'><strong>om.</strong></span> <span class='ocrx_word' id='word_1_537' title='bbox 1090 4560 1134 4609; x_wconf 86' lang='lat' dir='ltr'><strong>ctt.</strong></span> <span class='ocrx_word' id='word_1_538' title='bbox 1147 4560 1175 4610; x_wconf 93' lang='lat'><strong>0.</strong></span> <span class='ocrx_word' id='word_1_539' title='bbox 1192 4585 1219 4596; x_wconf 89' lang='lat'>-</span> <span class='ocrx_word' id='word_1_540' title='bbox 1237 4559 1330 4621; x_wconf 70' lang='lat' dir='ltr'><strong>aquo</strong></span> <span class='ocrx_word' id='word_1_541' title='bbox 1345 4562 1384 4612; x_wconf 87' lang='lat' dir='ltr'><strong>cV</strong></span> <span class='ocrx_word' id='word_1_542' title='bbox 1400 4561 1462 4613; x_wconf 90' lang='lat' dir='ltr'><strong>dtt.:</strong></span> <span class='ocrx_word' id='word_1_543' title='bbox 1489 4564 1568 4626; x_wconf 80' lang='lat' dir='ltr'><strong>aliqui</strong></span> 
     </span>
     <span class='ocr_line' id='line_1_48' title="bbox 242 4628 1568 4700; baseline 0.005 -18"><span class='ocrx_word' id='word_1_544' title='bbox 242 4630 320 4694; x_wconf 73' lang='lat' dir='ltr'><strong>agie.</strong></span> <span class='ocrx_word' id='word_1_545' title='bbox 336 4655 363 4666; x_wconf 88' lang='lat'><em>-</em></span> <span class='ocrx_word' id='word_1_546' title='bbox 382 4631 555 4692; x_wconf 81' lang='lat' dir='ltr'><strong>apportandus</strong></span> <span class='ocrx_word' id='word_1_547' title='bbox 568 4628 638 4693; x_wconf 73' lang='grc'><strong>44444</strong></span> <span class='ocrx_word' id='word_1_548' title='bbox 658 4631 778 4681; x_wconf 76' lang='lat' dir='ltr'><strong>binatim</strong></span> <span class='ocrx_word' id='word_1_549' title='bbox 791 4645 854 4682; x_wconf 76' lang='lat' dir='ltr'><strong>naa:</strong></span> <span class='ocrx_word' id='word_1_550' title='bbox 871 4647 932 4684; x_wconf 83' lang='lat' dir='ltr'><strong>aum</strong></span> <span class='ocrx_word' id='word_1_551' title='bbox 948 4635 1011 4697; x_wconf 85' lang='lat' dir='ltr'><strong>cet]</strong></span> <span class='ocrx_word' id='word_1_552' title='bbox 1031 4635 1088 4685; x_wconf 71' lang='lat' dir='ltr'><strong>«sic</strong></span> <span class='ocrx_word' id='word_1_553' title='bbox 1105 4634 1218 4686; x_wconf 85' lang='lat' dir='ltr'><strong>distinxi.</strong></span> <span class='ocrx_word' id='word_1_554' title='bbox 1245 4637 1343 4687; x_wconf 86' lang='lat' dir='ltr'><strong>Sensus</strong></span> <span class='ocrx_word' id='word_1_555' title='bbox 1361 4639 1418 4688; x_wconf 86' lang='lat' dir='ltr'><strong>est:</strong></span> <span class='ocrx_word' id='word_1_556' title='bbox 1444 4639 1568 4700; x_wconf 80' lang='lat' dir='ltr'><strong>Lapis--</strong></span> 
     </span>
     <span class='ocr_line' id='line_1_49' title="bbox 243 4705 1565 4776; baseline 0.005 -19"><span class='ocrx_word' id='word_1_557' title='bbox 243 4705 416 4769; x_wconf 83' lang='lat' dir='ltr'><strong>apportandas</strong></span> <span class='ocrx_word' id='word_1_558' title='bbox 430 4705 499 4770; x_wconf 65' lang='lat' dir='ltr'><strong>psit?</strong></span> <span class='ocrx_word' id='word_1_559' title='bbox 515 4707 630 4757; x_wconf 88' lang='lat' dir='ltr'><strong>llinime.</strong></span> <span class='ocrx_word' id='word_1_560' title='bbox 652 4707 771 4758; x_wconf 82' lang='lat' dir='ltr'><strong>liocbiaa</strong></span> <span class='ocrx_word' id='word_1_561' title='bbox 787 4710 888 4760; x_wconf 88' lang='lat' dir='ltr'><strong>tantum</strong></span> <span class='ocrx_word' id='word_1_562' title='bbox 898 4723 946 4760; x_wconf 77' lang='lat' dir='ltr'><strong>aia</strong></span> <span class='ocrx_word' id='word_1_563' title='bbox 962 4709 1126 4774; x_wconf 84' lang='lat' dir='ltr'><strong>apportanda</strong></span> <span class='ocrx_word' id='word_1_564' title='bbox 1143 4723 1164 4761; x_wconf 92' lang='lat' dir='ltr'><strong>s.</strong></span> <span class='ocrx_word' id='word_1_565' title='bbox 1179 4710 1336 4776; x_wconf 90' lang='lat' dir='ltr'><strong>apponenda</strong></span> <span class='ocrx_word' id='word_1_566' title='bbox 1347 4711 1402 4763; x_wconf 83' lang='lat' dir='ltr'><strong>init.</strong></span> <span class='ocrx_word' id='word_1_567' title='bbox 1428 4713 1496 4764; x_wconf 79' lang='lat' dir='ltr'><strong>Nara</strong></span> <span class='ocrx_word' id='word_1_568' title='bbox 1513 4715 1565 4765; x_wconf 88' lang='lat' dir='ltr'><strong>cet.</strong></span> 
     </span>
     <span class='ocr_line' id='line_1_50' title="bbox 244 4779 1564 4851; baseline 0.002 -17"><span class='ocrx_word' id='word_1_569' title='bbox 244 4783 371 4834; x_wconf 87' lang='lat' dir='ltr'><strong>Ceterum</strong></span> <span class='ocrx_word' id='word_1_570' title='bbox 387 4779 462 4844; x_wconf 77' lang='lat' dir='ltr'><strong>lego:</strong></span> <span class='ocrx_word' id='word_1_571' title='bbox 480 4781 598 4832; x_wconf 79' lang='lat' dir='ltr'><strong>machina</strong></span> <span class='ocrx_word' id='word_1_572' title='bbox 611 4794 690 4832; x_wconf 79' lang='lat' dir='ltr'><strong>ama.»</strong></span> <span class='ocrx_word' id='word_1_573' title='bbox 702 4783 747 4833; x_wconf 88' lang='grc' dir='ltr'><strong>οι.</strong></span> <span class='ocrx_word' id='word_1_574' title='bbox 766 4783 805 4834; x_wconf 89' lang='lat' dir='ltr'><strong>Cl.</strong></span> <span class='ocrx_word' id='word_1_575' title='bbox 819 4787 874 4835; x_wconf 79' lang='lat' dir='ltr'><strong>Rau</strong></span> <span class='ocrx_word' id='word_1_576' title='bbox 890 4783 907 4835; x_wconf 93' lang='lat' dir='ltr'><strong>l.</strong></span> <span class='ocrx_word' id='word_1_577' title='bbox 920 4784 937 4836; x_wconf 95' lang='lat' dir='ltr'><strong>l.</strong></span> <span class='ocrx_word' id='word_1_578' title='bbox 956 4785 1068 4850; x_wconf 82' lang='lat' dir='ltr'><strong>Madvig.</strong></span> <span class='ocrx_word' id='word_1_579' title='bbox 1081 4787 1100 4835; x_wconf 93' lang='lat' dir='ltr'><strong>l.</strong></span> <span class='ocrx_word' id='word_1_580' title='bbox 1118 4799 1144 4851; x_wconf 93' lang='lat' dir='ltr'><strong>p.</strong></span> <span class='ocrx_word' id='word_1_581' title='bbox 1157 4786 1214 4838; x_wconf 78' lang='grc'><strong>349.</strong></span> <span class='ocrx_word' id='word_1_582' title='bbox 1229 4814 1257 4825; x_wconf 92' lang='grc'><strong>-</strong></span> <span class='ocrx_word' id='word_1_583' title='bbox 1275 4788 1315 4838; x_wconf 76' lang='lat' dir='ltr'><strong>lt.</strong></span> <span class='ocrx_word' id='word_1_584' title='bbox 1333 4789 1449 4839; x_wconf 72' lang='lat' dir='ltr'><strong>malcaim</strong></span> <span class='ocrx_word' id='word_1_585' title='bbox 1463 4788 1518 4838; x_wconf 83' lang='lat' dir='ltr'><strong>atta</strong></span> <span class='ocrx_word' id='word_1_586' title='bbox 1532 4788 1564 4838; x_wconf 88' lang='lat' dir='ltr'><strong>V:</strong></span> 
     </span>
     <span class='ocr_line' id='line_1_51' title="bbox 242 4856 1564 4924; baseline 0.003 -16"><span class='ocrx_word' id='word_1_587' title='bbox 242 4857 297 4908; x_wconf 75' lang='lat' dir='ltr'><strong>ailla</strong></span> <span class='ocrx_word' id='word_1_588' title='bbox 313 4869 367 4907; x_wconf 90' lang='lat' dir='ltr'><strong>om.</strong></span> <span class='ocrx_word' id='word_1_589' title='bbox 385 4858 431 4907; x_wconf 89' lang='lat' dir='ltr'><strong>ctt.</strong></span> <span class='ocrx_word' id='word_1_590' title='bbox 445 4856 474 4908; x_wconf 91' lang='lat'><strong>0.</strong></span> <span class='ocrx_word' id='word_1_591' title='bbox 493 4883 522 4895; x_wconf 98' lang='lat'>-</span> <span class='ocrx_word' id='word_1_592' title='bbox 542 4857 581 4907; x_wconf 81' lang='grc'><strong>44.</strong></span> <span class='ocrx_word' id='word_1_593' title='bbox 599 4858 805 4920; x_wconf 76' lang='lat' dir='ltr'><strong>manispraetium</strong></span> <span class='ocrx_word' id='word_1_594' title='bbox 820 4860 952 4912; x_wconf 78' lang='lat' dir='ltr'><strong>machinas</strong></span> <span class='ocrx_word' id='word_1_595' title='bbox 967 4861 1003 4922; x_wconf 86' lang='lat' dir='ltr'><strong>V;</strong></span> <span class='ocrx_word' id='word_1_596' title='bbox 1022 4873 1101 4912; x_wconf 82' lang='lat' dir='ltr'><strong>mana</strong></span> <span class='ocrx_word' id='word_1_597' title='bbox 1113 4861 1213 4924; x_wconf 84' lang='lat' dir='ltr'><strong>praedii</strong></span> <span class='ocrx_word' id='word_1_598' title='bbox 1228 4862 1347 4912; x_wconf 85' lang='lat' dir='ltr'><strong>atacbiaa</strong></span> <span class='ocrx_word' id='word_1_599' title='bbox 1363 4864 1393 4913; x_wconf 86' lang='grc' dir='ltr'><strong>Α.</strong></span> <span class='ocrx_word' id='word_1_600' title='bbox 1421 4860 1459 4914; x_wconf 86' lang='lat' dir='ltr'><strong>ci.</strong></span> <span class='ocrx_word' id='word_1_601' title='bbox 1477 4861 1564 4912; x_wconf 85' lang='lat' dir='ltr'><strong>lladv.</strong></span> 
     </span>
     <span class='ocr_line' id='line_1_52' title="bbox 173 4929 1567 5001; baseline 0.004 -18"><span class='ocrx_word' id='word_1_602' title='bbox 173 4964 178 4976; x_wconf 84' lang='lat'><strong>·</strong></span> <span class='ocrx_word' id='word_1_603' title='bbox 233 4935 272 4997; x_wconf 61' lang='lat' dir='ltr'><strong>,ct</strong></span> <span class='ocrx_word' id='word_1_604' title='bbox 289 4933 352 4983; x_wconf 80' lang='lat' dir='ltr'><strong>Rau.</strong></span> <span class='ocrx_word' id='word_1_605' title='bbox 370 4929 397 4982; x_wconf 94' lang='lat' dir='ltr'><strong>ll.</strong></span> <span class='ocrx_word' id='word_1_606' title='bbox 415 4929 441 4983; x_wconf 95' lang='lat' dir='ltr'><strong>ll.</strong></span> <span class='ocrx_word' id='word_1_607' title='bbox 462 4957 489 4968; x_wconf 90' lang='lat'>-</span> <span class='ocrx_word' id='word_1_608' title='bbox 507 4932 548 4982; x_wconf 87' lang='grc'><strong>49.</strong></span> <span class='ocrx_word' id='word_1_609' title='bbox 566 4935 780 4998; x_wconf 71' lang='lat' dir='ltr'><strong>sarm--socers</strong></span> <span class='ocrx_word' id='word_1_610' title='bbox 795 4935 876 4986; x_wconf 87' lang='lat' dir='ltr'><strong>Prisc.</strong></span> <span class='ocrx_word' id='word_1_611' title='bbox 895 4937 926 4986; x_wconf 91' lang='lat' dir='ltr'><strong>ll.</strong></span> <span class='ocrx_word' id='word_1_612' title='bbox 945 4949 972 5000; x_wconf 91' lang='lat' dir='ltr'><strong>p.</strong></span> <span class='ocrx_word' id='word_1_613' title='bbox 991 4935 1048 4988; x_wconf 79' lang='grc'><strong>444.</strong></span> <span class='ocrx_word' id='word_1_614' title='bbox 1068 4965 1096 4974; x_wconf 92' lang='grc'>-</span> <span class='ocrx_word' id='word_1_615' title='bbox 1115 4939 1155 4989; x_wconf 78' lang='lat' dir='ltr'><strong>si.</strong></span> <span class='ocrx_word' id='word_1_616' title='bbox 1174 4939 1223 4988; x_wconf 84' lang='lat' dir='ltr'><strong>HS.</strong></span> <span class='ocrx_word' id='word_1_617' title='bbox 1242 4951 1321 4991; x_wconf 80' lang='lat' dir='ltr'><strong>carso.</strong></span> <span class='ocrx_word' id='word_1_618' title='bbox 1340 4951 1418 4990; x_wconf 81' lang='lat' dir='ltr'><strong>coms.</strong></span> <span class='ocrx_word' id='word_1_619' title='bbox 1438 4937 1498 5001; x_wconf 85' lang='lat' dir='ltr'><strong>(om.</strong></span> <span class='ocrx_word' id='word_1_620' title='bbox 1516 4937 1567 4988; x_wconf 82' lang='lat' dir='ltr'><strong>mi·</strong></span> 
     </span>
     <span class='ocr_line' id='line_1_53' title="bbox 243 5005 1564 5077; baseline 0.003 -17"><span class='ocrx_word' id='word_1_621' title='bbox 243 5009 317 5074; x_wconf 84' lang='lat' dir='ltr'><strong>libus)</strong></span> <span class='ocrx_word' id='word_1_622' title='bbox 338 5005 369 5058; x_wconf 93' lang='lat' dir='ltr'><strong>V.</strong></span> <span class='ocrx_word' id='word_1_623' title='bbox 391 5033 418 5044; x_wconf 92' lang='lat'><em>-</em></span> <span class='ocrx_word' id='word_1_624' title='bbox 445 5007 488 5059; x_wconf 76' lang='grc'><strong>43.</strong></span> <span class='ocrx_word' id='word_1_625' title='bbox 510 5009 562 5058; x_wconf 70' lang='lat' dir='ltr'><strong>diss</strong></span> <span class='ocrx_word' id='word_1_626' title='bbox 578 5009 614 5061; x_wconf 88' lang='lat' dir='ltr'><strong>V:</strong></span> <span class='ocrx_word' id='word_1_627' title='bbox 642 5010 713 5060; x_wconf 84' lang='lat' dir='ltr'><strong>isttas</strong></span> <span class='ocrx_word' id='word_1_628' title='bbox 728 5012 774 5061; x_wconf 88' lang='lat' dir='ltr'><strong>ott.</strong></span> <span class='ocrx_word' id='word_1_629' title='bbox 793 5012 822 5062; x_wconf 90' lang='lat'><strong>0.</strong></span> <span class='ocrx_word' id='word_1_630' title='bbox 843 5037 871 5048; x_wconf 92' lang='lat'><em>-</em></span> <span class='ocrx_word' id='word_1_631' title='bbox 889 5013 929 5063; x_wconf 77' lang='lat'><strong>25.</strong></span> <span class='ocrx_word' id='word_1_632' title='bbox 949 5013 1109 5076; x_wconf 77' lang='lat' dir='ltr'><strong>adscripserit</strong></span> <span class='ocrx_word' id='word_1_633' title='bbox 1124 5015 1205 5064; x_wconf 87' lang='lat' dir='ltr'><strong>Prisc.</strong></span> <span class='ocrx_word' id='word_1_634' title='bbox 1224 5012 1318 5077; x_wconf 83' lang='lat' dir='ltr'><strong>vulgo:</strong></span> <span class='ocrx_word' id='word_1_635' title='bbox 1345 5013 1515 5074; x_wconf 78' lang='lat' dir='ltr'><strong>coasnipscait</strong></span> <span class='ocrx_word' id='word_1_636' title='bbox 1531 5010 1564 5064; x_wconf 86' lang='lat' dir='ltr'><strong>al.</strong></span> 
     </span>
     <span class='ocr_line' id='line_1_54' title="bbox 246 5085 1564 5152; baseline 0.002 -17"><span class='ocrx_word' id='word_1_637' title='bbox 246 5107 274 5122; x_wconf 87' lang='lat'><strong>·-</strong></span> <span class='ocrx_word' id='word_1_638' title='bbox 292 5085 334 5136; x_wconf 75' lang='lat'><strong>26.</strong></span> <span class='ocrx_word' id='word_1_639' title='bbox 352 5097 415 5148; x_wconf 82' lang='lat' dir='ltr'><strong>opas</strong></span> <span class='ocrx_word' id='word_1_640' title='bbox 429 5087 507 5135; x_wconf 73' lang='lat' dir='ltr'><strong>miton</strong></span> <span class='ocrx_word' id='word_1_641' title='bbox 522 5086 542 5135; x_wconf 89' lang='lat' dir='ltr'>L</span> <span class='ocrx_word' id='word_1_642' title='bbox 559 5097 592 5135; x_wconf 86' lang='lat' dir='ltr'><strong>ex</strong></span> <span class='ocrx_word' id='word_1_643' title='bbox 608 5086 690 5138; x_wconf 89' lang='lat' dir='ltr'><strong>Prisc.</strong></span> <span class='ocrx_word' id='word_1_644' title='bbox 710 5111 738 5122; x_wconf 90' lang='lat'><em>-</em></span> <span class='ocrx_word' id='word_1_645' title='bbox 761 5091 946 5139; x_wconf 64' lang='lat' dir='ltr'><strong>contrusistis</strong></span> <span class='ocrx_word' id='word_1_646' title='bbox 961 5088 1042 5139; x_wconf 89' lang='lat' dir='ltr'><strong>Prisc.</strong></span> <span class='ocrx_word' id='word_1_647' title='bbox 1063 5113 1091 5126; x_wconf 92' lang='lat'>-</span> <span class='ocrx_word' id='word_1_648' title='bbox 1110 5086 1150 5140; x_wconf 81' lang='grc'><strong>44.</strong></span> <span class='ocrx_word' id='word_1_649' title='bbox 1169 5093 1228 5140; x_wconf 83' lang='lat' dir='ltr'><strong>anta</strong></span> <span class='ocrx_word' id='word_1_650' title='bbox 1243 5088 1328 5152; x_wconf 73' lang='lat' dir='ltr'><strong>igis:</strong></span> <span class='ocrx_word' id='word_1_651' title='bbox 1347 5099 1400 5139; x_wconf 92' lang='lat' dir='ltr'><strong>om.</strong></span> <span class='ocrx_word' id='word_1_652' title='bbox 1419 5085 1467 5137; x_wconf 90' lang='lat' dir='ltr'><strong>dtt.</strong></span> <span class='ocrx_word' id='word_1_653' title='bbox 1486 5085 1516 5138; x_wconf 91' lang='grc'><strong>0.</strong></span> <span class='ocrx_word' id='word_1_654' title='bbox 1536 5111 1564 5124; x_wconf 92' lang='grc'><strong>-</strong></span> 
     </span>
     <span class='ocr_line' id='line_1_55' title="bbox 244 5157 820 5226; baseline 0.003 -14"><span class='ocrx_word' id='word_1_655' title='bbox 244 5173 322 5225; x_wconf 67' lang='lat' dir='ltr'><strong>qaas</strong></span> <span class='ocrx_word' id='word_1_656' title='bbox 337 5157 432 5226; x_wconf 90' lang='lat' dir='ltr'><strong>pleriq.</strong></span> <span class='ocrx_word' id='word_1_657' title='bbox 450 5159 544 5213; x_wconf 83' lang='lat' dir='ltr'><strong>codd:</strong></span> <span class='ocrx_word' id='word_1_658' title='bbox 559 5162 722 5225; x_wconf 67' lang='lat' dir='ltr'><strong>prinsquam</strong></span> <span class='ocrx_word' id='word_1_659' title='bbox 738 5159 771 5213; x_wconf 87' lang='lat' dir='ltr'><strong>al.</strong></span> <span class='ocrx_word' id='word_1_660' title='bbox 790 5163 820 5214; x_wconf 88' lang='lat'><strong>0.</strong></span> 
     </span>
    </p>
   </div>
   <div class='ocr_carea' id='block_1_9' title="bbox 0 0 1831 5868">
    <p class='ocr_par' dir='ltr' id='par_1_9' title="bbox 0 0 1831 5868">
     <span class='ocr_line' id='line_1_56' title="bbox 0 0 1831 5868; baseline 0 0"><span class='ocrx_word' id='word_1_661' title='bbox 0 0 1831 5868; x_wconf 95' lang='lat' dir='ltr'><strong> </strong></span> 
     </span>
    </p>
   </div>
  </div>
 </body>
</html>
