3578 5862
693 443 765 508 on».
788 441 913 506 1-111.
938 439 994 527 ss.
1018 441 1124 508 a-s.
1504 441 1568 506 err

250 619 314 690 est,
347 614 386 676 ab
413 615 489 678 Iove
517 613 644 697 Optimo
672 613 811 680 blaximo
841 614 1018 697 ceterisque
1048 613 1097 678 dis
1118 611 1302 696 deabusque
1332 612 1570 690 immortalibus,

250 729 386 797 quogum
407 730 467 793 ope
489 715 521 771 et
540 709 661 772 auxilio
681 709 781 772 multo
803 709 902 791 magis
923 709 1003 771 baec
1021 727 1074 771 res
1104 707 1232 792 publiea
1254 727 1349 790 quam
1370 707 1494 770 rationo
1513 708 1572 772 bo·
1699 727 1725 812 2
1779 732 1782 737 ¹

249 805 369 866 minum
391 811 422 866 ct
442 802 575 866 oonsilio
597 803 805 884 gubernatur,
828 822 938 886 pacem
961 821 997 864 ac
1016 801 1141 865 veniam
1162 807 1254 884 peto,
1275 820 1452 884 precorque
1467 802 1507 864 ab
1522 803 1572 877 iis,

248 905 284 960 ut
303 897 494 961 bodiemum
515 895 599 959 diem
620 905 653 960 et
673 897 713 960 ad
734 895 829 959 buius
851 897 984 960 salutem
1003 894 1252 960 conservandam
1267 902 1300 956 et
1319 895 1359 958 ad
1381 917 1448 959 rem
1468 896 1572 979 publi-

248 1011 317 1054 cam
345 988 597 1055 constituendam
626 989 767 1052 illuxisse
789 991 957 1072 patiantur.
1000 989 1122 1054 Deinde
1142 1010 1215 1062 vos,
1247 988 1404 1065 Quirites,
1436 1006 1601 1073 quorumo

248 1091 389 1167 potestas
418 1083 566 1167 proxime
596 1082 636 1146 ad
665 1085 796 1147 deorum
825 1083 1050 1147 immortalium
1077 1103 1195 1147 numen
1226 1081 1364 1156 aceedit,
1399 1102 1455 1146 oro
1477 1089 1571 1166 atque

247 1178 391 1252 obsecro,
412 1179 561 1263 quoniam
584 1198 648 1241 uno
670 1178 899 1268 tempore(vita
922 1177 957 1240 C.
971 1171 1107 1266 Rabirii)
1126 1176 1265 1257 hominiis
1286 1177 1453 1240 miserrimi
1476 1183 1573 1260 atque
1684 1133 1705 1229 b

246 1271 621 1358 innocentissimi,(salus
643 1273 689 1336 rei
710 1271 856 1356 publicae
871 1271 985 1336 restris
1008 1253 1573 1355 manibus)sutiragiisque(permi‚t„ti-
1639 1281 1713 1368 sp

248 1347 319 1444 tur)
336 1365 512 1430 adhibentis
533 1367 567 1429 in
588 1366 723 1429 hominis
737 1364 873 1429 fortunis
889 1366 1157 1440 misericordiam,
1180 1366 1213 1428 in
1235 1364 1281 1428 rei
1303 1365 1449 1448 publicae
1471 1365 1572 1428 salute

248 1459 435 1541 sapientiam
458 1479 552 1544 quam
575 1459 694 1523 soletis.
1583 1474 1611 1519 ⁴0

331 1550 362 1616 6.
383 1556 473 1616 Nunc
496 1554 663 1638 quoniam,
691 1556 726 1616 Τ.
749 1554 903 1628 Labiene,
932 1553 1113 1637 diligentiae
1135 1573 1224 1618 meae
1246 1553 1396 1636 temporis
1418 1553 1572 1635 angustiis

248 1645 396 1710 obstitisti
425 1665 539 1732 meque
562 1668 603 1710 ex
624 1655 804 1730 comparato
833 1656 865 1711 et
886 1650 1060 1711 constituto
1081 1649 1184 1732 spatio
1206 1645 1404 1710 defensionis
1424 1648 1457 1710 in
1479 1646 1573 1711 semi·

247 1741 344 1804 borae
360 1741 511 1804 circulum
527 1742 676 1824 coegisti,
696 1741 857 1825 parebitur
872 1750 919 1818 et,
942 1741 1028 1825 quod
1043 1741 1279 1826 iniquissimum
1294 1748 1360 1818 est,
1382 1741 1573 1804 accusatoris

247 1834 423 1900 conditioni
445 1842 494 1912 et,
522 1834 609 1920 quod
632 1836 858 1910 miserrimum,
887 1835 1008 1899 inimici
1030 1835 1190 1918 potestati.
1236 1835 1435 1918 Quamquam
1457 1836 1490 1898 in
1512 1835 1572 1897 hac

246 1931 493 2013 praescriptione
508 1929 684 1993 semihorae
706 1930 831 2011 patroni
847 1930 924 1992 mibi
937 1939 1044 2012 partes
1060 1929 1236 2013 reliquisti,
1258 1930 1397 1994 consulis
1411 1928 1572 1994 ademisti:
1583 1944 1611 1989 rc

245 2033 415 2108 propterea
442 2023 529 2106 quod
557 2024 597 2087 ad
626 2022 861 2086 defendendum
881 2024 1111 2107 propemodum
1133 2027 1210 2087 satis
1232 2023 1292 2088 erit
1312 2023 1373 2086 boc
1395 2023 1473 2086 mibi
1494 2032 1574 2086 tem-

245 2119 348 2202 poris,
371 2117 411 2180 ad
434 2117 693 2200 conquerendum
721 2137 841 2200 parum.
885 2117 915 2180 7.
937 2119 1005 2182 Nisi
1027 2117 1110 2181 forte
1132 2119 1171 2180 de
1193 2118 1272 2181 locis
1294 2117 1451 2200 religiosis
1474 2136 1510 2179 ae
1532 2117 1573 2180 de

246 2213 344 2288 lucis,
367 2231 447 2296 quos
469 2212 509 2274 ab
531 2211 592 2275 boc
613 2211 748 2274 violatos
770 2231 840 2274 esse
863 2211 990 2286 dixisti,
1014 2212 1157 2294 pluribus
1172 2213 1276 2275 verbis
1297 2211 1356 2275 tibi
1378 2210 1573 2294 responden-

246 2307 321 2371 dum
343 2313 452 2389 putas:
482 2324 546 2387 quo
569 2305 602 2367 iu
624 2303 756 2367 crimine
777 2305 857 2369 nibil
879 2311 927 2368 est
949 2325 1101 2389 umquam
1122 2305 1232 2369 abste
1256 2306 1391 2379 dietrrm,
1413 2306 1476 2368 nisi
1497 2325 1517 2368 a
1539 2305 1572 2369 G.

246 2403 352 2464 Macro
374 2398 533 2462 obiectum
556 2417 626 2462 esse
649 2398 770 2462 crimen
791 2399 824 2460 id
848 2399 882 2464 C.
903 2399 1041 2463 Rabirio.
1076 2401 1113 2462 ln
1135 2419 1199 2482 quo
1221 2419 1280 2482 ego
1304 2399 1443 2462 demiror
1464 2401 1611 2464 mermi-so

245 2495 400 2568 museto,
423 2493 500 2575 quid
523 2492 675 2556 obiecerit
698 2492 730 2555 C.
753 2492 880 2554 Rabirio
904 2494 1008 2556 Macer
1029 2493 1194 2569 inimicus,
1225 2494 1357 2557 oblitum
1380 2513 1465 2570 esse,
1495 2494 1573 2578 quid

245 2588 341 2672 aequi
362 2594 395 2651 et
415 2586 510 2650 iurati
532 2586 652 2649 iudices
674 2585 852 2650 iudicarint.
897 2587 951 2649 lll.
979 2588 1028 2649 An
1051 2588 1091 2650 de
1112 2589 1262 2670 peculatu
1282 2588 1366 2652 lacto
1388 2595 1442 2650 aut
1463 2588 1504 2651 de
1526 2595 1574 2651 ta·

245 2682 368 2747 bulario
399 2682 530 2745 incenso
559 2682 654 2763 longa
679 2680 780 2744 oratio
802 2689 850 2744 est
872 2682 1109 2763 expromenda?
1143 2702 1209 2765 quo
1234 2683 1267 2745 in
1289 2680 1420 2745 crimine
1441 2682 1573 2765 propin-

246 2797 326 2863 quus
349 2776 383 2839 C.
397 2774 517 2839 Rabirii
539 2774 659 2838 iudicio
682 2775 872 2850 clarissimo,
897 2775 931 2837 C.
953 2774 1083 2867 Ciprius,
1105 2797 1163 2861 pro
1186 2776 1301 2850 virtute
1323 2795 1381 2840 sua
1403 2785 1453 2842 est
1471 2777 1572 2840 bone-

245 2872 383 2936 stissime
404 2869 571 2943 liberatus,
594 2870 663 2952 ipse
679 2889 753 2932 vero
774 2868 920 2933 Rabirius
942 2889 1007 2932 non
1029 2870 1124 2934 modo
1145 2871 1179 2933 in
1201 2870 1354 2934 iudicium
1375 2871 1490 2934 borum
1512 2869 1610 2934 cri-ao

244 2966 379 3039 minum,
408 2964 465 3026 sed
486 2983 527 3026 ne
550 2965 583 3026 in
605 2964 823 3027 tenuissimam
846 2963 974 3046 quidem
997 2964 1210 3048 suspicionem
1231 2965 1328 3029 verbo
1352 2973 1399 3029 est
1420 2984 1572 3048 umquam

244 3066 383 3124 vocatus.
427 3055 457 3120 8.
479 3059 528 3120 An
552 3055 591 3119 de
613 3058 731 3121 sororis
753 3055 817 3120 lilio
839 3058 1022 3141 diligentius
1045 3059 1302 3144 respondendum
1325 3062 1396 3124 est‘l
1419 3079 1513 3144 wem
1532 3059 1572 3121 ab

243 3154 304 3216 hoo
332 3158 479 3216 necatum
508 3171 579 3214 esse
608 3151 732 3225 dixisti,
760 3172 832 3214 cum
854 3152 894 3213 ad
916 3151 1025 3214 iudicii
1048 3171 1168 3216 moram
1190 3153 1353 3217 familiaris
1374 3151 1494 3216 funeris
1517 3173 1573 3216 ex-

244 3247 365 3310 cusatio
388 3252 601 3330 quaereretur.
632 3244 715 3320 Quid
738 3245 823 3309 enim
845 3251 893 3308 est
914 3253 977 3307 tam
993 3246 1060 3308 veri
1076 3247 1194 3322 simile,
1217 3266 1312 3330 quam
1328 3247 1482 3311 cariorem
1497 3246 1572 3311 buic

243 3340 362 3403 sororis
385 3341 531 3402 maritum
553 3359 648 3423 quam
670 3339 786 3401 sororis
808 3339 909 3402 lilium
925 3338 1047 3401 luisset
1071 3347 1166 3422 atque
1181 3340 1226 3403 ita
1241 3340 1413 3414 cariorem,
1435 3347 1471 3404 ut
1492 3340 1609 3404 elterao

244 3434 307 3496 vita
329 3431 545 3496 crudelissime
567 3433 759 3516 privaretur,
784 3427 880 3515 [cum]
904 3432 995 3494 alteri
1018 3432 1058 3495 ad
1080 3433 1293 3514 prolationem
1314 3433 1425 3498 iudicii
1439 3433 1571 3497 biduum

244 3530 471 3611 quaereretur?
500 3529 549 3590 dn
580 3528 620 3590 de
642 3527 741 3590 servis
764 3527 875 3589 alienis
897 3532 1007 3589 eontra
1028 3527 1131 3609 legem
1153 3526 1281 3589 Fabiam
1303 3527 1434 3590 retentis
1456 3534 1511 3590 aut
1532 3527 1571 3590 de

245 3623 366 3686 civibus
394 3622 544 3686 Romanis
573 3627 682 3686 contm
711 3621 813 3703 legem
835 3621 977 3684 Porciam
999 3618 1171 3683 verberatis
1194 3626 1250 3682 aut
1270 3619 1391 3684 necatis
1412 3619 1504 3702 plura
1524 3619 1572 3682 di-

244 3717 344 3781 cenda
365 3721 455 3790 sunt,
482 3736 554 3779 cum
574 3723 662 3780 tauto
684 3715 791 3778 studio
815 3713 848 3778 C.
870 3713 1018 3776 Rabirius
1042 3713 1139 3776 totius
1161 3711 1313 3795 Apuliae,
1342 3713 1493 3798 singulari
1515 3734 1570 3776 vo·

244 3810 365 3874 luntate
395 3809 571 3892 Campanae
602 3809 773 3872 vicinitatis
807 3810 959 3872 ornetur?
992 3825 1128 3891 eumque
1157 3807 1198 3870 ad
1226 3806 1296 3870 eius
1320 3808 1608 3891 propulsmdumes

244 4019 523 4031 ..mna-—

308 4176 513 4240 spumosa.
532 4175 557 4224 s.
582 4199 610 4208 -
637 4173 662 4224 a.
681 4169 860 4222 muccoso.
887 4197 914 4207 -
941 4170 1222 4234 aozmaeaagu.
1250 4197 1276 4205 -
1305 4171 1329 4222 r.
1348 4171 1518 4238 sumgar.
1540 4204 1567 4213 -
1627 4147 1657 4239 i

244 4255 268 4304 8.
286 4253 355 4303 salsas
372 4250 465 4301 codd:
483 4253 506 4299 el
522 4249 591 4298 soleas
606 4249 626 4298 0
644 4261 705 4299 cum
724 4246 766 4297 ed.
785 4246 896 4296 luutlne.
913 4271 939 4280 -
953 4245 993 4295 ⁴2.
1011 4246 1147 4297 saclborce
1163 4243 1234 4309 Slg:
1253 4246 1476 4299 semolorunrell.
1489 4250 1567 4314 Lagg.
1657 4266 1669 4313 l

244 4357 271 4365 -
291 4329 330 4378 43.
348 4326 471 4376 circam
487 4325 520 4384 Τ,
545 4324 605 4373 cod.
624 4323 751 4373 Torrentli
769 4321 796 4371 el
811 4322 831 4370 1.
849 4334 882 4370 ex
899 4333 951 4369 uno
969 4332 1017 4370 suo
1035 4318 1141 4370 codice:
1164 4319 1318 4370 musculum
1335 4323 1389 4372 mei
1406 4323 1433 4373 et
1450 4323 1485 4384 0;
1503 4325 1569 4373 orti-

241 4404 325 4454 eolom
341 4399 374 4451 al.
392 4397 460 4449 liber
476 4401 545 4450 teste
561 4398 748 4449 Tonantio·
763 4396 916 4458 leporem·
934 4392 1023 4458 Slgl:
1039 4395 1110 4456 patri
1120 4392 1177 4446 rell.
1190 4395 1268 4458 Legg.
1283 4421 1311 4432 —
1321 4398 1406 4458 portis
1422 4399 1476 4448 mei
1492 4412 1568 4464 prse-

243 4481 284 4529 ler
299 4476 317 4529 l.
341 4501 370 4513 -
397 4475 437 4525 ll.
456 4475 491 4524 od
506 4474 706 4536 conquerendum
721 4473 737 4522 Ξ
755 4471 855 4522 Oxonn.
874 4471 950 4533 (ST):
976 4482 1063 4520 oerum
1085 4471 1120 4519 od
1136 4483 1253 4532 cooqusr.
1271 4471 1288 4520 S
1306 4473 1380 4536 sig,
1402 4475 1433 4524 ut
1447 4473 1565 4532 videtum

242 4555 276 4603 od
291 4563 485 4615 cappadocem
502 4549 600 4609 bcel;
618 4550 653 4599 od
668 4561 784 4610 cooqaser.
802 4559 890 4597 samm
906 4545 921 4596 8
938 4542 995 4594 rell.
1014 4545 1121 4608 Legem.
1142 4570 1169 4580 -
1188 4556 1220 4595 oo
1236 4545 1343 4596 delubris
1359 4548 1387 4598 T.
1401 4573 1429 4582 —
1448 4547 1489 4598 le.
1507 4549 1569 4599 nibil

244 4632 303 4678 esset
319 4625 426 4682 tillus
444 4625 507 4676 nibil
517 4650 554 4662 ·-
565 4626 658 4675 dictam
673 4628 732 4674 escol
748 4622 809 4672 cod.
827 4621 964 4671 Torrentil.
983 4646 1010 4655 -
1030 4622 1071 4670 20.
1090 4618 1210 4670 obiectum
1225 4633 1275 4672 osae
1291 4622 1382 4672 Sem:
1401 4635 1451 4672 ease
1467 4633 1521 4673 om.
1533 4623 1564 4682 lr;

242 4705 362 4756 obicem
382 4707 442 4753 osset
461 4697 517 4751 rell.
536 4701 625 4764 bagg,
643 4699 659 4750 l
676 4699 787 4756 osona..
806 4695 866 4746 cod.
885 4697 958 4745 Torr.
979 4721 1005 4730 -
1024 4695 1066 4745 il.
1085 4695 1145 4757 quid
1160 4707 1220 4757 eque
1237 4697 1262 4746 S.
1283 4721 1310 4732 -
1329 4697 1370 4746 22.
1386 4696 1455 4759 scoto
1471 4707 1566 4760 suspe-

242 4782 316 4830 ctum
332 4777 469 4830 Lambino.
484 4802 511 4811 -
530 4781 576 4826 out
591 4772 818 4839 Seghilrlxso:
838 4778 860 4823 et
876 4777 922 4821 out
938 4770 959 4836 l,
978 4785 1012 4820 as
1030 4769 1091 4820 edd.
1105 4774 1132 4820 et
1148 4770 1255 4832 abed,
1274 4773 1304 4823 ut
1315 4772 1427 4822 videtur.
1447 4770 1485 4821 Cl.
1499 4771 1565 4820 lnlre

240 4869 266 4904 v.
280 4853 320 4904 32.
341 4879 369 4889 -
387 4852 429 4903 23.
446 4851 616 4913 copromeudc
632 4849 776 4900 Manutius:
795 4847 959 4908 caprimenda
975 4844 1053 4896 codd.
1072 4847 1099 4894 et
1116 4846 1145 4896 0.
1160 4871 1188 4882 -
1204 4847 1346 4910 propinquo
1362 4859 1399 4896 m.
1415 4871 1442 4882 -
1460 4843 1502 4896 sl.
1516 4847 1565 4896 llo·

241 4929 290 4980 biri
306 4930 321 4980 6
339 4928 417 4991 Legg.
442 4953 469 4963 -
494 4926 584 4977 Osirim
603 4927 635 4976 T:
662 4925 762 4975 ocreas
784 4923 862 4974 codd.
884 4919 940 4972 rell.
962 4923 1026 4972 noti.
1051 4919 1090 4971 Cl.
1109 4934 1135 4985 p.
1154 4921 1218 4978 Reb.
1238 4925 1307 4972 Post.
1327 4922 1351 4986 5.
1370 4919 1395 4970 3.
1421 4919 1455 4982 (G.
1475 4919 1565 4970 Ourios

241 5005 332 5055 iudicio
347 5003 486 5054 clotiolroo
502 5001 541 5062 l..)
561 5029 589 5039 -
606 5001 647 5052 28.
665 4999 767 5064 baama]
782 4997 904 5064 tinctoris
920 4998 944 5046 S.
965 5023 992 5030 -
1012 4995 1052 5046 34.
1070 5007 1127 5046 mm
1143 4995 1242 5047 delevit
1257 4995 1408 5047 Lambinus.
1429 5019 1456 5030 -
1472 4993 1565 5056 probo·

240 5081 331 5130 meso
346 5079 364 5129 S
382 5081 408 5129 el
424 5079 441 5128 b
457 5079 558 5128 Oxonu.
573 5102 600 5113 -
619 5077 659 5127 32.
678 5074 731 5139 out]
747 5079 772 5124 ct
787 5073 847 5124 cod.
860 5073 891 5138 (ll
909 5072 1047 5123 Torrentil.
1065 5099 1093 5108 —
1111 5073 1151 5123 ³5.
1171 5075 1315 5136 wmponoo
1330 5071 1471 5126 ldanutius:
1491 5072 1563 5124 Octo·

238 5156 332 5223 paulos
347 5153 426 5208 codd.
453 5154 509 5206 lloo
526 5152 670 5206 renuentes
687 5149 799 5200 Beclius
816 5145 974 5200 etwollbus
988 5147 1124 5200 amiato
1139 5147 1319 5201 inducendum
1336 5147 1559 5200 existimaverunt.
