3684 5862
556 433 630 499 Car.
650 432 924 498 xxv-xxvii.
951 429 1007 518 53.
1029 428 1178 497 68-Ἱὶ.
1483 429 1524 495 49

208 601 314 668 omnia
339 607 414 666 nata
441 622 510 667 esse
538 603 696 667 dicuntur.
738 603 916 668 Noluerunt
941 603 1017 668 ieris
1039 605 1153 687 c'orpus
1177 599 1331 677 obiicere,
1352 619 1394 664 ne
1414 601 1525 665 bestiis

208 717 353 781 quoque,
388 716 469 782 quae
498 706 619 763 tautum
647 698 751 762 scelus
773 699 966 782 attigissent,
994 696 1233 761 immanioribus
1255 702 1431 760 uteremur:
1458 714 1524 758 non

207 791 254 854 sic
275 791 378 855 nudos
400 791 433 854 in
456 794 574 856 llumen
596 793 752 868 deiicere,
773 814 814 858 ne
836 813 908 856 cum
930 792 1026 856 delati
1043 797 1149 856 essent
1161 791 1195 854 in
1209 810 1313 866 mare,
1335 790 1440 874 ipsum
1454 790 1525 873 pol-

207 884 348 960 luerent,
370 906 435 970 quo
458 894 577 962 cetera,
600 907 682 971 quae
697 887 815 951 violata
837 895 926 962 sunt,
949 885 1070 970 expiari
1091 891 1259 969 putantur:
1283 884 1423 970 denique
1444 882 1525 946 nihil

207 985 272 1042 tam
285 979 348 1044 vile
370 1001 475 1065 neque
496 989 561 1045 tam
575 981 704 1064 vulgare
720 988 784 1057 est,
806 981 897 1045 cuius
911 989 1032 1064 partem
1046 981 1144 1044 ullam
1157 979 1353 1064 reliquerint
1387 974 1438 1042 72.
1452 979 1526 1042 lite·
1547 989 1562 1037 s

207 1074 273 1137 nim
304 1074 380 1159 quid
403 1082 452 1138 est
478 1081 542 1138 mm
564 1095 731 1139 commune
754 1095 850 1160 quam
871 1076 1002 1158 spiritus
1022 1075 1119 1149 vivis,
1151 1082 1234 1137 terra
1255 1074 1406 1148 mortuis,
1440 1091 1525 1136 mare

207 1168 450 1244 fluctuantibus,
472 1169 547 1233 litus
570 1169 705 1233 eiectis?
736 1170 783 1232 lta
797 1170 922 1247 vivunt,
945 1167 1020 1232 dum
1035 1175 1186 1252 possunt,
1207 1174 1244 1232 ut
1257 1168 1373 1232 ducere
1388 1168 1525 1231 animam

209 1263 248 1326 de
270 1262 358 1326 caelo
380 1282 445 1326 non
467 1271 601 1346 queant;
630 1264 675 1326 ita
696 1264 889 1340 moriuntur,
918 1271 954 1326 ut
982 1284 1091 1327 eorum
1117 1283 1190 1326 ossa
1209 1271 1293 1327 terra
1314 1282 1378 1326 non
1401 1268 1526 1346 tangat3

209 1356 253 1420 ita
273 1356 430 1420 iactantur
450 1358 616 1432 ductibus,
638 1365 674 1421 ut
694 1377 867 1442 numquam
888 1356 1077 1432 adluantur3
1097 1357 1143 1420 ita
1162 1363 1323 1440 postremo
1345 1356 1526 1430 eliciuntur,

208 1458 245 1514 ut
266 1471 306 1514 ue
327 1451 368 1514 ad
390 1471 467 1515 saxa
487 1452 617 1536 quidem
639 1452 755 1514 mortui
777 1451 1015 1535 conquiescant.
1050 1451 1142 1515 Tanti
1158 1447 1304 1515 maleficii
1317 1451 1452 1526 crimen,
1474 1450 1564 1514 cuilo

210 1541 365 1609 maleficio
393 1553 458 1609 mm
486 1546 611 1628 insigne
637 1546 829 1628 supplicium
859 1554 907 1610 est
928 1547 1149 1622 coustitutum,
1179 1546 1313 1630 probare
1335 1553 1382 1620 te,
1413 1543 1526 1620 Eruci,

210 1659 321 1704 censes
349 1660 445 1724 posse
473 1641 590 1703 talibus
618 1641 713 1715 viris,
746 1639 773 1702 si
802 1659 842 1702 ne
864 1659 990 1703 causam
1012 1640 1142 1725 quidem
1164 1636 1308 1703 maleficii
1329 1639 1526 1724 protuleris?

210 1734 245 1797 Si
265 1733 352 1798 hunc
373 1735 458 1819 apud
485 1734 643 1798 honorum
665 1740 822 1818 emptores
850 1734 938 1816 ipsos
959 1753 1139 1808 accusares,
1169 1734 1265 1818 eique
1289 1735 1408 1799 iudicio
1431 1735 1528 1820 Chry·

210 1847 351 1911 sogonus
372 1834 550 1912 praeesset,
580 1836 684 1891 tamen
707 1828 890 1912 diligentius
912 1827 1119 1912 paratiusque
1140 1825 1292 1894 venisses.
1336 1826 1386 1893 73.
1408 1830 1527 1906 Utrum,

211 1922 290 2008 quid
319 1928 444 2006 agatur,
472 1942 538 1987 non
565 1923 679 1985 vides?
709 1942 749 1986 au
770 1921 855 2004 apud
878 1942 959 2006 quos
981 1926 1112 2004 agatur?
1153 1923 1265 2006 Agitur
1287 1923 1326 1986 ds
1347 1923 1528 2008 parricidio,
1538 1935 1568 1984 as

211 2017 299 2101 quod
321 2017 390 2080 sine
411 2016 519 2080 multis
541 2016 644 2080 causis
667 2017 785 2101 suscipi
807 2037 871 2080 non
892 2023 1018 2101 potesta
1047 2016 1132 2101 apud
1160 2017 1306 2082 homines
1327 2023 1434 2081 autem
1454 2037 1529 2101 pru·

211 2111 415 2174 doctissimos
437 2111 554 2194 agitur,
576 2110 632 2195 qui
654 2110 835 2194 intelligunt
856 2110 1016 2174 neminem
1036 2129 1077 2174 ne
1092 2111 1259 2176 minimum
1281 2111 1412 2197 quidem
1433 2109 1530 2174 male-

211 2200 318 2269 ficium
339 2204 407 2268 sine
430 2224 525 2269 causa
546 2204 722 2269 admittere.

296 2299 425 2362 xxvii.
456 2299 551 2363 Esica
578 2319 704 2364 causam
731 2299 875 2386 proferre
903 2320 969 2364 non
989 2308 1092 2386 potes.
1129 2301 1268 2366 Tametsi
1290 2301 1395 2366 statim
1416 2300 1531 2366 vicisse

212 2391 327 2468 debeo,
349 2400 455 2457 umen
476 2395 516 2458 de
538 2414 609 2458 meo
632 2395 701 2459 iure
723 2394 875 2460 decedam
894 2403 926 2459 et
945 2395 1019 2471 tilii,
1041 2395 1127 2481 quod
1142 2396 1253 2461 inalia
1267 2415 1362 2461 causa
1375 2415 1441 2460 non
1456 2407 1569 2460 con-io

212 2487 372 2564 cederem,
400 2488 436 2551 in
461 2488 521 2552 hac
549 2488 738 2565 concedam,
765 2489 866 2554 fretus
887 2489 983 2555 huius
1004 2490 1196 2556 innocentia.
1239 2493 1312 2555 Non
1334 2511 1453 2577 quaero
1475 2491 1531 2554 alis

210 2592 258 2661 te,
280 2603 378 2669 quare
397 2590 520 2669 patrem
541 2583 616 2647 Sex.
638 2585 771 2649 Roscius
793 2584 963 2674 occiderits
993 2605 1128 2669 quaero,
1157 2606 1223 2670 quo
1251 2586 1347 2651 modo
1370 2585 1531 2650 occiderit.

210 2679 259 2743 lta
280 2697 398 2763 quaero
420 2678 476 2742 abs
497 2685 545 2753 te,
578 2677 612 2741 C.
633 2678 744 2755 Eruci,
773 2700 838 2764 quo
868 2680 987 2743 modo?
1018 2685 1050 2744 et
1071 2680 1116 2744 sio
1138 2687 1242 2744 tecum
1265 2699 1370 2764 agam,
1402 2688 1439 2744 ut
1460 2698 1531 2744 meo

210 2774 283 2838 loco
305 2774 356 2837 vel
377 2770 592 2858 respondendi
614 2773 664 2836 vel
687 2773 910 2857 interpellandi
927 2774 984 2837 tibi
1007 2779 1197 2857 potestatem
1218 2773 1333 2838 faciam
1354 2775 1405 2839 vel
1427 2775 1532 2849 etiam,

211 2869 238 2932 si
261 2867 340 2953 quid
361 2868 466 2944 voles,
489 2866 715 2950 interrogandi.
759 2864 809 2931 ii.
833 2867 905 2945 Quo
928 2869 1023 2933 modo
1047 2870 1186 2934 occidit?
1208 2871 1277 2955 ipse
1299 2871 1469 2957 percussit,
1492 2883 1571 2934 anat

212 2961 284 3027 aliis
306 2961 516 3026 occidendum
538 2960 650 3026 dedit?
686 2963 719 3025 Si
741 2961 847 3047 ipsum
869 2964 989 3047 arquis,
1012 2966 1130 3029 Romae
1151 2985 1217 3029 non
1237 2966 1315 3029 luit:
1338 2967 1366 3030 si
1379 2988 1438 3051 per
1451 2967 1533 3030 alios

210 3056 324 3122 fecisse
345 3057 441 3132 dicis,
469 3076 589 3141 quaero
611 3075 777 3133 servosne,
809 3077 850 3121 an
871 3058 1011 3122 liberos?
1052 3056 1090 3122 Si
1111 3059 1234 3135 liberos,
1264 3080 1344 3145 quos
1366 3061 1533 3125 homiues?

211 3151 393 3218 indidemne
414 3152 556 3228 Ameria,
579 3167 619 3214 an
640 3149 737 3216 hosce
760 3171 801 3215 ex
822 3152 900 3217 urbe
922 3154 1074 3218 sicarios?
1108 3154 1140 3218 Si
1154 3155 1295 3230 Ameria,
1319 3155 1375 3240 qui
1396 3161 1472 3217 sunt
1491 3155 1534 3218 ii?
1634 3165 1654 3230 q

213 3267 269 3310 our
289 3264 355 3309 non
376 3247 600 3311 nominantur?
634 3247 661 3310 si
681 3248 797 3323 Roma,
820 3246 904 3310 unde
926 3267 981 3310 eos
1003 3253 1134 3311 noverat
1154 3248 1303 3323 Roscius,
1326 3248 1382 3331 qui
1402 3248 1535 3311 Romam

213 3341 320 3405 mullis
349 3341 440 3404 annis
468 3361 534 3405 non
554 3341 641 3405 veuit
668 3361 775 3426 neque
796 3360 947 3426 umquam
968 3341 1041 3424 plus
1063 3339 1167 3404 triduo
1188 3339 1270 3404 luit?
1302 3341 1361 3405 Ubi
1384 3362 1439 3406 eos
1461 3355 1572 3408 con-ao

213 3436 322 3500 venit?
344 3437 473 3519 quicum
494 3435 620 3499 locutus
641 3438 711 3499 est?
743 3435 903 3520 quomodo
924 3436 1103 3519 persuasit?
1137 3435 1295 3497 «Pretium
1316 3433 1433 3499 dedit»
1479 3437 1536 3502 Cui

215 3531 323 3595 dedit?
352 3550 410 3616 per
431 3551 527 3615 quem
548 3529 658 3594 dediti
688 3530 773 3595 unde
795 3538 849 3594 aut
871 3538 1025 3616 quantum
1046 3528 1158 3593 dedit?
1190 3531 1302 3593 Nonne
1323 3529 1374 3593 his
1394 3531 1535 3616 vestigiis

279 3729 304 3780 4.
327 3727 570 3792 colocensem
586 3727 683 3780 ciem
698 3730 728 3780 (i.
757 3753 785 3766 ·-
811 3729 837 3780 i.
858 3741 922 3792 quoe
938 3741 991 3780 om.
1011 3730 1041 3780 G.
1065 3753 1093 3766 -
1118 3727 1538 3781 &manumitterentur

215 3803 332 3867 CRSa,
360 3802 420 3856 cod.
440 3803 468 3855 G.
487 3803 579 3869 steph.
598 3830 627 3840 —
653 3803 678 3855 3.
695 3804 723 3854 id
738 3805 819 3868 maim
835 3803 853 3860 2
870 3805 896 3854 in
913 3817 996 3869 marg.
1016 3803 1044 3855 et
1059 3817 1087 3864 χ.
1108 3829 1136 3840 -
1160 3805 1184 3855 5.
1202 3801 1375 3867 oile1utilcc.
1394 3831 1424 3842 -
1447 3806 1535 3874 emin]

213 3878 293 3930 uum
309 3879 344 3930 cis
359 3877 378 3933 Ω
394 3879 422 3931 iu
438 3890 523 3943 marg.
544 3906 572 3917 -
589 3880 677 3931 cunin
693 3880 753 3943 qaid
769 3885 804 3931 est
819 3884 874 3930 mm
889 3893 976 3931 mmm.
991 3881 1023 3930 L:
1047 3879 1136 3930 sucin
1152 3878 1213 3941 qnid
1229 3883 1282 3928 tom
1298 3881 1334 3929 oet
1348 3893 1436 3933 conari.
1455 3881 1534 3934 codd.

215 3955 340 4007 orationis
361 3957 389 4007 et
410 3955 446 4016 ὓς
472 3955 533 4017 quid
552 3955 618 4006 enin
637 3959 689 4006 ium
711 3969 799 4006 mmm.
819 3955 912 4007 Cicero
928 3967 958 4006 sc
981 3955 1038 4020 ipso
1055 3954 1140 4007 citans
1156 3955 1184 4005 in
1200 3952 1272 4005 Oret.
1291 3953 1314 4018 Β.
1333 3955 1391 4006 4οΊ.
1410 3958 1437 4007 et
1454 3957 1537 4016 Quin-

216 4028 254 4082 til.
275 4030 329 4083 xii.
351 4031 379 4094 t,
403 4028 443 4091 i,
472 4030 533 4093 qaid
553 4034 589 4081 est
611 4032 676 4082 nain
696 4035 750 4082 tum
769 4043 857 4082 conum
880 4033 957 4081 Arus.
981 4031 1061 4083 iisse.
1084 4043 1111 4096 p.
1132 4029 1190 4081 ati.
1215 4028 1306 4090 iind.;
1331 4041 1393 4080 com
1416 4031 1478 4092 quid
1502 4036 1539 4082 cst

216 4109 269 4156 tom
289 4119 378 4158 omnm.
400 4106 474 4156 Serv.
497 4103 532 4154 ad
549 4104 626 4169 Verg.
645 4108 710 4156 Aen.
730 4107 748 4156 1.
767 4104 825 4157 tio.
850 4129 879 4142 -
905 4105 930 4156 ⁵1.
949 4104 1017 4155 littus
1037 4105 1126 4156 Reuss
1142 4107 1171 4156 G.
1197 4128 1226 4142 -
1253 4105 1277 4156 8.
1297 4107 1367 4155 uera
1382 4119 1433 4156 noc
1449 4099 1538 4172 nepot

217 4181 357 4246 Gilvac,
375 4178 449 4242 Pali,
467 4178 545 4231 codd.
564 4179 623 4231 lori.
642 4193 751 4231 omnes:
769 4185 864 4232 mum
879 4195 930 4232 noc
946 4185 1053 4244 wopam
1069 4182 1101 4243 L,
1120 4183 1150 4231 ut
1166 4182 1207 4232 est
1223 4180 1250 4231 in
1267 4177 1346 4230 codd.
1361 4176 1460 4243 aliquot
1471 4182 1538 4233 Ora-

215 4255 281 4306 toris
296 4255 313 4307 l.
333 4268 357 4307 c.
377 4279 405 4294 -
425 4255 449 4306 9.
468 4255 606 4306 wcoctur
622 4255 681 4306 cod.
701 4256 731 4307 C.
749 4256 850 4322 stepin,
869 4256 940 4307 Crat.
953 4268 1058 4320 margo,
1079 4257 1098 4306 L
1115 4254 1173 4320 (sed
1189 4255 1217 4304 hi
1227 4252 1382 4318 ommni:
1401 4253 1538 4308 minantur

216 4330 385 4393 Gilovac,
409 4327 482 4392 Pali,
505 4329 585 4381 codd.
605 4328 738 4396 plerique,
760 4334 790 4382 ut
805 4331 918 4383 videtur.
945 4331 975 4382 lu
992 4331 1101 4382 Oratore
1119 4330 1260 4381 auctoritas
1277 4328 1401 4380 codicum
1418 4329 1537 4383 simililer

214 4406 372 4458 variantium
391 4404 448 4456 lere
470 4417 520 4470 par
537 4407 586 4457 est.
617 4406 656 4458 cl.
674 4406 786 4458 osenir.
804 4406 883 4458 adh.
901 4405 918 4456 l.
939 4407 965 4456 et
981 4405 1063 4456 iilotz.
1082 4403 1125 4455 ed.
1143 4406 1174 4455 il.
1193 4403 1277 4456 Praei.
1295 4416 1322 4468 p.
1340 4403 1398 4453 XIV
1413 4416 1453 4469 sq.
1483 4407 1537 4458 Va-

214 4482 295 4534 rietas
311 4481 431 4534 lectionis
448 4483 506 4532 orta
523 4483 564 4533 est
579 4495 613 4532 er
629 4481 762 4545 frequenti
779 4481 933 4534 confusione
951 4480 1176 4546 praepositionum
1193 4480 1229 4530 od
1245 4481 1272 4530 et
1288 4479 1333 4539 oo;
1356 4478 1395 4528 sic
1416 4479 1442 4529 iu
1459 4481 1535 4534 verr.

213 4557 245 4607 V.
273 4557 298 4622 5.
316 4557 357 4609 96.
380 4555 458 4610 codd.
482 4558 588 4623 optimi,
615 4557 695 4609 etlam
715 4558 795 4610 Paris.
818 4557 955 4608 cdiucmur
974 4553 1185 4622 proveheban13
1212 4567 1307 4605 verum
1323 4553 1461 4606 &aanor
1476 4558 1535 4609 vat.

213 4629 337 4697 palimps.
357 4657 386 4668 -·
404 4630 444 4684 ll.
462 4631 553 4698 mom]
571 4637 624 4684 aar
639 4644 666 4683 v.
687 4658 714 4669 -
734 4637 891 4696 paratiorque
906 4633 935 4682 G.
956 4657 984 4668 -
1006 4631 1047 4682 46.
1065 4631 1156 4694 cornici
1172 4631 1235 4683 (iil.
1255 4655 1284 4666 -
1303 4629 1343 4680 48.
1361 4632 1444 4682 courir
1458 4645 1485 4684 v.
1506 4661 1534 4672 -

215 4705 256 4756 49.
270 4710 352 4769 potest
367 4707 396 4758 d.
416 4733 445 4744 —·
462 4707 503 4759 20.
522 4709 588 4770 quod
604 4721 657 4760 om.
671 4721 697 4758 r.
717 4734 746 4744 -
763 4709 804 4759 it.
823 4707 867 4758 obs
882 4707 913 4769 te]
930 4720 964 4758 an
979 4711 1003 4756 te
1019 4706 1051 4756 il.
1071 4731 1099 4742 —
1116 4705 1158 4757 23.
1175 4705 1227 4766 ὄιος
1244 4715 1339 4767 qam
1355 4704 1477 4770 distingui
1494 4707 1537 4758 iu-

214 4779 262 4831 bet
284 4781 344 4832 Gar.
361 4779 387 4831 i.
410 4779 468 4832 coll.
486 4782 578 4835 LamR
597 4783 632 4835 ad
648 4783 712 4835 Hor.
730 4783 815 4834 serm.
833 4783 862 4844 2,
880 4782 905 4843 7,
923 4782 948 4832 2.
968 4806 997 4817 -
1019 4793 1074 4832 mco
1092 4780 1146 4831 loco
1164 4779 1267 4844 iladvig
1291 4779 1347 4844 (Op.
1365 4779 1386 4830 1.
1403 4794 1430 4846 p.
1449 4781 1533 4847 ⁴2²·l1

212 4853 242 4906 ts
257 4869 286 4908 co
302 4856 355 4907 ioco
372 4855 450 4907 codd.
469 4859 496 4908 et
512 4857 573 4910 edd.
591 4859 704 4924 priores.
724 4883 753 4896 -
776 4858 818 4910 ii.
836 4855 939 4922 quero]
962 4869 1051 4921 queror
1066 4867 1128 4918 ceos
1144 4857 1164 4907 G
1182 4854 1365 4921 (depravatum
1380 4853 1486 4906 videtur
1502 4870 1536 4909 ex

215 4943 319 4993 mucro,
335 4943 383 4995 psa·
393 4944 463 4995 quos,
481 4932 554 4997 quod
564 4932 661 4988 vellem
676 4934 702 4985 iu
719 4933 798 4985 codd.
812 4931 992 4996 inveniretur).
1005 4959 1033 4970 -
1046 4930 1175 4997 audeca}
1186 4931 1225 4983 sio
1236 4926 1341 4992 iladvig
1353 4921 1388 4991 lot
1400 4931 1461 4980 ente
1472 4943 1535 4984 eum

215 5006 348 5069 Matthiae,
367 5007 413 5073 qul
424 5005 512 5060 solum
523 5008 659 5060 «tiesrosrs
671 5009 795 5074 addidiii:
813 5020 868 5059 om.
879 5009 902 5057 st
912 5006 953 5058 lid.
967 5007 1045 5058 codd.
1059 5008 1088 5059 et
1097 5006 1126 5058 0.
1141 5005 1180 5059 Gi.
1192 5019 1220 5072 p.
1232 5005 1274 5058 54.
1285 5015 1312 5054 v.
1323 5001 1364 5054 43.
1377 5025 1404 5038 -
1418 5003 1459 5055 28.
1472 5005 1537 5056 mdi-

213 5081 485 5149 dcnmoliudlcoocv.
500 5084 675 5137 -n'lmera's
688 5099 745 5137 ac:
763 5084 911 5136 damnine
927 5083 1064 5144 Gil'rxv
1080 5082 1224 5147 (sedeam.
1237 5083 1276 5148 st).
1290 5101 1319 5114 -
1336 5075 1533 5145 iilsicsoripsi:

213 5155 239 5206 il
249 5155 319 5222 vulg.
333 5184 362 5197 —
374 5158 416 5212 29.
428 5159 540 5214 succro
551 5159 593 5214 ed
603 5161 634 5214 it.
644 5161 734 5227 steph.
743 5174 768 5214 e.
779 5159 869 5214 lcii:
886 5157 1287 5214 neocesariensium.
1301 5181 1332 5200 -
1344 5151 1385 5204 34.
1397 5157 1434 5208 ert
1443 5165 1497 5206 om.
1506 5167 1534 5208 v.

259 5249 350 5303 Cimo
363 5251 391 5304 i.
400 5251 428 5305 u
1314 5251 1335 5319 4
