3578 5862
349 435 412 504 dl8
714 441 768 505 DE
789 439 895 506 Latin
916 439 1094 508 acuam
1114 441 1233 508 LIBER
1253 443 1293 508 11.

349 629 422 676 men
443 629 502 674 nos
522 608 557 672 id
578 609 756 692 querimur,
778 629 848 676 esse
869 609 951 698 hanc
973 609 1170 675 hihunomm
1191 611 1294 694 plebis
1314 617 1529 694 potestatem
1563 619 1690 678 tantm

350 702 461 778 modo,
483 703 511 767 si
533 703 605 788 quis
627 724 666 768 ea
685 711 839 788 potestate
861 711 980 768 temere
1001 711 1050 768 est
1069 723 1163 780 usus,
1185 705 1398 770 existimamus
1406 702 1424 786 :)
1450 705 1509 770 hic
1535 707 1690 770 mmmm

349 798 452 882 plebis
473 799 543 882 lege
565 799 700 876 cunata,
722 819 817 882 wana
838 805 966 882 praetor
985 799 1080 874 ierat,
1105 800 1214 864 adimit
1234 799 1450 865 intercedendi
1469 808 1689 885 potestatem.

256 955 259 960 .
348 893 454 976 Atque
481 892 543 958 hoc
570 913 640 958 cum
669 895 703 958 in
725 913 764 958 eo
785 891 1080 976 reprehendendum
1102 901 1166 969 est,
1195 894 1283 977 quod
1304 916 1362 979 per
1382 894 1559 958 trihnnum
1583 895 1690 978 plehis

326 985 518 1053 etrihunicia
538 994 678 1071 potestas
699 987 867 1062 minuitur,
899 993 966 1050 tum
986 985 1021 1050 in
1042 1006 1081 1051 eo
1104 986 1328 1064 deridendum,
1359 988 1447 1074 quod
1468 989 1630 1065 consilli,
1663 990 1688 1052 si

348 1080 451 1163 legem
472 1082 623 1147 curiatam
643 1102 708 1145 non
729 1081 841 1156 hahet,
862 1081 1016 1164 attingere
1038 1101 1104 1144 rem
1126 1082 1295 1148 militarem
1309 1084 1485 1148 nonlicet:
1508 1084 1618 1159 huie,
1640 1085 1689 1146 cui

348 1183 432 1238 vetat
452 1176 622 1253 intercedi,
644 1183 847 1260 potestatem,
869 1175 964 1238 etiam
985 1175 1012 1238 si
1027 1175 1233 1240 intercessum
1247 1177 1303 1252 sit,
1325 1184 1430 1242 tamen
1445 1179 1595 1244 eandem
1613 1198 1688 1242 con-

349 1268 468 1345 stituit,
492 1271 637 1355 quamsi
660 1271 723 1338 lata
744 1277 827 1336 esset
848 1269 919 1344 lex,
949 1276 1070 1333 utnon
1091 1269 1282 1353 intelligam,
1315 1291 1413 1356 quare
1433 1279 1489 1337 aut
1512 1273 1577 1336 hic
1601 1279 1689 1336 vetet

347 1362 541 1429 intercedere
570 1374 624 1432 aut
652 1385 843 1452 quemquam
864 1365 1109 1428 intercessurum
1131 1369 1235 1446 putet,
1265 1386 1337 1429 cum
1357 1366 1554 1432 intercessio
1579 1365 1687 1431 stulti·

311 1455 422 1526 setiam
444 1457 662 1525 intercessoris
684 1458 897 1544 significatius
917 1459 971 1533 sit,
993 1477 1058 1521 non
1079 1476 1145 1521 rem
1167 1458 1365 1542 impeditura.

410 1545 462 1616 al.
476 1553 547 1617 Sint
560 1554 656 1637 igitur
671 1554 840 1619 decemviri
855 1574 959 1639 neque
975 1552 1058 1616 veris
1072 1552 1218 1628 comitiis,
1230 1552 1292 1617 hoc
1307 1563 1364 1630 est,
1378 1555 1488 1640 populi
1502 1553 1684 1635 suffragiis,

347 1662 451 1727 neque
473 1645 537 1710 illis
558 1646 600 1710 ad
621 1651 758 1732 speciem
781 1657 878 1732 atque
899 1648 939 1712 ad
953 1647 1192 1730 usurpationem
1206 1651 1372 1714 vetustatis
1390 1671 1448 1733 per
1461 1670 1534 1714 ιιι
1551 1648 1684 1710 lictores

348 1738 560 1822 auspiciorum
583 1761 677 1807 causa
698 1743 890 1808 adumbratis
913 1741 1086 1806 constituti.
1121 1741 1234 1806 Videte
1256 1764 1341 1808 nunc
1362 1763 1431 1820 eos,
1460 1743 1519 1828 qui
1544 1761 1568 1805 a
1592 1741 1681 1806 vohis

347 1830 428 1894 nihil
449 1837 615 1916 potestatis
637 1840 830 1922 acceperint,
860 1844 980 1922 quanto
1008 1835 1176 1898 maioribus
1198 1841 1391 1902 ornamentis
1412 1835 1553 1912 affimat,
1584 1853 1682 1918 vam

310 1945 458 1995 seomnes
489 1946 548 1992 nos
579 1931 683 1995 allecti
712 1953 834 2006 sumus,
867 1931 983 2015 quihus
1010 1949 1067 1992 vos
1093 1929 1303 2012 amplissimas
1331 1937 1502 2016 potestates
1528 1927 1679 1994 dedistis.

347 2017 439 2082 lubet
460 2015 624 2108 [auspicia]
647 2025 841 2090 coloniarum
859 2023 1113 2088 deducendarum
1136 2041 1229 2086 causa
1244 2023 1438 2090 decemviros
1458 2025 1588 2091 hahere
1610 2023 1680 2106 pul-

347 2111 451 2176 larios.
493 2116 608 2181 Eonnu
638 2140 727 2195 ivan,
757 2119 878 2203 inquit,
908 2137 971 2192 ovo
999 2135 1185 2180 mavaavur
1206 2137 1349 2183 russum
1371 2140 1453 2184 naen
1474 2120 1676 2184 Sauraoru.

347 2209 453 2274 hudes
477 2214 580 2289 etiam,
602 2215 705 2290 llulle,
726 2215 920 2279 mentionem
941 2210 1045 2275 facere
1067 2209 1147 2294 legis
1162 2210 1388 2294 Semproniae?
1410 2234 1470 2278 nec
1491 2220 1524 2277 te
1542 2233 1586 2277 ea
1608 2212 1678 2294 ipsa

347 2303 401 2368 lex
427 2317 624 2384 commonet,
654 2310 804 2374 tresviros
831 2309 905 2373 illos
925 2324 1013 2369 xxxv
1034 2305 1172 2370 tmhuum
1193 2307 1342 2389 suffragio
1365 2315 1486 2372 creatos
1508 2311 1611 2372 esset
1638 2307 1677 2368 Et

310 2419 419 2468 aecum
448 2407 483 2464 tu
510 2421 529 2465 a
549 2404 598 2468 Ti.
620 2401 752 2468 Gracchi
780 2407 939 2487 aequitate
959 2421 997 2466 ac
1018 2399 1138 2486 pudore
1160 2400 1343 2483 longissime
1364 2409 1504 2466 remotus
1527 2403 1596 2479 sis,
1625 2401 1674 2474 id,

347 2495 434 2579 quod
461 2495 671 2561 dissimillima
691 2497 812 2561 ratione
839 2496 957 2560 iactum
978 2503 1043 2571 est,
1072 2494 1185 2560 eodem
1205 2496 1275 2559 iure
1295 2503 1388 2581 putas
1409 2516 1479 2562 esse
1500 2499 1674 2583 oporteret

347 2591 433 2655 lllll.
454 2586 506 2654 32.
528 2591 589 2655 Dat
615 2597 779 2674 praeterea
806 2597 996 2673 potestatem
1024 2591 1119 2654 verho
1147 2591 1352 2675 praetoriam,
1380 2611 1415 2656 re
1436 2612 1512 2656 vera
1533 2591 1673 2675 regiam

348 2680 457 2748 delinit
476 2684 510 2746 in
532 2683 802 2768 quinquennium,
829 2685 904 2748 iacit
925 2686 1162 2769 sempiternam:
1192 2685 1286 2748 unde
1308 2685 1393 2749 enim
1414 2683 1585 2751 confirmat
1607 2683 1672 2767 opi·

347 2779 406 2844 hus
428 2787 461 2843 et
481 2779 600 2862 copiis,
628 2785 664 2844 nt
684 2780 793 2844 invitis
814 2780 893 2864 eripi
915 2778 1005 2843 nullo
1024 2778 1119 2842 modo
1140 2779 1252 2862 possit.
1286 2779 1409 2844 Deinde
1431 2787 1523 2844 ornat
1544 2779 1671 2864 appari·

311 2872 486 2948 tatoribus,
519 2873 629 2937 scribis
657 2872 809 2949 librariis,
832 2871 1060 2957 praeconibus,
1082 2871 1276 2948 architectis,
1305 2881 1468 2957 praeterea
1488 2874 1605 2948 mulis,
1627 2879 1669 2936 u-

290 2991 303 3040 t
346 2965 540 3041 hernaculis,
571 2963 775 3052 [centuriis,]
799 2967 1004 3053 supelleetili;
1026 2973 1186 3050 sumptum
1207 2967 1312 3033 haurit
1333 2988 1374 3032 ex
1391 2969 1529 3044 nendo,
1554 2985 1669 3052 suppe-

348 3059 427 3124 ditat
452 3080 472 3124 a
499 3061 611 3138 sociis3
645 3058 784 3126 linitores
816 3082 857 3126 ex
888 3061 1024 3146 equestri
1057 3060 1127 3124 loco
1156 3062 1308 3126 ducentos
1335 3063 1370 3125 in
1395 3082 1496 3127 annos
1525 3061 1667 3146 singulos

347 3154 514 3237 stipatores
535 3155 677 3238 corporis
699 3156 880 3231 constituit,
902 3155 1030 3220 eosdem
1051 3155 1211 3219 ministros
1233 3163 1265 3220 et
1286 3157 1437 3220 satellites
1458 3155 1639 3240 potestatis.

431 3249 576 3313 Formam
603 3249 706 3314 adhuc
733 3250 873 3324 habetis,
907 3249 1064 3326 Quirites,
1097 3257 1129 3312 et
1152 3250 1290 3332 speciem
1315 3251 1416 3334 ipsam
1443 3257 1667 3334 tyrannorum

310 3341 484 3426 aoinsignia
504 3342 619 3406 videtis
639 3343 823 3427 potestatis,
845 3345 988 3408 nondum
1009 3344 1111 3427 ipsam
1132 3350 1329 3427 potestatem.
1365 3345 1490 3410 Dixerit
1506 3349 1594 3411 enim
1607 3343 1665 3406 ior

200 3433 219 3556 ζ,
347 3445 431 3501 tasse
445 3438 619 3521 quispiam:
645 3438 748 3515 «Quid
764 3458 814 3501 me
829 3440 889 3502 ista
902 3437 1048 3513 laedunt,
1071 3438 1182 3512 seriha,
1204 3437 1305 3514 lictor,
1326 3457 1452 3522 praeeo,
1473 3439 1665 3525 pullariusin

348 3531 462 3595 Omnia
488 3538 562 3596 sunt
588 3531 667 3597 haee
695 3532 790 3597 huius
819 3532 923 3608 modi,
952 3515 1171 3609 Quiritessut
1191 3551 1230 3595 ea
1251 3535 1307 3616 qui
1327 3534 1443 3598 haheat
1463 3534 1534 3598 sine
1555 3530 1665 3598 vestris

347 3625 520 3711 suffragiis,
552 3633 608 3690 aut
638 3647 696 3692 rex
725 3647 791 3690 non
824 3626 972 3691 ferendus
1001 3635 1055 3690 aut
1081 3625 1222 3710 privatus
1250 3626 1389 3692 furiosus
1416 3649 1486 3694 esse
1514 3629 1664 3694 videatur.

412 3957 437 4007 t.
455 3959 632 4008 massiacum
647 3953 837 4020 Pantagathus;
861 3955 1021 4020 masimissa
1040 3951 1167 4005 Halmius.
1187 3977 1215 3990 -
1239 3953 1263 4004 3.
1280 3954 1330 4019 topi
1349 3955 1463 4006 metatus
1484 3967 1548 4006 cum
1564 3959 1593 4007 P.
1612 3953 1664 4005 lla-

348 4033 420 4084 nutio
437 4033 465 4082 L.
486 4057 513 4068 -
530 4031 699 4095 proewr1pr.
719 4031 752 4091 Ἐς
772 4032 807 4080 .i².
825 4031 854 4080 3.
873 4031 934 4090 El),
955 4029 1047 4093 Popleto
1064 4030 1107 4080 lto.
1126 4029 1156 4080 Α.
1176 4056 1204 4067 -
1222 4027 1247 4080 l.
1265 4030 1330 4095 can]
1346 4034 1400 4080 tran
1416 4031 1444 4081 E.
1465 4057 1492 4068 —
1510 4033 1535 4082 o.
1553 4031 1664 4084 derideo·

347 4109 407 4158 dom
423 4112 457 4158 est
473 4109 539 4169 qood
555 4107 584 4158 E.
599 4132 626 4143 —
643 4106 666 4156 st
683 4117 735 4156 om.
754 4106 838 4156 ΗΡ.
852 4130 880 4141 -
899 4104 923 4154 6.
941 4103 1012 4166 hoo,
1029 4105 1070 4154 cui
1084 4108 1152 4156 vetat
1166 4103 1284 4155 assam
1300 4104 1454 4156 Turnehm:
1470 4105 1528 4156 haic
1544 4107 1586 4157 ersi
1600 4105 1663 4154 aaut

347 4183 511 4234 intercedendi
526 4183 574 4233 EF
583 4181 612 4244 3;
637 4183 677 4232 hie
692 4179 1041 4240 manutenementum
1058 4179 1111 4241 hic,
1130 4180 1173 4241 qot
1187 4185 1254 4230 odoi
1269 4181 1418 4231 madere
1434 4191 1495 4230 oum
1512 4181 1539 4231 Ρ.
1553 4178 1662 4233 uenatio

348 4258 381 4318 h;
406 4257 478 4319 haic,
496 4257 621 4319 φήνωσι
637 4255 786 4306 semesum
804 4255 832 4304 0.
858 4279 885 4290 -
911 4257 952 4305 tt.
970 4255 1035 4306 Sient
1055 4255 1111 4306 EF.
1135 4279 1163 4290 -
1191 4256 1232 4306 43.
1255 4255 1370 4318 asspicio
1390 4255 1538 4316 arcem
1565 4251 1663 4318 nantoil

347 4345 410 4382 cum
432 4331 475 4382 ed.
497 4330 589 4382 Aldine
606 4329 660 4382 Li.
686 4330 764 4396 (labet
779 4329 894 4393 auspicio
909 4344 931 4381 c.
944 4331 969 4381 d.
983 4343 1005 4380 c.
1020 4329 1125 4381 imm:
1141 4331 1313 4382 hilaratos
1328 4330 1447 4382 nonnil
1460 4327 1662 4390 Mommseniusl

349 4435 376 4446 -
396 4409 436 4458 l'l.
453 4407 582 4458 hahuertm
597 4407 626 4458 E.
647 4434 675 4445 -
693 4408 782 4458 casiri
798 4407 826 4457 E.
847 4431 874 4442 -
900 4407 939 4456 l8.
957 4405 1014 4467 ipso
1029 4405 1071 4455 leo
1086 4405 1120 4456 E:
1144 4405 1186 4456 lac
1200 4406 1257 4468 ipso
1273 4403 1414 4459 FALQO.
1429 4429 1457 4442 -
1476 4405 1516 4457 49.
1533 4405 1664 4458 conmorit!

346 4484 408 4535 tales
423 4483 763 4548 (indesideranter.
785 4481 941 4532 Emendavit
954 4481 1099 4544 Naugerius
1115 4481 1143 4532 in
1155 4481 1198 4532 ed.
1211 4481 1368 4532 Victoriana.
1383 4505 1412 4518 -
1429 4486 1526 4532 amos
1540 4495 1591 4533 esee
1605 4477 1660 4532 EF:

346 4572 397 4611 esee
412 4562 509 4608 omos
525 4555 600 4611 ant
611 4557 640 4608 0.
661 4583 688 4595 -
705 4557 747 4608 20.
762 4557 807 4622 Ti]
826 4561 843 4606 t.
862 4556 918 4607 EF.
931 4581 958 4591 -
977 4556 1018 4606 il.
1029 4556 1125 4619 sociam
1136 4561 1171 4606 est
1182 4569 1244 4608 nos:
1262 4556 1357 4619 factm
1366 4556 1398 4606 stt
1409 4557 1499 4606 oeterl.
1515 4579 1542 4592 -
1561 4556 1602 4608 26.
1614 4565 1663 4604 ceo·

347 4633 427 4700 tocie]
442 4632 553 4684 meotes
563 4632 717 4693 'turneham
735 4633 867 4683 memoriis
883 4631 1073 4695 Pantagathus;
1093 4632 1244 4684 oeatuucutis
1259 4631 1373 4682 Klotzius
1391 4631 1433 4683 ed.
1447 4629 1505 4694 alt.;
1522 4637 1605 4684 cetero
1619 4629 1661 4682 Us-

347 4711 405 4775 sing
430 4708 525 4774 (praet.
544 4719 571 4772 p.
589 4709 660 4772 Vi.);
686 4708 819 4760 emulsisti
835 4707 1038 4764 Mommsenius;
1062 4707 1194 4758 Corinthiis
1210 4706 1346 4758 Gebhardt
1361 4709 1403 4758 111.
1428 4719 1455 4772 p.
1473 4705 1488 4757 3
1505 4719 1565 4772 sqq.
1591 4707 1619 4757 C.
1636 4702 1659 4753 F.

347 4787 541 4844 hermannum,
569 4785 614 4848 qui
635 4784 759 4836 codicum
781 4782 924 4835 lectionem
947 4782 1115 4848 inscriptione
1137 4782 1254 4847 quadam
1276 4782 1420 4834 defendere
1442 4786 1552 4834 conatur
1575 4777 1660 4846 (Philol-

346 4860 497 4912 Scheddsw.
514 4859 557 4910 Vl.
574 4873 601 4925 p.
614 4861 694 4924 dih),
713 4874 765 4925 qua
782 4863 867 4925 impp.
879 4858 1032 4910 Valerianus
1050 4863 1077 4909 et
1093 4857 1224 4910 Gallienus
1241 4858 1342 4908 cohorti
1358 4859 1412 4908 Vll.
1430 4860 1563 4909 centurias
1579 4871 1594 4909 a
1610 4850 1659 4906 solo

348 4937 495 4988 restituisse
511 4934 647 4998 dicuntur,
666 4937 723 5001 ipsa
740 4935 821 4986 verba
839 4933 924 4985 asoto
941 4934 1038 4985 erroris
1055 4935 1176 4997 arguunt.
1191 4961 1219 4970 —
1237 4935 1278 4984 27.
1294 4934 1406 4998 potiores
1421 4935 1481 4984 Ant.
1493 4933 1658 4998 Augustinus:

347 5013 466 5062 tantm
481 5009 620 5063 EFALt.
648 5011 686 5063 Ct.
705 5012 730 5076 ἓ.
749 5011 789 5063 dl.
808 5011 849 5062 is.
861 5011 902 5062 33.
923 5035 951 5045 -
968 5007 1123 5072 dommum
1139 5009 1168 5059 E.
1186 5007 1325 5072 (nmmos,
1342 5009 1439 5059 uicem
1453 5009 1607 5073 daphim
1619 5003 1659 5053 eti·

346 5091 447 5150 potores
462 5085 671 5148 Mommsenius.)
690 5112 718 5123 -
735 5085 777 5136 29.
795 5085 909 5150 Quidue]
931 5085 992 5147 qaia
1008 5086 1034 5135 F.
1058 5109 1086 5119 —
1109 5083 1150 5136 30.
1168 5085 1277 5150 incipitis
1294 5085 1383 5135 valeia
1400 5085 1529 5148 potestatis
1544 5095 1604 5134 eum
1619 5075 1657 5128 ed.

349 5162 514 5230 llervagiana
524 5159 555 5223 t;
573 5161 683 5230 liutperto
696 5161 784 5214 vidctis
797 5162 887 5214 cem
893 5160 1022 5228 potemus
1031 5161 1060 5213 L.
1075 5185 1102 5196 -
1116 5159 1260 5224 3l.proeco
1270 5171 1324 5211 om.
1337 5159 1366 5212 Ε.
1380 5185 1408 5196 -
1421 5159 1462 5212 33.
1474 5159 1594 5224 tmmdcs
1607 5152 1657 5208 EF·
