3642 5868
270 365 333 436 2l8
644 365 686 428 IN
707 363 875 428 VERREM
895 361 1017 428 serlo
1040 358 1224 426 SECUNDA

355 539 485 620 Magno,
507 535 628 618 inquit,
648 533 796 598 decumas
812 532 954 599 vendidi.
966 567 1006 580 -
1019 532 1103 608 Quid
1119 533 1187 597 ais‘l
1209 551 1250 596 an
1264 537 1300 596 tu
1315 532 1482 609 deeumss,
1497 532 1603 598 bomo

270 633 480 698 audacissime
502 638 597 713 atque
619 629 850 702 amentissime,
873 627 1067 691 vendidisti?
1100 629 1148 691 Tu
1170 635 1276 712 partes
1297 627 1471 714 eas,(quas
1492 635 1524 691 te
1546 647 1605 690 se·

100 731 189 816 ΛΚ,
270 735 362 791 natus
383 724 587 808 populusque
608 725 769 786 Romanus
789 712 914 810 voli-riti
928 741 969 784 an
989 721 1112 785 fructus
1133 722 1273 805 integros
1296 728 1392 804 atque
1408 721 1489 785 adeo
1510 723 1604 786 bona

268 822 477 903 fortunasque
499 826 658 881 aratorum
674 837 783 906 omnes
797 815 995 879 vendidisti?
1028 816 1063 878 Si
1079 815 1185 900 palam
1199 835 1314 899 praeeo
1329 815 1420 879 iussu
1434 821 1491 878 tuo
1505 834 1604 899 prae-

246 916 408 979 sdicasset
429 933 493 975 non
515 912 663 975 decumas
678 901 846 984 frumenti,
868 909 925 972 sed
943 909 1091 973 dimidias
1105 910 1214 974 venire
1236 918 1353 993 partes,
1369 914 1402 972 et
1416 909 1460 972 ita
1474 916 1603 992 empto-

269 1029 320 1073 res
349 1007 569 1080 accessissent,
597 1013 634 1068 ut
661 1006 701 1069 ad
724 1004 870 1067 dimidias
897 1012 1004 1087 partes
1027 1003 1194 1080 emendas;
1222 1005 1250 1069 si
1272 1003 1372 1089 pluris
1394 1003 1601 1069 vendidisses

270 1113 304 1167 tu
327 1101 491 1174 dimidias,
514 1121 610 1184 quam
632 1100 729 1164 ceteri
744 1100 909 1162 decumas:
932 1098 1059 1161 cuinam
1073 1097 1188 1161 mirum
1202 1099 1386 1162 videretur?
1409 1097 1494 1174 Quid
1509 1117 1600 1174 vere,

270 1200 296 1262 si
318 1216 433 1280 praeco
457 1194 606 1258 decumas
627 1193 863 1278 pronuntiavit,
893 1214 927 1256 re
950 1212 1041 1266 vera,
1062 1191 1124 1254 hoc
1145 1200 1209 1266 est,
1236 1192 1322 1274 lege,
1344 1191 1464 1268 edicto,
1487 1192 1601 1256 eondi-

269 1292 361 1355 cione
388 1289 461 1372 plus
489 1289 583 1351 etiam
607 1308 702 1373 quam
725 1286 875 1349 dimidiae
897 1287 1083 1360 venierunt,
1110 1291 1215 1348 tamen
1237 1285 1299 1349 hoo
1320 1285 1377 1348 tibi
1399 1287 1598 1368 praeclarum

232 1401 259 1448 to
269 1385 411 1470 putabis,
442 1390 473 1446 te
495 1382 616 1464 pluris,
646 1381 732 1465 quod
761 1400 827 1443 non
854 1380 986 1456 licebat,
1017 1398 1113 1465 quam
1136 1389 1275 1455 ceteros,
1304 1379 1391 1464 quod
1414 1380 1597 1465 oportebat,

267 1479 475 1543 vendidisset
519 1471 570 1538 lt.
592 1475 694 1540 Pluris
718 1476 866 1538 decumas
888 1474 1075 1548 vendidisti,
1099 1493 1193 1557 quam
1216 1477 1322 1538 ceteri.
1337 1507 1378 1520 -
1402 1475 1525 1551 Quibus
1545 1495 1599 1539 re·

267 1574 327 1637 bus
348 1572 381 1636 id
403 1578 567 1634 assecutus
589 1573 646 1633 est
678 1569 885 1633 Innocentis?
922 1568 1058 1651 Adspice
1089 1567 1201 1630 aedem
1223 1568 1380 1633 Castoris:
1408 1570 1537 1645 deinde,
1567 1571 1598 1634 si

267 1668 382 1742 audes,
403 1664 453 1728 fao
475 1664 670 1729 mentionem
692 1663 903 1726 innocentiae.
941 1662 1133 1745 Diligential
1168 1663 1294 1726 Codicis
1315 1663 1428 1728 lituras
1450 1665 1496 1728 tui
1519 1685 1600 1728 con-

267 1762 419 1845 templare
441 1763 473 1824 in
497 1759 620 1822 Sthenii
642 1755 837 1820 Thermitani
864 1757 1012 1820 nomine:
1041 1755 1155 1820 deinde
1177 1757 1259 1820 aude
1281 1765 1312 1820 te
1335 1758 1440 1822 dicere
1462 1758 1600 1842 diligen·

229 1875 257 1920 ts
267 1864 340 1919 tem.
369 1854 526 1937 Ingenio?
550 1852 614 1929 Qui
631 1858 728 1914 testes
749 1850 944 1933 interrogare
965 1850 1071 1933 priore
1087 1851 1210 1914 actione
1225 1850 1366 1916 nolueris
1381 1859 1414 1914 et
1427 1854 1468 1918 iis
1482 1854 1600 1918 tacitus

99 1986 188 2090 sp„
267 1972 302 2014 os
326 1957 416 2012 tuum
437 1949 590 2032 praebere
612 1945 779 2019 malueris,
803 1965 899 2028 quam
921 1943 969 2007 vis
983 1939 1025 2042 (et
1046 1952 1076 2007 te
1099 1951 1131 2007 et
1152 1952 1304 2028 patronos
1319 1954 1392 2009 tuos
1412 1947 1598 2029 ingeniosos

125 2045 147 2096 Α

140 864 161 937 (i

1506 2024 1618 2048 st-

265 2037 474 2123 esseidicito.
515 2042 586 2117 Qua
615 2061 649 2103 re
672 2039 769 2122 igitur
790 2039 823 2101 id
845 2038 931 2123 quod
954 2039 1001 2102 ais
1023 2044 1188 2102 assecutus
1210 2041 1271 2102 esl
1303 2041 1420 2124 Magna
1441 2048 1489 2104 est
1510 2041 1598 2106 enim

264 2136 350 2211 laus,
373 2136 400 2198 si
422 2138 602 2219 superiores
625 2132 759 2198 oonsilio
783 2134 901 2207 vicisti,
925 2134 1155 2216 posterioribus
1172 2134 1353 2218 exemplum
1376 2141 1599 2219 etqueaueto·

264 2233 388 2295 ritatem
410 2230 579 2314 reliquisti.
623 2227 695 2290 Tibi
716 2227 850 2290 fortasse
873 2227 1009 2290 idoneus
1030 2228 1091 2291 fuit
1111 2247 1223 2304 nemo,
1245 2249 1342 2312 quem
1363 2229 1540 2294 imitarere:
1563 2239 1599 2296 at

116 2295 144 2402 (s
226 2334 295 2392 rote
329 2324 493 2399 videlieet,
526 2325 724 2411 inve-plorem
752 2341 856 2384 rerum
886 2321 1078 2404 optimarum
1104 2341 1140 2385 ao
1162 2323 1354 2407 principem,
1388 2323 1598 2389 imitabuntur

264 2439 385 2484 omues.
429 2413 480 2480 it.
503 2417 582 2493 Quis
606 2421 765 2481 aratoris
791 2422 937 2498 praetore
960 2415 1125 2478 decumam
1148 2416 1256 2479 dediti
1294 2419 1366 2499 quis
1389 2417 1490 2481 duas?
1522 2420 1596 2502 quis

263 2535 329 2577 non
351 2513 490 2576 maximo
513 2532 546 2574 se
569 2513 717 2574 affectum
738 2506 892 2573 beneficio
914 2509 1054 2592 putavit,
1076 2530 1148 2573 cum
1170 2511 1270 2574 tribus
1293 2511 1435 2575 decumis
1457 2532 1515 2595 pro
1530 2534 1596 2578 una

265 2609 504 2690 defungeretur,
532 2613 658 2689 praeter
684 2624 823 2688 paucos,
851 2606 907 2687 qui
929 2614 1060 2688 propter
1082 2606 1265 2668 societatem
1286 2605 1443 2670 furtorum
1466 2615 1595 2672 tuorum

263 2701 344 2764 nibil
375 2701 504 2764 omnino
535 2699 715 2764 deserenti
748 2700 845 2774 Vide,
875 2698 958 2762 inter
987 2700 1260 2781 importunitatem
1289 2708 1376 2763 tuam
1399 2710 1595 2786 senatusque

225 2795 436 2860 esbonitatem
464 2795 543 2878 quid
573 2793 709 2857 intersit.
755 2793 890 2856 Senatus
913 2813 985 2855 oum
1007 2793 1204 2877 temporibus
1231 2794 1277 2857 rei
1304 2795 1450 2876 publicae
1472 2795 1597 2878 cogitur

264 2897 300 2954 ut
323 2890 485 2964 decernat,
507 2895 544 2952 ut
565 2889 683 2951 alterae
706 2887 858 2950 decumae
882 2887 1064 2969 exigantur,
1087 2887 1131 2950 ita
1151 2886 1309 2962 decernit,
1330 2895 1366 2950 ut
1388 2907 1446 2971 pro
1469 2888 1519 2952 bis
1540 2890 1596 2952 de·

264 2984 366 3048 curnis
387 2983 523 3065 pecunia
546 2983 687 3046 solvatur
708 2980 903 3058 aratoribus;
925 2989 976 3054 ut,
999 3001 1063 3065 quo
1079 2980 1151 3064 plus
1167 2982 1316 3055 sumitur,
1340 3001 1436 3066 quam
1451 2981 1595 3058 debetur,

262 3076 295 3140 id
319 3077 397 3150 emi,
420 3097 485 3140 non
506 3077 625 3140 auferri
648 3083 785 3158 putetur.
823 3077 870 3138 Tu
894 3097 966 3139 cum
989 3081 1036 3138 tot
1051 3074 1200 3138 decumas
1215 3093 1280 3138 non
1295 3075 1595 3150 senatusconsulto,

263 3171 319 3234 sed
342 3170 433 3233 novis
456 3171 566 3233 edictis
589 3171 652 3233 tuis
675 3169 870 3252 nefariisque
893 3169 1048 3232 institutis
1064 3167 1208 3251 exigeres
1223 3177 1255 3232 et
1270 3169 1423 3252 eriperes,
1446 3189 1595 3252 magnum

224 3285 252 3330 so
263 3272 294 3328 te
315 3264 429 3328 fecisse
451 3265 617 3338 arbitrare,
641 3265 666 3327 si
690 3262 790 3347 pluris
805 3264 986 3326 vendideris
1002 3283 1097 3347 quarn
1116 3263 1152 3324 L.
1167 3263 1374 3339 Hortensius,
1397 3271 1489 3348 pater
1502 3265 1594 3329 istius

118 3346 147 3448 f
263 3358 302 3434 Q.
324 3359 502 3434 Hortensii,
526 3379 621 3444 quam
646 3359 701 3420 Cn.
717 3358 902 3440 Pompeius,
927 3378 1023 3442 quam
1040 3357 1073 3419 C.
1088 3356 1273 3431 Marcellus,
1297 3357 1353 3439 qui
1369 3357 1409 3420 ab
1424 3360 1593 3442 aequitate,

263 3453 303 3516 ab
331 3452 420 3534 lege,
454 3453 493 3515 ab
522 3453 678 3515 institutis
706 3471 772 3513 non
800 3453 1025 3515 recesserunt?
1069 3445 1147 3531 t3.(
1150 3451 1201 3512 An
1230 3451 1288 3513 tibi
1316 3452 1411 3516 unius
1442 3455 1517 3518 anni
1540 3463 1595 3519 aut

262 3548 384 3611 biennii
405 3547 486 3610 ratio
509 3547 570 3609 fuit
589 3546 752 3619 habenda,
776 3545 862 3609 salus
884 3545 1083 3628 provinciae,
1107 3543 1275 3607 commoda
1289 3545 1336 3608 rei
1358 3545 1593 3624 frumentariae,

103 3647 196 3786 ,β
263 3642 345 3705 ratio
367 3641 583 3724 reipublicae
606 3640 639 3702 in
661 3639 877 3723 posteritatem
899 3639 960 3734 fuit
973 3635 1307 3740 “negligendatlilum
1329 3659 1396 3702 rem
1417 3640 1463 3706 ita
1476 3641 1595 3706 consti·

328 3877 351 3925 t.
371 3875 410 3924 nis
426 3887 479 3924 orn.
497 3872 566 3936 Lgts
589 3872 666 3937 prob.
685 3871 796 3926 Halmio.
818 3901 845 3910 -
870 3873 894 3923 2.
912 3872 1043 3922 vendidisti
1055 3897 1091 3909 --
1103 3883 1219 3922 oronnae
1235 3873 1290 3922 cori
1307 3871 1331 3936 5.
1350 3872 1391 3924 tr.
1410 3885 1435 3922 v.
1456 3873 1495 3924 te.
1514 3873 1596 3926 babet

261 3952 292 4000 V.
313 3978 340 3986 —
360 3953 384 4002 Ξ.
403 3953 427 4001 5.
447 3951 471 4000 6.
486 3951 571 4012 portis
588 3950 617 3998 V.
639 3976 666 3985 -
689 3948 713 4000 l.
734 3950 813 4000 omnis
829 3950 860 4000 V.
881 3975 908 3985 —
933 3949 957 3999 Ἰ.
975 3962 1034 4010 cero
1052 3961 1105 4000 om.
1125 3948 1155 3998 V.
1175 3948 1244 4010 (quid
1261 3951 1302 4000 est
1318 3949 1345 3998 in
1362 3947 1414 3998 iloe
1432 3950 1544 4012 versus.)
1564 3974 1593 3985 -

262 4026 286 4076 8.
302 4038 378 4088 preco
395 4025 425 4074 V.
447 4053 473 4063 -
491 4023 677 4087 pronutiouiuit
693 4039 810 4075 reseram
826 4026 857 4074 V.
873 4051 900 4061 -
919 4025 1071 4074 condictione
1087 4021 1165 4086 ugit.
1186 4049 1212 4058 -
1232 4023 1257 4072 9.
1275 4027 1396 4073 venerunt
1411 4021 1490 4086 ugit.
1505 4051 1533 4061 ·-
1553 4026 1594 4075 lt.

262 4102 377 4150 decumas
402 4101 531 4150 vendidisti
548 4101 617 4163 Lgll
629 4116 652 4162 φ
676 4099 723 4162 tel.
743 4100 766 4164 5.
786 4099 826 4152 is.
846 4100 886 4150 90.
905 4101 988 4160 illi:
1012 4099 1111 4149 vendidi
1127 4099 1243 4148 meumes
1259 4099 1290 4160 V,
1310 4101 1354 4148 ott.
1373 4098 1402 4148 0.
1429 4097 1553 4150 Similiter
1568 4101 1594 4151 io

262 4173 318 4224 aliis
334 4173 424 4224 verbis
442 4173 577 4224 turbatum
595 4178 650 4232 est,
672 4189 697 4225 v.
718 4187 740 4224 c.
760 4175 882 4238 offendisti
899 4177 926 4224 et
943 4175 1032 4237 offendi
1050 4173 1073 4236 S.
1091 4172 1147 4225 tsi.
1164 4198 1191 4209 -
1211 4175 1251 4223 tt.
1270 4174 1434 4224 adsecutosV
1450 4177 1478 4226 ei
1494 4177 1533 4226 sie
1550 4175 1596 4225 de-

261 4251 362 4312 inceps.
385 4275 411 4285 -
432 4249 470 4298 43.
489 4250 568 4299 lituro
584 4249 721 4313 egaeas.
738 4273 764 4287 ·-
784 4251 829 4314 toi]
847 4255 875 4300 tu
891 4250 922 4298 V.
939 4275 965 4285 -
985 4249 1025 4302 ti.
1044 4251 1071 4298 io
1088 4262 1141 4298 orn.
1155 4250 1174 4299 B
1187 4249 1214 4299 et
1226 4250 1303 4313 lagg.
1316 4261 1410 4300 omnes
1427 4253 1536 4314 praeter
1552 4249 1593 4301 ii.

263 4351 291 4360 —
311 4324 395 4374 Stbeoi
411 4324 442 4373 V.
463 4349 490 4360 -·
509 4325 590 4374 dicere
606 4326 671 4374 oude
687 4330 710 4374 te
726 4325 757 4374 V.
773 4349 800 4360 -
822 4327 861 4374 ib.
881 4324 979 4374 testisV
997 4327 1023 4374 et
1040 4323 1118 4387 tgtt.
1135 4350 1161 4361 -·
1180 4324 1340 4387 interrepere
1355 4323 1468 4387 egitir:
1487 4326 1595 4376 interro-

260 4398 319 4461 pori
336 4401 382 4447 ott.
401 4398 430 4447 0.
445 4424 472 4432 —
491 4399 601 4450 uolueris
617 4399 648 4448 V.
663 4426 690 4436 -
710 4405 732 4449 et
749 4400 816 4459 isV;
835 4405 858 4449 et
874 4401 905 4448 iis
916 4425 952 4436 ··
963 4400 1083 4450 malueris
1099 4413 1152 4450 orn.
1171 4401 1191 4450 B
1210 4401 1236 4448 et
1252 4399 1329 4463 ugit.
1345 4426 1372 4436 -
1391 4401 1482 4450 tacitus
1493 4400 1594 4464 Lgttnt

260 4475 297 4522 V:
317 4474 421 4522 taciturn
432 4476 477 4524 ott.
491 4475 519 4524 0.
536 4499 562 4512 -
582 4475 622 4524 46.
635 4476 760 4537 quemvis
771 4476 849 4538 Lagg.
863 4487 971 4533 omnes,
991 4474 1121 4536 VAHrp:
1140 4475 1309 4537 quantumuis
1320 4474 1408 4525 BCO.
1425 4501 1452 4510 -
1471 4475 1511 4526 tl.
1530 4477 1595 4526 esim

261 4548 345 4606 est133
364 4548 430 4596 enim
447 4561 501 4598 om.
519 4549 555 4608 V;
582 4550 648 4599 enim
664 4550 721 4600 tous
737 4555 772 4600 est
788 4549 865 4610 egre.
886 4575 913 4586 ·-
935 4549 974 4599 ⁴9.
994 4551 1138 4612 quomitore
1154 4551 1184 4600 V.
1205 4575 1232 4586 -
1258 4564 1304 4611 oc,
1323 4557 1430 4612 uenat,
1449 4551 1595 4603 Haioan

260 4621 366 4672 videtur
383 4635 452 4672 esse.
468 4651 496 4660 —
514 4625 555 4674 tt.
575 4625 697 4674 oratorV
715 4628 742 4674 et
758 4624 837 4674 codd.
857 4624 925 4673 noti:
944 4629 1078 4673 oratorum
1094 4625 1122 4674 0.
1142 4651 1168 4660 -
1188 4625 1229 4674 it.
1248 4625 1373 4688 adfectum
1389 4626 1420 4674 V.
1436 4653 1462 4663 -
1482 4627 1522 4677 23.
1541 4631 1595 4676 luo·

260 4709 319 4745 rum
335 4707 389 4746 om.
406 4697 437 4746 V.
458 4725 485 4734 -
504 4699 544 4751 ti.
564 4701 657 4762 inport.
669 4699 700 4750 V.
716 4727 743 4736 -
762 4701 804 4750 so.
819 4713 869 4762 pro
885 4699 909 4748 b.
929 4699 952 4748 d.
969 4701 1078 4759 pecunia
1095 4698 1163 4762 egis
1175 4700 1209 4748 V:
1227 4713 1280 4761 pec.
1296 4713 1346 4762 pro
1362 4699 1386 4750 b.
1405 4701 1430 4751 d.
1449 4703 1494 4751 ctt.
1513 4701 1543 4752 0.
1563 4727 1591 4738 —

261 4771 302 4821 27.
326 4783 375 4831 quo
400 4772 574 4835 egresso:
603 4775 668 4837 quod
689 4775 769 4836 V,ett.
789 4775 817 4824 0.
839 4802 866 4810 —
890 4774 932 4823 28.
951 4773 977 4822 id
993 4776 1041 4824 emi
1057 4774 1126 4836 ch:
1152 4775 1218 4826 idem
1234 4775 1312 4827 codd.
1332 4774 1388 4826 rell.
1407 4780 1435 4828 et
1450 4775 1513 4827 edd.
1532 4779 1592 4826 anie

262 4845 354 4897 Lemb.
373 4849 504 4912 repetitt.;
523 4851 549 4899 id
566 4851 613 4901 oroi
629 4863 679 4899 noo
696 4863 749 4900 orn.
770 4848 848 4914 igit.
864 4875 891 4885 -
911 4851 1005 4898 decom.
1027 4851 1081 4913 (sic)
1093 4851 1124 4901 V.
1141 4879 1168 4890 -
1186 4865 1237 4901 seo.
1255 4851 1373 4902 corneliis
1388 4852 1450 4913 ΑΒ,
1469 4851 1547 4914 egle.
1563 4877 1590 4886 -

261 4922 302 4972 29.
321 4923 463 4986 asserisque
478 4924 509 4974 V.
535 4949 564 4960 -
591 4925 631 4974 ³0.
654 4923 781 4976 arbitrare
803 4924 919 4987 egisv:
949 4923 1109 4976 arbitrabare
1128 4926 1242 4989 Lgiiffl
1268 4925 1423 4978 arbitrabere
1444 4931 1490 4978 ctt.
1509 4929 1538 4977 0.
1562 4953 1589 4962 -

262 4999 302 5048 3⁴.
329 5000 456 5060 Hortensi,
483 5013 560 5060 quom
585 5001 629 5051 Cn.
655 5001 776 5064 Proprius
795 5002 827 5050 V.
854 5027 880 5036 -
909 5000 936 5052 C.
958 5001 1040 5050 llere.
1059 4999 1206 5063 Lgitvt:
1232 4998 1589 5054 rr.r1arc.eodd.rett0.

264 5098 290 5108 -
311 5073 350 5125 33.
375 5075 456 5126 bicooi
473 5075 503 5126 V.
528 5101 555 5112 -
581 5075 630 5140 suit
651 5075 764 5127 babendo
785 5075 854 5141 tgr:
866 5078 901 5127 V:
927 5077 985 5128 bob.
1005 5072 1055 5136 [siit
1077 5080 1122 5129 ctt.
1141 5079 1170 5130 0.
1190 5103 1219 5116 -
1238 5077 1279 5130 al.
1297 5075 1590 5142 superseminasset
