3578 5862
484 470 556 534 cn.
578 469 828 536 nxrv-nxv.
854 467 911 553 ss.
933 465 1121 534 tre-rar.
1429 467 1491 534 soe
1520 518 1525 530 .

161 639 266 704 mario
287 636 445 722 expilato,
466 639 602 723 pecuma
619 639 742 714 ablata,
764 659 829 704 non
844 641 930 704 omni
949 646 1151 723 recuperata,
1173 639 1287 706 occisis
1301 638 1493 714 horninibus,

160 733 341 798 institutam
363 751 433 798 esse
456 734 677 817 quaestionem
698 733 739 798 de
760 741 862 798 morte
884 733 1078 819 Oppianici?
1100 736 1151 798 cui
1166 734 1330 818 probatis?
1352 733 1493 820 quidest

161 827 252 909 quod
281 827 386 890 minus
408 828 474 890 veri
497 827 600 892 simile
622 827 763 911 proferre
789 829 963 912 pouistist
994 829 1131 903 Deinde,
1158 835 1195 892 ut
1216 829 1356 892 omittam
1378 836 1493 902 cetera,

161 921 304 985 triennio
326 928 400 1005 post
421 928 552 986 mortem
569 921 736 1005 Oppianici
758 923 798 986 de
816 923 884 986 eius
907 929 1008 986 morte
1023 922 1241 1006 quaerebatur.
1282 923 1383 1006 Atque
1399 923 1493 986 etiam

160 1014 295 1080 incensa
317 1014 391 1078 odio
413 1015 550 1097 pristino
567 1015 778 1080 Nicostratum
801 1015 938 1080 eundem
959 1015 1049 1079 illurn
1072 1024 1138 1080 turn
1154 1017 1223 1080 sine
1239 1035 1334 1080 causa
1347 1015 1381 1078 in
1396 1033 1518 1099 qnae-s

160 1107 301 1172 silonem
323 1109 506 1190 postulavit.
549 1107 744 1191 Oppianicus
766 1109 868 1192 primo
888 1110 1057 1174 recusavit.
1094 1111 1207 1174 Postea
1227 1129 1299 1174 cum
1321 1109 1375 1172 illa
1397 1109 1495 1174 abdu-

161 1208 286 1266 cturam
308 1222 342 1266 se
364 1201 479 1277 liliam,
501 1209 689 1266 mutaturam
711 1222 782 1266 esse
804 1209 1026 1267 testamentum
1055 1204 1245 1278 minaretur,
1274 1203 1399 1268 mulieri
1426 1225 1496 1268 crn-

161 1295 345 1360 delissimae
367 1316 491 1360 servum
513 1295 733 1360 fidelissimum
754 1317 819 1362 non
841 1298 874 1360 in
896 1297 1116 1381 quaestionem
1144 1297 1235 1373 tulit,
1263 1296 1319 1361 sed
1340 1297 1433 1379 plane
1455 1299 1495 1362 ad

162 1389 358 1472 supplicium
390 1388 521 1452 dedidit.
572 1389 667 1452 LXV.
690 1384 762 1452 ian.
787 1392 862 1454 Post
891 1391 1062 1454 triennium
1090 1391 1185 1473 igitur
1214 1392 1331 1474 agitata
1356 1391 1496 1477 denique

162 1481 311 1566 quaestio
334 1481 375 1547 de
395 1483 456 1547 viri
477 1491 579 1547 morte
599 1482 783 1558 habebatur,
805 1493 837 1548 et
860 1482 899 1548 de
921 1484 1038 1567 quibus
1059 1485 1158 1548 servis
1180 1484 1376 1550 habebatur?
1398 1487 1533 1560 Novaro

163 1575 277 1651 credo,
305 1596 356 1640 res
386 1577 526 1652 obiecta,
554 1577 629 1640 novi
658 1577 788 1661 quidam
815 1577 960 1642 homines
988 1577 1021 1640 in
1052 1578 1268 1661 suspicionem
1289 1581 1392 1644 vocati
1414 1589 1496 1644 sunt.

162 1670 212 1732 De
234 1670 379 1734 Stratone
408 1678 441 1735 et
462 1669 502 1734 de
532 1672 722 1734 Nicostrato.
757 1670 863 1746 Quid‘i
893 1673 1012 1734 Romae
1034 1673 1216 1754 quaesitum
1237 1671 1277 1735 de
1303 1673 1373 1737 istis
1395 1672 1497 1738 bomi-

163 1763 261 1826 nibus
282 1783 347 1828 non
370 1767 465 1829 erati
496 1765 585 1830 Itane
612 1764 739 1829 tandem
767 1765 881 1828 mulier
902 1766 966 1829 iam
988 1784 1056 1838 non¹
1074 1765 1206 1840 morbo,
1230 1764 1286 1828 sed
1308 1767 1427 1830 scelere
1449 1767 1497 1830 tu-

164 1856 269 1932 riosa,
292 1877 363 1922 curn
386 1859 605 1942 quaestionem
627 1858 794 1922 habuisses
815 1860 953 1934 Romae,
975 1879 1047 1924 cum
1069 1860 1109 1924 de
1133 1861 1169 1924 Τ.
1186 1859 1298 1936 Annii,
1319 1861 1355 1923 L.
1377 1863 1498 1935 Rutilii,

164 1951 200 2013 P.
229 1951 365 2026 Saturii,
399 1957 576 2016 ceterorum
608 1951 907 2016 honestissimorum
936 1953 1076 2018 virorum
1105 1955 1262 2018 sententia
1292 1955 1537 2019 constitutumve

166 2051 267 2119 esset,
290 2045 365 2110 satis
387 2047 567 2129 quaesitum
589 2046 710 2122 videri,
736 2048 847 2112 eadem
869 2046 909 2112 de
930 2067 966 2110 re
988 2047 1126 2112 triennio
1148 2055 1236 2130 post,
1257 2047 1420 2112 isdemde
1440 2049 1499 2114 bo-

166 2139 323 2216 minibus,
345 2139 435 2203 nullo
457 2139 601 2204 adhibito
625 2160 690 2206 non
713 2141 817 2206 dicam
839 2143 925 2215 viro,
947 2161 988 2204 ne
1003 2142 1150 2205 colonum
1163 2139 1246 2208 torte
1259 2141 1400 2206 adlisissa
1413 2141 1499 2206 dica-

165 2234 226 2309 tis,
247 2233 304 2298 sed
326 2234 411 2298 bono
432 2234 518 2308 ruo,
541 2233 576 2297 in
597 2234 656 2298 lilii
678 2244 774 2318 caput
794 2237 1014 2320 quaestionem
1028 2234 1146 2300 babere
1161 2243 1273 2302 conata
1286 2255 1331 2300 es.
1363 2230 1435 2300 l83.
1450 2237 1498 2300 An

165 2327 227 2392 boa
249 2329 419 2392 dicitis-
432 2327 510 2392 mibi
533 2329 618 2392 enim
640 2331 782 2394 venitin
805 2335 960 2404 mentem,
982 2329 1061 2412 quid
1084 2330 1149 2394 dici
1166 2329 1284 2412 possit,
1306 2331 1429 2396 tametsi
1444 2330 1500 2394 ad·

165 2421 229 2487 huc
243 2442 308 2486 non
323 2442 393 2486 esse
409 2421 606 2488 hecdicium
621 2431 810 2488 mementote
825 2457 877 2500 -,
899 2445 971 2490 cum
993 2422 1164 2488 haberetur
1185 2422 1225 2490 de
1245 2423 1329 2489 firrto
1345 2425 1538 2510 quaestio,ao

166 2517 347 2582 Stratonem
367 2515 491 2601 aliquid
513 2517 552 2580 de
573 2537 697 2584 veneno
719 2538 790 2583 esse
812 2518 1015 2583 contessum?
1048 2516 1119 2582 lloa
1139 2536 1206 2584 uno
1228 2517 1344 2595 niodo,
1366 2517 1500 2599 iudices,

166 2629 262 2694 saepe
284 2610 455 2676 muliorum
480 2612 683 2696 improbitate
706 2612 856 2696 depressa
878 2614 993 2678 veritas
1014 2612 1147 2694 emergit
1166 2619 1199 2676 et
1223 2613 1424 2679 innocentiae
1445 2613 1500 2677 de-

167 2705 270 2770 fensio
292 2704 467 2770 interclusa
488 2707 640 2788 respirat,
663 2706 751 2790 quod
774 2713 830 2772 aut
850 2706 888 2781 ii,
910 2707 967 2790 qai
983 2705 1024 2770 ad
1036 2705 1183 2772 fraudem
1197 2707 1305 2778 callidi
1321 2715 1411 2784 sunt,
1434 2728 1499 2771 non

167 2804 289 2864 unum
312 2798 448 2874 audent,
471 2807 624 2884 quantum
647 2800 845 2883 excogitant,
867 2809 923 2864 aut
942 2800 985 2875 ii,
1007 2821 1144 2884 quorum
1168 2800 1286 2866 eminet
1302 2801 1436 2866 audacia
1450 2809 1501 2866 at·

167 2911 230 2976 que
251 2893 391 2976 proiecta
412 2900 480 2968 ast,
502 2913 521 2956 a
542 2892 684 2957 consiliis
705 2893 846 2958 malitiae
869 2893 1068 2957 deseruntur.
1105 2893 1200 2971 Quod
1222 2895 1248 2958 si
1269 2903 1324 2964 aut
1338 2892 1536 2961 confidentes

167 2988 281 3052 astutia
301 2993 357 3050 aut
378 2985 492 3052 callida
514 2995 597 3052 esset
619 2987 767 3062 audacia,
789 2987 846 3050 rix
867 2987 933 3050 ullo
956 2987 996 3052 iis
1012 2988 1124 3055 obsisti
1138 2987 1367 3071 modoposset.
1389 2990 1498 3056 Utrum

167 3079 286 3144 lurtum
307 3079 425 3146 factum
447 3100 511 3144 non
534 3084 607 3144 esti
635 3082 676 3144 At
697 3080 778 3145 nibil
799 3080 915 3145 alarius
935 3081 1045 3144 Larini
1068 3076 1162 3165 [tuiti
1192 3083 1241 3146 An
1263 3081 1304 3150 ad
1319 3083 1498 3152 Stratonem

168 3174 307 3257 suspicio
328 3193 393 3239 non
414 3173 592 3256 pertinuit?
626 3174 668 3236 At
687 3173 714 3236 is
737 3181 769 3236 et
791 3193 833 3238 ex
854 3172 976 3236 serrula
996 3174 1197 3241 insimulatus
1220 3182 1285 3240 ata
1307 3195 1408 3259 puero
1422 3197 1499 3240 con-

168 3268 236 3332 scio
259 3274 307 3332 est
327 3266 496 3334 indicatus.
529 3268 578 3330 bn
601 3266 633 3330 id
656 3271 761 3332 aetum
782 3286 846 3330 non
870 3267 973 3338 estin
990 3267 1200 3350 quaerendo?
1223 3269 1314 3346 Quae
1327 3269 1389 3336 luit
1402 3270 1500 3353 igitur
1598 3248 1621 3339 d

168 3360 230 3426 alia
258 3379 354 3424 caasa
386 3359 583 3446 quaerendi?
616 3361 667 3424 An
699 3359 746 3434 id,
777 3359 863 3445 quod
892 3359 983 3429 vobis
1006 3359 1176 3428 dicendum
1198 3357 1301 3430 est'at
1321 3365 1409 3448 quod
1432 3373 1538 3430 tumeo

170 3453 276 3522 saraia
302 3453 476 3529 dictitavit,
506 3473 579 3516 oum
608 3453 648 3518 de
677 3452 762 3518 barto
793 3461 1015 3536 quaereretur,
1044 3461 1110 3523 bara
1133 3455 1313 3522 Sbatonern
1335 3456 1437 3522 isdem
1465 3459 1499 3522 in

171 3547 336 3614 tormentis
365 3545 485 3614 dixisse
516 3546 555 3611 de
577 3551 724 3612 veneno‘l
768 3542 841 3610 tet.
866 3548 915 3612 En
936 3546 999 3612 boc
1019 3547 1098 3612 illud
1122 3557 1186 3624 eat,
1209 3548 1295 3633 prod
1317 3557 1389 3621 anta
1412 3551 1498 3616 dixi:

171 3640 282 3704 mulier
302 3639 441 3704 abundat
461 3640 610 3716 audacia,
632 3642 766 3706 consilio
788 3649 821 3706 et
841 3642 964 3708 ratione
976 3637 1130 3707 deficitur.
1160 3645 1238 3710 Nam
1251 3643 1387 3710 tabellae
1401 3664 1500 3728 quae·

171 3733 283 3805 ationis
297 3733 405 3820 plures
419 3733 632 3817 proteruntur,
647 3755 730 3819 quae
746 3738 894 3804 recitatae
909 3735 1064 3820 vobisque
1083 3735 1186 3800 editae
1202 3743 1294 3814 sunt,
1311 3737 1386 3801 illae
1400 3737 1501 3821 ipsae,

171 3847 249 3912 quaa
270 3835 337 3897 ain
358 3827 539 3912 Manius
560 3850 630 3896 esse
653 3828 749 3904 dixit,
771 3832 805 3894 in
827 3831 944 3914 quiana
967 3828 1092 3896 tabellis
1115 3829 1263 3898 deiurio
1284 3830 1373 3896 nulla
1394 3830 1539 3900 littereas

235 4053 529 4117 t.mi1›aratasr.-
547 4050 696 4116 decedam]
713 4054 840 4104 armt-
858 4055 1058 4105 latomiis.-
1077 4055 1322 4117 dpocuacaeoL:
1339 4061 1503 4120 modernam

172 4125 289 4186 isit).
309 4127 348 4185 ci.
364 4128 389 4193 fl.
399 4127 440 4180 dd.
454 4128 495 4178 ii.
506 4127 563 4178 tas.
581 4127 657 4179 verr.
670 4128 713 4180 iii.
727 4127 800 4191 §.dt
821 4129 943 4182 lianedre
954 4129 989 4180 ad
1001 4141 1041 4180 or.
1054 4130 1232 4195 Pompeianae
1250 4129 1275 4193 fi.
1289 4130 1314 4181 9.
1334 4157 1361 4168 -
1380 4131 1404 4184 8.
1417 4134 1503 4184 videdit

171 4203 371 4262 tlaranisenius.
385 4228 413 4239 —
432 4201 457 4254 9.
470 4203 562 4254 dedidit
578 4202 723 4256 Arusianus
741 4204 775 4266 lv.
792 4205 863 4259 Dedo
879 4205 914 4259 ad
928 4203 997 4268 bocl:
1016 4204 1082 4263 dedit
1098 4203 1176 4258 codd.
1194 4206 1221 4256 et
1237 4203 1299 4256 edd.
1318 4203 1400 4258 Tullii.
1416 4231 1443 4243 -·
1463 4209 1504 4260 da·
1614 4244 1618 4252 .

171 4277 253 4344 dave]
270 4277 349 4332 danao
366 4275 531 4330 Halmius·
552 4275 591 4328 td.
610 4277 642 4340 vt]
660 4282 687 4328 at
703 4278 769 4329 Ι..-
789 4280 830 4330 44.
848 4281 921 4331 mado
938 4293 992 4331 om.
1005 4281 1072 4330 T.-
1090 4278 1130 4331 44.
1143 4279 1362 4331 ὴαὺιιίεεεεδΤΑε
1381 4281 1505 4333 bababaet

173 4351 415 4411 attia-tm.
429 4353 516 4405 St·-
530 4351 672 4404 tesana·
687 4353 718 4412 S;
737 4353 847 4404 &aaut
864 4354 924 4403 L.-
941 4355 1178 4407 mucosus:
1200 4359 1223 4406 ct
1238 4353 1502 4412 commeato,
1537 4401 1538 4404 ,

173 4428 447 4493 -i'i.ctaiarel..-
466 4427 620 4480 i8.ctST:
639 4426 908 4483 asinatae·
926 4429 967 4480 re.
984 4430 1175 4492 pocactiii—
1194 4430 1334 4496 advelat
1350 4432 1395 4485 bac
1413 4433 1454 4496 lex
1470 4433 1505 4482 aa

172 4503 323 4568 seian-
341 4504 383 4556 20.
400 4517 452 4558 acm
468 4504 524 4554 ST:
542 4507 603 4554 aar
619 4500 831 4557 iustio-
849 4503 895 4554 ivo
911 4503 942 4554 S:
960 4516 1014 4556 om.
1028 4505 1119 4558 ceteri.
1135 4531 1162 4542 -
1180 4504 1370 4558 mouet:
1390 4507 1504 4558 omni.

173 4576 229 4634 40.
256 4578 296 4635 ts.
314 4579 475 4643 Madvigium
490 4578 602 4642 Appetd.
620 4577 683 4641 disp.
701 4577 732 4628 da
746 4571 853 4630 Aacooio'
867 4591 894 4643 p.
907 4578 939 4630 ti
951 4591 992 4643 so.
1009 4605 1035 4618 ·-
1054 4579 1095 4630 23.
1112 4578 1140 4644 ii]
1157 4579 1183 4630 ii
1200 4580 1310 4632 STFA.
1326 4607 1352 4618 -
1372 4580 1414 4646 od]
1432 4580 1460 4630 ia
1477 4581 1503 4630 S.

175 4679 201 4690 -
219 4653 398 4720 ai.it]ats;
417 4652 566 4710 444440.-
584 4654 625 4704 26.
644 4654 751 4704 tirsi:
770 4667 823 4705 orn.
842 4653 986 4709 lisbio.
1006 4680 1032 4690 -
1058 4655 1331 4718 Umativaramst.
1350 4683 1378 4693 -
1398 4656 1506 4720 itriait

174 4739 226 4782 om.
245 4729 344 4780 St·
362 4727 695 4794 ae.mata1ceaas.-
713 4727 996 4792 idiotaratiast:
1015 4729 1389 4795 bumiliatio-
1407 4732 1507 4782 eodo

174 4802 431 4857 bicdiccadtaast':
450 4803 658 4856 &moabia
674 4801 849 4858 ansteo.
870 4827 897 4840 —
916 4803 958 4856 34.
976 4805 1098 4860 dictitavit
1114 4806 1266 4858 STFMA:
1284 4803 1505 4860 adamitae

176 4903 203 4914 -
216 4878 386 4940 vacanti.
401 4903 429 4916 -·
447 4877 743 4932 samum-aaziae
760 4878 1187 4943 lataonieceraiscbitniualST:
1205 4878 1415 4932 saao--aiatt
1431 4880 1507 4930 list.

175 4949 231 5006 i0.
244 4975 273 4990 ··
291 4952 332 5007 ti.
348 4950 469 5018 delitam
484 4953 540 5004 ST.
554 4978 583 4991 -
596 4951 637 5004 3³.
649 4951 740 5004 audie
751 4953 793 5006 ab.
806 4953 1077 5009 audaciaPrisoianna
1088 4955 1177 5010 iiv111.
1188 4955 1214 5016 2,
1227 4955 1267 5006 ta.
1286 4954 1430 5008 manua
1441 4954 1509 5004 lies·

176 5029 230 5082 sius
246 5043 275 5096 p.
292 5030 351 5090 209.
370 5029 413 5082 ed.
429 5029 552 5084 tudem.
573 5057 601 5070 -
622 5029 725 5082 mado
740 5030 775 5089 T;
799 5027 932 5082 masam
952 5031 1079 5085 Prisciani
1096 5029 1227 5082 aditiones
1251 5028 1309 5092 (sed
1325 5029 1383 5082 eius
1399 5025 1508 5078 codices

172 5103 276 5168 didimi.
300 5104 370 5160 iifflt
385 5105 542 5172 musianus.
559 5105 689 5171 Midil-
710 5133 738 5146 ··
764 5105 1010 5170 aerumnas.
1030 5103 1354 5169 -aoblaaaaasl'iida.
1377 5129 1404 5140 -
1429 5100 1507 5168 ipsae]

176 5177 239 5234 ittae
254 5179 310 5234 ST.
329 5204 359 5217 -
376 5177 418 5234 dd.
436 5180 494 5234 dici
508 5178 566 5238 it.
586 5203 614 5222 ··
632 5181 669 5248 tn]
685 5181 717 5239 dc
733 5180 792 5233 sni.
812 5207 840 5222 -
858 5179 930 5236 aalta
943 5180 1106 5236 mast:
1124 5181 1209 5234 44444444
1223 5176 1442 5234 maante.
