3642 5868
503 429 632 495 Lan'lI.
664 429 737 494 Car.
760 425 1043 493 valss-Lxx.
1075 423 1108 508 5.
1131 418 1320 488 463-469.
1514 413 1578 482 447

252 605 431 684 togatorum
454 601 538 663 enim
561 618 656 664 causa
678 598 776 662 multa
796 597 888 662 ieci.»
904 568 965 667 (At
985 595 1171 686 biquidem
1193 593 1337 658 acerrimi
1352 591 1579 656 inimicissimi·
1646 595 1732 674 ‚ego

253 715 316 779 que
338 694 442 778 sunt.)
468 693 636 756 clnimiccs
658 692 760 756 babeo
782 692 866 756 cives
885 692 1060 765 Romanos,
1083 689 1170 773 quod
1185 688 1345 752 sociorum
1360 685 1528 749 commoda
1542 703 1579 748 ac

252 789 323 852 iura
343 787 502 852 defendi.»
539 788 580 849 At
602 786 681 850 sccii
703 787 737 849 in
758 785 898 848 huetium
920 803 1054 847 numero
1077 803 1147 846 sese
1170 783 1224 846 abs
1245 789 1278 844 te
1298 780 1424 844 habitos
1440 799 1580 866 querun-

253 888 313 944 tur.
360 883 526 945 cdratorcs
548 881 668 943 inimici
690 887 764 944 sunt
784 886 917 963 propter
931 878 1108 940 decumas.»
1144 875 1253 952 Quid?
1277 875 1332 959 qui
1353 894 1447 957 agros
1466 876 1581 938 immu-

253 995 310 1039 nes
331 975 515 1061 liberosque
538 983 644 1050 arant,
666 995 723 1038 cur
743 974 901 1037 oderunt?
931 992 988 1035 cur
1008 971 1176 1035 Halesini‘l
1198 990 1255 1034 cur
1277 967 1502 1054 Centuripini?
1524 979 1604 1030 curt

255 1070 442 1152 Segestani?
476 1089 533 1132 cur
559 1068 789 1152 Halicyenses?
823 1066 910 1150 quod
939 1085 1039 1148 genus
1066 1065 1248 1158 bominum,
1277 1085 1372 1148 quem
1403 1082 1582 1152 numerum,

255 1182 351 1246 6666]
374 1165 517 1227 ordinem
539 1162 682 1246 prolerre
704 1161 824 1244 possis,
848 1161 903 1244 qui
926 1167 957 1222 te
980 1178 1045 1222 non
1067 1157 1188 1233 oderit,
1211 1159 1277 1223 sive
1292 1160 1408 1223 civium
1422 1160 1582 1222 Romano-

253 1277 323 1320 rum
346 1256 413 1320 sive
437 1257 641 1320 Siculorum‘t
669 1263 720 1330 ut,
750 1255 845 1318 etiam
868 1255 894 1318 si
917 1273 1044 1327 causas,
1067 1259 1176 1317 curte
1199 1253 1341 1329 oderint,
1363 1274 1428 1317 nou
1451 1273 1581 1337 possum

254 1351 376 1426 dicere,
406 1359 511 1416 tamen
540 1352 621 1415 illud
651 1351 819 1414 dicendum
848 1356 975 1432 putem,
1004 1367 1101 1432 quem
1130 1367 1241 1411 omnes
1269 1349 1417 1413 mortales
1440 1348 1581 1421 oderint,

255 1464 328 1508 eum
354 1445 446 1509 vobis
478 1465 609 1530 quoque
635 1446 710 1508 odio
736 1465 806 1508 esse
834 1451 992 1526 oportere.
1036 1438 1107 1506 467.
1136 1444 1185 1506 dn
1216 1442 1279 1506 hoc
1308 1444 1411 1506 dicere
1434 1443 1619 1517 audebis,⁴⁰

254 1545 362 1602 utrum
385 1540 424 1603 de
448 1545 479 1604 te
501 1547 660 1615 aratores,
681 1547 788 1602 utrum
810 1538 950 1622 deniqne
966 1537 1065 1601 Siculi
1079 1538 1221 1601 universi
1236 1538 1317 1601 bene
1334 1538 1515 1601 existiment
1529 1544 1585 1600 aut

255 1653 320 1716 quo
342 1635 438 1698 modu
461 1636 660 1709 existiment,
689 1634 730 1697 ad
751 1652 819 1696 rem
840 1631 873 1695 id
896 1651 961 1695 uon
982 1632 1165 1714 pertinere?
1200 1632 1312 1714 Neque
1340 1637 1375 1693 tu
1396 1631 1457 1694 boc
1479 1631 1583 1694 dicere

255 1728 404 1803 audebis,
426 1750 499 1803 nec,
522 1729 549 1792 si
565 1729 692 1812 cupias,
714 1727 832 1791 licebit
867 1726 1016 1809 Eripiunt
1037 1725 1121 1788 enim
1137 1724 1195 1788 tibi
1210 1726 1303 1788 istam
1318 1725 1493 1790 orationem
1509 1745 1585 1788 con·

257 1821 500 1885 temnendorum
532 1822 711 1886 Siculorum
741 1830 837 1905 atque
868 1829 1028 1885 aratorum
1052 1827 1174 1883 statuae
1195 1820 1269 1883 illae
1292 1827 1473 1902 equestres,
1505 1839 1585 1904 quas

258 1922 292 1978 tu
321 1915 419 1999 paulo
448 1925 537 1993 autc,
570 1939 666 2002 quam
688 1916 728 1980 ad
750 1917 861 1979 urbem
882 1917 1023 1990 uenires,
1056 1916 1133 1999 poni
1163 1914 1358 1999 inscribique
1379 1915 1517 1991 iussisti,
1550 1919 1623 1977 ut⁴⁵

258 2010 401 2073 omnium
423 2011 606 2095 iniquorum
627 2020 753 2077 tuorum
775 2012 898 2074 animus
920 2017 1206 2094 accusatorumque
1220 2009 1371 2072 tardares.
1411 2004 1483 2070 468.
1506 2008 1587 2084 Quis

259 2102 345 2166 enim
366 2103 424 2167 tibi
446 2105 600 2169 molestus
623 2113 707 2169 esset
728 2113 784 2168 aut
805 2105 878 2188 quis
900 2103 1061 2188 appellare
1085 2111 1116 2167 te
1132 2105 1278 2178 auderet,
1302 2123 1374 2166 cum
1390 2104 1511 2169 videret
1525 2112 1588 2167 sta·

259 2205 328 2260 tuas
350 2199 391 2261 ab
413 2201 680 2281 negotiatoribus,
703 2199 742 2262 ab
758 2200 952 2274 aratoribus,
975 2199 1167 2262 acommuni
1184 2199 1312 2261 Siciliae
1327 2199 1470 2279 positast
1493 2196 1588 2273 Quod

260 2298 310 2354 est
330 2291 417 2355 aliud
438 2293 472 2355 in
499 2293 554 2356 illa
580 2293 746 2377 provincia
767 2313 867 2376 genus
888 2294 1077 2364 bominum?
1099 2291 1239 2355 Nullum.
1271 2292 1356 2375 Ergo
1378 2293 1417 2355 ab
1439 2292 1590 2356 universa

260 2387 428 2467 provincia
450 2387 690 2471 generatimque
712 2407 730 2450 a
753 2386 887 2469 singulis
911 2388 980 2450 eius
993 2385 1138 2469 partibus
1152 2404 1219 2448 non
1233 2386 1337 2449 solum
1352 2385 1510 2469 diligitur,
1532 2382 1626 2447 sedao

261 2481 355 2543 etiam
384 2487 523 2543 ornatur.
569 2480 651 2557 Quis
677 2481 763 2544 bunc
791 2481 945 2564 attingere
972 2481 1113 2543 audeat?
1146 2481 1239 2544 Potes
1261 2480 1361 2564 ig'tur
1381 2479 1486 2544 dicere
1507 2479 1589 2542 nibil

260 2573 318 2636 tibi
342 2574 455 2638 obesse
469 2580 618 2658 oportere
632 2582 807 2650 aratorum,
829 2575 1062 2657 negotiatorum
1084 2574 1330 2657 Siculorumque
1346 2576 1487 2638 omnium
1502 2575 1590 2638 testi-

260 2667 382 2743 monia,
405 2688 477 2731 cum
499 2688 608 2732 eorum
631 2668 814 2732 nominibus
829 2669 863 2731 in
878 2675 1053 2731 statuarum
1068 2669 1284 2754 inscriptione,
1291 2670 1446 2752 oppositis
1463 2688 1590 2732 omnem

260 2766 291 2823 te
320 2763 458 2846 speraris
487 2763 641 2826 invidiam
663 2771 759 2845 atque
780 2763 941 2826 infamiam
963 2770 1049 2826 tuam
1071 2783 1166 2847 posse
1188 2764 1417 2846 exstingueret
1446 2783 1487 2826 an
1510 2782 1591 2846 quo·

259 2875 329 2918 rum
351 2857 540 2920 auctoritate
561 2864 597 2919 tu
618 2863 740 2921 statuas
762 2857 968 2920 cohonestare
990 2865 1061 2921 tuas
1084 2867 1217 2922 conatus
1239 2879 1291 2934 es,
1321 2877 1433 2922 eorum
1461 2876 1520 2940 ego
1544 2857 1591 2919 di·
1599 2867 1628 2915 2⁵

260 2951 379 3033 gnitate
401 2952 637 3015 accusationem
660 2971 763 3015 meam
785 2951 993 3034 comprobare
1015 2971 1081 3016 non
1102 2954 1241 3035 poteret

346 3039 418 3108 469.
439 3046 507 3108 Nisi
529 3045 627 3120 forte,
649 3046 736 3130 quod
758 3046 842 3131 apud
864 3045 1049 3129 publicanos
1071 3049 1228 3129 gratiosus
1241 3045 1347 3122 fuisti,
1369 3048 1403 3111 in
1418 3067 1456 3110 ea
1470 3067 1503 3110 re
1519 3064 1591 3130 spes

261 3144 292 3202 te
313 3137 423 3222 aliqua
444 3139 635 3203 consolatur.
667 3140 758 3216 Quae
781 3141 882 3224 gratia
902 3141 1037 3222 nequid
1059 3142 1117 3204 tibi
1136 3140 1288 3224 prodesse
1301 3149 1425 3225 posset,
1449 3159 1507 3222 ego
1522 3157 1593 3201 mea

262 3231 426 3314 diligentia
452 3233 591 3317 perfeci:
619 3241 656 3298 ut
685 3237 780 3299 etiarn
816 3235 928 3298 obesse
958 3235 1102 3310 deberet,
1135 3243 1170 3298 tu
1197 3243 1252 3299 tua
1282 3235 1437 3318 sapientia
1465 3232 1592 3295 curasti.

261 3325 387 3390 Etenim
407 3345 476 3390 reru
497 3334 611 3402 totam,
634 3327 772 3404 iudices,
792 3329 933 3392 breviter
955 3331 1145 3412 cognoscite.
1188 3329 1286 3391 Lxx.
1308 3329 1346 3391 ln
1368 3329 1522 3413 scriptura
1544 3326 1630 3389 Si-ao

262 3419 354 3484 ciliae
376 3442 433 3505 pro
455 3422 604 3504 magistro
627 3431 677 3486 cst
698 3423 826 3507 quidam
847 3424 882 3486 L.
906 3424 1121 3507 Carpinatius,
1145 3424 1198 3507 qui
1221 3428 1253 3486 et
1267 3423 1316 3486 sui
1332 3428 1482 3506 quaestus
1497 3439 1594 3484 causa
1679 3475 1682 3484 ,

262 3520 295 3576 64
314 3513 449 3578 fortasse
471 3515 557 3598 quod
578 3517 736 3580 sociorum
758 3518 911 3580 interesse
934 3517 1159 3592 arbitrabatur,
1188 3517 1270 3580 bene
1296 3518 1424 3600 penitus
1445 3517 1480 3579 in
1500 3515 1593 3578 istius

260 3607 507 3674 familiaritatem
529 3631 601 3675 sese
623 3611 721 3675 dedit.
756 3612 787 3674 Is
809 3631 880 3674 cum
901 3618 1080 3696 praetorem
1102 3613 1220 3674 circum
1242 3612 1350 3674 omnia
1368 3610 1438 3674 fora
1459 3615 1594 3673 sectare·

262 3708 315 3766 tur
335 3723 442 3788 neque
463 3705 503 3768 ab
518 3723 557 3769 eo
572 3724 723 3788 umquam
746 3705 940 3780 discederet,
964 3707 998 3770 in
1021 3725 1090 3769 eam
1112 3707 1175 3770 iam
1195 3710 1328 3770 venerat
1347 3704 1593 3770 familiaritatem

331 4017 356 4066 4.
372 4013 454 4078 acac
471 4015 557 4067 Ats'V.
579 4042 606 4053 -
630 4015 654 4066 4.
673 4015 712 4078 Al]
731 4015 812 4066 ch.
833 4043 861 4054 -
882 4014 1035 4080 scschit:
1062 4029 1115 4066 om.
1134 4015 1246 4078 Lgt9A;
1271 4014 1401 4064 scotto.
1429 4012 1553 4076 (amurca
1570 4026 1595 4063 sc

264 4091 305 4154 Vt
324 4119 353 4129 -
370 4091 395 4143 8.
414 4102 506 4141 666464
522 4089 637 4152 lgltv:
656 4103 762 4140 causam
778 4091 822 4140 ctt
832 4092 860 4141 0.
876 4117 904 4128 -
918 4104 1021 4154 poscam
1037 4089 1083 4142 lV
1101 4091 1172 4155 [nam
1183 4088 1320 4154 Zumptlus
1336 4085 1500 4139 hauddubie
1513 4090 1594 4150 errat,

265 4167 313 4230 qui
324 4179 427 4230 666466
443 4165 470 4217 ln
487 4166 612 4230 quattuor
628 4165 684 4216 suis
700 4165 780 4216 codd.
793 4179 843 4231 pro
856 4167 937 4230 possis
953 4180 1035 4232 supra
1051 4163 1102 4230 legi
1119 4165 1203 4228 dicit):
1226 4165 1320 4227 poesim
1336 4163 1385 4215 dtt.
1401 4163 1430 4216 0.
1451 4187 1479 4202 ··
1498 4163 1523 4214 9.
1540 4164 1596 4215 44464

264 4241 295 4294 V.
316 4265 345 4280 ·-
363 4240 445 4306 644664]
463 4240 575 4302 quasv.
592 4267 619 4276 —
638 4240 678 4292 40.
696 4241 876 4305 squequaque
892 4241 1049 4306 metat:
1068 4253 1166 4303 quoque
1180 4239 1306 4292 oobtactt.
1320 4240 1349 4293 0.
1365 4267 1393 4277 -
1411 4241 1452 4291 44.
1471 4239 1595 4304 macru]

265 4317 338 4370 «Non
355 4317 411 4370 lam
426 4327 479 4368 vox
496 4317 612 4379 44444666,
631 4329 700 4382 quae
717 4317 744 4369 in
759 4316 829 4382 vulg.
848 4321 920 4369 stare
936 4319 1035 4382 potest,
1052 4320 1083 4366 ut
1098 4317 1187 4366 notavi
1203 4313 1239 4366 ad
1255 4329 1279 4368 c.
1292 4317 1333 4367 46.
1351 4329 1377 4381 p.
1397 4317 1495 4378 Quint,
1514 4327 1596 4379 quam

264 4403 310 4444 ree
327 4392 355 4444 et
370 4390 422 4444 1664
438 4403 500 4456 sqq.
519 4390 665 4458 postulant,
690 4395 720 4442 ut
735 4393 778 4443 hic
794 4397 881 4444 alnao
895 4393 1062 4458 acgcttatores
1076 4391 1215 4442 addatur.»
1233 4393 1325 4443 Graan.
1339 4393 1369 4442 44.
1396 4391 1497 4442 Eadem
1513 4389 1607 4441 verba*

265 4467 397 4522 6464444446
412 4465 525 4532 putabat
541 4467 728 4518 sublimius-
747 4473 793 4518 ortt
808 4482 832 4531 q.
845 4481 879 4520 m.
892 4482 933 4520 ecc.
946 4467 1015 4532 ugia
1024 4469 1088 4519 FN:
1107 4480 1160 4519 om.
1175 4468 1220 4519 644.
1234 4468 1314 4518 ettam
1324 4467 1388 4518 V..-
1407 4466 1446 4517 43.
1460 4480 1505 4517 nec
1521 4466 1545 4528 4,
1555 4465 1594 4515 V:

264 4553 344 4603 aeque
355 4540 402 4591 dtt.
416 4543 479 4592 0.-
490 4541 579 4604 uptus
589 4540 658 4604 agla
667 4555 706 4603 φτ
724 4543 838 4604 64464644
846 4546 924 4594 644-
936 4545 1002 4595 mma
1013 4543 1081 4606 agla
1091 4557 1127 4606 cp:
1147 4555 1201 4594 cm.
1214 4543 1254 4595 eV
1264 4543 1343 4593 644-
1354 4540 1596 4607 cootcosoeadcrrau]

264 4615 450 4679 ”afflatum
461 4613 522 4667 eod.
532 4616 589 4668 llus.
599 4617 670 4666 lanu.
684 4618 711 4667 et
722 4615 790 4680 Lgll
799 4629 899 4669 eccm.
913 4617 952 4668 (44.
965 4617 1052 4668 bladv.
1067 4617 1262 4682 46164664-
1276 4617 1317 4668 46.
1329 4617 1474 4679 lamonem
1484 4615 1553 4679 Lglb
1563 4615 1594 4666 F:

264 4689 425 4744 aequom
442 4689 481 4742 eV
498 4693 543 4742 ott.
562 4691 592 4742 0.
610 4690 710 4743 Eadem
727 4691 842 4742 varietas
859 4693 1007 4758 scripturae
1024 4694 1066 4744 est
1081 4691 1127 4743 ltb.
1146 4694 1166 4743 1.
1185 4693 1209 4758 5.
1223 4693 1264 4745 49.
1284 4719 1313 4729 -
1331 4697 1433 4743 mnan
1448 4689 1523 4752 l,V:
1541 4703 1595 4740 orn.

267 4763 315 4816 (444
335 4765 364 4818 0.
384 4789 415 4802 -
433 4765 475 4816 44.
492 4769 517 4820 to
532 4766 569 4816 V:
588 4778 642 4816 om.
661 4769 707 4818 644.
726 4767 755 4817 0.
776 4793 804 4804 —-
823 4767 862 4819 48.
882 4781 900 4817 6
915 4772 997 4832 negot.
1015 4768 1047 4827 V;
1066 4768 1105 4819 stc
1121 4767 1147 4832 g.
1165 4767 1222 4818 463.
1243 4794 1270 4805 -
1288 4767 1377 4818 Stellio
1392 4767 1423 4817 V.
1443 4765 1475 4816 cl.
1495 4765 1519 4830 5.
1539 4763 1595 4816 444.

266 4840 371 4905 Zumpt.
389 4841 463 4892 tacet
479 4839 514 4892 de
531 4841 587 4894 suia
604 4839 683 4892 codd.
699 4867 726 4880 —
741 4841 838 4904 positas
855 4842 907 4892 eV:
925 4853 980 4894 cm.
999 4843 1045 4893 644.
1058 4843 1088 4892 0.
1108 4865 1136 4880 «-
1155 4841 1195 4893 49.
1213 4841 1342 4893 mutereo
1355 4841 1424 4905 4349
1432 4839 1526 4892 441444
1536 4838 1596 4889 eod.

267 4913 343 4966 Hoc:
358 4913 500 4968 4446644446
515 4916 561 4968 ott
588 4939 618 4954 ···
643 4915 684 4966 49.
703 4915 735 4966 64
754 4916 818 4981 dog.
836 4916 906 4980 Lgbt
917 4916 948 4966 V.
977 4941 1005 4954 ·-
1032 4917 1073 4968 44.
1091 4916 1173 4968 obessa
1189 4929 1242 4968 om.
1261 4916 1293 4967 V.
1321 4943 1350 4954 -
1376 4919 1500 4979 oporteret
1515 4913 1546 4962 V.
1568 4937 1595 4949 -

267 4986 308 5040 44.
327 4988 445 5058 oppositu
459 4988 486 5053 4,
498 4989 536 5039 V:
550 4989 640 5052 6644444
655 4989 703 5042 dtt.
722 4991 787 5043 0.-
807 4989 848 5043 44.
866 4991 977 5054 meror&
992 4989 1061 5055 Lgli
1079 4991 1140 5043 cod.
1159 4992 1219 5044 4464.
1233 4992 1284 5042 eV:
1302 4990 1454 5054 4666644644
1464 5003 1469 5049 ;
1487 4985 1600 5050 multa

269 5066 363 5117 644-
379 5077 452 5130 porse
466 5070 519 5118 aut.
531 5065 556 5130 4,
570 5067 622 5119 eV:
640 5072 691 5119 664.
705 5081 734 5131 p.
752 5067 801 5119 dtt
813 5093 841 5105 -·
859 5067 901 5118 44.
919 5071 948 5117 as
962 5071 1060 5117 6446466.
1078 5067 1110 5116 V.
1126 5093 1153 5104 -
1171 5067 1214 5118 46.
1228 5065 1339 5130 probare
1355 5063 1403 5116 (444.
1423 5087 1452 5102 -
1470 5061 1512 5114 47.
1530 5063 1599 5126 opud

270 5141 597 5209 consensum.
617 5165 646 5182 -
664 5140 1078 5208 acmentarium.
1097 5167 1126 5180 -
1143 5140 1325 5197 4444464646.
1343 5137 1422 5205 agra.
