3642 5868
485 386 553 452 na.
574 385 615 449 u.
646 383 719 450 cn.
740 383 987 449 44444-44444.
1013 379 1070 467 sp.
1093 377 1280 449 444-444.
1480 369 1542 442 roa

220 553 379 630 codicem,
403 554 586 632 circumfer,
612 555 755 620 ostende.
797 554 963 619 Videtisne
991 560 1092 617 totum
1112 553 1175 618 hoc
1196 573 1328 628 nomen,
1358 571 1464 616 coram
1485 549 1541 616 ubi

219 642 296 712 facit
316 649 472 724 delatum,
494 669 563 713 esse
585 649 620 712 in
641 650 757 713 litura?
788 649 872 726 Quid
888 648 950 712 fuit
963 648 1035 711 istic
1049 655 1141 713 antea
1155 649 1329 732 scriptum?
1352 648 1438 733 quod
1454 667 1542 711 men·

220 743 296 805 dum
318 743 378 808 ista
399 744 494 807 litura
510 743 671 808 correxit?
705 743 790 820 Quid
811 763 831 807 a
852 744 961 818 nohis,
984 743 1122 817 iudices,
1144 743 1337 826 exspectatis
1358 748 1542 827 argumenta

219 836 314 901 huius
337 837 499 902 criminis?
541 837 628 900 Nihil
650 837 802 902 dicimus:
831 837 957 901 tabulae
979 838 1107 901 suntin
1129 837 1249 913 medio,
1273 857 1355 922 quae
1377 858 1412 901 se
1433 857 1542 900 corru-

219 938 290 1015 ptas
310 937 407 1016 atquc
428 932 584 996 interlitas
607 953 677 996 esse
700 933 846 996 clamant
879 926 950 993 ⁴05.
972 931 1021 994 Ex
1042 931 1093 994 his
1115 932 1210 993 etiam
1230 938 1265 993 tu
1287 931 1381 995 rebus
1404 931 1565 1014 effugeret

219 1033 251 1088 te
280 1045 373 1109 posse
402 1023 552 1103 confidis,
582 1047 654 1090 cum
681 1035 713 1089 te
740 1047 799 1090 nos
828 1047 893 1090 non
919 1025 1070 1110 opinione
1092 1025 1205 1100 dubia,
1235 1026 1291 1088 sed
1312 1025 1376 1089 tuis
1399 1023 1541 1107 vestigiis

220 1139 462 1203 persequamur,
485 1141 567 1206 quac
589 1127 625 1184 tu
646 1121 679 1184 in
701 1121 817 1184 tabulis
839 1121 975 1204 publicis
991 1138 1142 1203 expressa
1156 1139 1193 1182 ac
1210 1120 1351 1183 recentia
1364 1117 1541 1202 reliquisti?

220 1213 250 1276 Is
272 1213 349 1276 mihi
372 1215 467 1278 ctiam
489 1215 656 1278 Sthenium
678 1215 798 1279 litteras
826 1215 970 1298 publicas
992 1215 1171 1296 corrupisse
1194 1232 1289 1277 causa
1310 1213 1471 1296 incognita
1491 1212 1542 1274 iu·

221 1307 349 1383 dicarit,
373 1308 429 1393 qui
451 1308 622 1372 defendere
645 1293 710 1372 rion
731 1309 852 1393 potuit,
876 1328 909 1372 se
932 1329 995 1371 non
1018 1328 1059 1371 er
1079 1308 1181 1390 ipsius
1196 1307 1318 1370 Sthenii
1340 1309 1469 1372 nomine
1490 1307 1542 1372 lit·

219 1408 302 1466 teras
331 1403 474 1486 publicas
503 1403 709 1486 corrupisset
752 1403 862 1465 XLIII.
885 1397 957 1464 ⁴06.
979 1400 1092 1466 Videte
1121 1421 1217 1485 porro
1238 1402 1333 1465 aliam
1354 1402 1579 1466 amentiamcto

186 1555 188 1560 .
219 1497 340 1572 videte,
362 1504 414 1571 ut,
437 1497 513 1559 dum
535 1497 686 1578 expedire
709 1517 778 1561 sese
798 1497 882 1571 vult,
905 1496 1025 1560 induat
1063 1495 1265 1578 Cognitorem
1286 1495 1436 1558 adscribit
1451 1497 1542 1560 Sthe-
1630 1509 1632 1514 ’

219 1590 285 1652 nio.
319 1590 445 1666 Quem?
474 1599 641 1673 cognatum
671 1591 811 1675 aliquem
832 1598 888 1653 aut
908 1590 1145 1674 propinquum?
1179 1589 1261 1651 Non.
1305 1589 1542 1653 Thermitanum

219 1683 376 1767 aliquem,
398 1684 566 1747 honestum
588 1683 750 1751 hominem
772 1705 808 1748 ac
829 1685 992 1748 nobileml
1024 1685 1070 1746 Nc
1096 1684 1130 1746 id
1152 1683 1292 1767 quidem.
1308 1666 1370 1746 (At
1390 1682 1541 1759 Siculum,
1638 1631 1676 1730 ί

220 1778 255 1840 in
277 1797 341 1862 quo
364 1777 481 1882 alhquis
504 1779 655 1861 splendor
671 1779 872 1862 dignitasque
894 1761 1011 1871 QEI)
1031 1778 1206 1841 Neminem.
1241 1777 1325 1855 Quid
1348 1775 1469 1860 Igiturl
1492 1777 1543 1840 Ci·
1593 1772 1700 1866 4273

219 1891 292 1936 vem
313 1871 499 1936 Romanum.
546 1872 603 1936 Cui
624 1873 685 1936 hoc
707 1873 834 1956 probari
856 1875 986 1957 potest?
1029 1871 1108 1935 Cum
1130 1878 1214 1935 essct
1236 1871 1386 1936 Sthenius
1407 1872 1542 1936 civitatis
1552 1885 1580 1934 44

221 1985 298 2028 suae
320 1965 554 2040 nobilissimus,
577 1967 773 2050 amplissima
794 1967 1001 2049 cognatione,
1024 1965 1168 2050 plurimis
1183 1965 1346 2044 amicitiis,
1367 1987 1438 2030 cnm
1452 1987 1544 2052 prae·

221 2067 308 2122 terea
329 2066 396 2123 tota
418 2060 526 2125 Sicilia
547 2061 681 2124 multum
703 2063 890 2125 auctoritate
913 2066 945 2124 et
966 2062 1065 2143 gratia
1079 2069 1204 2145 posset:
1227 2061 1371 2127 invenire
1385 2062 1543 2126 neminem

222 2152 363 2216 Siculum
396 2155 515 2237 potuit,
548 2155 604 2238 qui
632 2175 690 2238 pro
722 2175 757 2220 sc
785 2157 930 2238 cognitor
955 2152 1065 2218 lieret-l
1099 2155 1167 2219 Iloc
1188 2156 1361 2239 probahis?
1404 2158 1453 2222 444
1474 2157 1544 2241 ipse

220 2247 322 2311 civem
345 2247 526 2311 Romanum
557 2247 691 2311 maluit?
729 2249 833 2325 Cedo,
863 2249 913 2314 cui
943 2249 1068 2325 Siculo,
1096 2269 1167 2313 cum
1189 2251 1218 2312 is
1239 2269 1313 2313 reus
1334 2247 1438 2328 lieret,
1466 2251 1544 2316 civis

219 2342 382 2404 Romanus
405 2343 550 2425 cognitor
569 2343 671 2406 factus
693 2362 844 2429 umquam
868 2344 931 2407 sit‘t
954 2343 1103 2407 Omnium
1123 2350 1305 2428 praetorum
1326 2344 1465 2422 litteras,
1489 2343 1583 2430 quino

220 2443 292 2499 ante
308 2442 339 2498 te
354 2433 498 2512 filerunt,
520 2436 645 2520 profer,
668 2438 810 2520 explica:
833 2438 860 2501 si
875 2457 974 2500 unum
989 2438 1166 2513 inveneris,
1188 2457 1247 2520 ego
1269 2438 1332 2502 hoc
1352 2439 1426 2516 tibi,
1449 2457 1546 2523 quem

221 2529 404 2593 admodum
427 2530 461 2593 in
476 2531 592 2594 tabulis
608 2532 760 2614 scriptum
774 2532 874 2596 habes
883 2575 892 2608 ,
914 2533 959 2595 ita
975 2539 1098 2616 gestum
1114 2551 1183 2595 csso
1198 2533 1380 2597 concedam.
1409 2527 1481 2596 t07.
1496 2531 1546 2606 nt,

222 2624 330 2698 credo,
353 2624 504 2687 Sthenius
524 2624 585 2687 hoc
608 2625 669 2688 sihi
690 2625 830 2710 amplum
852 2627 990 2710 putarit,
1013 2627 1130 2708 eligere
1153 2646 1171 2690 e
1193 2627 1309 2691 civium
1331 2629 1546 2692 Romanorum

223 2737 368 2794 numero,
391 2738 432 2782 ex
453 2719 626 2782 amicorum
649 2727 744 2802 atque
765 2720 927 2803 hospitum
949 2741 1082 2784 suorum
1104 2721 1213 2803 copia,
1236 2741 1331 2805 quem
1350 2722 1546 2804 cognitorem

222 2812 318 2876 daret
362 2813 465 2888 Quem
494 2813 636 2897 delegit?
664 2815 736 2899 quis
765 2815 798 2877 in
821 2814 937 2878 tabulis
960 2815 1097 2898 scriptus
1119 2817 1192 2878 estl
1226 2815 1584 2880 celaenarum

221 2907 373 2970 Palatina.
388 2887 481 3002 (Non
505 2927 643 2992 quaero,
696 2907 818 2993 uis.hic
841 2909 882 2972 sit
904 2909 1072 2983 Claudius,
1101 2928 1197 2993 quam
1220 2909 1423 2993 splendidus,
1451 2929 1546 2996 quam
1647 2939 1657 2950 =

220 2999 391 3076 honestus,
414 3021 510 3085 quam
531 2929 838 3085 idoneusllpropter
859 3003 949 3065 cuius
972 3003 1192 3066 auctoritatem
1207 3011 1238 3066 et
1254 3004 1439 3087 dignitatem
1456 3005 1548 3068 Sthe·

220 3096 293 3160 nius
315 3095 356 3159 ab
378 3095 520 3158 omnium
540 3095 723 3158 Siculorum
745 3096 975 3160 consuetudine
999 3097 1177 3160 discederet
1199 3104 1231 3160 et
1252 3098 1352 3161 civem
1371 3099 1547 3162 Romanum

221 3190 418 3274 cognitorem
448 3189 554 3252 daret:
588 3188 669 3251 nihil
694 3189 810 3252 horum
839 3208 969 3274 quaero.
1012 3190 1159 3254 Fortasse
1190 3191 1274 3253 enim
1303 3189 1453 3255 Sthenius
1481 3212 1547 3256 non

158 3275 161 3282 ’
221 3283 423 3367 splendorem
444 3282 601 3357 hominis,
628 3282 684 3346 sed
705 3281 951 3346 familiaritatem
968 3290 1100 3347 secutus
1122 3291 1182 3348 est.
1227 3283 1334 3359 Quini
1357 3283 1384 3347 si
1406 3284 1585 3350 omniumso

222 3378 403 3441 mortalium
426 3376 558 3440 Sthenio
581 3394 675 3440 nemo
697 3376 856 3440 inimicior
878 3396 974 3461 quam
995 3376 1048 3439 hic
1072 3377 1105 3439 C.
1130 3376 1298 3451 Claudius,
1320 3396 1392 3441 cum
1413 3398 1548 3463 semper,

222 3479 289 3535 tum
310 3472 345 3534 in
365 3471 417 3534 his
438 3470 518 3554 ipsis
539 3470 633 3534 rebus
656 3479 689 3536 et
708 3471 904 3557 temporibus
925 3470 1003 3546 luit,
1027 3472 1053 3534 si
1076 3471 1116 3534 de
1137 3471 1250 3534 litteris
1266 3473 1424 3555 corruptis
1440 3481 1549 3537 contra

222 3565 328 3642 venit,
350 3567 377 3629 si
399 3572 509 3629 contra
531 3566 617 3629 omui
639 3565 763 3630 ratione
785 3564 951 3650 pugnavit,
973 3572 1081 3630 utrum
1102 3567 1210 3649 potius
1224 3584 1282 3648 pro
1299 3564 1430 3632 Sthenio
1443 3568 1549 3632 inimi-

223 3681 296 3724 cum
328 3659 523 3744 cognitorem
552 3679 622 3723 esse
656 3659 771 3723 factum
801 3679 843 3724 an
871 3666 903 3724 te
928 3660 968 3724 ad
991 3659 1114 3724 Sthenii
1137 3659 1315 3744 periculum
1336 3658 1457 3725 inimici
1480 3660 1549 3726 cius

222 3755 352 3818 nomine
381 3753 514 3818 abusum
542 3772 612 3818 esse
634 3753 820 3818 credemus?
863 3754 973 3817 XLIV.
996 3748 1067 3817 t08.
1089 3753 1135 3817 Ac
1157 3774 1197 3817 ne
1220 3753 1293 3838 quis
1314 3751 1396 3817 forte
1417 3753 1587 3828 dubitatae

223 3849 314 3914 cuius
331 3848 417 3914 modi
440 3847 502 3912 hoc
523 3853 626 3912 totum
648 3849 690 3912 sit
711 3847 891 3931 negotium,
913 3847 1039 3911 tametsi
1061 3847 1125 3910 iam
1147 3846 1267 3911 dudum
1290 3845 1436 3911 omnibus
1458 3847 1549 3912 istius

221 3943 456 4028 improbitatem
486 3943 688 4026 perspicuam
716 3963 786 4008 esse
815 3939 956 4016 conlido,
985 3947 1090 4004 tamen
1118 3942 1249 4025 paulum
1271 3941 1366 4006 ctiam
1387 3940 1550 4006 attendite.

222 4037 346 4102 Videtis
366 4037 457 4100 illum
479 4037 643 4121 subcrispo
666 4037 799 4122 capillo,
827 4036 971 4120 nigrum,
1002 4036 1058 4120 qui
1081 4055 1120 4099 eo
1142 4035 1233 4100 vultu
1254 4056 1314 4102 nos
1335 4035 1494 4111 intuetur,
1515 4041 1552 4099 ut

271 4211 296 4262 4.
308 4211 354 4262 toc
364 4216 443 4262 44444444
451 4209 520 4275 4344
531 4223 558 4276 p.
569 4223 606 4262 m.
617 4211 719 4275 (Rectm
730 4209 763 4260 cl.
774 4223 800 4260 v.
811 4210 851 4262 36.
863 4201 887 4276 5.
899 4210 955 4260 434.
967 4209 1047 4273 Bau.)
1061 4209 1187 4261 Ceterum
1198 4209 1231 4260 cl.
1241 4209 1378 4274 4434444444.
1389 4209 1423 4261 de
1433 4209 1550 4274 44434444.

223 4299 248 4339 c.
265 4288 306 4339 46.
327 4314 355 4326 -
373 4288 398 4339 4.
411 4289 485 4350 qood
496 4289 613 4338 mendam
629 4289 696 4339 Non.
714 4299 741 4352 p.
759 4285 817 4337 444.
835 4285 970 4348 Eutyches
987 4299 1012 4350 p.
1030 4283 1104 4336 4444.
1123 4286 1151 4335 P.
1168 4283 1265 4350 vulgo:
1289 4285 1350 4347 gold
1364 4285 1486 4348 4444444444
1502 4283 1551 4335 dtt.

224 4389 252 4401 -·
277 4363 302 4414 d.
320 4363 358 4414 444
374 4362 459 4428 43444
483 4365 537 4414 tstts
552 4366 598 4414 ctt.
618 4363 646 4414 0.
664 4390 691 4400 -
710 4361 734 4412 8.
752 4359 872 4410 iudicabit
887 4359 956 4410 conl.
976 4359 1035 4410 llot.
1049 4384 1078 4397 -
1097 4359 1121 4409 9.
1136 4361 1219 4422 potnit
1229 4358 1403 4423 ngtnecrut.
1423 4362 1464 4422 (er
1480 4359 1551 4421 aar:

218 4437 330 4502 ponam
346 4439 392 4490 ctt.
405 4439 434 4490 0.
449 4464 478 4477 -
496 4453 530 4491 oa>
546 4451 600 4490 om.
619 4439 644 4489 hl
662 4439 689 4488 et
705 4433 791 4499 4344;
809 4434 837 4484 io
852 4436 881 4486 4.
901 4433 998 4498 [recte,
1016 4435 1046 4485 ut
1060 4433 1187 4500 ridetur]
1203 4461 1230 4471 -
1249 4435 1289 4485 to.
1309 4437 1446 4486 4444444444
1461 4432 1494 4486 l:
1513 4433 1554 4483 do·

221 4511 407 4564 4444444444444444.
426 4515 456 4565 0.
477 4541 505 4552 -
525 4513 564 4565 44.
581 4510 818 4571 sarmentum:
836 4509 1001 4560 4444ιί444444.
1020 4509 1092 4559 0.-
1111 4521 1184 4571 qaam
1200 4507 1301 4572 mdes?
1318 4510 1346 4560 4.
1361 4537 1389 4549 -
1408 4509 1450 4560 48.
1465 4520 1514 4569 pro
1529 4517 1555 4556 se

223 4600 277 4639 om.
295 4587 374 4652 4344.
393 4615 421 4624 -
436 4587 556 4652 probabis
571 4587 654 4653 4344;
677 4585 815 4650 probabitis
831 4587 876 4638 ctt.
902 4611 930 4621 -
956 4585 997 4635 44.
1016 4589 1074 4635 cote
1090 4587 1113 4634 ts
1129 4583 1273 4648 Lgttlnlt:
1297 4588 1320 4636 44
1336 4595 1390 4634 om.
1409 4585 1455 4633 ott.
1474 4582 1503 4631 0.
1524 4604 1552 4616 -

222 4662 264 4713 44.
283 4663 388 4714 comedo
404 4662 473 4728 4344
491 4677 517 4728 p.
536 4676 572 4715 m.
593 4689 620 4699 -
643 4662 685 4713 43.
704 4658 816 4724 coptam
835 4659 884 4722 434
897 4656 928 4709 44
945 4670 972 4723 p.
992 4670 1045 4708 m.:
1067 4657 1180 4721 eruption
1200 4669 1251 4708 eres
1267 4659 1313 4708 ctt.
1332 4659 1361 4708 0.
1380 4681 1410 4696 -
1434 4654 1556 4706 4444444444

224 4737 293 4803 4344
309 4752 336 4806 p.
355 4751 408 4792 m.:
426 4752 461 4790 oo
475 4739 522 4789 cto.
540 4730 598 4789 r'ell.
616 4739 695 4801 4433.
715 4759 743 4773 -
762 4735 803 4788 49.
819 4731 934 4800 formaris
949 4733 1018 4796 4349
1035 4733 1094 4783 ΑΒ.
1109 4759 1137 4769 -
1155 4733 1197 4784 34.
1214 4733 1370 4784 lamentor
1379 4729 1449 4796 4344
1465 4744 1492 4795 p.
1506 4741 1554 4787 md

222 4814 373 4865 tolmidctor
387 4815 437 4867 ΑΒ
447 4815 484 4878 ll,
503 4813 518 4866 7
535 4816 613 4878 4433.
632 4813 697 4864 dett.
717 4835 745 4848 -
773 4823 830 4862 caen
847 4808 871 4872 4,
890 4808 938 4860 al:
961 4814 1014 4860 444444
1030 4807 1079 4858 dtt.
1093 4808 1121 4860 0.
1137 4834 1164 4846 -
1183 4809 1224 4860 34.
1242 4807 1303 4872 tpeis
1319 4820 1373 4859 om.
1390 4802 1459 4869 4344
1476 4815 1503 4867 p.
1517 4813 1554 4851 m.

226 4916 254 4927 -
272 4893 362 4940 44444444
379 4889 480 4941 Veron
494 4903 519 4940 c.
537 4888 615 4953 4349.
631 4909 658 4923 -
678 4886 719 4937 33.
736 4889 826 4936 contro
841 4885 952 4936 4444444444
966 4883 1091 4934 saonen
1102 4881 1170 4947 4344
1187 4895 1215 4948 p.
1228 4895 1265 4934 m.
1278 4909 1305 4921 -
1323 4881 1365 4934 34.
1378 4875 1555 4932 uocaset

220 4963 411 5030 periculam:
432 4958 955 5026 mutusvepertcolovulgoposth,
974 4959 1009 5019 03
1028 4956 1394 5022 betesmpsricutamdtt
1415 4981 1443 4991 -
1470 4951 1558 5004 34444

224 5039 338 5104 434444
353 5052 380 5107 p.
398 5051 436 5093 m.
456 5065 485 5080 -
510 5037 555 5104 poi
570 5036 818 5104 4344444444.
833 5059 861 5074 ·-
880 5034 921 5086 36.
938 5033 984 5085 hoc
999 5032 1070 5098 4344
1085 5046 1113 5101 p.
1131 5045 1186 5085 m.:
1204 5045 1258 5085 cm.
1277 5033 1324 5085 ctt.
1343 5031 1372 5082 0.
1388 5054 1416 5067 ·-
1436 5025 1477 5078 37.
1493 5035 1558 5089 pars·

264 5203 432 5260 numnis
1298 5195 1340 5265 44
