<?xml version="1.0" encoding="UTF-8"?>
<!DOCTYPE html PUBLIC "-//W3C//DTD XHTML 1.0 Transitional//EN"
    "http://www.w3.org/TR/xhtml1/DTD/xhtml1-transitional.dtd">
<html xmlns="http://www.w3.org/1999/xhtml" xml:lang="en" lang="en">
 <head>
  <title>
</title>
<meta http-equiv="Content-Type" content="text/html;charset=utf-8" />
  <meta name='ocr-system' content='tesseract 3.04.00' />
  <meta name='ocr-capabilities' content='ocr_page ocr_carea ocr_par ocr_line ocrx_word'/>
</head>
<body>
  <div class='ocr_page' id='page_1' title='image "./mtulliiciceroni00baitgoog_0236.png"; bbox 0 0 3642 5868; ppageno 0'>
   <div class='ocr_carea' id='block_1_1' title="bbox 289 350 1238 428">
    <p class='ocr_par' dir='ltr' id='par_1_1' title="bbox 289 350 1238 428">
     <span class='ocr_line' id='line_1_1' title="bbox 289 350 1238 428; baseline 0.009 -9"><span class='ocrx_word' id='word_1_1' title='bbox 289 350 352 420; x_wconf 75' lang='lat' dir='ltr'><strong>hl0</strong></span> <span class='ocrx_word' id='word_1_2' title='bbox 660 358 703 426; x_wconf 86' lang='lat' dir='ltr'><strong>IN</strong></span> <span class='ocrx_word' id='word_1_3' title='bbox 723 357 889 426; x_wconf 79' lang='lat' dir='ltr'><strong>VERREM</strong></span> <span class='ocrx_word' id='word_1_4' title='bbox 909 355 1032 426; x_wconf 76' lang='lat' dir='ltr'><strong>tosto</strong></span> <span class='ocrx_word' id='word_1_5' title='bbox 1055 358 1238 428; x_wconf 72' lang='lat' dir='ltr'><strong>sacuam</strong></span> 
     </span>
    </p>
   </div>
   <div class='ocr_carea' id='block_1_2' title="bbox 106 527 1610 3632">
    <p class='ocr_par' dir='ltr' id='par_1_2' title="bbox 106 527 1610 2016">
     <span class='ocr_line' id='line_1_2' title="bbox 287 527 1608 616; baseline 0.002 -24"><span class='ocrx_word' id='word_1_6' title='bbox 287 527 434 611; x_wconf 86' lang='lat' dir='ltr'><strong>sibiipsi</strong></span> <span class='ocrx_word' id='word_1_7' title='bbox 455 532 624 611; x_wconf 88' lang='lat' dir='ltr'><strong>peracutus</strong></span> <span class='ocrx_word' id='word_1_8' title='bbox 653 547 722 593; x_wconf 86' lang='lat' dir='ltr'><strong>esse</strong></span> <span class='ocrx_word' id='word_1_9' title='bbox 743 529 907 607; x_wconf 83' lang='lat' dir='ltr'><strong>rideatur,</strong></span> <span class='ocrx_word' id='word_1_10' title='bbox 936 531 993 616; x_wconf 89' lang='lat' dir='ltr'><strong>qui</strong></span> <span class='ocrx_word' id='word_1_11' title='bbox 1022 531 1146 596; x_wconf 73' lang='lat' dir='ltr'><strong>tabulam</strong></span> <span class='ocrx_word' id='word_1_12' title='bbox 1172 537 1276 606; x_wconf 88' lang='lat' dir='ltr'><strong>tenet,</strong></span> <span class='ocrx_word' id='word_1_13' title='bbox 1307 531 1362 614; x_wconf 86' lang='lat' dir='ltr'><strong>qui</strong></span> <span class='ocrx_word' id='word_1_14' title='bbox 1392 529 1517 605; x_wconf 78' lang='lat' dir='ltr'><strong>scribit,</strong></span> <span class='ocrx_word' id='word_1_15' title='bbox 1548 531 1608 616; x_wconf 86' lang='lat' dir='ltr'><strong>qni</strong></span> 
     </span>
     <span class='ocr_line' id='line_1_3' title="bbox 106 615 1610 739; baseline 0 -53"><span class='ocrx_word' id='word_1_16' title='bbox 106 629 209 739; x_wconf 39' lang='lat' dir='ltr'><strong>ff]</strong></span> <span class='ocrx_word' id='word_1_17' title='bbox 282 627 413 697; x_wconf 89' lang='lat' dir='ltr'><strong>monet,</strong></span> <span class='ocrx_word' id='word_1_18' title='bbox 435 621 490 706; x_wconf 84' lang='lat' dir='ltr'><strong>qui</strong></span> <span class='ocrx_word' id='word_1_19' title='bbox 511 621 676 704; x_wconf 84' lang='lat' dir='ltr'><strong>proximus</strong></span> <span class='ocrx_word' id='word_1_20' title='bbox 698 629 756 688; x_wconf 82' lang='lat' dir='ltr'><strong>est.</strong></span> <span class='ocrx_word' id='word_1_21' title='bbox 786 615 829 711; x_wconf 78' lang='lat' dir='ltr'><strong>(ls</strong></span> <span class='ocrx_word' id='word_1_22' title='bbox 852 630 900 689; x_wconf 91' lang='lat' dir='ltr'><strong>est</strong></span> <span class='ocrx_word' id='word_1_23' title='bbox 922 624 955 690; x_wconf 86' lang='lat' dir='ltr'><strong>C.</strong></span> <span class='ocrx_word' id='word_1_24' title='bbox 979 625 1145 702; x_wconf 87' lang='lat' dir='ltr'><strong>Claudius,</strong></span> <span class='ocrx_word' id='word_1_25' title='bbox 1179 625 1236 710; x_wconf 88' lang='lat' dir='ltr'><strong>qui</strong></span> <span class='ocrx_word' id='word_1_26' title='bbox 1258 625 1291 688; x_wconf 94' lang='lat' dir='ltr'><strong>in</strong></span> <span class='ocrx_word' id='word_1_27' title='bbox 1314 623 1423 688; x_wconf 83' lang='lat' dir='ltr'><strong>Sicilia</strong></span> <span class='ocrx_word' id='word_1_28' title='bbox 1442 645 1477 690; x_wconf 90' lang='lat' dir='ltr'><strong>se</strong></span> <span class='ocrx_word' id='word_1_29' title='bbox 1524 631 1610 690; x_wconf 87' lang='lat' dir='ltr'><strong>ester</strong></span> 
     </span>
     <span class='ocr_line' id='line_1_4' title="bbox 285 707 1609 804; baseline 0.002 -26"><span class='ocrx_word' id='word_1_30' title='bbox 285 714 395 790; x_wconf 88' lang='lat' dir='ltr'><strong>istius,</strong></span> <span class='ocrx_word' id='word_1_31' title='bbox 417 707 598 798; x_wconf 66' lang='lat' dir='ltr'><strong>interpres)</strong></span> <span class='ocrx_word' id='word_1_32' title='bbox 611 716 770 781; x_wconf 79' lang='lat' dir='ltr'><strong>confector</strong></span> <span class='ocrx_word' id='word_1_33' title='bbox 791 711 1007 799; x_wconf 55' lang='lat' dir='ltr'><strong>neffofiorum,</strong></span> <span class='ocrx_word' id='word_1_34' title='bbox 1028 740 1129 804; x_wconf 89' lang='lat' dir='ltr'><strong>prope</strong></span> <span class='ocrx_word' id='word_1_35' title='bbox 1152 721 1275 803; x_wconf 77' lang='lat' dir='ltr'><strong>collega</strong></span> <span class='ocrx_word' id='word_1_36' title='bbox 1289 717 1479 783; x_wconf 85' lang='lat' dir='ltr'><strong>Timarchid&#39;</strong></span> <span class='ocrx_word' id='word_1_37' title='bbox 1495 738 1609 783; x_wconf 89' lang='lat' dir='ltr'><strong>nume-</strong></span> 
     </span>
     <span class='ocr_line' id='line_1_5' title="bbox 284 791 1606 906; baseline 0.004 -36"><span class='ocrx_word' id='word_1_38' title='bbox 284 791 436 906; x_wconf 77' lang='lat' dir='ltr'><strong>robatur)</strong></span> <span class='ocrx_word' id='word_1_39' title='bbox 458 829 544 875; x_wconf 90' lang='lat' dir='ltr'><strong>nunc</strong></span> <span class='ocrx_word' id='word_1_40' title='bbox 572 810 695 875; x_wconf 90' lang='lat' dir='ltr'><strong>obtinet</strong></span> <span class='ocrx_word' id='word_1_41' title='bbox 725 832 798 875; x_wconf 90' lang='lat' dir='ltr'><strong>eum</strong></span> <span class='ocrx_word' id='word_1_42' title='bbox 819 811 939 889; x_wconf 92' lang='lat' dir='ltr'><strong>locum,</strong></span> <span class='ocrx_word' id='word_1_43' title='bbox 969 821 1005 878; x_wconf 90' lang='lat' dir='ltr'><strong>ut</strong></span> <span class='ocrx_word' id='word_1_44' title='bbox 1025 815 1080 879; x_wconf 84' lang='lat' dir='ltr'><strong>vix</strong></span> <span class='ocrx_word' id='word_1_45' title='bbox 1100 813 1240 899; x_wconf 80' lang='lat' dir='ltr'><strong>Apronio</strong></span> <span class='ocrx_word' id='word_1_46' title='bbox 1263 813 1310 876; x_wconf 92' lang='lat' dir='ltr'><strong>illi</strong></span> <span class='ocrx_word' id='word_1_47' title='bbox 1332 813 1372 878; x_wconf 92' lang='lat' dir='ltr'><strong>de</strong></span> <span class='ocrx_word' id='word_1_48' title='bbox 1393 811 1606 876; x_wconf 72' lang='lat' dir='ltr'><strong>familiaritate</strong></span> 
     </span>
     <span class='ocr_line' id='line_1_6' title="bbox 261 903 1608 991; baseline 0.001 -24"><span class='ocrx_word' id='word_1_49' title='bbox 261 903 461 969; x_wconf 75' lang='lat' dir='ltr'><strong>leoneedere</strong></span> <span class='ocrx_word' id='word_1_50' title='bbox 482 904 643 982; x_wconf 82' lang='lat' dir='ltr'><strong>rideatur,</strong></span> <span class='ocrx_word' id='word_1_51' title='bbox 673 913 705 970; x_wconf 89' lang='lat' dir='ltr'><strong>et</strong></span> <span class='ocrx_word' id='word_1_52' title='bbox 726 907 781 991; x_wconf 89' lang='lat' dir='ltr'><strong>qui</strong></span> <span class='ocrx_word' id='word_1_53' title='bbox 804 927 838 972; x_wconf 86' lang='lat' dir='ltr'><strong>se</strong></span> <span class='ocrx_word' id='word_1_54' title='bbox 859 928 924 972; x_wconf 89' lang='lat' dir='ltr'><strong>non</strong></span> <span class='ocrx_word' id='word_1_55' title='bbox 945 908 1152 983; x_wconf 81' lang='lat' dir='ltr'><strong>Timarchidi,</strong></span> <span class='ocrx_word' id='word_1_56' title='bbox 1180 908 1236 974; x_wconf 89' lang='lat' dir='ltr'><strong>sed</strong></span> <span class='ocrx_word' id='word_1_57' title='bbox 1258 907 1359 991; x_wconf 91' lang='lat' dir='ltr'><strong>ipsius</strong></span> <span class='ocrx_word' id='word_1_58' title='bbox 1380 907 1488 972; x_wconf 84' lang='lat' dir='ltr'><strong>Verris</strong></span> <span class='ocrx_word' id='word_1_59' title='bbox 1509 906 1608 970; x_wconf 90' lang='lat' dir='ltr'><strong>colle·</strong></span> 
     </span>
     <span class='ocr_line' id='line_1_7' title="bbox 284 995 1605 1086; baseline 0.001 -25"><span class='ocrx_word' id='word_1_60' title='bbox 284 1013 356 1079; x_wconf 77' lang='lat' dir='ltr'><strong>gam</strong></span> <span class='ocrx_word' id='word_1_61' title='bbox 371 1005 403 1062; x_wconf 92' lang='lat' dir='ltr'><strong>et</strong></span> <span class='ocrx_word' id='word_1_62' title='bbox 416 999 540 1064; x_wconf 91' lang='lat' dir='ltr'><strong>socium</strong></span> <span class='ocrx_word' id='word_1_63' title='bbox 554 1019 624 1062; x_wconf 90' lang='lat' dir='ltr'><strong>esse</strong></span> <span class='ocrx_word' id='word_1_64' title='bbox 639 999 773 1063; x_wconf 83' lang='lat' dir='ltr'><strong>dicebat</strong></span> <span class='ocrx_word' id='word_1_65' title='bbox 796 995 868 1064; x_wconf 87' lang='grc'><strong>409.</strong></span> <span class='ocrx_word' id='word_1_66' title='bbox 884 1001 1033 1066; x_wconf 90' lang='lat' dir='ltr'><strong>Dubitate</strong></span> <span class='ocrx_word' id='word_1_67' title='bbox 1049 1003 1154 1078; x_wconf 89' lang='lat' dir='ltr'><strong>etiarn,</strong></span> <span class='ocrx_word' id='word_1_68' title='bbox 1169 1003 1196 1066; x_wconf 91' lang='lat' dir='ltr'><strong>si</strong></span> <span class='ocrx_word' id='word_1_69' title='bbox 1209 1001 1353 1086; x_wconf 88' lang='lat' dir='ltr'><strong>potestis,</strong></span> <span class='ocrx_word' id='word_1_70' title='bbox 1366 1002 1445 1085; x_wconf 88' lang='lat' dir='ltr'><strong>quin</strong></span> <span class='ocrx_word' id='word_1_71' title='bbox 1459 1021 1531 1064; x_wconf 90' lang='lat' dir='ltr'><strong>eum</strong></span> <span class='ocrx_word' id='word_1_72' title='bbox 1544 1000 1605 1063; x_wconf 88' lang='lat' dir='ltr'><strong>iste</strong></span> 
     </span>
     <span class='ocr_line' id='line_1_8' title="bbox 282 1091 1604 1180; baseline 0.001 -25"><span class='ocrx_word' id='word_1_73' title='bbox 282 1092 484 1175; x_wconf 90' lang='lat' dir='ltr'><strong>potissimum</strong></span> <span class='ocrx_word' id='word_1_74' title='bbox 502 1093 645 1159; x_wconf 82' lang='lat' dir='ltr'><strong>exomni</strong></span> <span class='ocrx_word' id='word_1_75' title='bbox 664 1114 796 1158; x_wconf 90' lang='lat' dir='ltr'><strong>numero</strong></span> <span class='ocrx_word' id='word_1_76' title='bbox 812 1094 974 1178; x_wconf 76' lang='lat' dir='ltr'><strong>delegerit,</strong></span> <span class='ocrx_word' id='word_1_77' title='bbox 997 1097 1047 1160; x_wconf 89' lang='lat' dir='ltr'><strong>cui</strong></span> <span class='ocrx_word' id='word_1_78' title='bbox 1061 1097 1142 1162; x_wconf 89' lang='lat' dir='ltr'><strong>hanc</strong></span> <span class='ocrx_word' id='word_1_79' title='bbox 1156 1097 1326 1180; x_wconf 73' lang='lat' dir='ltr'><strong>cognitoris</strong></span> <span class='ocrx_word' id='word_1_80' title='bbox 1342 1094 1413 1158; x_wconf 82' lang='lat' dir='ltr'><strong>falsi</strong></span> <span class='ocrx_word' id='word_1_81' title='bbox 1429 1091 1604 1177; x_wconf 82' lang='lat' dir='ltr'><strong>improbam</strong></span> 
     </span>
     <span class='ocr_line' id='line_1_9' title="bbox 283 1189 1605 1273; baseline 0 -21"><span class='ocrx_word' id='word_1_82' title='bbox 283 1208 452 1272; x_wconf 90' lang='lat' dir='ltr'><strong>personam</strong></span> <span class='ocrx_word' id='word_1_83' title='bbox 465 1189 652 1272; x_wconf 90' lang='lat' dir='ltr'><strong>imponeret,</strong></span> <span class='ocrx_word' id='word_1_84' title='bbox 666 1209 761 1273; x_wconf 88' lang='lat' dir='ltr'><strong>quem</strong></span> <span class='ocrx_word' id='word_1_85' title='bbox 777 1199 809 1254; x_wconf 89' lang='lat' dir='ltr'><strong>et</strong></span> <span class='ocrx_word' id='word_1_86' title='bbox 821 1189 897 1254; x_wconf 91' lang='lat' dir='ltr'><strong>huic</strong></span> <span class='ocrx_word' id='word_1_87' title='bbox 912 1191 1163 1254; x_wconf 89' lang='lat' dir='ltr'><strong>inimicissimum</strong></span> <span class='ocrx_word' id='word_1_88' title='bbox 1178 1198 1210 1254; x_wconf 89' lang='lat' dir='ltr'><strong>et</strong></span> <span class='ocrx_word' id='word_1_89' title='bbox 1224 1191 1284 1254; x_wconf 91' lang='lat' dir='ltr'><strong>sibi</strong></span> <span class='ocrx_word' id='word_1_90' title='bbox 1300 1189 1525 1253; x_wconf 87' lang='lat' dir='ltr'><strong>amicissimum</strong></span> <span class='ocrx_word' id='word_1_91' title='bbox 1536 1208 1605 1252; x_wconf 89' lang='lat' dir='ltr'><strong>esse</strong></span> 
     </span>
     <span class='ocr_line' id='line_1_10' title="bbox 281 1281 1606 1360; baseline 0.002 -16"><span class='ocrx_word' id='word_1_92' title='bbox 281 1282 508 1348; x_wconf 71' lang='lat' dir='ltr'><strong>arbitraretur?</strong></span> <span class='ocrx_word' id='word_1_93' title='bbox 541 1281 602 1348; x_wconf 86' lang='lat' dir='ltr'><strong>Hic</strong></span> <span class='ocrx_word' id='word_1_94' title='bbox 622 1302 680 1346; x_wconf 90' lang='lat' dir='ltr'><strong>vos</strong></span> <span class='ocrx_word' id='word_1_95' title='bbox 701 1283 905 1360; x_wconf 89' lang='lat' dir='ltr'><strong>dubitabitis,</strong></span> <span class='ocrx_word' id='word_1_96' title='bbox 927 1285 1067 1360; x_wconf 90' lang='lat' dir='ltr'><strong>iudices,</strong></span> <span class='ocrx_word' id='word_1_97' title='bbox 1090 1292 1209 1350; x_wconf 75' lang='lat' dir='ltr'><strong>tantm</strong></span> <span class='ocrx_word' id='word_1_98' title='bbox 1226 1284 1319 1348; x_wconf 88' lang='lat' dir='ltr'><strong>istius</strong></span> <span class='ocrx_word' id='word_1_99' title='bbox 1334 1282 1515 1357; x_wconf 88' lang='lat' dir='ltr'><strong>audaciam,</strong></span> <span class='ocrx_word' id='word_1_100' title='bbox 1537 1289 1606 1346; x_wconf 92' lang='lat' dir='ltr'><strong>tan·</strong></span> 
     </span>
     <span class='ocr_line' id='line_1_11' title="bbox 245 1377 1606 1461; baseline -0.002 -19"><span class='ocrx_word' id='word_1_101' title='bbox 245 1379 346 1442; x_wconf 75' lang='grc'><strong>444444</strong></span> <span class='ocrx_word' id='word_1_102' title='bbox 367 1377 603 1452; x_wconf 82' lang='lat' dir='ltr'><strong>crudelitatem,</strong></span> <span class='ocrx_word' id='word_1_103' title='bbox 626 1383 745 1442; x_wconf 90' lang='lat' dir='ltr'><strong>tantam</strong></span> <span class='ocrx_word' id='word_1_104' title='bbox 766 1378 915 1442; x_wconf 90' lang='lat' dir='ltr'><strong>iniuriam</strong></span> <span class='ocrx_word' id='word_1_105' title='bbox 936 1379 1122 1444; x_wconf 82' lang='lat' dir='ltr'><strong>vindicaret</strong></span> <span class='ocrx_word' id='word_1_106' title='bbox 1148 1378 1331 1442; x_wconf 89' lang='lat' dir='ltr'><strong>dubitabitis</strong></span> <span class='ocrx_word' id='word_1_107' title='bbox 1354 1378 1535 1461; x_wconf 83' lang='lat' dir='ltr'><strong>exemplum</strong></span> <span class='ocrx_word' id='word_1_108' title='bbox 1556 1378 1606 1440; x_wconf 89' lang='lat' dir='ltr'><strong>in-</strong></span> 
     </span>
     <span class='ocr_line' id='line_1_12' title="bbox 282 1471 1605 1556; baseline 0 -22"><span class='ocrx_word' id='word_1_109' title='bbox 282 1471 388 1534; x_wconf 89' lang='lat' dir='ltr'><strong>dicum</strong></span> <span class='ocrx_word' id='word_1_110' title='bbox 408 1471 537 1536; x_wconf 89' lang='lat' dir='ltr'><strong>illorum</strong></span> <span class='ocrx_word' id='word_1_111' title='bbox 558 1472 669 1556; x_wconf 87' lang='lat' dir='ltr'><strong>sequi,</strong></span> <span class='ocrx_word' id='word_1_112' title='bbox 692 1471 748 1556; x_wconf 88' lang='lat' dir='ltr'><strong>qui</strong></span> <span class='ocrx_word' id='word_1_113' title='bbox 767 1472 915 1538; x_wconf 86' lang='lat' dir='ltr'><strong>damnato</strong></span> <span class='ocrx_word' id='word_1_114' title='bbox 932 1472 987 1536; x_wconf 90' lang='lat' dir='ltr'><strong>Cn.</strong></span> <span class='ocrx_word' id='word_1_115' title='bbox 1001 1472 1165 1538; x_wconf 91' lang='lat' dir='ltr'><strong>Dolabella</strong></span> <span class='ocrx_word' id='word_1_116' title='bbox 1179 1472 1414 1537; x_wconf 86' lang='lat' dir='ltr'><strong>damnationem</strong></span> <span class='ocrx_word' id='word_1_117' title='bbox 1428 1471 1605 1537; x_wconf 86' lang='lat' dir='ltr'><strong>Philodami</strong></span> 
     </span>
     <span class='ocr_line' id='line_1_13' title="bbox 282 1562 1605 1652; baseline 0.001 -24"><span class='ocrx_word' id='word_1_118' title='bbox 282 1562 414 1649; x_wconf 81' lang='lat' dir='ltr'><strong>Opuntii</strong></span> <span class='ocrx_word' id='word_1_119' title='bbox 441 1565 655 1641; x_wconf 78' lang='lat' dir='ltr'><strong>resciderunt,</strong></span> <span class='ocrx_word' id='word_1_120' title='bbox 684 1566 770 1649; x_wconf 92' lang='lat' dir='ltr'><strong>quod</strong></span> <span class='ocrx_word' id='word_1_121' title='bbox 800 1566 827 1630; x_wconf 91' lang='lat' dir='ltr'><strong>is</strong></span> <span class='ocrx_word' id='word_1_122' title='bbox 853 1587 917 1631; x_wconf 88' lang='lat' dir='ltr'><strong>non</strong></span> <span class='ocrx_word' id='word_1_123' title='bbox 943 1568 1057 1632; x_wconf 88' lang='lat' dir='ltr'><strong>absens</strong></span> <span class='ocrx_word' id='word_1_124' title='bbox 1086 1587 1158 1631; x_wconf 90' lang='lat' dir='ltr'><strong>reus</strong></span> <span class='ocrx_word' id='word_1_125' title='bbox 1184 1566 1288 1632; x_wconf 82' lang='lat' dir='ltr'><strong>lactus</strong></span> <span class='ocrx_word' id='word_1_126' title='bbox 1316 1573 1419 1642; x_wconf 90' lang='lat' dir='ltr'><strong>esset,</strong></span> <span class='ocrx_word' id='word_1_127' title='bbox 1449 1585 1605 1652; x_wconf 85' lang='lat' dir='ltr'><strong>quaeres</strong></span> 
     </span>
     <span class='ocr_line' id='line_1_14' title="bbox 279 1659 1604 1746; baseline 0 -22"><span class='ocrx_word' id='word_1_128' title='bbox 279 1661 482 1746; x_wconf 87' lang='lat' dir='ltr'><strong>iniquissima</strong></span> <span class='ocrx_word' id='word_1_129' title='bbox 503 1666 599 1744; x_wconf 78' lang='lat' dir='ltr'><strong>atque</strong></span> <span class='ocrx_word' id='word_1_130' title='bbox 620 1659 826 1724; x_wconf 89' lang='lat' dir='ltr'><strong>acerbissima</strong></span> <span class='ocrx_word' id='word_1_131' title='bbox 848 1668 910 1735; x_wconf 91' lang='lat' dir='ltr'><strong>est,</strong></span> <span class='ocrx_word' id='word_1_132' title='bbox 932 1662 989 1726; x_wconf 90' lang='lat' dir='ltr'><strong>sed</strong></span> <span class='ocrx_word' id='word_1_133' title='bbox 1011 1662 1127 1726; x_wconf 88' lang='lat' dir='ltr'><strong>cumei</strong></span> <span class='ocrx_word' id='word_1_134' title='bbox 1145 1661 1263 1745; x_wconf 75' lang='lat' dir='ltr'><strong>legatio</strong></span> <span class='ocrx_word' id='word_1_135' title='bbox 1277 1661 1340 1725; x_wconf 90' lang='lat' dir='ltr'><strong>iam</strong></span> <span class='ocrx_word' id='word_1_136' title='bbox 1355 1661 1487 1724; x_wconf 84' lang='lat' dir='ltr'><strong>Romam</strong></span> <span class='ocrx_word' id='word_1_137' title='bbox 1502 1681 1521 1724; x_wconf 90' lang='lat' dir='ltr'><strong>a</strong></span> <span class='ocrx_word' id='word_1_138' title='bbox 1536 1659 1604 1724; x_wconf 89' lang='lat' dir='ltr'><strong>suis</strong></span> 
     </span>
     <span class='ocr_line' id='line_1_15' title="bbox 280 1752 1604 1828; baseline 0 -10"><span class='ocrx_word' id='word_1_139' title='bbox 280 1755 401 1820; x_wconf 85' lang='lat' dir='ltr'><strong>civibus</strong></span> <span class='ocrx_word' id='word_1_140' title='bbox 424 1758 508 1818; x_wconf 89' lang='lat' dir='ltr'><strong>esset</strong></span> <span class='ocrx_word' id='word_1_141' title='bbox 530 1754 625 1818; x_wconf 83' lang='lat' dir='ltr'><strong>data‘l</strong></span> <span class='ocrx_word' id='word_1_142' title='bbox 657 1752 752 1828; x_wconf 87' lang='lat' dir='ltr'><strong>Quod</strong></span> <span class='ocrx_word' id='word_1_143' title='bbox 774 1754 823 1816; x_wconf 93' lang='lat' dir='ltr'><strong>illi</strong></span> <span class='ocrx_word' id='word_1_144' title='bbox 843 1754 966 1819; x_wconf 89' lang='lat' dir='ltr'><strong>iudices</strong></span> <span class='ocrx_word' id='word_1_145' title='bbox 988 1756 1087 1819; x_wconf 88' lang='lat' dir='ltr'><strong>multo</strong></span> <span class='ocrx_word' id='word_1_146' title='bbox 1109 1757 1144 1819; x_wconf 91' lang='lat' dir='ltr'><strong>in</strong></span> <span class='ocrx_word' id='word_1_147' title='bbox 1165 1755 1284 1819; x_wconf 86' lang='lat' dir='ltr'><strong>leviore</strong></span> <span class='ocrx_word' id='word_1_148' title='bbox 1307 1775 1402 1820; x_wconf 87' lang='lat' dir='ltr'><strong>causa</strong></span> <span class='ocrx_word' id='word_1_149' title='bbox 1417 1760 1604 1828; x_wconf 86' lang='lat' dir='ltr'><strong>statuerunt,</strong></span> 
     </span>
     <span class='ocr_line' id='line_1_16' title="bbox 242 1847 1605 1933; baseline 0.001 -21"><span class='ocrx_word' id='word_1_150' title='bbox 242 1852 271 1902; x_wconf 80' lang='grc'><strong>44</strong></span> <span class='ocrx_word' id='word_1_151' title='bbox 279 1850 473 1933; x_wconf 85' lang='lat' dir='ltr'><strong>aequitatem</strong></span> <span class='ocrx_word' id='word_1_152' title='bbox 493 1848 617 1922; x_wconf 88' lang='lat' dir='ltr'><strong>secuti,</strong></span> <span class='ocrx_word' id='word_1_153' title='bbox 638 1868 695 1912; x_wconf 83' lang='lat' dir='ltr'><strong>vos</strong></span> <span class='ocrx_word' id='word_1_154' title='bbox 716 1847 750 1910; x_wconf 93' lang='lat' dir='ltr'><strong>id</strong></span> <span class='ocrx_word' id='word_1_155' title='bbox 772 1854 910 1912; x_wconf 85' lang='lat' dir='ltr'><strong>statuere</strong></span> <span class='ocrx_word' id='word_1_156' title='bbox 931 1850 966 1912; x_wconf 93' lang='lat' dir='ltr'><strong>in</strong></span> <span class='ocrx_word' id='word_1_157' title='bbox 988 1849 1172 1932; x_wconf 79' lang='lat' dir='ltr'><strong>gravissima</strong></span> <span class='ocrx_word' id='word_1_158' title='bbox 1192 1869 1303 1925; x_wconf 88' lang='lat' dir='ltr'><strong>causa,</strong></span> <span class='ocrx_word' id='word_1_159' title='bbox 1324 1849 1512 1933; x_wconf 87' lang='lat' dir='ltr'><strong>praesertim</strong></span> <span class='ocrx_word' id='word_1_160' title='bbox 1525 1849 1605 1913; x_wconf 88' lang='lat' dir='ltr'><strong>alio-</strong></span> 
     </span>
     <span class='ocr_line' id='line_1_17' title="bbox 278 1937 1135 2016; baseline -0.001 -8"><span class='ocrx_word' id='word_1_161' title='bbox 278 1961 349 2008; x_wconf 91' lang='lat' dir='ltr'><strong>rum</strong></span> <span class='ocrx_word' id='word_1_162' title='bbox 374 1941 560 2010; x_wconf 87' lang='lat' dir='ltr'><strong>auctoritate</strong></span> <span class='ocrx_word' id='word_1_163' title='bbox 582 1941 645 2006; x_wconf 89' lang='lat' dir='ltr'><strong>iam</strong></span> <span class='ocrx_word' id='word_1_164' title='bbox 667 1937 903 2016; x_wconf 86' lang='lat' dir='ltr'><strong>confirmatum,</strong></span> <span class='ocrx_word' id='word_1_165' title='bbox 925 1942 1135 2008; x_wconf 77' lang='lat' dir='ltr'><strong>dubitabitis?</strong></span> 
     </span>
    </p>

    <p class='ocr_par' dir='ltr' id='par_1_3' title="bbox 278 2031 1604 2303">
     <span class='ocr_line' id='line_1_18' title="bbox 362 2031 1604 2123; baseline 0 -21"><span class='ocrx_word' id='word_1_166' title='bbox 362 2039 460 2104; x_wconf 83' lang='lat' dir='ltr'><strong>XLV.</strong></span> <span class='ocrx_word' id='word_1_167' title='bbox 481 2031 555 2099; x_wconf 86' lang='grc'><strong>440.</strong></span> <span class='ocrx_word' id='word_1_168' title='bbox 576 2036 619 2100; x_wconf 78' lang='lat' dir='ltr'><strong>at</strong></span> <span class='ocrx_word' id='word_1_169' title='bbox 639 2056 735 2119; x_wconf 91' lang='lat' dir='ltr'><strong>quem</strong></span> <span class='ocrx_word' id='word_1_170' title='bbox 752 2036 929 2112; x_wconf 88' lang='lat' dir='ltr'><strong>hominem,</strong></span> <span class='ocrx_word' id='word_1_171' title='bbox 953 2035 987 2100; x_wconf 88' lang='lat' dir='ltr'><strong>C.</strong></span> <span class='ocrx_word' id='word_1_172' title='bbox 1002 2039 1131 2113; x_wconf 88' lang='lat' dir='ltr'><strong>Verres,</strong></span> <span class='ocrx_word' id='word_1_173' title='bbox 1153 2045 1256 2114; x_wconf 82' lang='grc'><strong>444444,</strong></span> <span class='ocrx_word' id='word_1_174' title='bbox 1280 2044 1342 2101; x_wconf 66' lang='lat' dir='ltr'><strong>mm</strong></span> <span class='ocrx_word' id='word_1_175' title='bbox 1356 2038 1473 2123; x_wconf 75' lang='lat' dir='ltr'><strong>insigni</strong></span> <span class='ocrx_word' id='word_1_176' title='bbox 1488 2038 1604 2103; x_wconf 87' lang='lat' dir='ltr'><strong>iniuria</strong></span> 
     </span>
     <span class='ocr_line' id='line_1_19' title="bbox 278 2129 1602 2217; baseline -0.003 -19"><span class='ocrx_word' id='word_1_177' title='bbox 278 2133 434 2200; x_wconf 75' lang='lat' dir='ltr'><strong>affecisti?</strong></span> <span class='ocrx_word' id='word_1_178' title='bbox 458 2129 548 2196; x_wconf 87' lang='lat' dir='ltr'><strong>cuius</strong></span> <span class='ocrx_word' id='word_1_179' title='bbox 569 2129 710 2195; x_wconf 87' lang='lat' dir='ltr'><strong>absentis</strong></span> <span class='ocrx_word' id='word_1_180' title='bbox 732 2149 847 2194; x_wconf 90' lang='lat' dir='ltr'><strong>nomen</strong></span> <span class='ocrx_word' id='word_1_181' title='bbox 866 2131 1036 2214; x_wconf 73' lang='lat' dir='ltr'><strong>recepisti?</strong></span> <span class='ocrx_word' id='word_1_182' title='bbox 1059 2153 1154 2217; x_wconf 67' lang='grc'><strong>4344444</strong></span> <span class='ocrx_word' id='word_1_183' title='bbox 1169 2133 1331 2198; x_wconf 89' lang='lat' dir='ltr'><strong>absentem</strong></span> <span class='ocrx_word' id='word_1_184' title='bbox 1346 2153 1412 2196; x_wconf 89' lang='lat' dir='ltr'><strong>non</strong></span> <span class='ocrx_word' id='word_1_185' title='bbox 1425 2133 1519 2197; x_wconf 88' lang='lat' dir='ltr'><strong>modo</strong></span> <span class='ocrx_word' id='word_1_186' title='bbox 1534 2132 1602 2196; x_wconf 88' lang='lat' dir='ltr'><strong>sine</strong></span> 
     </span>
     <span class='ocr_line' id='line_1_20' title="bbox 278 2224 1602 2303; baseline -0.002 -13"><span class='ocrx_word' id='word_1_187' title='bbox 278 2227 409 2291; x_wconf 89' lang='lat' dir='ltr'><strong>erimine</strong></span> <span class='ocrx_word' id='word_1_188' title='bbox 438 2231 471 2288; x_wconf 91' lang='lat' dir='ltr'><strong>et</strong></span> <span class='ocrx_word' id='word_1_189' title='bbox 498 2225 568 2288; x_wconf 91' lang='lat' dir='ltr'><strong>sine</strong></span> <span class='ocrx_word' id='word_1_190' title='bbox 596 2230 694 2298; x_wconf 88' lang='lat' dir='ltr'><strong>teste,</strong></span> <span class='ocrx_word' id='word_1_191' title='bbox 725 2243 834 2288; x_wconf 78' lang='lat' dir='ltr'><strong>verram</strong></span> <span class='ocrx_word' id='word_1_192' title='bbox 863 2226 958 2290; x_wconf 88' lang='lat' dir='ltr'><strong>etiam</strong></span> <span class='ocrx_word' id='word_1_193' title='bbox 987 2228 1054 2292; x_wconf 90' lang='lat' dir='ltr'><strong>sine</strong></span> <span class='ocrx_word' id='word_1_194' title='bbox 1080 2235 1261 2292; x_wconf 84' lang='lat' dir='ltr'><strong>accusatore</strong></span> <span class='ocrx_word' id='word_1_195' title='bbox 1283 2227 1463 2292; x_wconf 74' lang='lat' dir='ltr'><strong>damnasti?</strong></span> <span class='ocrx_word' id='word_1_196' title='bbox 1500 2224 1602 2303; x_wconf 90' lang='lat' dir='ltr'><strong>Quem</strong></span> 
     </span>
    </p>

    <p class='ocr_par' dir='ltr' id='par_1_4' title="bbox 239 2317 1603 2790">
     <span class='ocr_line' id='line_1_21' title="bbox 239 2317 1603 2406; baseline -0.003 -20"><span class='ocrx_word' id='word_1_197' title='bbox 239 2319 461 2386; x_wconf 57' lang='lat' dir='ltr'><strong>”hominemi</strong></span> <span class='ocrx_word' id='word_1_198' title='bbox 490 2318 523 2383; x_wconf 94' lang='lat' dir='ltr'><strong>di</strong></span> <span class='ocrx_word' id='word_1_199' title='bbox 544 2317 758 2382; x_wconf 80' lang='lat' dir='ltr'><strong>immortales!</strong></span> <span class='ocrx_word' id='word_1_200' title='bbox 787 2339 853 2382; x_wconf 92' lang='lat' dir='ltr'><strong>non</strong></span> <span class='ocrx_word' id='word_1_201' title='bbox 876 2320 978 2384; x_wconf 84' lang='lat' dir='ltr'><strong>dicum</strong></span> <span class='ocrx_word' id='word_1_202' title='bbox 1000 2321 1137 2386; x_wconf 86' lang='lat' dir='ltr'><strong>amioum</strong></span> <span class='ocrx_word' id='word_1_203' title='bbox 1158 2329 1265 2396; x_wconf 90' lang='lat' dir='ltr'><strong>tuum,</strong></span> <span class='ocrx_word' id='word_1_204' title='bbox 1289 2321 1376 2406; x_wconf 88' lang='lat' dir='ltr'><strong>quod</strong></span> <span class='ocrx_word' id='word_1_205' title='bbox 1393 2321 1478 2404; x_wconf 91' lang='lat' dir='ltr'><strong>apud</strong></span> <span class='ocrx_word' id='word_1_206' title='bbox 1498 2319 1603 2384; x_wconf 91' lang='lat' dir='ltr'><strong>bomi-</strong></span> 
     </span>
     <span class='ocr_line' id='line_1_22' title="bbox 276 2412 1602 2498; baseline -0.003 -18"><span class='ocrx_word' id='word_1_207' title='bbox 276 2435 334 2480; x_wconf 90' lang='lat' dir='ltr'><strong>nes</strong></span> <span class='ocrx_word' id='word_1_208' title='bbox 356 2414 555 2480; x_wconf 70' lang='lat' dir='ltr'><strong>oarimimum</strong></span> <span class='ocrx_word' id='word_1_209' title='bbox 577 2419 642 2488; x_wconf 91' lang='lat' dir='ltr'><strong>est,</strong></span> <span class='ocrx_word' id='word_1_210' title='bbox 670 2432 736 2476; x_wconf 89' lang='lat' dir='ltr'><strong>non</strong></span> <span class='ocrx_word' id='word_1_211' title='bbox 756 2412 932 2496; x_wconf 84' lang='lat' dir='ltr'><strong>hospitem,</strong></span> <span class='ocrx_word' id='word_1_212' title='bbox 954 2416 1042 2498; x_wconf 85' lang='lat' dir='ltr'><strong>quod</strong></span> <span class='ocrx_word' id='word_1_213' title='bbox 1063 2415 1296 2480; x_wconf 86' lang='lat' dir='ltr'><strong>sanctissimum</strong></span> <span class='ocrx_word' id='word_1_214' title='bbox 1318 2422 1386 2478; x_wconf 87' lang='lat' dir='ltr'><strong>est:</strong></span> <span class='ocrx_word' id='word_1_215' title='bbox 1414 2414 1495 2478; x_wconf 93' lang='lat' dir='ltr'><strong>nibil</strong></span> <span class='ocrx_word' id='word_1_216' title='bbox 1517 2413 1602 2477; x_wconf 92' lang='lat' dir='ltr'><strong>enim</strong></span> 
     </span>
     <span class='ocr_line' id='line_1_23' title="bbox 275 2506 1602 2592; baseline -0.005 -16"><span class='ocrx_word' id='word_1_217' title='bbox 275 2511 382 2576; x_wconf 85' lang='lat' dir='ltr'><strong>minus</strong></span> <span class='ocrx_word' id='word_1_218' title='bbox 403 2509 542 2572; x_wconf 87' lang='lat' dir='ltr'><strong>libenter</strong></span> <span class='ocrx_word' id='word_1_219' title='bbox 563 2507 603 2570; x_wconf 87' lang='lat' dir='ltr'><strong>do</strong></span> <span class='ocrx_word' id='word_1_220' title='bbox 626 2506 756 2570; x_wconf 79' lang='lat' dir='ltr'><strong>Sthenio</strong></span> <span class='ocrx_word' id='word_1_221' title='bbox 778 2528 1008 2584; x_wconf 87' lang='lat' dir='ltr'><strong>commemoro,</strong></span> <span class='ocrx_word' id='word_1_222' title='bbox 1037 2509 1117 2572; x_wconf 89' lang='lat' dir='ltr'><strong>nihil</strong></span> <span class='ocrx_word' id='word_1_223' title='bbox 1139 2509 1225 2572; x_wconf 88' lang='lat' dir='ltr'><strong>aliud</strong></span> <span class='ocrx_word' id='word_1_224' title='bbox 1246 2510 1280 2573; x_wconf 93' lang='lat' dir='ltr'><strong>in</strong></span> <span class='ocrx_word' id='word_1_225' title='bbox 1302 2527 1358 2583; x_wconf 91' lang='lat' dir='ltr'><strong>eo,</strong></span> <span class='ocrx_word' id='word_1_226' title='bbox 1387 2509 1474 2592; x_wconf 89' lang='lat' dir='ltr'><strong>quod</strong></span> <span class='ocrx_word' id='word_1_227' title='bbox 1495 2527 1602 2591; x_wconf 87' lang='lat' dir='ltr'><strong>repre·</strong></span> 
     </span>
     <span class='ocr_line' id='line_1_24' title="bbox 274 2600 1601 2687; baseline -0.002 -18"><span class='ocrx_word' id='word_1_228' title='bbox 274 2603 373 2669; x_wconf 90' lang='lat' dir='ltr'><strong>hendi</strong></span> <span class='ocrx_word' id='word_1_229' title='bbox 395 2602 512 2687; x_wconf 90' lang='lat' dir='ltr'><strong>possit,</strong></span> <span class='ocrx_word' id='word_1_230' title='bbox 534 2600 677 2676; x_wconf 89' lang='lat' dir='ltr'><strong>invenio,</strong></span> <span class='ocrx_word' id='word_1_231' title='bbox 698 2601 761 2664; x_wconf 92' lang='lat' dir='ltr'><strong>nisi</strong></span> <span class='ocrx_word' id='word_1_232' title='bbox 784 2602 870 2685; x_wconf 90' lang='lat' dir='ltr'><strong>quod</strong></span> <span class='ocrx_word' id='word_1_233' title='bbox 890 2601 987 2665; x_wconf 92' lang='lat' dir='ltr'><strong>homo</strong></span> <span class='ocrx_word' id='word_1_234' title='bbox 1008 2602 1241 2686; x_wconf 76' lang='lat' dir='ltr'><strong>frngalissimus</strong></span> <span class='ocrx_word' id='word_1_235' title='bbox 1261 2609 1357 2687; x_wconf 90' lang='lat' dir='ltr'><strong>atque</strong></span> <span class='ocrx_word' id='word_1_236' title='bbox 1380 2602 1601 2685; x_wconf 76' lang='lat' dir='ltr'><strong>integerrimus</strong></span> 
     </span>
     <span class='ocr_line' id='line_1_25' title="bbox 275 2694 1602 2790; baseline -0.004 -28"><span class='ocrx_word' id='word_1_237' title='bbox 275 2705 325 2773; x_wconf 89' lang='lat' dir='ltr'><strong>te,</strong></span> <span class='ocrx_word' id='word_1_238' title='bbox 352 2696 515 2762; x_wconf 86' lang='lat' dir='ltr'><strong>hominem</strong></span> <span class='ocrx_word' id='word_1_239' title='bbox 536 2694 668 2778; x_wconf 87' lang='lat' dir='ltr'><strong>plenum</strong></span> <span class='ocrx_word' id='word_1_240' title='bbox 690 2696 807 2778; x_wconf 83' lang='lat' dir='ltr'><strong>stupri,</strong></span> <span class='ocrx_word' id='word_1_241' title='bbox 836 2696 966 2778; x_wconf 73' lang='lat' dir='ltr'><strong>flagitii,</strong></span> <span class='ocrx_word' id='word_1_242' title='bbox 994 2696 1141 2772; x_wconf 90' lang='lat' dir='ltr'><strong>sceleris,</strong></span> <span class='ocrx_word' id='word_1_243' title='bbox 1171 2698 1301 2760; x_wconf 91' lang='lat' dir='ltr'><strong>domum</strong></span> <span class='ocrx_word' id='word_1_244' title='bbox 1329 2716 1419 2760; x_wconf 91' lang='lat' dir='ltr'><strong>suam</strong></span> <span class='ocrx_word' id='word_1_245' title='bbox 1439 2695 1602 2790; x_wconf 67' lang='lat' dir='ltr'><strong>invitarit5</strong></span> 
     </span>
    </p>

    <p class='ocr_par' dir='ltr' id='par_1_5' title="bbox 236 2788 1601 3632">
     <span class='ocr_line' id='line_1_26' title="bbox 238 2788 1601 2874; baseline -0.001 -19"><span class='ocrx_word' id='word_1_246' title='bbox 238 2791 339 2856; x_wconf 60' lang='lat' dir='ltr'><strong>tinisi</strong></span> <span class='ocrx_word' id='word_1_247' title='bbox 363 2790 465 2874; x_wconf 85' lang='lat' dir='ltr'><strong>quod,</strong></span> <span class='ocrx_word' id='word_1_248' title='bbox 488 2789 545 2873; x_wconf 85' lang='lat' dir='ltr'><strong>qui</strong></span> <span class='ocrx_word' id='word_1_249' title='bbox 567 2788 600 2852; x_wconf 88' lang='lat' dir='ltr'><strong>C.</strong></span> <span class='ocrx_word' id='word_1_250' title='bbox 623 2789 730 2864; x_wconf 82' lang='lat' dir='ltr'><strong>Marii,</strong></span> <span class='ocrx_word' id='word_1_251' title='bbox 754 2788 809 2853; x_wconf 85' lang='lat' dir='ltr'><strong>Cn.</strong></span> <span class='ocrx_word' id='word_1_252' title='bbox 831 2788 986 2872; x_wconf 87' lang='lat' dir='ltr'><strong>Pompeii,</strong></span> <span class='ocrx_word' id='word_1_253' title='bbox 1010 2791 1043 2852; x_wconf 86' lang='lat' dir='ltr'><strong>C.</strong></span> <span class='ocrx_word' id='word_1_254' title='bbox 1058 2791 1218 2867; x_wconf 89' lang='lat' dir='ltr'><strong>ldaroelli,</strong></span> <span class='ocrx_word' id='word_1_255' title='bbox 1239 2791 1275 2854; x_wconf 87' lang='lat' dir='ltr'><strong>L.</strong></span> <span class='ocrx_word' id='word_1_256' title='bbox 1292 2791 1461 2865; x_wconf 89' lang='lat' dir='ltr'><strong>Sisennae,</strong></span> <span class='ocrx_word' id='word_1_257' title='bbox 1484 2789 1531 2853; x_wconf 90' lang='lat' dir='ltr'><strong>tui</strong></span> <span class='ocrx_word' id='word_1_258' title='bbox 1546 2789 1601 2854; x_wconf 91' lang='lat' dir='ltr'><strong>de-</strong></span> 
     </span>
     <span class='ocr_line' id='line_1_27' title="bbox 274 2881 1601 2971; baseline -0.002 -23"><span class='ocrx_word' id='word_1_259' title='bbox 274 2883 427 2961; x_wconf 75' lang='lat' dir='ltr'><strong>fensoris,</strong></span> <span class='ocrx_word' id='word_1_260' title='bbox 449 2890 626 2949; x_wconf 87' lang='lat' dir='ltr'><strong>ceterorum</strong></span> <span class='ocrx_word' id='word_1_261' title='bbox 640 2883 781 2946; x_wconf 78' lang='lat' dir='ltr'><strong>virorum</strong></span> <span class='ocrx_word' id='word_1_262' title='bbox 801 2881 1046 2947; x_wconf 84' lang='lat' dir='ltr'><strong>fortissimorum</strong></span> <span class='ocrx_word' id='word_1_263' title='bbox 1067 2884 1185 2970; x_wconf 88' lang='lat' dir='ltr'><strong>hospes</strong></span> <span class='ocrx_word' id='word_1_264' title='bbox 1202 2883 1317 2948; x_wconf 83' lang='lat' dir='ltr'><strong>suisset</strong></span> <span class='ocrx_word' id='word_1_265' title='bbox 1332 2892 1428 2971; x_wconf 90' lang='lat' dir='ltr'><strong>atque</strong></span> <span class='ocrx_word' id='word_1_266' title='bbox 1443 2890 1538 2959; x_wconf 91' lang='lat' dir='ltr'><strong>esset,</strong></span> <span class='ocrx_word' id='word_1_267' title='bbox 1560 2883 1601 2948; x_wconf 86' lang='lat' dir='ltr'><strong>ad</strong></span> 
     </span>
     <span class='ocr_line' id='line_1_28' title="bbox 275 2975 1598 3064; baseline -0.002 -22"><span class='ocrx_word' id='word_1_268' title='bbox 275 2999 349 3044; x_wconf 90' lang='lat' dir='ltr'><strong>eum</strong></span> <span class='ocrx_word' id='word_1_269' title='bbox 378 2998 545 3044; x_wconf 87' lang='lat' dir='ltr'><strong>numerum</strong></span> <span class='ocrx_word' id='word_1_270' title='bbox 568 2976 812 3042; x_wconf 87' lang='lat' dir='ltr'><strong>clarissimorum</strong></span> <span class='ocrx_word' id='word_1_271' title='bbox 832 2976 997 3040; x_wconf 88' lang='lat' dir='ltr'><strong>hominum</strong></span> <span class='ocrx_word' id='word_1_272' title='bbox 1019 2984 1108 3042; x_wconf 88' lang='lat' dir='ltr'><strong>tuum</strong></span> <span class='ocrx_word' id='word_1_273' title='bbox 1132 2997 1263 3064; x_wconf 83' lang='lat' dir='ltr'><strong>quoque</strong></span> <span class='ocrx_word' id='word_1_274' title='bbox 1285 2997 1402 3043; x_wconf 90' lang='lat' dir='ltr'><strong>nomen</strong></span> <span class='ocrx_word' id='word_1_275' title='bbox 1423 2975 1598 3061; x_wconf 86' lang='lat' dir='ltr'><strong>adscripsit</strong></span> 
     </span>
     <span class='ocr_line' id='line_1_29' title="bbox 274 3067 1601 3155; baseline -0.001 -19"><span class='ocrx_word' id='word_1_276' title='bbox 274 3067 347 3136; x_wconf 87' lang='lat' dir='ltr'><strong>tlt.</strong></span> <span class='ocrx_word' id='word_1_277' title='bbox 371 3073 477 3149; x_wconf 87' lang='lat' dir='ltr'><strong>Quare</strong></span> <span class='ocrx_word' id='word_1_278' title='bbox 499 3073 539 3136; x_wconf 88' lang='lat' dir='ltr'><strong>dc</strong></span> <span class='ocrx_word' id='word_1_279' title='bbox 559 3071 699 3155; x_wconf 85' lang='lat' dir='ltr'><strong>bospitio</strong></span> <span class='ocrx_word' id='word_1_280' title='bbox 720 3071 837 3136; x_wconf 89' lang='lat' dir='ltr'><strong>violato</strong></span> <span class='ocrx_word' id='word_1_281' title='bbox 860 3071 953 3134; x_wconf 90' lang='lat' dir='ltr'><strong>etde</strong></span> <span class='ocrx_word' id='word_1_282' title='bbox 975 3079 1030 3136; x_wconf 90' lang='lat' dir='ltr'><strong>tuo</strong></span> <span class='ocrx_word' id='word_1_283' title='bbox 1051 3072 1113 3137; x_wconf 91' lang='lat' dir='ltr'><strong>isto</strong></span> <span class='ocrx_word' id='word_1_284' title='bbox 1135 3073 1256 3137; x_wconf 78' lang='lat' dir='ltr'><strong>nefario</strong></span> <span class='ocrx_word' id='word_1_285' title='bbox 1277 3071 1397 3137; x_wconf 88' lang='lat' dir='ltr'><strong>scelere</strong></span> <span class='ocrx_word' id='word_1_286' title='bbox 1419 3069 1500 3134; x_wconf 91' lang='lat' dir='ltr'><strong>nihil</strong></span> <span class='ocrx_word' id='word_1_287' title='bbox 1522 3091 1601 3154; x_wconf 90' lang='lat' dir='ltr'><strong>qne·</strong></span> 
     </span>
     <span class='ocr_line' id='line_1_30' title="bbox 274 3164 1600 3249; baseline -0.004 -17"><span class='ocrx_word' id='word_1_288' title='bbox 274 3189 345 3232; x_wconf 86' lang='lat' dir='ltr'><strong>nor:</strong></span> <span class='ocrx_word' id='word_1_289' title='bbox 366 3169 428 3232; x_wconf 90' lang='lat' dir='ltr'><strong>hoc</strong></span> <span class='ocrx_word' id='word_1_290' title='bbox 449 3169 521 3232; x_wconf 90' lang='lat' dir='ltr'><strong>dico</strong></span> <span class='ocrx_word' id='word_1_291' title='bbox 535 3201 577 3215; x_wconf 97' lang='lat'><em>-</em></span> <span class='ocrx_word' id='word_1_292' title='bbox 591 3186 656 3230; x_wconf 89' lang='lat' dir='ltr'><strong>non</strong></span> <span class='ocrx_word' id='word_1_293' title='bbox 676 3164 731 3242; x_wconf 90' lang='lat' dir='ltr'><strong>iis,</strong></span> <span class='ocrx_word' id='word_1_294' title='bbox 754 3165 810 3249; x_wconf 86' lang='lat' dir='ltr'><strong>qui</strong></span> <span class='ocrx_word' id='word_1_295' title='bbox 833 3165 1000 3230; x_wconf 88' lang='lat' dir='ltr'><strong>Sthenium</strong></span> <span class='ocrx_word' id='word_1_296' title='bbox 1021 3172 1148 3242; x_wconf 91' lang='lat' dir='ltr'><strong>norunt,</strong></span> <span class='ocrx_word' id='word_1_297' title='bbox 1168 3167 1229 3231; x_wconf 92' lang='lat' dir='ltr'><strong>hoc</strong></span> <span class='ocrx_word' id='word_1_298' title='bbox 1251 3174 1315 3242; x_wconf 91' lang='lat' dir='ltr'><strong>est,</strong></span> <span class='ocrx_word' id='word_1_299' title='bbox 1337 3165 1458 3230; x_wconf 91' lang='lat' dir='ltr'><strong>nemini</strong></span> <span class='ocrx_word' id='word_1_300' title='bbox 1481 3183 1600 3240; x_wconf 89' lang='lat' dir='ltr'><strong>eorum,</strong></span> 
     </span>
     <span class='ocr_line' id='line_1_31' title="bbox 236 3259 1601 3348; baseline -0.004 -20"><span class='ocrx_word' id='word_1_301' title='bbox 236 3263 334 3348; x_wconf 63' lang='lat' dir='ltr'><strong>oqui,</strong></span> <span class='ocrx_word' id='word_1_302' title='bbox 353 3263 388 3328; x_wconf 90' lang='lat' dir='ltr'><strong>in</strong></span> <span class='ocrx_word' id='word_1_303' title='bbox 409 3261 519 3327; x_wconf 92' lang='lat' dir='ltr'><strong>Sicilia</strong></span> <span class='ocrx_word' id='word_1_304' title='bbox 538 3260 683 3325; x_wconf 87' lang='lat' dir='ltr'><strong>fuerunt:</strong></span> <span class='ocrx_word' id='word_1_305' title='bbox 705 3279 799 3324; x_wconf 90' lang='lat' dir='ltr'><strong>nemo</strong></span> <span class='ocrx_word' id='word_1_306' title='bbox 815 3260 900 3324; x_wconf 90' lang='lat' dir='ltr'><strong>enim</strong></span> <span class='ocrx_word' id='word_1_307' title='bbox 918 3261 1059 3344; x_wconf 80' lang='lat' dir='ltr'><strong>ignorat,</strong></span> <span class='ocrx_word' id='word_1_308' title='bbox 1083 3281 1147 3344; x_wconf 87' lang='lat' dir='ltr'><strong>quo</strong></span> <span class='ocrx_word' id='word_1_309' title='bbox 1161 3261 1216 3324; x_wconf 91' lang='lat' dir='ltr'><strong>hic</strong></span> <span class='ocrx_word' id='word_1_310' title='bbox 1230 3262 1265 3325; x_wconf 89' lang='lat' dir='ltr'><strong>in</strong></span> <span class='ocrx_word' id='word_1_311' title='bbox 1279 3261 1406 3326; x_wconf 88' lang='lat' dir='ltr'><strong>civitate</strong></span> <span class='ocrx_word' id='word_1_312' title='bbox 1421 3278 1480 3324; x_wconf 90' lang='lat' dir='ltr'><strong>sua</strong></span> <span class='ocrx_word' id='word_1_313' title='bbox 1494 3259 1601 3343; x_wconf 89' lang='lat' dir='ltr'><strong>splen·</strong></span> 
     </span>
     <span class='ocr_line' id='line_1_32' title="bbox 274 3351 1600 3444; baseline -0.004 -24"><span class='ocrx_word' id='word_1_314' title='bbox 274 3357 369 3435; x_wconf 90' lang='lat' dir='ltr'><strong>dore,</strong></span> <span class='ocrx_word' id='word_1_315' title='bbox 398 3378 463 3444; x_wconf 80' lang='lat' dir='ltr'><strong>qua</strong></span> <span class='ocrx_word' id='word_1_316' title='bbox 492 3355 577 3440; x_wconf 92' lang='lat' dir='ltr'><strong>apud</strong></span> <span class='ocrx_word' id='word_1_317' title='bbox 607 3375 717 3421; x_wconf 89' lang='lat' dir='ltr'><strong>omnes</strong></span> <span class='ocrx_word' id='word_1_318' title='bbox 740 3355 865 3420; x_wconf 88' lang='lat' dir='ltr'><strong>Siculos</strong></span> <span class='ocrx_word' id='word_1_319' title='bbox 888 3355 1041 3440; x_wconf 84' lang='lat' dir='ltr'><strong>dignitate</strong></span> <span class='ocrx_word' id='word_1_320' title='bbox 1062 3363 1159 3440; x_wconf 75' lang='grc'><strong>4443444</strong></span> <span class='ocrx_word' id='word_1_321' title='bbox 1181 3356 1414 3420; x_wconf 84' lang='lat' dir='ltr'><strong>existimatione</strong></span> <span class='ocrx_word' id='word_1_322' title='bbox 1437 3353 1498 3416; x_wconf 87' lang='lat' dir='ltr'><strong>sit:</strong></span> <span class='ocrx_word' id='word_1_323' title='bbox 1527 3351 1600 3428; x_wconf 90' lang='lat' dir='ltr'><strong>sed,</strong></span> 
     </span>
     <span class='ocr_line' id='line_1_33' title="bbox 273 3448 1600 3537; baseline -0.004 -21"><span class='ocrx_word' id='word_1_324' title='bbox 273 3459 311 3516; x_wconf 85' lang='lat' dir='ltr'><strong>ut</strong></span> <span class='ocrx_word' id='word_1_325' title='bbox 331 3451 379 3516; x_wconf 94' lang='lat' dir='ltr'><strong>illi</strong></span> <span class='ocrx_word' id='word_1_326' title='bbox 401 3470 549 3537; x_wconf 88' lang='lat' dir='ltr'><strong>quoqne,</strong></span> <span class='ocrx_word' id='word_1_327' title='bbox 572 3450 629 3534; x_wconf 87' lang='lat' dir='ltr'><strong>qui</strong></span> <span class='ocrx_word' id='word_1_328' title='bbox 650 3449 684 3512; x_wconf 92' lang='lat' dir='ltr'><strong>in</strong></span> <span class='ocrx_word' id='word_1_329' title='bbox 706 3468 745 3515; x_wconf 89' lang='lat' dir='ltr'><strong>ea</strong></span> <span class='ocrx_word' id='word_1_330' title='bbox 765 3449 929 3532; x_wconf 85' lang='lat' dir='ltr'><strong>provincia</strong></span> <span class='ocrx_word' id='word_1_331' title='bbox 950 3469 1016 3514; x_wconf 92' lang='lat' dir='ltr'><strong>non</strong></span> <span class='ocrx_word' id='word_1_332' title='bbox 1036 3449 1183 3525; x_wconf 85' lang='lat' dir='ltr'><strong>luerunt,</strong></span> <span class='ocrx_word' id='word_1_333' title='bbox 1205 3451 1382 3534; x_wconf 75' lang='lat' dir='ltr'><strong>intelligere</strong></span> <span class='ocrx_word' id='word_1_334' title='bbox 1403 3448 1544 3531; x_wconf 88' lang='lat' dir='ltr'><strong>possint,</strong></span> <span class='ocrx_word' id='word_1_335' title='bbox 1566 3448 1600 3511; x_wconf 92' lang='lat' dir='ltr'><strong>in</strong></span> 
     </span>
     <span class='ocr_line' id='line_1_34' title="bbox 273 3541 1600 3632; baseline -0.005 -20"><span class='ocrx_word' id='word_1_336' title='bbox 273 3566 339 3632; x_wconf 86' lang='lat' dir='ltr'><strong>quo</strong></span> <span class='ocrx_word' id='word_1_337' title='bbox 360 3545 491 3614; x_wconf 87' lang='lat' dir='ltr'><strong>homine</strong></span> <span class='ocrx_word' id='word_1_338' title='bbox 513 3543 661 3610; x_wconf 87' lang='lat' dir='ltr'><strong>statueris</strong></span> <span class='ocrx_word' id='word_1_339' title='bbox 683 3543 865 3628; x_wconf 84' lang='lat' dir='ltr'><strong>exemplum</strong></span> <span class='ocrx_word' id='word_1_340' title='bbox 887 3544 1072 3621; x_wconf 87' lang='lat' dir='ltr'><strong>eiusmodi,</strong></span> <span class='ocrx_word' id='word_1_341' title='bbox 1093 3543 1182 3629; x_wconf 86' lang='lat' dir='ltr'><strong>quod</strong></span> <span class='ocrx_word' id='word_1_342' title='bbox 1203 3565 1276 3610; x_wconf 92' lang='lat' dir='ltr'><strong>cum</strong></span> <span class='ocrx_word' id='word_1_343' title='bbox 1297 3550 1427 3630; x_wconf 90' lang='lat' dir='ltr'><strong>propter</strong></span> <span class='ocrx_word' id='word_1_344' title='bbox 1448 3541 1600 3626; x_wconf 84' lang='lat' dir='ltr'><strong>iniquita·</strong></span> 
     </span>
    </p>
   </div>
   <div class='ocr_carea' id='block_1_3' title="bbox 235 3803 1600 5150">
    <p class='ocr_par' dir='ltr' id='par_1_6' title="bbox 270 3803 1600 4624">
     <span class='ocr_line' id='line_1_35' title="bbox 339 3803 1600 3878; baseline 0.001 -18"><span class='ocrx_word' id='word_1_345' title='bbox 339 3809 364 3859; x_wconf 88' lang='lat' dir='ltr'><strong>t.</strong></span> <span class='ocrx_word' id='word_1_346' title='bbox 381 3808 429 3872; x_wconf 82' lang='lat' dir='ltr'><strong>ipat</strong></span> <span class='ocrx_word' id='word_1_347' title='bbox 445 3806 513 3871; x_wconf 80' lang='grc'><strong>4344</strong></span> <span class='ocrx_word' id='word_1_348' title='bbox 532 3805 593 3857; x_wconf 87' lang='lat' dir='ltr'><strong>edd.</strong></span> <span class='ocrx_word' id='word_1_349' title='bbox 612 3806 673 3856; x_wconf 88' lang='lat' dir='ltr'><strong>ante</strong></span> <span class='ocrx_word' id='word_1_350' title='bbox 689 3803 761 3856; x_wconf 68' lang='lat' dir='ltr'><strong>illd:</strong></span> <span class='ocrx_word' id='word_1_351' title='bbox 780 3805 832 3868; x_wconf 76' lang='lat' dir='ltr'><strong>ipse</strong></span> <span class='ocrx_word' id='word_1_352' title='bbox 848 3806 894 3857; x_wconf 90' lang='lat' dir='ltr'><strong>ctt.</strong></span> <span class='ocrx_word' id='word_1_353' title='bbox 914 3806 946 3867; x_wconf 88' lang='lat'><strong>0,</strong></span> <span class='ocrx_word' id='word_1_354' title='bbox 966 3806 1037 3870; x_wconf 84' lang='lat' dir='ltr'><strong>quod</strong></span> <span class='ocrx_word' id='word_1_355' title='bbox 1054 3806 1081 3856; x_wconf 92' lang='lat' dir='ltr'><strong>h.</strong></span> <span class='ocrx_word' id='word_1_356' title='bbox 1094 3804 1112 3856; x_wconf 92' lang='lat' dir='ltr'><strong>l.</strong></span> <span class='ocrx_word' id='word_1_357' title='bbox 1131 3818 1184 3856; x_wconf 92' lang='lat' dir='ltr'><strong>non</strong></span> <span class='ocrx_word' id='word_1_358' title='bbox 1201 3805 1289 3858; x_wconf 86' lang='lat' dir='ltr'><strong>minus</strong></span> <span class='ocrx_word' id='word_1_359' title='bbox 1305 3809 1398 3872; x_wconf 87' lang='lat' dir='ltr'><strong>aptum</strong></span> <span class='ocrx_word' id='word_1_360' title='bbox 1415 3810 1442 3862; x_wconf 87' lang='lat' dir='ltr'><strong>st</strong></span> <span class='ocrx_word' id='word_1_361' title='bbox 1459 3809 1530 3878; x_wconf 89' lang='lat' dir='ltr'><strong>apud</strong></span> <span class='ocrx_word' id='word_1_362' title='bbox 1541 3807 1600 3861; x_wconf 78' lang='lat' dir='ltr'><strong>Tul·</strong></span> 
     </span>
     <span class='ocr_line' id='line_1_36' title="bbox 274 3878 1597 3950; baseline 0.002 -17"><span class='ocrx_word' id='word_1_363' title='bbox 274 3883 330 3933; x_wconf 91' lang='lat' dir='ltr'><strong>ium</strong></span> <span class='ocrx_word' id='word_1_364' title='bbox 349 3883 412 3935; x_wconf 89' lang='lat' dir='ltr'><strong>satis</strong></span> <span class='ocrx_word' id='word_1_365' title='bbox 429 3884 556 3934; x_wconf 86' lang='lat' dir='ltr'><strong>usitatum</strong></span> <span class='ocrx_word' id='word_1_366' title='bbox 574 3882 623 3932; x_wconf 88' lang='lat' dir='ltr'><strong>cst.</strong></span> <span class='ocrx_word' id='word_1_367' title='bbox 643 3879 675 3931; x_wconf 86' lang='lat' dir='ltr'><strong>ct.</strong></span> <span class='ocrx_word' id='word_1_368' title='bbox 689 3879 803 3944; x_wconf 75' lang='lat' dir='ltr'><strong>Seyffert</strong></span> <span class='ocrx_word' id='word_1_369' title='bbox 820 3879 854 3929; x_wconf 93' lang='lat' dir='ltr'><strong>ad</strong></span> <span class='ocrx_word' id='word_1_370' title='bbox 871 3878 940 3930; x_wconf 89' lang='lat' dir='ltr'><strong>Lacl.</strong></span> <span class='ocrx_word' id='word_1_371' title='bbox 960 3893 986 3944; x_wconf 93' lang='lat' dir='ltr'><strong>p.</strong></span> <span class='ocrx_word' id='word_1_372' title='bbox 1000 3879 1043 3935; x_wconf 88' lang='grc'><strong>44.</strong></span> <span class='ocrx_word' id='word_1_373' title='bbox 1060 3906 1087 3918; x_wconf 93' lang='lat'><strong>—-</strong></span> <span class='ocrx_word' id='word_1_374' title='bbox 1106 3881 1130 3931; x_wconf 87' lang='grc'><strong>4.</strong></span> <span class='ocrx_word' id='word_1_375' title='bbox 1150 3879 1268 3931; x_wconf 80' lang='lat' dir='ltr'><strong>Claudias</strong></span> <span class='ocrx_word' id='word_1_376' title='bbox 1284 3880 1369 3946; x_wconf 74' lang='lat' dir='ltr'><strong>Lgiiz</strong></span> <span class='ocrx_word' id='word_1_377' title='bbox 1389 3882 1487 3935; x_wconf 77' lang='grc'><strong>04444444</strong></span> <span class='ocrx_word' id='word_1_378' title='bbox 1502 3882 1597 3950; x_wconf 82' lang='lat' dir='ltr'><strong>pleriq.</strong></span> 
     </span>
     <span class='ocr_line' id='line_1_37' title="bbox 273 3953 1600 4020; baseline 0.002 -12"><span class='ocrx_word' id='word_1_379' title='bbox 273 3956 352 4008; x_wconf 88' lang='lat' dir='ltr'><strong>codd.</strong></span> <span class='ocrx_word' id='word_1_380' title='bbox 370 3960 537 4009; x_wconf 87' lang='lat' dir='ltr'><strong>Praenomen</strong></span> <span class='ocrx_word' id='word_1_381' title='bbox 554 3957 581 4008; x_wconf 83' lang='lat' dir='ltr'><strong>C.</strong></span> <span class='ocrx_word' id='word_1_382' title='bbox 599 3956 626 4005; x_wconf 88' lang='lat' dir='ltr'><strong>in</strong></span> <span class='ocrx_word' id='word_1_383' title='bbox 642 3955 755 4020; x_wconf 87' lang='lat' dir='ltr'><strong>Zumptii</strong></span> <span class='ocrx_word' id='word_1_384' title='bbox 772 3953 851 4006; x_wconf 91' lang='lat' dir='ltr'><strong>codd.</strong></span> <span class='ocrx_word' id='word_1_385' title='bbox 869 3953 1045 4007; x_wconf 85' lang='lat' dir='ltr'><strong>desideratur.</strong></span> <span class='ocrx_word' id='word_1_386' title='bbox 1065 3981 1093 3993; x_wconf 95' lang='lat'><em>-</em></span> <span class='ocrx_word' id='word_1_387' title='bbox 1113 3955 1137 4007; x_wconf 89' lang='grc'><strong>4.</strong></span> <span class='ocrx_word' id='word_1_388' title='bbox 1160 3955 1268 4006; x_wconf 75' lang='lat' dir='ltr'><strong>obtineat</strong></span> <span class='ocrx_word' id='word_1_389' title='bbox 1283 3954 1331 4008; x_wconf 89' lang='lat' dir='ltr'><strong>dtt.</strong></span> <span class='ocrx_word' id='word_1_390' title='bbox 1352 3983 1379 3994; x_wconf 91' lang='lat'><em>-</em></span> <span class='ocrx_word' id='word_1_391' title='bbox 1401 3959 1426 4010; x_wconf 84' lang='lat' dir='ltr'><strong>b.</strong></span> <span class='ocrx_word' id='word_1_392' title='bbox 1449 3957 1600 4009; x_wconf 70' lang='lat' dir='ltr'><strong>llmarcbtdt</strong></span> 
     </span>
     <span class='ocr_line' id='line_1_38' title="bbox 272 4029 1597 4098; baseline -0.001 -14"><span class='ocrx_word' id='word_1_393' title='bbox 272 4031 341 4096; x_wconf 81' lang='grc'><strong>4344</strong></span> <span class='ocrx_word' id='word_1_394' title='bbox 357 4046 385 4098; x_wconf 88' lang='lat' dir='ltr'><strong>p.</strong></span> <span class='ocrx_word' id='word_1_395' title='bbox 397 4045 451 4084; x_wconf 89' lang='lat' dir='ltr'><strong>m.:</strong></span> <span class='ocrx_word' id='word_1_396' title='bbox 471 4031 633 4082; x_wconf 78' lang='lat' dir='ltr'><strong>ltmorcbtdtt</strong></span> <span class='ocrx_word' id='word_1_397' title='bbox 649 4033 694 4080; x_wconf 90' lang='grc'><strong>444.</strong></span> <span class='ocrx_word' id='word_1_398' title='bbox 711 4031 740 4082; x_wconf 91' lang='grc'><strong>0.</strong></span> <span class='ocrx_word' id='word_1_399' title='bbox 759 4055 785 4066; x_wconf 92' lang='grc'><strong>-</strong></span> <span class='ocrx_word' id='word_1_400' title='bbox 805 4030 930 4082; x_wconf 86' lang='lat' dir='ltr'><strong>Ceterum</strong></span> <span class='ocrx_word' id='word_1_401' title='bbox 947 4031 1141 4083; x_wconf 72' lang='lat' dir='ltr'><strong>deductionem</strong></span> <span class='ocrx_word' id='word_1_402' title='bbox 1158 4033 1214 4082; x_wconf 90' lang='lat' dir='ltr'><strong>toto</strong></span> <span class='ocrx_word' id='word_1_403' title='bbox 1230 4031 1282 4082; x_wconf 91' lang='lat' dir='ltr'><strong>hoc</strong></span> <span class='ocrx_word' id='word_1_404' title='bbox 1299 4029 1357 4084; x_wconf 89' lang='lat' dir='ltr'><strong>loco</strong></span> <span class='ocrx_word' id='word_1_405' title='bbox 1374 4033 1411 4085; x_wconf 87' lang='lat' dir='ltr'><strong>lta</strong></span> <span class='ocrx_word' id='word_1_406' title='bbox 1421 4033 1597 4094; x_wconf 81' lang='lat' dir='ltr'><strong>mutavimus,</strong></span> 
     </span>
     <span class='ocr_line' id='line_1_39' title="bbox 272 4103 1600 4175; baseline 0.002 -17"><span class='ocrx_word' id='word_1_407' title='bbox 272 4110 303 4158; x_wconf 88' lang='lat' dir='ltr'><strong>nt</strong></span> <span class='ocrx_word' id='word_1_408' title='bbox 318 4109 510 4160; x_wconf 88' lang='lat' dir='ltr'><strong>sententiarum</strong></span> <span class='ocrx_word' id='word_1_409' title='bbox 525 4107 592 4157; x_wconf 89' lang='lat' dir='ltr'><strong>ratio</strong></span> <span class='ocrx_word' id='word_1_410' title='bbox 608 4103 731 4171; x_wconf 86' lang='lat' dir='ltr'><strong>postolat.</strong></span> <span class='ocrx_word' id='word_1_411' title='bbox 748 4106 786 4156; x_wconf 88' lang='lat' dir='ltr'><strong>lta</strong></span> <span class='ocrx_word' id='word_1_412' title='bbox 803 4118 858 4156; x_wconf 90' lang='lat' dir='ltr'><strong>non</strong></span> <span class='ocrx_word' id='word_1_413' title='bbox 874 4119 941 4171; x_wconf 87' lang='lat' dir='ltr'><strong>opus</strong></span> <span class='ocrx_word' id='word_1_414' title='bbox 953 4109 995 4159; x_wconf 91' lang='lat' dir='ltr'><strong>est</strong></span> <span class='ocrx_word' id='word_1_415' title='bbox 1003 4107 1033 4173; x_wconf 82' lang='grc'><strong>[4]</strong></span> <span class='ocrx_word' id='word_1_416' title='bbox 1050 4105 1187 4158; x_wconf 85' lang='lat' dir='ltr'><strong>Benedicti</strong></span> <span class='ocrx_word' id='word_1_417' title='bbox 1203 4106 1370 4170; x_wconf 86' lang='lat' dir='ltr'><strong>coniectura,</strong></span> <span class='ocrx_word' id='word_1_418' title='bbox 1388 4107 1435 4172; x_wconf 86' lang='lat' dir='ltr'><strong>qul</strong></span> <span class='ocrx_word' id='word_1_419' title='bbox 1451 4120 1500 4175; x_wconf 90' lang='lat' dir='ltr'><strong>pro</strong></span> <span class='ocrx_word' id='word_1_420' title='bbox 1517 4112 1540 4160; x_wconf 87' lang='lat' dir='ltr'><strong>et</strong></span> <span class='ocrx_word' id='word_1_421' title='bbox 1556 4107 1600 4171; x_wconf 78' lang='lat' dir='ltr'><strong>oui</strong></span> 
     </span>
     <span class='ocr_line' id='line_1_40' title="bbox 271 4178 1598 4248; baseline 0 -16"><span class='ocrx_word' id='word_1_422' title='bbox 271 4183 410 4247; x_wconf 87' lang='lat' dir='ltr'><strong>proposuit</strong></span> <span class='ocrx_word' id='word_1_423' title='bbox 426 4182 511 4247; x_wconf 80' lang='lat' dir='ltr'><strong>otput.</strong></span> <span class='ocrx_word' id='word_1_424' title='bbox 522 4207 550 4218; x_wconf 92' lang='lat'>-</span> <span class='ocrx_word' id='word_1_425' title='bbox 568 4181 593 4232; x_wconf 81' lang='lat'><strong>7.</strong></span> <span class='ocrx_word' id='word_1_426' title='bbox 610 4194 682 4246; x_wconf 79' lang='lat' dir='ltr'><strong>copo.</strong></span> <span class='ocrx_word' id='word_1_427' title='bbox 694 4181 754 4244; x_wconf 79' lang='lat' dir='ltr'><strong>salat</strong></span> <span class='ocrx_word' id='word_1_428' title='bbox 764 4178 833 4244; x_wconf 78' lang='grc'><strong>4344</strong></span> <span class='ocrx_word' id='word_1_429' title='bbox 844 4195 915 4245; x_wconf 85' lang='lat' dir='ltr'><strong>pm.</strong></span> <span class='ocrx_word' id='word_1_430' title='bbox 928 4183 970 4234; x_wconf 84' lang='lat' dir='ltr'><strong>lt:</strong></span> <span class='ocrx_word' id='word_1_431' title='bbox 987 4184 1046 4248; x_wconf 72' lang='lat' dir='ltr'><strong>fatet</strong></span> <span class='ocrx_word' id='word_1_432' title='bbox 1061 4197 1133 4248; x_wconf 82' lang='lat' dir='ltr'><strong>copo.</strong></span> <span class='ocrx_word' id='word_1_433' title='bbox 1146 4185 1183 4244; x_wconf 87' lang='lat' dir='ltr'><strong>N;</strong></span> <span class='ocrx_word' id='word_1_434' title='bbox 1202 4194 1257 4234; x_wconf 88' lang='lat' dir='ltr'><strong>om.</strong></span> <span class='ocrx_word' id='word_1_435' title='bbox 1269 4183 1315 4234; x_wconf 90' lang='lat' dir='ltr'><strong>ctt.</strong></span> <span class='ocrx_word' id='word_1_436' title='bbox 1330 4209 1358 4220; x_wconf 94' lang='lat'>-</span> <span class='ocrx_word' id='word_1_437' title='bbox 1377 4182 1402 4234; x_wconf 81' lang='lat'><strong>8.</strong></span> <span class='ocrx_word' id='word_1_438' title='bbox 1421 4182 1598 4234; x_wconf 78' lang='lat' dir='ltr'><strong>omtctssimton</strong></span> 
     </span>
     <span class='ocr_line' id='line_1_41' title="bbox 271 4255 1597 4323; baseline 0.003 -17"><span class='ocrx_word' id='word_1_439' title='bbox 271 4257 340 4321; x_wconf 83' lang='grc'><strong>4347</strong></span> <span class='ocrx_word' id='word_1_440' title='bbox 350 4256 382 4310; x_wconf 81' lang='grc'><strong>44</strong></span> <span class='ocrx_word' id='word_1_441' title='bbox 394 4271 420 4322; x_wconf 91' lang='lat' dir='ltr'><strong>p.</strong></span> <span class='ocrx_word' id='word_1_442' title='bbox 432 4270 469 4310; x_wconf 89' lang='lat' dir='ltr'><strong>m.</strong></span> <span class='ocrx_word' id='word_1_443' title='bbox 482 4258 524 4310; x_wconf 81' lang='lat' dir='ltr'><strong>bl:</strong></span> <span class='ocrx_word' id='word_1_444' title='bbox 544 4255 653 4307; x_wconf 80' lang='grc'><strong>4444444444</strong></span> <span class='ocrx_word' id='word_1_445' title='bbox 664 4257 709 4306; x_wconf 86' lang='grc'><strong>444.</strong></span> <span class='ocrx_word' id='word_1_446' title='bbox 720 4256 781 4308; x_wconf 92' lang='grc'><strong>0.-</strong></span> <span class='ocrx_word' id='word_1_447' title='bbox 801 4255 825 4306; x_wconf 78' lang='grc'><strong>4.</strong></span> <span class='ocrx_word' id='word_1_448' title='bbox 838 4255 980 4308; x_wconf 79' lang='lat' dir='ltr'><strong>dubitabitis</strong></span> <span class='ocrx_word' id='word_1_449' title='bbox 995 4258 1020 4321; x_wconf 89' lang='grc'><strong>4,</strong></span> <span class='ocrx_word' id='word_1_450' title='bbox 1036 4261 1075 4310; x_wconf 87' lang='lat' dir='ltr'><strong>N:</strong></span> <span class='ocrx_word' id='word_1_451' title='bbox 1093 4258 1211 4309; x_wconf 81' lang='grc'><strong>4444444444</strong></span> <span class='ocrx_word' id='word_1_452' title='bbox 1222 4257 1302 4310; x_wconf 91' lang='lat' dir='ltr'><strong>dtt.-</strong></span> <span class='ocrx_word' id='word_1_453' title='bbox 1322 4258 1362 4309; x_wconf 86' lang='grc'><strong>44.</strong></span> <span class='ocrx_word' id='word_1_454' title='bbox 1376 4257 1519 4310; x_wconf 77' lang='lat' dir='ltr'><strong>dubitabitis</strong></span> <span class='ocrx_word' id='word_1_455' title='bbox 1528 4258 1597 4323; x_wconf 78' lang='grc'><strong>43444</strong></span> 
     </span>
     <span class='ocr_line' id='line_1_42' title="bbox 270 4331 1596 4400; baseline -0.002 -15"><span class='ocrx_word' id='word_1_456' title='bbox 270 4334 339 4385; x_wconf 77' lang='lat' dir='ltr'><strong>AB:</strong></span> <span class='ocrx_word' id='word_1_457' title='bbox 357 4333 474 4386; x_wconf 80' lang='grc'><strong>4444444444</strong></span> <span class='ocrx_word' id='word_1_458' title='bbox 490 4331 559 4397; x_wconf 82' lang='grc'><strong>4344</strong></span> <span class='ocrx_word' id='word_1_459' title='bbox 571 4332 651 4384; x_wconf 89' lang='lat' dir='ltr'><strong>dtt.—</strong></span> <span class='ocrx_word' id='word_1_460' title='bbox 671 4334 710 4384; x_wconf 87' lang='grc'><strong>44.</strong></span> <span class='ocrx_word' id='word_1_461' title='bbox 728 4346 778 4383; x_wconf 83' lang='lat' dir='ltr'><strong>aon</strong></span> <span class='ocrx_word' id='word_1_462' title='bbox 790 4332 855 4395; x_wconf 75' lang='lat' dir='ltr'><strong>qood</strong></span> <span class='ocrx_word' id='word_1_463' title='bbox 871 4332 1155 4400; x_wconf 64' lang='lat' dir='ltr'><strong>transcampana</strong></span> <span class='ocrx_word' id='word_1_464' title='bbox 1168 4334 1290 4386; x_wconf 81' lang='lat' dir='ltr'><strong>etlttasse</strong></span> <span class='ocrx_word' id='word_1_465' title='bbox 1303 4333 1429 4399; x_wconf 75' lang='lat' dir='ltr'><strong>pror.-</strong></span> <span class='ocrx_word' id='word_1_466' title='bbox 1448 4331 1489 4394; x_wconf 78' lang='grc'><strong>44.</strong></span> <span class='ocrx_word' id='word_1_467' title='bbox 1501 4332 1556 4384; x_wconf 81' lang='lat' dir='ltr'><strong>tom</strong></span> <span class='ocrx_word' id='word_1_468' title='bbox 1566 4331 1596 4385; x_wconf 87' lang='lat' dir='ltr'><strong>l:</strong></span> 
     </span>
     <span class='ocr_line' id='line_1_43' title="bbox 271 4405 1599 4474; baseline -0.001 -15"><span class='ocrx_word' id='word_1_469' title='bbox 271 4421 325 4459; x_wconf 88' lang='lat' dir='ltr'><strong>orn.</strong></span> <span class='ocrx_word' id='word_1_470' title='bbox 344 4410 389 4462; x_wconf 89' lang='lat' dir='ltr'><strong>ctt.</strong></span> <span class='ocrx_word' id='word_1_471' title='bbox 410 4435 438 4444; x_wconf 90' lang='lat'>-</span> <span class='ocrx_word' id='word_1_472' title='bbox 457 4409 498 4460; x_wconf 82' lang='grc'><strong>44.</strong></span> <span class='ocrx_word' id='word_1_473' title='bbox 516 4407 661 4470; x_wconf 70' lang='lat' dir='ltr'><strong>aliquem</strong></span> <span class='ocrx_word' id='word_1_474' title='bbox 677 4408 695 4458; x_wconf 86' lang='lat' dir='ltr'>F</span> <span class='ocrx_word' id='word_1_475' title='bbox 713 4408 740 4458; x_wconf 91' lang='lat' dir='ltr'><strong>et</strong></span> <span class='ocrx_word' id='word_1_476' title='bbox 751 4405 819 4471; x_wconf 82' lang='grc'><strong>4344</strong></span> <span class='ocrx_word' id='word_1_477' title='bbox 831 4419 871 4472; x_wconf 89' lang='lat' dir='ltr'><strong>pr.</strong></span> <span class='ocrx_word' id='word_1_478' title='bbox 882 4419 919 4458; x_wconf 88' lang='lat' dir='ltr'><strong>m.</strong></span> <span class='ocrx_word' id='word_1_479' title='bbox 932 4436 959 4446; x_wconf 94' lang='lat'><em>-</em></span> <span class='ocrx_word' id='word_1_480' title='bbox 979 4410 1019 4460; x_wconf 90' lang='grc'><strong>46.</strong></span> <span class='ocrx_word' id='word_1_481' title='bbox 1038 4410 1180 4462; x_wconf 77' lang='grc'><strong>4444444444</strong></span> <span class='ocrx_word' id='word_1_482' title='bbox 1195 4410 1339 4474; x_wconf 71' lang='grc'><strong>43494444</strong></span> <span class='ocrx_word' id='word_1_483' title='bbox 1357 4407 1477 4462; x_wconf 62' lang='lat' dir='ltr'><strong>amuco</strong></span> <span class='ocrx_word' id='word_1_484' title='bbox 1492 4406 1561 4472; x_wconf 81' lang='grc'><strong>4344</strong></span> <span class='ocrx_word' id='word_1_485' title='bbox 1573 4406 1599 4459; x_wconf 87' lang='grc'><strong>44</strong></span> 
     </span>
     <span class='ocr_line' id='line_1_44' title="bbox 270 4481 1600 4550; baseline 0.001 -18"><span class='ocrx_word' id='word_1_486' title='bbox 270 4481 319 4532; x_wconf 90' lang='lat' dir='ltr'><strong>dtt.</strong></span> <span class='ocrx_word' id='word_1_487' title='bbox 340 4507 368 4521; x_wconf 94' lang='lat'><strong>·-</strong></span> <span class='ocrx_word' id='word_1_488' title='bbox 386 4482 427 4534; x_wconf 81' lang='lat' dir='ltr'><strong>ti.</strong></span> <span class='ocrx_word' id='word_1_489' title='bbox 446 4487 470 4534; x_wconf 87' lang='lat' dir='ltr'><strong>et</strong></span> <span class='ocrx_word' id='word_1_490' title='bbox 486 4496 558 4546; x_wconf 77' lang='lat' dir='ltr'><strong>pacem</strong></span> <span class='ocrx_word' id='word_1_491' title='bbox 573 4482 642 4546; x_wconf 77' lang='grc'><strong>4344</strong></span> <span class='ocrx_word' id='word_1_492' title='bbox 658 4497 686 4548; x_wconf 93' lang='lat' dir='ltr'><strong>p.</strong></span> <span class='ocrx_word' id='word_1_493' title='bbox 700 4495 737 4534; x_wconf 87' lang='lat' dir='ltr'><strong>m.</strong></span> <span class='ocrx_word' id='word_1_494' title='bbox 752 4510 781 4519; x_wconf 89' lang='lat'>-</span> <span class='ocrx_word' id='word_1_495' title='bbox 799 4481 839 4534; x_wconf 88' lang='grc'><strong>48.</strong></span> <span class='ocrx_word' id='word_1_496' title='bbox 859 4484 936 4534; x_wconf 76' lang='lat' dir='ltr'><strong>«Post</strong></span> <span class='ocrx_word' id='word_1_497' title='bbox 951 4497 977 4534; x_wconf 83' lang='lat' dir='ltr'><strong>v.</strong></span> <span class='ocrx_word' id='word_1_498' title='bbox 995 4486 1099 4549; x_wconf 72' lang='lat' dir='ltr'><strong>offecbtt</strong></span> <span class='ocrx_word' id='word_1_499' title='bbox 1115 4485 1181 4550; x_wconf 78' lang='lat' dir='ltr'><strong>Flet</strong></span> <span class='ocrx_word' id='word_1_500' title='bbox 1191 4483 1268 4548; x_wconf 78' lang='lat' dir='ltr'><strong>Lgtn)</strong></span> <span class='ocrx_word' id='word_1_501' title='bbox 1281 4483 1369 4535; x_wconf 87' lang='lat' dir='ltr'><strong>addlt:</strong></span> <span class='ocrx_word' id='word_1_502' title='bbox 1389 4496 1461 4547; x_wconf 81' lang='grc'><strong>3444444</strong></span> <span class='ocrx_word' id='word_1_503' title='bbox 1476 4482 1600 4534; x_wconf 82' lang='grc'><strong>4444444444</strong></span> 
     </span>
     <span class='ocr_line' id='line_1_45' title="bbox 270 4556 1599 4624; baseline -0.001 -16"><span class='ocrx_word' id='word_1_504' title='bbox 270 4556 395 4610; x_wconf 82' lang='grc'><strong>4444444444</strong></span> <span class='ocrx_word' id='word_1_505' title='bbox 414 4558 444 4607; x_wconf 83' lang='lat' dir='ltr'><strong>de</strong></span> <span class='ocrx_word' id='word_1_506' title='bbox 467 4558 555 4610; x_wconf 72' lang='grc'><strong>44444444</strong></span> <span class='ocrx_word' id='word_1_507' title='bbox 570 4559 695 4621; x_wconf 62' lang='lat' dir='ltr'><strong>coneptu</strong></span> <span class='ocrx_word' id='word_1_508' title='bbox 710 4570 790 4608; x_wconf 84' lang='grc'><strong>444444</strong></span> <span class='ocrx_word' id='word_1_509' title='bbox 804 4558 932 4623; x_wconf 81' lang='grc'><strong>4444434444</strong></span> <span class='ocrx_word' id='word_1_510' title='bbox 948 4560 1138 4613; x_wconf 71' lang='lat' dir='ltr'><strong>condamnati?</strong></span> <span class='ocrx_word' id='word_1_511' title='bbox 1161 4561 1273 4612; x_wconf 86' lang='lat' dir='ltr'><strong>Videtur</strong></span> <span class='ocrx_word' id='word_1_512' title='bbox 1289 4563 1379 4612; x_wconf 86' lang='lat' dir='ltr'><strong>tamen</strong></span> <span class='ocrx_word' id='word_1_513' title='bbox 1397 4556 1535 4624; x_wconf 85' lang='lat' dir='ltr'><strong>explicatio</strong></span> <span class='ocrx_word' id='word_1_514' title='bbox 1552 4569 1599 4608; x_wconf 89' lang='lat' dir='ltr'><strong>se-</strong></span> 
     </span>
    </p>

    <p class='ocr_par' dir='ltr' id='par_1_7' title="bbox 235 4630 1599 5150">
     <span class='ocr_line' id='line_1_46' title="bbox 235 4630 1597 4700; baseline 0.001 -18"><span class='ocrx_word' id='word_1_515' title='bbox 235 4661 237 4664; x_wconf 92' lang='lat'>·</span> <span class='ocrx_word' id='word_1_516' title='bbox 270 4633 410 4696; x_wconf 59' lang='lat' dir='ltr'><strong>mendum</strong></span> <span class='ocrx_word' id='word_1_517' title='bbox 426 4645 442 4682; x_wconf 89' lang='lat' dir='ltr'><strong>a</strong></span> <span class='ocrx_word' id='word_1_518' title='bbox 459 4631 585 4697; x_wconf 75' lang='lat' dir='ltr'><strong>magistro</strong></span> <span class='ocrx_word' id='word_1_519' title='bbox 602 4630 689 4696; x_wconf 86' lang='lat' dir='ltr'><strong>aliquo</strong></span> <span class='ocrx_word' id='word_1_520' title='bbox 706 4632 734 4684; x_wconf 88' lang='lat' dir='ltr'><strong>in</strong></span> <span class='ocrx_word' id='word_1_521' title='bbox 750 4631 841 4684; x_wconf 87' lang='lat' dir='ltr'><strong>schola</strong></span> <span class='ocrx_word' id='word_1_522' title='bbox 854 4636 1015 4700; x_wconf 81' lang='lat' dir='ltr'><strong>proposita.»</strong></span> <span class='ocrx_word' id='word_1_523' title='bbox 1033 4639 1078 4688; x_wconf 83' lang='lat' dir='ltr'><strong>On.</strong></span> <span class='ocrx_word' id='word_1_524' title='bbox 1091 4639 1111 4690; x_wconf 91' lang='grc'><strong>4.</strong></span> <span class='ocrx_word' id='word_1_525' title='bbox 1126 4663 1154 4675; x_wconf 96' lang='grc'>-</span> <span class='ocrx_word' id='word_1_526' title='bbox 1173 4635 1215 4688; x_wconf 77' lang='lat' dir='ltr'><strong>tl.</strong></span> <span class='ocrx_word' id='word_1_527' title='bbox 1233 4636 1356 4688; x_wconf 81' lang='grc'><strong>4444444444</strong></span> <span class='ocrx_word' id='word_1_528' title='bbox 1372 4647 1426 4686; x_wconf 91' lang='lat' dir='ltr'><strong>om.</strong></span> <span class='ocrx_word' id='word_1_529' title='bbox 1439 4633 1508 4698; x_wconf 79' lang='grc'><strong>4344</strong></span> <span class='ocrx_word' id='word_1_530' title='bbox 1519 4647 1546 4700; x_wconf 91' lang='lat' dir='ltr'><strong>p.</strong></span> <span class='ocrx_word' id='word_1_531' title='bbox 1559 4645 1597 4684; x_wconf 92' lang='lat' dir='ltr'><strong>m.</strong></span> 
     </span>
     <span class='ocr_line' id='line_1_47' title="bbox 273 4707 1598 4774; baseline 0.001 -15"><span class='ocrx_word' id='word_1_532' title='bbox 273 4733 301 4746; x_wconf 89' lang='lat'><strong>-·</strong></span> <span class='ocrx_word' id='word_1_533' title='bbox 319 4707 360 4759; x_wconf 86' lang='grc'><strong>444.</strong></span> <span class='ocrx_word' id='word_1_534' title='bbox 379 4707 424 4760; x_wconf 82' lang='grc'><strong>04.</strong></span> <span class='ocrx_word' id='word_1_535' title='bbox 441 4708 468 4759; x_wconf 88' lang='lat' dir='ltr'><strong>P.</strong></span> <span class='ocrx_word' id='word_1_536' title='bbox 487 4707 572 4771; x_wconf 65' lang='lat' dir='ltr'><strong>mss:</strong></span> <span class='ocrx_word' id='word_1_537' title='bbox 597 4711 621 4759; x_wconf 87' lang='grc'><strong>44</strong></span> <span class='ocrx_word' id='word_1_538' title='bbox 643 4707 687 4760; x_wconf 75' lang='grc'><strong>444.</strong></span> <span class='ocrx_word' id='word_1_539' title='bbox 704 4708 731 4759; x_wconf 85' lang='grc' dir='ltr'><strong>Ρ.</strong></span> <span class='ocrx_word' id='word_1_540' title='bbox 749 4707 843 4774; x_wconf 86' lang='lat' dir='ltr'><strong>pleriq.</strong></span> <span class='ocrx_word' id='word_1_541' title='bbox 861 4709 938 4762; x_wconf 91' lang='lat' dir='ltr'><strong>codd.</strong></span> <span class='ocrx_word' id='word_1_542' title='bbox 958 4738 986 4748; x_wconf 98' lang='lat'><em>-</em></span> <span class='ocrx_word' id='word_1_543' title='bbox 1004 4713 1046 4764; x_wconf 88' lang='grc'><strong>46.</strong></span> <span class='ocrx_word' id='word_1_544' title='bbox 1064 4716 1201 4762; x_wconf 72' lang='lat' dir='ltr'><strong>ceterorum</strong></span> <span class='ocrx_word' id='word_1_545' title='bbox 1219 4710 1297 4763; x_wconf 89' lang='lat' dir='ltr'><strong>codd.</strong></span> <span class='ocrx_word' id='word_1_546' title='bbox 1316 4709 1389 4762; x_wconf 88' lang='lat' dir='ltr'><strong>noti:</strong></span> <span class='ocrx_word' id='word_1_547' title='bbox 1412 4713 1598 4771; x_wconf 68' lang='lat' dir='ltr'><strong>commersque</strong></span> 
     </span>
     <span class='ocr_line' id='line_1_48' title="bbox 271 4781 1598 4850; baseline 0 -16"><span class='ocrx_word' id='word_1_548' title='bbox 271 4783 340 4834; x_wconf 86' lang='grc'><strong>0.-</strong></span> <span class='ocrx_word' id='word_1_549' title='bbox 358 4783 472 4836; x_wconf 76' lang='grc'><strong>4444444444</strong></span> <span class='ocrx_word' id='word_1_550' title='bbox 488 4781 599 4846; x_wconf 72' lang='lat' dir='ltr'><strong>aptas:</strong></span> <span class='ocrx_word' id='word_1_551' title='bbox 617 4795 671 4834; x_wconf 90' lang='lat' dir='ltr'><strong>om.</strong></span> <span class='ocrx_word' id='word_1_552' title='bbox 690 4785 734 4836; x_wconf 90' lang='grc'><strong>444.</strong></span> <span class='ocrx_word' id='word_1_553' title='bbox 754 4809 784 4820; x_wconf 92' lang='lat'><strong>·-</strong></span> <span class='ocrx_word' id='word_1_554' title='bbox 806 4785 848 4836; x_wconf 85' lang='grc'><strong>47.</strong></span> <span class='ocrx_word' id='word_1_555' title='bbox 866 4786 1026 4850; x_wconf 75' lang='lat' dir='ltr'><strong>odsetpscrit</strong></span> <span class='ocrx_word' id='word_1_556' title='bbox 1041 4787 1138 4850; x_wconf 80' lang='grc'><strong>434944</strong></span> <span class='ocrx_word' id='word_1_557' title='bbox 1156 4785 1204 4837; x_wconf 89' lang='lat' dir='ltr'><strong>dtt.</strong></span> <span class='ocrx_word' id='word_1_558' title='bbox 1225 4812 1253 4822; x_wconf 97' lang='lat'><em>-</em></span> <span class='ocrx_word' id='word_1_559' title='bbox 1276 4785 1318 4837; x_wconf 86' lang='grc'><strong>48.</strong></span> <span class='ocrx_word' id='word_1_560' title='bbox 1337 4790 1379 4836; x_wconf 84' lang='lat' dir='ltr'><strong>too</strong></span> <span class='ocrx_word' id='word_1_561' title='bbox 1395 4785 1441 4836; x_wconf 88' lang='grc'><strong>4444</strong></span> <span class='ocrx_word' id='word_1_562' title='bbox 1457 4784 1483 4836; x_wconf 88' lang='grc'><strong>4.</strong></span> <span class='ocrx_word' id='word_1_563' title='bbox 1502 4782 1544 4849; x_wconf 77' lang='lat' dir='ltr'><strong>(cl.</strong></span> <span class='ocrx_word' id='word_1_564' title='bbox 1562 4781 1598 4834; x_wconf 85' lang='lat' dir='ltr'><strong>ad</strong></span> 
     </span>
     <span class='ocr_line' id='line_1_49' title="bbox 270 4853 1598 4926; baseline 0 -18"><span class='ocrx_word' id='word_1_565' title='bbox 270 4857 355 4908; x_wconf 82' lang='lat' dir='ltr'><strong>Dlrln.</strong></span> <span class='ocrx_word' id='word_1_566' title='bbox 374 4857 398 4922; x_wconf 74' lang='lat' dir='ltr'><strong>fl.</strong></span> <span class='ocrx_word' id='word_1_567' title='bbox 418 4857 485 4922; x_wconf 70' lang='lat' dir='ltr'><strong>bil:</strong></span> <span class='ocrx_word' id='word_1_568' title='bbox 502 4858 549 4907; x_wconf 86' lang='grc'><strong>4444</strong></span> <span class='ocrx_word' id='word_1_569' title='bbox 564 4861 608 4916; x_wconf 73' lang='lat' dir='ltr'><strong>taso</strong></span> <span class='ocrx_word' id='word_1_570' title='bbox 624 4857 672 4910; x_wconf 90' lang='lat' dir='ltr'><strong>dtt.</strong></span> <span class='ocrx_word' id='word_1_571' title='bbox 691 4859 720 4909; x_wconf 92' lang='lat'><strong>0.</strong></span> <span class='ocrx_word' id='word_1_572' title='bbox 740 4884 769 4894; x_wconf 92' lang='lat'><em>—</em></span> <span class='ocrx_word' id='word_1_573' title='bbox 788 4859 827 4912; x_wconf 85' lang='grc'><strong>49.</strong></span> <span class='ocrx_word' id='word_1_574' title='bbox 845 4859 891 4912; x_wconf 85' lang='lat' dir='ltr'><strong>boc</strong></span> <span class='ocrx_word' id='word_1_575' title='bbox 907 4862 962 4912; x_wconf 86' lang='lat' dir='ltr'><strong>dico</strong></span> <span class='ocrx_word' id='word_1_576' title='bbox 975 4887 1003 4898; x_wconf 82' lang='lat'><em>-</em></span> <span class='ocrx_word' id='word_1_577' title='bbox 1015 4861 1074 4926; x_wconf 81' lang='lat' dir='ltr'><strong>ooo]</strong></span> <span class='ocrx_word' id='word_1_578' title='bbox 1094 4861 1196 4912; x_wconf 77' lang='lat' dir='ltr'><strong>«Oratio</strong></span> <span class='ocrx_word' id='word_1_579' title='bbox 1214 4853 1415 4924; x_wconf 78' lang='grc' dir='ltr'><strong><em>ἀνακόλουθος</em></strong></span> <span class='ocrx_word' id='word_1_580' title='bbox 1431 4861 1473 4911; x_wconf 84' lang='grc'><strong>444</strong></span> <span class='ocrx_word' id='word_1_581' title='bbox 1489 4859 1598 4926; x_wconf 87' lang='lat' dir='ltr'><strong>propter</strong></span> 
     </span>
     <span class='ocr_line' id='line_1_50' title="bbox 270 4931 1599 5001; baseline 0.001 -19"><span class='ocrx_word' id='word_1_582' title='bbox 270 4932 422 4985; x_wconf 82' lang='lat' dir='ltr'><strong>interiectas</strong></span> <span class='ocrx_word' id='word_1_583' title='bbox 443 4931 651 4984; x_wconf 83' lang='lat' dir='ltr'><strong>enuntiationes:</strong></span> <span class='ocrx_word' id='word_1_584' title='bbox 672 4945 785 4997; x_wconf 80' lang='lat' dir='ltr'><strong>pergere</strong></span> <span class='ocrx_word' id='word_1_585' title='bbox 808 4934 847 4986; x_wconf 87' lang='lat' dir='ltr'><strong>sio</strong></span> <span class='ocrx_word' id='word_1_586' title='bbox 870 4934 988 4988; x_wconf 88' lang='lat' dir='ltr'><strong>debebat</strong></span> <span class='ocrx_word' id='word_1_587' title='bbox 1010 4935 1044 5001; x_wconf 71' lang='lat'><strong>(5.</strong></span> <span class='ocrx_word' id='word_1_588' title='bbox 1063 4935 1143 5000; x_wconf 75' lang='lat' dir='ltr'><strong>ttt.):</strong></span> <span class='ocrx_word' id='word_1_589' title='bbox 1169 4935 1307 4988; x_wconf 87' lang='lat' dir='ltr'><strong>hominem</strong></span> <span class='ocrx_word' id='word_1_590' title='bbox 1326 4946 1420 4987; x_wconf 88' lang='lat' dir='ltr'><strong>omnes</strong></span> <span class='ocrx_word' id='word_1_591' title='bbox 1437 4933 1554 4984; x_wconf 87' lang='lat' dir='ltr'><strong>honores</strong></span> <span class='ocrx_word' id='word_1_592' title='bbox 1570 4932 1599 4982; x_wconf 87' lang='lat' dir='ltr'><strong>in</strong></span> 
     </span>
     <span class='ocr_line' id='line_1_51' title="bbox 270 5003 1597 5078; baseline 0.003 -22"><span class='ocrx_word' id='word_1_593' title='bbox 270 5006 356 5072; x_wconf 87' lang='lat' dir='ltr'><strong>pstrla</strong></span> <span class='ocrx_word' id='word_1_594' title='bbox 372 5003 494 5058; x_wconf 77' lang='lat' dir='ltr'><strong>facillime</strong></span> <span class='ocrx_word' id='word_1_595' title='bbox 512 5005 667 5072; x_wconf 81' lang='lat' dir='ltr'><strong>adeptum.»</strong></span> <span class='ocrx_word' id='word_1_596' title='bbox 684 5007 777 5060; x_wconf 82' lang='lat' dir='ltr'><strong>Znnrr.</strong></span> <span class='ocrx_word' id='word_1_597' title='bbox 798 5030 825 5045; x_wconf 90' lang='lat'>-</span> <span class='ocrx_word' id='word_1_598' title='bbox 844 5009 885 5062; x_wconf 83' lang='grc'><strong>34.</strong></span> <span class='ocrx_word' id='word_1_599' title='bbox 904 5011 1020 5065; x_wconf 73' lang='lat' dir='ltr'><strong>sucoso</strong></span> <span class='ocrx_word' id='word_1_600' title='bbox 1034 5009 1104 5076; x_wconf 77' lang='grc'><strong>4344</strong></span> <span class='ocrx_word' id='word_1_601' title='bbox 1120 5022 1148 5078; x_wconf 87' lang='lat' dir='ltr'><strong>p.</strong></span> <span class='ocrx_word' id='word_1_602' title='bbox 1166 5023 1214 5064; x_wconf 90' lang='lat' dir='ltr'><strong>m.:</strong></span> <span class='ocrx_word' id='word_1_603' title='bbox 1236 5015 1264 5064; x_wconf 86' lang='grc'><strong>444</strong></span> <span class='ocrx_word' id='word_1_604' title='bbox 1277 5013 1336 5064; x_wconf 79' lang='lat' dir='ltr'><strong>stat.</strong></span> <span class='ocrx_word' id='word_1_605' title='bbox 1355 5011 1401 5065; x_wconf 85' lang='grc'><strong>444.</strong></span> <span class='ocrx_word' id='word_1_606' title='bbox 1414 5009 1444 5063; x_wconf 91' lang='lat'><strong>0.</strong></span> <span class='ocrx_word' id='word_1_607' title='bbox 1463 5031 1494 5050; x_wconf 89' lang='lat'><em>-</em></span> <span class='ocrx_word' id='word_1_608' title='bbox 1510 5007 1597 5060; x_wconf 84' lang='grc'><strong>4444444-</strong></span> 
     </span>
     <span class='ocr_line' id='line_1_52' title="bbox 270 5079 945 5150; baseline 0.004 -16"><span class='ocrx_word' id='word_1_609' title='bbox 270 5081 339 5134; x_wconf 75' lang='lat' dir='ltr'><strong>nost</strong></span> <span class='ocrx_word' id='word_1_610' title='bbox 353 5079 423 5148; x_wconf 78' lang='grc'><strong>4344</strong></span> <span class='ocrx_word' id='word_1_611' title='bbox 439 5093 467 5150; x_wconf 91' lang='lat' dir='ltr'><strong>p.</strong></span> <span class='ocrx_word' id='word_1_612' title='bbox 484 5092 522 5137; x_wconf 90' lang='lat' dir='ltr'><strong>m.</strong></span> <span class='ocrx_word' id='word_1_613' title='bbox 541 5079 590 5136; x_wconf 82' lang='grc'><strong>(444.</strong></span> <span class='ocrx_word' id='word_1_614' title='bbox 610 5105 639 5123; x_wconf 88' lang='grc'><strong>-</strong></span> <span class='ocrx_word' id='word_1_615' title='bbox 656 5095 714 5137; x_wconf 81' lang='lat' dir='ltr'><strong>cuns</strong></span> <span class='ocrx_word' id='word_1_616' title='bbox 729 5079 761 5138; x_wconf 86' lang='lat' dir='ltr'><strong>l:</strong></span> <span class='ocrx_word' id='word_1_617' title='bbox 780 5087 834 5138; x_wconf 81' lang='grc'><strong>4444</strong></span> <span class='ocrx_word' id='word_1_618' title='bbox 848 5082 898 5137; x_wconf 89' lang='lat' dir='ltr'><strong>dtt.</strong></span> <span class='ocrx_word' id='word_1_619' title='bbox 916 5085 945 5139; x_wconf 91' lang='lat'><strong>0.</strong></span> 
     </span>
    </p>
   </div>
   <div class='ocr_carea' id='block_1_4' title="bbox 0 0 1826 5864">
    <p class='ocr_par' dir='ltr' id='par_1_8' title="bbox 0 0 1826 5864">
     <span class='ocr_line' id='line_1_53' title="bbox 0 0 1826 5864; baseline 0 0"><span class='ocrx_word' id='word_1_620' title='bbox 0 0 1826 5864; x_wconf 95' lang='lat' dir='ltr'><strong> </strong></span> 
     </span>
    </p>
   </div>
  </div>
 </body>
</html>
