3648 5888
575 407 877 478 carm-xv.
904 403 1133 493 scio-ie.
1454 403 1515 470 aaa

195 581 337 647 licturus
359 579 416 654 sit,
444 587 480 644 ut
501 577 599 662 eligas
621 586 726 644 utrum
748 579 847 644 velis:
875 579 993 644 iactum
1015 599 1083 642 esse
1105 597 1224 655 necne3
1249 595 1360 641 verum
1383 595 1452 640 esse
1474 596 1515 640 an
1633 643 1658 680 a
1713 647 1723 658 ..
1753 642 1769 674 a
1811 613 1812 620 .

195 674 328 752 falsum
349 681 455 738 uuum
471 675 605 750 dixeris,
627 675 661 737 id
683 682 792 738 contra
814 683 845 740 te
863 674 1013 737 futurum.
1029 661 1110 756 (Qui
1126 673 1184 736 tibi
1199 679 1321 748 aestus,
1347 671 1403 756 qui
1418 691 1515 746 error,
1626 679 1660 720 ‘f‘
1684 679 1704 700 '⁹
1751 675 1768 702 ²

196 789 278 866 qima
300 770 465 845 tenebrae,
488 770 520 833 di
541 769 750 834 immortales!
773 765 889 874 erunt)
903 769 1024 833 homini
1044 766 1173 832 minime
1187 767 1289 831 malci
1312 767 1420 842 Quidi
1444 787 1516 829 cum
1573 815 1594 877 ᾖ
1602 751 1650 860 [lp
1660 773 1687 856 i:
1702 779 1812 882 gaas„

195 864 408 930 accusationis
437 869 509 929 tuae
536 864 676 926 membra
705 863 847 926 dividere
875 863 1016 946 coeperit
1042 871 1073 925 et
1101 864 1135 926 in
1158 863 1265 946 digitis
1287 861 1353 926 suis
1375 859 1517 943 singulas

195 965 302 1042 partes
324 975 438 1023 causae
460 959 675 1022 constitueret
709 957 816 1032 Quid‘l
847 978 919 1020 curn
939 956 1182 1042 unumquidque
1203 957 1395 1040 transigere,
1421 972 1554 1039 expe-c

197 1053 281 1129 dire,
303 1055 488 1119 absolveret
516 1054 587 1136 lpse
609 1051 752 1135 proiecto
774 1059 914 1114 metuere
935 1052 1080 1134 incipies,
1102 1073 1142 1115 ne
1156 1052 1318 1117 innocenti
1339 1050 1516 1136 periculum

197 1146 372 1212 facesseris.
415 1145 466 1211 46.
489 1147 598 1222 Quid?
628 1167 700 1209 cum
729 1147 961 1221 commisereri,
992 1145 1145 1231 conqueri
1176 1154 1208 1209 et
1229 1165 1270 1210 ex
1290 1145 1375 1208 illius
1397 1143 1518 1208 invidia

197 1242 370 1306 deonerare
399 1242 520 1326 aliquid
550 1248 582 1303 et
609 1241 643 1302 in
664 1247 697 1303 te
718 1240 864 1303 traiicere
886 1241 1042 1323 eoeperit,
1072 1259 1316 1304 commemorare
1339 1238 1517 1323 quaestoris

197 1356 269 1399 cum
291 1343 438 1420 praetore
459 1335 725 1398 necessitudinem
747 1335 966 1410 constitutam,
995 1355 1115 1399 morem
1137 1335 1308 1408 mucram,
1331 1334 1423 1397 sortis
1446 1332 1518 1395 reli·

197 1431 340 1513 gionem,
369 1430 530 1512 poterisne
560 1427 629 1492 eius
657 1427 812 1490 orationis
839 1429 945 1491 subire
973 1429 1146 1494 invidiam?
1180 1429 1261 1491 Vide
1283 1428 1394 1492 modo:
1423 1429 1555 1491 etiamio

196 1530 293 1608 atque
321 1524 417 1588 etiam
439 1522 617 1587 considera.
653 1521 732 1584 Mihi
755 1521 840 1584 enim
861 1522 987 1585 videtur
1006 1523 1184 1606 periculum
1205 1521 1289 1597 iore,
1316 1543 1357 1585 ne
1379 1523 1432 1586 ille
1454 1541 1519 1584 non

197 1619 293 1682 modo
326 1617 431 1681 verbis
461 1623 492 1680 te
519 1616 647 1689 obruat,
680 1614 736 1678 sed
765 1622 856 1697 gestu
883 1616 954 1699 ipso
977 1637 1013 1681 ac
1035 1625 1124 1682 motu
1146 1618 1289 1701 corporis
1310 1616 1520 1700 praestringat

197 1712 299 1775 aciem
331 1710 453 1794 ingenii
486 1711 533 1773 tui
566 1716 663 1791 teque
695 1709 734 1771 ab
763 1709 914 1773 institutis
942 1711 1004 1774 tuis
1034 1712 1344 1796 cogitationibusque
1375 1711 1519 1774 abducat.

198 1802 250 1868 47.
271 1807 378 1889 Atque
399 1804 534 1868 huiusce
563 1803 608 1865 rei
633 1801 787 1865 iudicium
808 1803 871 1866 iam
893 1805 1045 1868 continuo
1067 1806 1161 1869 video
1182 1805 1334 1868 futurum.
1378 1805 1413 1867 Si
1435 1804 1520 1866 enim

198 1899 277 1962 mibi
298 1898 396 1961 bodie
418 1897 610 1980 respondere
632 1897 672 1959 ad
694 1896 789 1972 haec,
819 1918 900 1981 quae
924 1900 1013 1973 dico,
1042 1900 1203 1982 potneris;
1233 1901 1260 1963 si
1283 1899 1322 1962 ab
1344 1899 1406 1961 isto
1428 1897 1559 1970 librate

199 2013 296 2078 wem
324 1991 381 2054 tibi
408 1991 559 2075 magister
585 1989 651 2053 ludi
678 1991 787 2053 nescio
810 1993 874 2083 (Q
892 2010 933 2055 ex
954 1993 1068 2056 alienis
1090 1993 1287 2057 orationibus
1310 1993 1521 2076 compositum
1609 1971 1682 2070 *A*

199 2087 302 2162 dedit,
323 2085 419 2151 verbo
440 2105 506 2149 unc
529 2085 729 2162 discesseris;
752 2105 846 2167 posse
869 2093 900 2148 te
923 2094 955 2150 et
975 2085 1023 2149 illi
1038 2107 1168 2171 quoque
1189 2087 1309 2151 iudicio
1330 2106 1396 2150 non
1411 2088 1522 2150 deesse
1661 2165 1689 2177 „.

200 2189 232 2245 et
265 2200 378 2244 causae
406 2186 502 2263 atque
529 2175 634 2240 officio
656 2185 711 2268 tqq
735 2180 812 2242 satis
837 2179 942 2244 iacere
965 2181 1156 2246 arbitrabor:
1191 2182 1241 2245 sin
1262 2197 1386 2246 mecum
1407 2183 1442 2245 in
1463 2183 1522 2245 bac
1630 2171 1697 2273 ,Ξῇξ,

200 2276 384 2360 prolusione
405 2273 487 2336 nibil
507 2272 620 2346 fueris,
643 2293 738 2357 quem
758 2281 791 2336 te
813 2273 848 2337 in
869 2275 939 2358 ipsa
960 2295 1067 2359 pugna
1083 2295 1156 2340 curn
1171 2277 1325 2341 acerrimo
1340 2276 1522 2342 adversario
1626 2268 1636 2276 ’

200 2368 268 2434 iore
291 2369 459 2452 putemus?
1531 2385 1560 2434 aa

283 2463 351 2528 XV.
372 2463 466 2525 Esto:
495 2461 565 2544 ipse
593 2461 675 2526 nibil
696 2469 759 2536 est,
789 2461 869 2526 nihil
890 2471 1013 2547 potest:
1043 2471 1075 2529 at
1095 2466 1183 2529 venit
1203 2473 1332 2549 paratus
1356 2487 1427 2530 cum
1450 2465 1524 2529 sub-

199 2557 404 2642 scriptoribus
425 2556 606 2620 exercitatis
628 2563 661 2620 et
683 2557 819 2622 disertis.
861 2559 920 2636 Est
941 2566 1046 2622 minen
1066 2559 1129 2623 boc
1150 2561 1289 2644 aliquid,
1310 2561 1436 2625 tametsi
1457 2581 1524 2623 non

198 2660 246 2716 est
268 2653 353 2716 satis.
397 2649 553 2714 Omnibus
576 2650 663 2714 enim
684 2651 778 2714 rebus
800 2652 845 2727 is,
869 2653 925 2737 qui
947 2655 1095 2737 princeps
1116 2654 1150 2717 in
1165 2656 1288 2737 agendo
1304 2662 1367 2730 est,
1390 2655 1524 2718 ornatis·

198 2747 296 2811 simus
317 2752 350 2810 et
369 2745 588 2829 paratissimus
603 2765 674 2808 esse
690 2745 794 2811 debet.
828 2747 1066 2814 Verumtamen
1085 2749 1121 2813 L.
1135 2750 1329 2833 Appuleium
1344 2769 1414 2813 esse
1429 2749 1523 2811 video

198 2841 379 2924 proximum
407 2839 671 2922 subscriptorem,
698 2839 860 2904 hominem
889 2862 955 2905 non
977 2849 1096 2919 aetate,
1126 2844 1183 2907 sed
1203 2864 1265 2906 usu
1286 2843 1406 2907 lorensi
1428 2826 1562 2926 atquess'
1678 2825 1708 2912 ἔ

199 2933 427 2997 exercitatione
454 2933 601 2997 tironem.
645 2929 696 2996 48.
724 2919 863 3009 Deinde,
896 2942 933 2999 ut
961 2938 1090 3019 opinor,
1120 2937 1217 3000 babet
1242 2938 1407 3012 Alienum,
1439 2936 1525 2999 bunc

197 3033 303 3091 nmen
324 3027 363 3091 ab
385 3027 562 3103 subselliis,
585 3027 640 3112 qui
664 3027 743 3111 qnid
764 3027 798 3090 in
814 3029 947 3092 dicendo
966 3038 1085 3112 posset,
1106 3049 1280 3116 numquam
1296 3031 1372 3094 satis
1387 3028 1524 3093 attendi:

197 3122 232 3185 in
254 3121 420 3188 clamando
442 3123 573 3206 quidem
594 3123 688 3186 rideo
712 3142 783 3184 eum
806 3142 876 3186 esse
896 3123 978 3186 bene
1001 3124 1168 3188 robustum
1189 3131 1286 3209 atque
1306 3125 1524 3188 exercitatam.

197 3217 234 3278 ln
256 3217 319 3281 hoc
340 3236 413 3300 spes
434 3224 507 3280 tuae
529 3223 604 3280 sunt
626 3236 751 3280 omnes:
779 3213 850 3292 hic,
881 3217 907 3278 si
934 3224 969 3280 tu
991 3217 1053 3281 eris
1076 3225 1164 3283 actor
1185 3219 1394 3293 constitutus,
1423 3223 1526 3282 toturn

198 3309 356 3373 iudicium
387 3311 564 3375 sustinebit.
606 3312 653 3373 Ac
684 3330 725 3374 ne
754 3311 781 3374 is
810 3310 942 3394 quidem
969 3319 1104 3376 tantum
1121 3313 1293 3377 contendet
1321 3312 1355 3376 in
1379 3311 1563 3386 dicendane

200 3410 355 3486 quantum
368 3407 500 3487 potest,
523 3406 579 3468 sed
601 3404 747 3469 consulet
767 3404 855 3468 laudi
877 3413 910 3470 et
928 3406 1156 3470 existimationi
1171 3413 1244 3471 tuae
1260 3413 1293 3470 et
1307 3426 1348 3470 ex
1362 3426 1416 3482 eo,
1439 3405 1526 3490 quod

200 3497 269 3581 ipse
290 3503 397 3580 potest
418 3500 452 3562 in
474 3499 627 3574 dicendo,
656 3498 857 3582 aliquantum
887 3501 1040 3575 remittet,
1069 3508 1106 3564 ut
1126 3508 1162 3564 tu
1184 3499 1290 3564 tamn
1312 3500 1435 3585 aliquid
1457 3519 1526 3564 esse

177 3615 179 3620 ’
199 3591 337 3656 videare.
369 3591 409 3657 Ut
429 3594 464 3655 in
485 3593 644 3657 actoribus
667 3593 795 3656 Graecis
816 3590 885 3656 fieri
900 3593 1060 3670 videmus,
1084 3614 1180 3678 saepe
1201 3595 1306 3670 illum,
1330 3598 1386 3679 qui
1408 3601 1459 3658 est
1478 3613 1528 3658 ee·

264 3780 289 3832 9.
308 3779 389 3845 qaid?
404 3805 419 3818 -
429 3805 445 3818 -
461 3780 607 3831 mittum
623 3777 715 3832 Claud.
734 3779 842 3830 sacerd.
859 3793 887 3846 p.
904 3781 956 3841 36..
975 3781 1020 3845 qui
1038 3779 1120 3832 habet
1136 3781 1245 3833 dicim
1259 3781 1373 3833 menime
1389 3783 1416 3832 et
1431 3783 1489 3834 tum
1505 3787 1529 3832 et
1555 3789 1558 3796 ·

198 3855 227 3906 ia
242 3855 327 3920 digitis
341 3855 407 3919 etan
420 3860 510 3920 purus
525 3855 686 3906 conticuerit.
701 3881 729 3892 -
747 3857 771 3906 5.
790 3867 870 3905 cama
885 3857 999 3920 quodque
1015 3855 1062 3907 ata
1077 3857 1106 3908 0.
1127 3882 1153 3891 -
1173 3858 1198 3907 7.
1215 3857 1354 3920 scanderit
1366 3857 1435 3920 Lgiii
1447 3858 1527 3921 atque

199 3930 235 3982 ita
252 3931 279 3981 in
296 3929 458 3996 quibusdam
475 3928 552 3980 codd.
571 3929 708 3980 inventurn
725 3942 785 3981 esse
802 3931 914 3982 testatm
930 3932 1012 3984 Prisc.
1030 3932 1050 3981 1.
1068 3944 1095 3995 p.
1115 3931 1183 3993 cca„
1211 3932 1256 3998 qui
1278 3933 1367 3987 aman
1385 3944 1447 3983 cum
1463 3933 1527 3983 Dic-

199 4003 290 4068 mede,
310 4005 410 4071 Capro,
430 4005 548 4056 charisio
565 4003 676 4056 alteram
694 4003 820 4066 formem,
843 4017 925 4070 qnam
941 4003 968 4055 h.
987 4004 1004 4056 i.
1024 4005 1115 4070 optimi
1132 4004 1210 4057 codd.
1229 4007 1348 4069 tuentum,
1372 4008 1528 4073 praeteren-

200 4079 263 4132 dem
279 4082 380 4132 censet.
398 4081 485 4144 Reisig
501 4079 588 4130 schol.
607 4081 635 4130 i..
648 4081 677 4130 i..
696 4093 723 4144 p.
736 4079 793 4130 228.
813 4081 841 4130 et
857 4080 941 4130 Haase
959 4076 1023 4131 ibid.
1041 4094 1068 4145 p.
1081 4080 1138 4132 230.
1152 4079 1306 4146 praeierunt
1320 4083 1466 4146 (consuas.
1486 4082 1525 4134 Ci.

199 4155 279 4208 Tacit.
298 4157 363 4209 illst.
381 4156 424 4210 iv.
442 4154 483 4208 43.
505 4181 531 4194 -
551 4155 576 4207 8.
595 4155 746 4205 amouere
763 4155 809 4216 Gi,
831 4155 984 4206 bobonem
1000 4156 1046 4206 ct.
1073 4155 1115 4206 Sic
1132 4154 1194 4206 alibi
1211 4157 1238 4206 in
1254 4157 1296 4206 his
1313 4155 1393 4208 codd.
1411 4157 1525 4221 basiicae,

198 4230 343 4285 habundare
352 4245 402 4298 pro
413 4233 512 4295 utino,
531 4229 661 4281 miore
677 4229 704 4280 et
720 4230 777 4280 eius
789 4231 895 4292 generis
907 4229 965 4282 elia.
981 4258 1008 4268 —
1027 4230 1052 4281 9.
1065 4231 1223 4282 εοωιᾶιιιωηι
1238 4233 1446 4284 meremciomm
1456 4233 1524 4284 coni.

200 4305 313 4358 Gronov.
328 4333 356 4344 -
374 4306 416 4357 49.
434 4308 487 4358 acts
497 4307 619 4357 naamis
628 4305 711 4356 subire
723 4305 845 4356 inuidiam
861 4304 940 4356 cedd.
950 4320 956 4355 :
974 4307 1027 4356 etur
1041 4307 1150 4357 arctiora
1159 4305 1243 4356 subire
1253 4308 1319 4357 Non.
1333 4321 1360 4373 p.
1373 4307 1431 4361 404.
1444 4310 1527 4360 Asco-

199 4381 236 4431 nii
253 4381 313 4433 edd.
325 4382 426 4448 princc.
440 4383 467 4432 et
477 4383 529 4434 MS.
543 4381 659 4442 Graevii;
677 4381 730 4431 eius
746 4380 867 4431 aaronis
882 4380 964 4431 subire
979 4379 1089 4431 incidiae
1104 4381 1164 4431 Asc.
1178 4379 1221 4431 ed.
1234 4379 1292 4432 Ald.
1305 4380 1350 4444 al.;
1368 4383 1403 4434 cis
1413 4383 1528 4434 matiam

198 4453 282 4508 subire
296 4457 374 4509 irus
392 4457 426 4510 ii.
445 4470 472 4522 p.
490 4457 564 4517 ²5⁹4
591 4456 644 4508 44444
664 4456 774 4506 cratim
793 4455 897 4508 satire?
918 4456 1042 4506 Invidiam
1056 4455 1113 4506 cide
1128 4453 1167 4506 iil.
1193 4457 1338 4520 Postquam
1354 4457 1475 4508 aalma
1491 4457 1525 4508 ob

198 4541 316 4596 sequens
331 4543 345 4582 a
360 4531 387 4581 in
403 4533 513 4583 oratum
529 4531 705 4597 depravatum
722 4533 777 4594 est,
801 4528 871 4582 maie
892 4529 1013 4581 raucum
1035 4541 1097 4580 cum
1116 4531 1172 4580 vide
1182 4543 1208 4600 *a
1224 4529 1338 4583 librariis
1356 4533 1527 4583 coniunctum

199 4607 250 4658 est.
271 4631 299 4643 -
317 4605 358 4658 44.
377 4608 459 4659 abac
474 4606 534 4660 mibi
551 4607 590 4658 dte
607 4607 643 4658 Gi
660 4604 707 4657 Ld.
728 4631 755 4640 -
774 4606 815 4656 46.
834 4606 877 4668 qm·
893 4607 926 4656 Gi
938 4606 954 4658 i
966 4605 997 4657 D.
1016 4606 1083 4657 Non.
1102 4618 1129 4670 p.
1142 4605 1207 4656 257:
1227 4606 1282 4669 qais
1298 4605 1346 4657 dtt.
1366 4633 1394 4644 -
1413 4607 1453 4656 49.
1465 4604 1528 4656 stibii

197 4681 287 4746 secata
297 4692 377 4732 nonn.
390 4680 438 4733 dtt.
456 4683 489 4734 cl.
504 4683 529 4747 5.
541 4679 582 4734 49.
597 4707 626 4720 -
644 4686 668 4732 te
681 4681 764 4745 ipsam
779 4682 806 4730 ia
822 4681 877 4743 ipsc
888 4680 934 4731 Gi.
949 4706 976 4715 —
989 4680 1031 4731 20.
1040 4684 1161 4743 paim
1172 4682 1240 4732 coni.
1252 4679 1339 4734 bladv.
1351 4681 1383 4734 11.
1401 4693 1428 4746 p.
1441 4677 1469 4730 44
1482 4691 1524 4746 sq.

200 4781 231 4794 -
249 4753 291 4806 23.
308 4755 337 4806 tn
360 4755 471 4809 emaum
491 4759 513 4808 A
530 4756 593 4822 ibiq.
610 4757 707 4808 Baiter.
728 4783 756 4793 -
779 4755 821 4806 io.
838 4752 1147 4806 alamannicam:
1168 4754 1290 4807 Atticino
1307 4757 1342 4818 ος
1365 4756 1474 4806 alienum
1490 4753 1538 4817 al.v

199 4843 243 4896 ap.
261 4832 324 4882 Asc.
344 4857 372 4868 -
390 4831 432 4884 27.
450 4832 541 4894 umen]
560 4831 595 4881 ira
612 4832 637 4897 (i.
655 4845 680 4884 e.
698 4836 752 4882 tua
767 4843 790 4882 s.
808 4829 913 4894 matum)
931 4831 964 4880 ct
976 4830 1000 4881 i.
1026 4831 1057 4882 in
1073 4830 1114 4882 his
1131 4830 1209 4882 codd.
1228 4836 1293 4894 twa,
1311 4837 1409 4893 mmm,
1427 4832 1526 4880 wanno

198 4907 311 4972 propter
331 4907 455 4959 nonaum
477 4905 675 4958 similitudinem
697 4906 798 4958 centies
819 4906 1022 4956 commutentur.
1043 4933 1071 4943 -
1094 4907 1126 4960 ob
1146 4906 1212 4958 ads.
1230 4907 1330 4972 Lgiiii
1345 4905 1373 4955 in
1389 4903 1524 4954 lemmate.

200 4979 234 5033 ci.
253 4979 288 5032 ed
306 4981 330 5046 4.
348 4981 404 5044 98.;
423 4995 442 5034 a
456 4981 521 5035 satta.
540 4983 584 5033 ctt.
606 5007 633 5021 -
648 4982 726 5045 pessit
742 4983 774 5032 Gi
786 4980 834 5032 dit.
854 5005 882 5015 -
901 4979 942 5031 39.
958 4978 1080 5032 minuo
1093 4981 1149 5034 bin.
1168 4983 1237 5042 Gir.
1256 4979 1525 5032 lectiunculam

201 5054 293 5109 claud.
307 5057 365 5110 Sao.
377 5071 405 5123 p.
418 5057 458 5110 it.
474 5084 502 5096 -
519 5057 555 5110 Ac
569 5069 601 5109 ne
612 5055 679 5110 ciii
688 5056 775 5124 igit:
792 5061 821 5110 ct
834 5069 866 5110 ac
877 5056 909 5107 Gi
924 5053 958 5109 el.
976 5056 1009 5110 ci.
1022 5056 1048 5123 Β.
1060 5056 1102 5110 64.
1116 5083 1144 5095 -
1162 5055 1204 5110 39.
1217 5057 1328 5121 aaa]
1340 5054 1443 5122 44444444
1454 5055 1524 5106 coni.

199 5129 308 5197 γύαις
325 5133 446 5188 meam
459 5134 528 5190 coni.
545 5134 644 5200 Lange.

244 5224 334 5280 nmo
348 5225 376 5278 r.
388 5225 418 5280 n.
989 5309 990 5312 ᾖ
1287 5225 1309 5290 8
