3642 5868
445 386 513 452 ns.
535 386 577 450 u
608 385 681 454 00.
704 384 956 454 cxu-cxrv.
983 381 1041 470 33.
1063 373 1119 448 iti
1134 380 1259 451 -uc,
1448 381 1510 452 sas

190 578 265 624 eum
285 577 351 622 non
378 555 483 622 solum
508 574 679 622 rsrnoumr
705 557 792 621 illius
820 554 959 631 insulae,
991 553 1047 619 sed
1070 555 1164 620 etiam
1185 573 1305 620 sorum
1327 556 1512 639 inscriptum

188 655 257 722 vidi
279 652 453 740 Syracusis.
495 652 563 714 Hoc
586 657 739 734 quantum
761 652 831 714 esti
867 650 917 714 lta
937 669 1101 732 magnum,
1127 656 1164 713 04
1185 650 1297 714 Latine
1322 670 1388 714 uno
1416 652 1512 716 verbo

190 750 325 834 exprimi
347 770 414 814 non
434 747 545 831 possit.
587 747 618 810 ls
641 753 689 808 est
709 745 857 810 nimirum
886 762 1003 820 screa,
1032 746 1088 828 qui
1117 745 1249 810 salutem
1270 744 1368 809 dedit.
1410 744 1513 810 Huius

188 846 320 909 nomine
343 845 438 910 ctiam
459 841 528 906 dies
548 840 623 904 festi
644 840 819 922 agitantur,
849 839 979 924 pulchra
1000 838 1056 904 illa
1077 840 1202 916 Verria,
1233 861 1296 904 non
1318 839 1411 922 quasi
1432 842 1514 906 blar-

189 939 292 1015 cellia,
314 937 371 1002 sed
393 956 449 1022 pro
464 934 645 1010 Marcelliis,
666 955 747 1017 quae
769 934 816 998 illi
838 934 928 998 istius
949 935 1038 997 iussu
1060 934 1269 998 sustulerunt:
1291 934 1386 999 huius
1406 931 1537 996 iornixs

189 1034 222 1095 in
244 1033 313 1097 loro
336 1031 500 1116 Syracusis
523 1038 581 1104 cst,
606 1029 640 1092 in
663 1050 725 1111 quo
747 1028 851 1092 nudus
872 1027 956 1092 filius
978 1034 1049 1102 stat,
1070 1030 1138 1112 ipse
1162 1034 1267 1092 autem
1289 1048 1331 1091 cx
1352 1048 1434 1110 equo
1455 1048 1513 1094 nu·

189 1125 296 1190 datam
321 1127 360 1190 ab
382 1148 416 1190 se
440 1124 638 1209 provinciam
666 1124 831 1206 prospicit:
858 1123 952 1187 buius
981 1129 1101 1188 statuae
1129 1121 1207 1186 locis
1237 1123 1400 1198 omnibus,
1429 1141 1512 1204 quae

188 1220 249 1284 boc
272 1221 488 1284 demonstrare
510 1218 667 1294 videntur,
687 1216 916 1302 propemodum
937 1237 1002 1281 non
1024 1217 1129 1281 minus
1148 1217 1263 1280 multas
1283 1223 1401 1280 statuas
1416 1215 1512 1279 istum

188 1315 335 1398 posuisse
357 1316 522 1400 Syracusis
544 1334 639 1396 quani
660 1312 845 1376 abstulisse:
873 1312 947 1377 buic
970 1315 1065 1379 etium
1085 1313 1203 1377 Romae
1224 1311 1368 1376 videmus
1390 1313 1423 1375 in
1444 1311 1514 1376 basi

190 1416 362 1474 statuarum
383 1409 530 1472 maximis
552 1409 666 1472 litteris
681 1407 816 1471 incisum
832 1429 853 1470 ι
868 1427 1009 1474 coiruvru
1026 1408 1167 1472 Srcrnrsu
1182 1425 1292 1472 00000.
1323 1401 1395 1470 455.
1410 1407 1550 1484 Quamio

189 1504 229 1568 ob
254 1523 322 1566 rem
344 1504 399 1586 qui
419 1503 481 1567 hoc
501 1502 628 1585 probari
647 1507 752 1585 potest
773 1502 929 1584 cuiquam,
951 1511 1054 1568 tantos
1074 1502 1214 1566 bonores
1231 1499 1356 1564 habitos
1379 1521 1450 1566 esse
1474 1503 1512 1568 ab

188 1593 321 1662 inlitis?
352 1597 462 1660 LXIV.
483 1596 543 1660 Hic
564 1597 623 1660 tibi
643 1597 738 1660 etiam
759 1595 858 1659 multo
880 1599 980 1680 magis
1002 1617 1097 1680 quam
1117 1594 1213 1680 paulo
1235 1602 1308 1662 oute
1329 1595 1362 1658 in
1383 1597 1520 1686 aratoriq

187 1691 248 1754 bus
270 1688 443 1754 videndum
465 1697 497 1754 et
518 1688 784 1755 considerandum
807 1697 873 1766 cst,
895 1689 973 1773 quid
994 1691 1090 1754 velis:
1117 1709 1301 1773 magnares
1323 1697 1386 1764 est,
1408 1698 1514 1756 utrum

189 1784 247 1848 tibi
262 1784 387 1850 Siculos
407 1784 533 1870 publice
555 1787 765 1869 privatimque
788 1784 906 1849 amicos
929 1805 969 1848 an
990 1786 1136 1849 inimicos
1152 1785 1327 1850 existimari
1344 1785 1447 1850 relisi
1480 1783 1514 1848 Si

187 1878 345 1954 inimicos,
367 1880 445 1963 quid
468 1888 499 1944 te
521 1879 663 1944 futurum
685 1883 755 1945 esti
784 1899 848 1962 quo
872 1878 1059 1962 confugies?
1087 1880 1142 1944 ubi
1165 1881 1286 1944 niteret
1328 1880 1424 1943 Modo
1446 1887 1551 1946 ara-ti

187 1979 301 2049 torum,
323 1973 620 2067 honestissimorum
641 1973 805 2038 bominum
827 1993 863 2038 ac
885 1973 1207 2058 locupletissimorum
1229 1982 1261 2039 et
1282 1973 1460 2038 Siculorum
1482 1977 1515 2036 et

188 2065 304 2130 civium
330 2068 559 2142 Romanorum,
587 2069 761 2132 maximum
788 2087 953 2132 numerum
981 2068 1037 2132 abs
1066 2074 1098 2132 40
1127 2068 1330 2134 abalienanti:
1359 2087 1445 2131 nunc
1472 2066 1513 2130 de

188 2161 303 2226 Siculis
325 2162 505 2226 civitatibus
527 2161 605 2244 quid
626 2165 724 2243 03004
767 2163 861 2226 Dices
883 2163 941 2226 tibi
965 2162 1088 2227 Siculos
1117 2183 1187 2228 esse
1208 2163 1349 2228 amicost
1379 2161 1435 2245 qui
1456 2179 1514 2244 po·

188 2257 287 2320 teris‘t
310 2256 375 2339 qui,
398 2253 485 2338 quod
507 2255 596 2318 nullo
617 2256 652 2320 in
673 2256 802 2320 bomine
825 2262 919 2321 antea
939 2255 1092 2333 lecerunt,
1114 2259 1204 2323 utin
1226 2279 1298 2322 eum
1319 2256 1445 2342 publice
1465 2262 1514 2319 te-

188 2350 372 2416 stimonium
400 2348 556 2426 dicerent,
588 2370 660 2414 cum
686 2351 872 2435 praesertim
902 2371 943 2414 ex
970 2371 1009 2416 ea
1034 2352 1198 2436 provincia
1222 2350 1423 2417 condemnati
1449 2349 1550 2414 sinist

188 2445 376 2528 complures,
398 2445 454 2527 qui
476 2444 520 2507 ibi
540 2452 702 2528 praetores
724 2445 861 2522 luerunt,
883 2444 947 2510 duo
970 2444 1030 2511 soli
1052 2446 1201 2522 absoluti,
1221 2447 1261 2512 hi.
1276 2466 1360 2510 nunc
1381 2445 1515 2510 veniunt

188 2559 260 2602 cum
281 2538 412 2613 litteris,
443 2537 578 2602 veniunt
606 2559 677 2602 cum
706 2540 879 2614 mandatis,
907 2541 1041 2634 yeniunt
1062 2560 1134 2612 euru
1156 2541 1345 2604 testimoniis
1366 2538 1513 2622 publicis.

189 2631 262 2708 Qui,
284 2632 311 2695 si
333 2640 365 2697 te
386 2633 512 2717 publice
535 2632 710 2708 laudarent,
733 2641 837 2700 400400
858 2633 892 2698 id
911 2653 998 2700 more
1015 2632 1119 2716 potius
1137 2654 1196 2698 suo
1215 2653 1310 2716 00004
1326 2633 1440 2697 merito
1457 2639 1512 2696 tuo

186 2723 291 2790 lacere
312 2727 505 2804 viderentur,
527 2727 562 2791 bi
583 2748 654 2792 cum
674 2727 714 2792 de
733 2731 796 2794 tuis
813 2729 904 2796 lactis
914 2728 1040 2813 publice
1060 2736 1307 2812 conqueruntur,
1328 2745 1436 2792 nonne
1451 2727 1513 2792 boc

187 2821 338 2897 indicant,
360 2829 463 2887 tantas
487 2843 557 2887 esse
579 2825 723 2898 iniurias,
744 2831 781 2886 04
802 2821 899 2906 multo
921 2821 1090 2887 maluerint
1112 2820 1152 2887 de
1174 2842 1232 2888 suo
1254 2842 1342 2886 more
1357 2823 1550 2888 decederes

188 2933 284 2998 quam
313 2915 353 2980 de
382 2917 445 2980 tuis
471 2917 611 2981 moribus
640 2939 705 2981 nou
733 2917 861 2982 diceret
905 2912 976 2981 456.
1008 2911 1227 2982 Confitendum
1258 2926 1307 2982 est
1332 2918 1430 3002 igitur
1456 2918 1513 2986 tibi

187 3012 368 3074 necessario
387 3010 510 3076 Siculos
532 3011 680 3076 inimicos
702 3032 788 3086 esse,
811 3011 865 3094 qui
887 3009 1016 3092 quidem
1038 3018 1071 3075 04
1091 3012 1124 3075 40
1145 3019 1177 3076 40
1199 3012 1383 3096 gravissima
1404 3018 1514 3094 postu·

187 3101 250 3166 lata
272 3104 454 3169 consulibus
477 3103 646 3170 edidenrnt
667 3112 700 3169 ct
720 3126 781 3180 me,
802 3112 838 3170 ut
857 3105 940 3169 banc
961 3125 1089 3171 causam
1110 3106 1285 3191 salutisque
1306 3127 1382 3172 suae
1404 3105 1514 3172 delen·

187 3195 312 3262 sicnem
334 3199 546 3283 susciperem,
577 3200 796 3276 obsecrarunt;
824 3200 880 3282 qui
902 3219 973 3264 cum
994 3220 1013 3265 a
1032 3208 1180 3284 praetore
1210 3200 1465 3284 prohiberentur,
1494 3219 1514 3266 a

188 3298 339 3371 quattuor
360 3293 581 3377 quaestoribus
603 3294 844 3379 impedirentur,
865 3296 1004 3360 omnium
1026 3295 1126 3360 minas
1145 3303 1239 3380 atque
1253 3295 1360 3360 omnia
1373 3294 1550 3379 periculoso

254 3529 278 3582 4.
296 3531 364 3582 illitu
379 3531 448 3596 4344
465 3546 491 3599 0.
509 3547 547 3586 m.
565 3533 603 3584 V:
621 3534 692 3586 ustus
708 3538 754 3587 ctt.
773 3536 803 3587 0.
824 3562 852 3573 -
870 3541 979 3587 soterum
993 3535 1113 3585 00444004
1128 3547 1178 3586 esse
1192 3533 1245 3586 otdl
1261 3533 1292 3585 V.
1308 3558 1336 3573 -
1349 3536 1375 3588 4.
1392 3551 1514 3604 00000000

187 3609 224 3658 art
239 3608 287 3659 eV.
301 3633 330 3648 ··
348 3610 469 3661 40440041
480 3613 508 3661 04
517 3609 611 3677 pleriq.
625 3612 719 3663 codd:
737 3613 829 3664 404400
838 3613 920 3676 44003.
934 3612 963 3664 0.
976 3638 1004 3649 -
1015 3611 1040 3662 3.
1051 3615 1087 3662 cst
1098 3611 1293 3662 0040404444πο0
1302 3611 1334 3662 V.
1347 3610 1410 3664 -4,
1426 3614 1515 3664 Vesta

189 3681 231 3746 (04.
244 3682 280 3734 ed
290 3683 315 3748 5.
329 3685 380 3749 44.)
393 3687 570 3738 --4400004440
580 3686 605 3750 4,
618 3688 653 3737 V:
676 3687 958 3740 me--ucrcettoa
969 3687 1018 3740 uc.
1031 3688 1061 3740 0.
1076 3713 1104 3724 -
1122 3689 1147 3738 e.
1159 3687 1285 3740 uvosto
1295 3686 1357 3749 le
1375 3689 1515 3742 4400004040

120 3821 125 3832 ι
189 3757 236 3808 dtt.
250 3759 352 3810 0.—e.
364 3761 458 3824 [00000
467 3763 513 3813 AB
525 3763 603 3826 4033.
614 3762 800 3826 praeteriti.
813 3787 841 3800 -
861 3763 941 3813 4404.
955 3776 1021 3813 osne.
1034 3761 1094 3814 lV:
1113 3760 1417 3824 acumicorum
1436 3765 1515 3815 omui-

188 3831 233 3884 bus
243 3832 324 3886 (444-
336 3835 361 3887 8.
373 3837 490 3888 04400400
501 3837 548 3888 eV:
566 3839 699 3890 otdecetor
715 3837 776 3889 edd.
790 3841 850 3890 0040
862 3837 960 3889 Victor.
974 3839 1002 3889 et
1018 3836 1107 3901 codd,
1124 3840 1155 3890 ut
1164 3838 1279 3900 videtur,
1295 3836 1391 3902 pleriq.
1408 3841 1511 3904 Zumpt.

191 3931 219 3944 -
232 3910 273 3960 40.
289 3910 392 3964 84044400
407 3912 472 3976 loo:
490 3913 579 3964 8404440
594 3914 625 3976 V,
644 3913 692 3965 dtt.
711 3914 745 3966 04.
764 3913 788 3980 S.
807 3913 863 3966 444.
876 3912 934 3965 444.
948 3913 1005 3966 448.
1019 3939 1047 3952 -
1065 3915 1106 3964 lt.
1120 3913 1231 3977 probare
1244 3917 1324 3976 polest
1338 3912 1408 3976 4344
1424 3927 1451 3979 p.
1463 3927 1512 3976 m.;

184 3984 296 4047 0004000
306 3993 378 4050 poter
387 3989 419 4040 V.
432 4016 459 4027 -
479 3989 519 4041 44.
535 3989 614 4053 poulo
625 3988 641 4041 4
651 3991 673 4040 N
684 3989 720 4039 V:
739 4002 793 4040 cm.
806 3987 892 4040 (444-
910 3986 952 4040 44.
969 3986 1172 4040 00040440ψο444.
1188 4014 1215 4025 -
1232 3987 1293 4040 00440
1308 3986 1377 4051 4344
1387 4001 1414 4053 0.
1427 4001 1464 4040 m.
1476 3989 1511 4040 V:

187 4062 226 4112 cis
241 4063 286 4114 044.
306 4064 335 4128 0.
355 4091 383 4102 ·-
409 4065 449 4115 45.
470 4065 544 4116 modo
560 4066 582 4114 N
600 4067 628 4114 et
648 4061 781 4129 plerique:
804 4077 852 4126 000
873 4063 946 4113 modo
962 4062 993 4114 V.
1013 4091 1042 4099 -
1067 4063 1107 4114 46.
1128 4064 1193 4116 bom.
1217 4077 1249 4114 oc
1264 4063 1354 4128 400004.
1372 4076 1426 4116 om.
1444 4065 1514 4129 43444

188 4138 240 4188 AB
259 4137 321 4202 (non
338 4139 474 4204 bgliV.);
497 4146 521 4191 04
537 4140 626 4203 400004.
645 4140 676 4190 N.
697 4167 725 4178 -
744 4143 767 4190 04
783 4139 833 4188 Sic.
856 4143 879 4189 et
899 4139 946 4188 cto.
964 4139 994 4188 44.
1013 4136 1145 4202 turso:
1170 4139 1221 4190 Sic.
1239 4143 1263 4190 04
1283 4137 1331 4190 uc.
1349 4140 1379 4191 44.
1397 4139 1434 4202 V;
1458 4153 1512 4192 om.

189 4211 237 4264 dit.
258 4238 286 4251 -
306 4215 347 4266 u.
366 4216 481 4266 0440440044
497 4217 528 4268 N.
548 4215 581 4266 04.
600 4217 678 4266 Aius.
695 4214 730 4267 44.
748 4227 774 4279 p.
793 4213 851 4264 444.
867 4239 894 4250 -
914 4213 944 4263 dc
958 4213 1062 4278 04030440
1076 4213 1144 4264 civit
1162 4213 1193 4264 V.
1208 4241 1236 4252 -
1250 4212 1291 4265 49.
1306 4214 1419 4279 [mest
1434 4215 1513 4280 4344.

191 4309 219 4324 -
232 4289 274 4340 it.
292 4289 318 4339 444
333 4303 400 4340 nuic
415 4303 471 4342 000.
491 4289 551 4343 iu.
565 4288 619 4341 Pal.
638 4302 709 4342 sec:
727 4289 748 4340 44
763 4301 830 4340 cunc
845 4301 901 4340 000.
914 4287 945 4338 V.
962 4287 1041 4353 prob.
1053 4287 1181 4340 Wesenb.
1194 4301 1222 4353 p.
1235 4288 1266 4339 34
1283 4301 1324 4353 sq.
1343 4289 1397 4353 (qui
1412 4290 1514 4357 primus

188 4365 275 4414 totum
291 4365 364 4417 hunc
380 4364 470 4418 locum
487 4368 561 4418 recte
579 4365 702 4418 distinxit.
732 4367 767 4416 44
782 4362 891 4426 tellit-ur,
921 4376 982 4416 curn
999 4363 1065 4414 44044
1079 4364 1105 4414 lsi
1120 4365 1164 4416 vix
1180 4364 1216 4416 ita
1232 4363 1294 4429 poni
1312 4362 1347 4415 ad
1362 4364 1515 4416 subiectum

189 4439 251 4503 post
267 4438 433 4492 interiectam
449 4439 596 4506 longiorem
613 4439 729 4504 aliquam
746 4439 905 4490 senteutiam
923 4441 951 4489 et
966 4437 1086 4503 quidem,
1102 4439 1132 4488 ut
1147 4438 1174 4487 h.
1191 4436 1220 4500 l.,
1239 4438 1399 4492 contrariam
1415 4437 1515 4490 cumvi

190 4513 308 4577 0004000
324 4516 514 4580 repetendum:
537 4529 599 4568 nam
622 4515 689 4567 intre
709 4515 733 4579 fi.
753 4515 809 4564 460.
828 4515 884 4565 4044.
903 4512 988 4564 simile
1005 4512 1090 4564 hebes
1107 4511 1272 4578 exemplum,
1295 4525 1347 4564 000
1367 4513 1515 4578 quidquam

190 4589 233 4638 004
248 4587 369 4651 rationis,
396 4605 445 4642 cur
460 4605 609 4657 pronomen
629 4591 669 4641 440
688 4593 724 4642 440
745 4589 867 4642 adhiberi
884 4589 1048 4654 conpescit,
1071 4601 1133 4640 cum
1151 4587 1234 4639 mrdto
1251 4589 1357 4652 gravius
1374 4589 1409 4640 sit
1424 4592 1453 4640 04
1467 4601 1516 4640 ec·

190 4663 385 4718 commodatius
401 4667 436 4718 ad
453 4665 605 4720 subiectum
621 4664 665 4717 vel
681 4665 816 4718 obiectum
835 4665 964 4718 remotius
980 4663 1172 4729 repetendum,
1195 4675 1276 4728 quem
1293 4663 1325 4725 is,
1349 4663 1426 4716 cuius
1442 4663 1515 4713 vices

189 4735 232 4788 vel
242 4741 304 4802 post
314 4741 473 4792 sententiam
483 4739 621 4792 relativam
633 4753 686 4792 000
697 4742 755 4793 sine
766 4741 793 4792 vi
805 4739 921 4804 quedem
932 4739 1057 4799 sustinet;
1076 4738 1137 4790 vide
1149 4737 1215 4789 inira
1227 4737 1252 4802 ἓ.
1268 4738 1326 4788 iti.
1344 4738 1364 4789 l.
1378 4739 1403 4804 ἓ.
1416 4737 1457 4790 ti.
1469 4737 1513 4788 111.

190 4811 405 4878 5404444453.)
419 4816 476 4866 istuc
492 4817 639 4868 0000004004
654 4815 713 4877 dtt,
733 4817 781 4868 400
797 4815 945 4868 coemant
960 4814 1026 4864 lunt.
1036 4827 1041 4872 ;
1053 4826 1119 4864 0000
1129 4817 1219 4864 cocus
1229 4817 1252 4864 40
1261 4812 1363 4863 0004004
1374 4810 1443 4877 4344
1454 4812 1515 4862 isn-

189 4889 262 4938 noct.
283 4913 310 4926 -
328 4889 370 4942 44.
388 4891 459 4943 laod
473 4891 616 4954 pobliceV3
632 4891 729 4954 0044400
746 4903 800 4942 oni.
813 4891 905 4942 Franc.
920 4912 949 4925 -
966 4888 1090 4951 tripetias
1104 4900 1174 4939 more
1191 4888 1253 4950 (om.
1271 4887 1323 4952 suo)
1342 4888 1378 4951 V,
1396 4883 1512 4950 improb.

189 4962 319 5016 Wesenb.
338 4963 355 5016 t.
368 4963 385 5016 l.
400 4992 429 5004 -
447 4965 488 5020 44.
506 4965 540 5031 44]
558 4971 581 5018 04
598 4964 674 5030 4344.
694 4966 858 5032 [corruptum
875 4979 908 5016 ex
923 4963 962 5029 44]
976 4985 1004 4999 -
1023 4963 1064 5012 46.
1087 4962 1121 5026 tp.
1139 4967 1174 5014 est
1192 4963 1224 5013 V.
1244 4989 1272 5000 -
1290 4974 1344 5013 000.
1362 4960 1406 5012 uu
1423 4958 1470 5010 eV.
1484 4983 1512 4994 —

190 5035 231 5088 ii.
250 5039 294 5102 004
313 5052 367 5092 om.
380 5041 412 5092 V.
427 5067 455 5079 -
473 5046 561 5092 stom.
575 5041 622 5092 eV.
637 5065 666 5078 -
684 5040 726 5093 28.
744 5041 873 5094 04440004
888 5038 958 5103 ngas
971 5037 1069 5090 ARV:
1088 5038 1209 5090 04440404
1226 5037 1296 5104 4344
1311 5050 1340 5103 0.
1352 5035 1469 5090 mutii.
1484 5059 1512 5072 -

191 5110 232 5164 29.
247 5113 412 5171 0440000044
428 5115 535 5181 44033.
552 5114 616 5168 BV:
638 5113 791 5168 0400004404
806 5113 876 5182 4344
891 5113 962 5176 Alli
981 5111 1119 5168 0400400444
1133 5111 1212 5179 4349.
