3644 5874
656 453 728 521 en.
751 455 804 519 u.
831 452 888 540 ii·
911 450 1058 520 ra-re.
1463 451 1524 518 444

143 629 147 695 4
177 617 267 714 (iure
294 625 463 719 laudantur
471 612 490 714 3)
507 629 602 707 atque
633 626 725 688 ctiam
754 626 822 690 viro
843 625 933 701 lorti,
962 625 1102 709 collegae
1130 644 1217 701 meo,
1247 623 1317 690 laus
1338 626 1527 710 impertitur,
1655 589 1726 713 RQ,

143 708 146 771 ἶ
197 718 289 802 quod
311 713 386 793 eos,
414 719 469 803 qui
491 718 585 783 huius
607 718 829 783 coniurationis
856 719 1028 803 participes
1049 718 1201 793 fuissent,
1231 739 1250 782 a
1272 720 1338 784 suis
1360 727 1392 784 ct
1415 716 1457 804 [a]
1479 721 1525 784 rei

142 817 145 903 J
198 813 343 897 publicae
373 812 514 877 consiliis
541 813 738 876 removisset
787 815 893 895 Atque
924 813 967 876 ita
997 820 1205 888 censuerunt,
1222 818 1272 906 (ut
1299 815 1332 877 P.
1361 812 1536 889 Lentulus)

196 927 267 970 cum
289 927 324 970 se
353 912 502 990 praetura
531 906 723 982 abdicasset,
755 907 789 970 in
819 905 992 970 custodiam
1020 905 1215 983 traderetur,
1231 908 1386 990 vitemque
1415 907 1461 972 uti
1490 907 1526 972 C.

140 999 143 1083 ζ
197 1000 370 1084 Cethegus,
400 1000 436 1062 L.
467 1000 624 1075 Statilius,
658 1001 691 1063 P.
721 1001 887 1075 Gabinius,
921 999 976 1084 qui
1006 1019 1116 1064 omnes
1143 1007 1327 1084 praesentes
1354 1007 1462 1075 erant,
1489 999 1550 1062 ine

138 1110 142 1173 ς
195 1093 371 1158 custodiam
395 1083 610 1183 batlepentur}
632 1101 725 1178 atque
747 1095 831 1158 idem
851 1093 914 1157 boc
937 1092 1096 1158 decretum
1119 1101 1168 1157 est
1186 1095 1220 1156 in
1233 1095 1268 1158 L.
1286 1094 1446 1169 Cassium,
1469 1095 1524 1178 qui
1608 1056 1729 1178 mc

137 1186 141 1251 i
197 1187 256 1252 sibi
276 1188 529 1271 procurationem
551 1186 769 1251 incendendae
791 1187 878 1252 urbis
893 1187 1139 1270 depoposcerat,
1161 1189 1194 1252 in
1208 1189 1251 1251 bl.
1267 1187 1452 1271 Ceparium,
1474 1188 1524 1252 cui

136 1296 139 1344 :
194 1281 234 1346 ad
256 1281 477 1346 sollicitandos
499 1289 643 1365 pastores
664 1282 810 1365 Apuliam
832 1281 1013 1346 attributam
1035 1301 1105 1346 esse
1129 1290 1196 1345 erat
1217 1283 1406 1357 indicatum,
1435 1283 1469 1346 in
1490 1283 1524 1345 P.

194 1377 340 1451 Furium,
365 1377 421 1460 qui
444 1383 492 1440 est
514 1395 555 1439 ex
575 1375 616 1439 iis
637 1375 776 1451 colonis,
805 1395 887 1458 quos
909 1374 1057 1439 Faesulas
1079 1376 1117 1440 L.
1139 1375 1227 1440 Sulla
1249 1374 1398 1451 deduxit,
1428 1376 1461 1438 in
1484 1374 1524 1450 Q.

193 1471 331 1535 Annium
356 1469 536 1546 Chilonem,
559 1470 615 1553 qui
637 1488 793 1532 unacum
815 1468 877 1532 hoc
900 1469 994 1532 Furio
1016 1488 1142 1552 semper
1162 1476 1230 1532 erat
1251 1470 1285 1532 in
1305 1468 1365 1532 hac
1379 1467 1562 1532 Allobro-ic

194 1583 269 1646 gum
290 1561 514 1627 sollicitatione
540 1570 702 1636 versatus,
730 1563 763 1625 in
793 1563 826 1624 P.
849 1561 1058 1637 Umbrenum,
1087 1563 1267 1626 libertinum
1296 1561 1475 1635 hominem,
1504 1581 1524 1626 a

134 1632 139 1720 l
195 1678 258 1740 quo
278 1657 412 1740 primum
435 1656 541 1720 Gallos
566 1655 607 1719 ad
630 1656 796 1720 Gabinium
824 1655 993 1747 perductos
1021 1675 1091 1719 esse
1121 1645 1294 1719 constabat.
1338 1651 1389 1718 45.
1417 1656 1522 1741 Atque

193 1771 232 1816 ca
252 1751 382 1815 leuitate
404 1757 533 1814 senatus
556 1758 603 1814 est
623 1770 715 1825 usus,
737 1749 891 1825 Quirites,
914 1758 950 1813 ut
971 1769 1013 1814 ex
1034 1757 1120 1814 tanta
1139 1750 1356 1814 coniuratione
1372 1757 1522 1835 tantaque

192 1845 252 1908 bac
273 1844 475 1909 multitudine
498 1844 739 1908 domesticorum
760 1842 898 1907 hostium
920 1863 1035 1907 novem
1056 1844 1219 1908 bominum
1240 1843 1522 1929 perditissimorum

192 1957 296 2022 poena
322 1957 356 2001 re
384 1939 513 2023 publica
534 1943 718 2002 conservata
745 1937 941 2020 reliquorum
968 1944 1091 2001 mentes
1113 1937 1217 2001 sauui
1238 1957 1334 2021 posse
1355 1937 1559 2002 arbitrere-ro

193 2042 252 2098 tur.
301 2035 407 2116 Atque
435 2032 529 2095 ctiam
561 2031 748 2114 supplicatio
781 2032 829 2094 dis
869 2031 1097 2094 immortalibus
1128 2051 1185 2114 pro
1222 2031 1373 2113 singulari
1411 2050 1521 2095 eornm

133 2065 140 2197 l
192 2126 305 2190 merito
327 2145 400 2190 meo
422 2126 549 2190 nomine
571 2124 697 2190 decreta
718 2131 784 2198 est,
817 2125 902 2208 quod
934 2125 1011 2186 mibi
1042 2125 1177 2208 primum
1206 2132 1280 2209 post
1305 2123 1388 2188 banc
1409 2125 1521 2190 urbem

134 2205 139 2357 '
194 2217 352 2284 conditam
374 2225 480 2302 togato
503 2219 649 2302 contigit,
672 2219 767 2282 ethis
783 2218 911 2282 decreta
925 2217 1030 2281 verbis
1046 2226 1108 2281 cst:
1131 2217 1219 2301 quod
1232 2217 1341 2282 urbem
1355 2218 1521 2294 incendiis,

192 2312 288 2376 caede
313 2313 414 2388 cives,
441 2311 564 2376 ltaliam
593 2312 677 2376 bello
707 2313 899 2377 liberassem.
944 2311 1034 2388 Quae
1056 2311 1244 2395 supplicatio
1267 2312 1293 2374 si
1316 2333 1386 2376 cum
1408 2314 1521 2376 ceteris

134 2378 139 2487 l
192 2405 389 2482 conferatur,
411 2406 473 2470 boe
495 2407 642 2482 interest,
663 2402 896 2495 quodscetcrac
918 2407 1000 2469 bene
1022 2413 1128 2488 34444,
1149 2404 1228 2470 baec
1249 2425 1314 2469 una
1336 2413 1558 2472 conservatam
1581 2443 1585 2455 -
1707 2470 1711 2493 ,

134 2490 140 2593 ζ
192 2501 377 2584 republica
405 2502 574 2576 consituta
597 2495 678 2603 ¹est.)
704 2502 810 2585 Atque
840 2501 937 2575 illud,
965 2501 1051 2584 quod
1081 2499 1260 2563 faciendum
1288 2499 1424 2583 primum
1450 2499 1521 2578 ivrit,
1644 2480 1742 2566 *ᾧ

102 2596 139 2663 sl
190 2593 426 2690 lactum'atque
456 2602 647 2659 mansuetum
678 2602 735 2660 est.
778 2597 857 2660 Nam
879 2595 914 2658 P.
936 2594 1107 2668 Lentulus,
1139 2612 1330 2677 quamquam
1357 2591 1521 2678 patefactis

263 2925 286 2974 4.
305 2923 381 2974 etiarn
397 2935 453 2974 om.
471 2935 494 2972 z.
514 2949 541 2960 -
565 2921 673 2988 44444344
688 2921 752 2988 meo]
773 2921 879 2974 Antonio
896 2921 951 2972 coil.
969 2933 1023 2973 auo
1042 2933 1074 2986 q;
1099 2921 1155 2972 coti.
1172 2933 1227 2972 ruso
1241 2919 1349 2974 Ariouio
1366 2921 1423 2986 Ca,
1445 2920 1462 2973 4
1478 2919 1522 2972 alii

189 3003 283 3064 Lagg.;
302 2999 406 3050 4444444
421 3011 476 3048 oreo
493 3011 526 3058 u;
544 2998 598 3048 coit.
616 3011 686 3060 orso,
704 2998 729 3048 G.
749 2997 855 3048 4444444
872 2998 901 3047 l..
921 3023 948 3032 -
967 2997 1114 3059 inpertitur
1129 2994 1174 3048 hl.
1194 3023 1221 3032 -
1241 2997 1266 3048 2.
1283 2997 1356 3048 44444
1372 3010 1425 3048 om.
1443 2997 1475 3048 V.
1489 3025 1517 3034 -

189 3074 341 3136 etareip.
363 3071 658 3138 iicbcdipqug.
677 3073 821 3123 446064.
840 3073 885 3136 66,
912 3070 1004 3123 lalii:
1031 3073 1148 3135 etreip.
1167 3073 1225 3124 444..
1252 3099 1279 3110 -
1304 3073 1330 3124 4.
1350 3078 1475 3137 praem
1495 3088 1521 3126 ee

189 3162 245 3213 pr,
266 3149 282 3198 6
299 3147 341 3197 alii
359 3148 438 3211 4433.
460 3145 496 3210 (re
508 3151 592 3209 praei.
611 3149 688 3198 Arus.
706 3160 734 3211 p.
752 3148 821 3210 444.)
840 3173 869 3184 -
888 3147 915 3196 44
931 3145 1052 3212 plerique
1074 3147 1163 3210 (etium
1179 3147 1205 3214 p)
1228 3149 1255 3198 ct
1271 3147 1373 3200 schol:
1400 3153 1453 3200 tum
1470 3147 1520 3214 (vel

190 3222 255 3286 4444)
274 3223 301 3272 44
318 3221 471 3283 Cdirux,
490 3221 505 3272 8
523 3218 566 3271 ulii
583 3219 648 3272 dett.
667 3222 762 3285 Lagg.,
782 3223 838 3273 LO.
854 3250 881 3258 -
895 3223 1037 3274 traderuur
1053 3235 1107 3273 om.
1126 3223 1152 3272 h.
1167 3247 1194 3257 -
1207 3223 1245 3273 uti
1261 3234 1315 3273 om.
1334 3222 1361 3273 d.
1376 3251 1403 3260 -
1417 3224 1443 3275 c.
1462 3236 1518 3275 om.

191 3297 394 3360 Cdlriuvx,
413 3295 632 3360 44441433-5.
650 3297 678 3346 L.
697 3297 810 3346 8444444444
827 3298 866 3348 444
884 3311 916 3348 ex
934 3298 1000 3348 meis
1018 3297 1163 3360 dghirs:
1180 3298 1210 3348 4.
1230 3297 1291 3358 (om.
1309 3298 1384 3362 Stat.)
1402 3302 1518 3362 mtuv;

190 3377 219 3426 1..
237 3373 324 3424 4444444
340 3371 373 3432 4);
391 3372 468 3437 satius
484 3370 500 3421 4.
524 3398 549 3407 -
568 3371 691 3421 Gaulotus
707 3370 762 3430 bs;
782 3372 892 3423 Gabirrus
908 3386 936 3423 m
947 3377 964 3424 t.
980 3401 1007 3410 -
1026 3374 1069 3436 qui
1085 3385 1138 3422 orn.
1157 3370 1207 3422 bs.
1223 3399 1250 3406 —
1265 3372 1289 3421 6.
1308 3374 1429 3424 dareuurr
1444 3375 1472 3424 L.
1488 3401 1515 3413 -

190 3450 214 3498 7.
233 3447 404 3498 incendendae
420 3446 489 3497 bis.
508 3472 535 3482 -
554 3448 697 3509 deposuerat
713 3447 785 3498 bsv
802 3449 847 3512 43.
865 3448 907 3499 so.
925 3449 966 3499 64.
987 3448 1085 3512 (sedin
1103 3460 1165 3510 spo
1182 3447 1326 3511 superscr.)
1339 3473 1368 3484 -
1388 3448 1521 3511 &parium

190 3521 268 3573 codd.
287 3522 380 3586 optimi
397 3525 424 3572 et
439 3518 572 3586 plerique:
591 3523 740 3585 resparsus
757 3537 788 3588 p;
808 3525 958 3587 Caeparius
970 3525 988 3574 i.
998 3525 1027 3575 0.
1042 3547 1070 3559 -
1083 3523 1107 3574 8.
1120 3523 1253 3586 Appuiom
1264 3521 1317 3573 du.
1332 3550 1360 3560 -
1372 3522 1521 3574 attributam

189 3593 598 3660 mechanicaraliicaggc
616 3597 970 3662 imbeuomeereketbgb&
983 3611 1033 3649 esre
1046 3598 1218 3661 trib.ghrv;
1232 3597 1517 3648 eueuuributamlibo.

191 3701 218 3710 -
238 3673 302 3738 4444]
319 3677 375 3722 erat
389 3672 455 3722 idern
471 3671 498 3720 d.
513 3698 540 3708 -
559 3673 696 3723 4464444444
712 3672 795 3732 dvc.
816 3699 844 3710 -
863 3672 886 3724 9.
905 3674 936 3722 iis
951 3674 983 3724 b:
1002 3674 1050 3723 iiiia
1066 3671 1107 3724 vel
1124 3674 1162 3722 iris
1178 3675 1207 3723 44.
1230 3701 1257 3710 -
1277 3672 1369 3723 rotome
1384 3671 1416 3734 b,
1434 3672 1479 3734 bg.
1492 3672 1517 3722 4.

190 3753 230 3802 46.
248 3750 295 3810 43,
314 3749 378 3798 item
395 3747 419 3796 3.
439 3749 466 3796 44
482 3748 506 3797 6.
525 3760 561 3798 m.
580 3761 652 3811 sec,
672 3749 752 3798 Paris.
772 3749 883 3810 quartus
900 3747 971 3813 apud
988 3749 1115 3799 Staium:
1134 3747 1236 3798 44444444
1250 3748 1309 3798 444..
1327 3745 1438 3812 (romeu
1454 3744 1517 3809 bu.)

190 3826 229 3878 Ci.
247 3821 369 3888 Madvigii
386 3823 481 3887 Opusc.
501 3824 532 3872 ii.
551 3835 577 3886 p.
596 3823 643 3874 334
661 3825 715 3874 not.
734 3849 762 3860 -
784 3835 894 3885 quoru,
912 3824 958 3886 Lg.
976 3824 1005 3886 9,
1024 3826 1084 3874 Par.
1102 3822 1132 3873 i:
1151 3835 1215 3886 quar
1230 3823 1287 3873 444..
1307 3849 1334 3860 ·-
1352 3821 1471 3873 Facetias
1486 3835 1515 3871 a:

188 3899 289 3952 Perusiae
305 3899 335 3962 (i.
345 3897 373 3962 0)
391 3896 433 3949 vel
450 3899 562 3949 44444444
578 3900 607 3948 R.
623 3927 650 3935 -
663 3901 802 3950 44644444
818 3898 874 3949 446.
890 3925 917 3935 -
932 3901 961 3962 Q.
979 3911 1034 3949 cm.
1052 3913 1066 3948 z
1084 3897 1143 3948 448
1160 3896 1202 3947 alii
1217 3899 1295 3960 4433.
1311 3923 1338 3932 -
1352 3897 1392 3947 40.
1410 3897 1518 3948 ,4444444

189 3974 283 4040 scripsi
301 3987 333 4025 ex
350 3970 472 4024 Sallustio
496 3987 520 4025 4.
538 3973 570 4024 eu
594 3973 665 4038 (edd.
685 3987 709 4024 c.
728 3976 758 4025 ii
777 3979 805 4025 et
822 3977 852 4035 Q.
872 3975 926 4026 Cic.
946 3974 979 4025 de
995 3975 1070 4041 petit.
1090 3971 1191 4024 consul.
1210 3973 1234 4038 3.
1254 3971 1309 4036 40);
1335 3973 1460 4025 dianium
1475 3972 1517 4025 vel

187 4050 303 4102 dlaiiiuru
319 4047 398 4100 codd.
417 4051 445 4098 et
461 4049 495 4108 0;
514 4049 628 4114 Mucium
645 4051 663 4099 i.
682 4063 713 4100 ex
730 4047 810 4113 Sylvii
828 4051 896 4100 coni.
915 4052 1017 4101 Nomen
1030 4049 1160 4114 frequenti
1171 4046 1257 4098 Manlii
1270 4049 1430 4100 centurionis
1441 4062 1517 4100 com·

188 4125 381 4176 memoratione
398 4125 553 4188 corruptum
571 4137 631 4174 esse
648 4128 767 4189 apparet.
787 4152 814 4161 -
833 4125 879 4175 iroc
895 4138 948 4176 om.
966 4139 992 4186 ς.
1013 4153 1040 4162 -
1060 4126 1100 4174 44.
1119 4123 1281 4174 444444446444
1297 4137 1327 4184 z,
1345 4124 1360 4173 6
1378 4122 1419 4175 alii
1436 4126 1514 4189 4433.

191 4226 218 4236 -
238 4199 395 4249 Umbrurirun
411 4198 445 4260 b,
469 4200 484 4250 3
503 4199 580 4262 4433.
601 4225 628 4234 -
652 4201 775 4250 44444444
790 4201 869 4252 libert.
889 4202 917 4252 L.
943 4228 970 4237 -
995 4201 1035 4252 ta.
1054 4200 1173 4250 adductos
1189 4211 1238 4264 pz.
1264 4199 1322 4262 (erre
1336 4201 1407 4263 perd.
1426 4201 1461 4265 3.)
1485 4228 1513 4238 -

190 4273 229 4323 43.
247 4278 282 4324 ert
297 4285 357 4323 urus
373 4271 451 4324 dilu
469 4276 497 4322 et
513 4275 592 4337 4433.
604 4277 712 4338 praeter
728 4278 802 4325 octo:
820 4290 880 4327 euru
895 4282 930 4328 ert
947 4275 1003 4327 rell.
1016 4277 1084 4338 mei,
1102 4277 1181 4340 4433.
1201 4274 1513 4338 eliquationem.

189 4377 217 4386 -
233 4348 273 4401 44.
291 4349 338 4400 baa
355 4348 443 4399 abcs
460 4350 507 4413 43.
519 4350 561 4401 at.
574 4350 615 4401 440,
628 4351 673 4400 er:
693 4352 751 4402 irrue
768 4355 791 4411 t;
809 4353 837 4403 in
852 4354 900 4403 bac
915 4354 961 4417 Lg.
974 4352 1007 4402 20
1020 4355 1047 4402 et
1063 4353 1074 4401 4
1090 4365 1175 4412 oorr.;
1192 4351 1219 4400 ui
1234 4363 1266 4400 oc
1282 4348 1369 4399 RLO.
1384 4349 1514 4412 -perdit

189 4439 243 4477 om.
261 4437 286 4488 3.
306 4450 334 4460 -
353 4424 393 4474 tu.
411 4435 452 4475 rer
463 4437 491 4487 p.
510 4437 533 4475 r.
554 4451 580 4461 -
596 4439 668 4488 porse
683 4428 771 4477 aerari
788 4441 801 4476 z
819 4431 846 4478 et
863 4430 908 4491 Lg.
921 4427 962 4478 46.
976 4429 1016 4477 64.
1037 4428 1135 4489 (cauare
1148 4440 1176 4490 p.
1194 4424 1270 4488 ltu.)
1284 4451 1311 4462 -
1329 4423 1516 4476 arbitrarentur

189 4497 341 4564 qetlalii
358 4499 437 4563 4433.
463 4525 490 4535 -
514 4501 555 4550 46.
573 4501 680 4552 dubo:
703 4502 751 4552 6444
767 4503 796 4553 0.
822 4531 849 4540 -
873 4504 913 4553 ti.
932 4503 998 4564 quod
1019 4503 1214 4568 nbcipqsz,
1237 4498 1312 4552 64144
1329 4501 1422 4564 lagga
1449 4498 1515 4562 quod

189 4573 296 4638 Quirites
311 4572 342 4633 d,
365 4573 473 4636 Quirites
489 4575 555 4636 quod
571 4577 658 4626 nno.
679 4603 705 4612 —-
721 4577 834 4640 primum
849 4579 909 4628 mibi
925 4577 959 4637 b3
981 4577 1093 4640 primum
1109 4589 1163 4627 om.
1182 4589 1204 4627 s.
1225 4603 1252 4612 -
1271 4575 1336 4626 baua
1351 4588 1406 4625 om.
1425 4573 1513 4626 CVrn

189 4652 286 4710 rius,
305 4647 320 4698 3
337 4647 380 4699 4444
391 4650 469 4713 4433.
481 4677 509 4687 -
521 4650 560 4701 48.
578 4652 704 4701 conditam
720 4664 775 4703 orn.
795 4654 811 4702 i.
825 4679 851 4690 -
863 4653 904 4702 49.
923 4653 1009 4703 ceteris
1025 4665 1077 4702 ar:
1095 4652 1182 4703 ceteris
1197 4649 1511 4715 ruppiicatiouiburltLO.

189 4753 216 4762 -
235 4725 277 4776 20.
295 4725 441 4790 4444444444
457 4725 630 4787 Babcisz,
650 4729 695 4790 43.
708 4727 749 4778 20.
763 4726 804 4778 46.
817 4728 857 4778 eo.
871 4727 911 4777 54.
926 4727 970 4777 65:
988 4729 1134 4791 consuatur
1151 4727 1259 4790 Quirites
1274 4726 1322 4777 444.
1332 4725 1361 4775 0.
1374 4749 1400 4762 -
1414 4723 1515 4775 interere

188 4802 368 4865 bdmpstvv
391 4804 418 4853 44
434 4803 512 4867 4433.
530 4805 638 4868 praeter
653 4803 761 4854 decem:
788 4805 884 4854 4444444
902 4801 1073 4866 Cilqrur,
1100 4802 1114 4851 4
1138 4800 1275 4865 44441433.
1294 4799 1373 4860 deti..
1398 4797 1456 4848 Lo.
1482 4826 1509 4836 -

189 4880 247 4931 6444
262 4881 345 4942 pedae
359 4877 469 4941 Bsqr,
488 4879 533 4942 43.
547 4879 592 4939 64;
610 4878 669 4930 berre
683 4885 753 4944 34444
768 4892 791 4928 r.
806 4892 834 4942 p.
854 4881 878 4937 t;
897 4879 922 4928 in
939 4891 958 4926 u
974 4879 1003 4928 ii.
1021 4879 1048 4928 P.
1066 4881 1127 4943 post
1142 4883 1212 4943 34444
1227 4888 1286 4939 sup.
1305 4873 1349 4926 lin.
1368 4874 1420 4934 eet;
1438 4874 1469 4924 64
1483 4885 1513 4924 re

183 4971 212 5020 p.
231 4955 290 5005 berre
305 4957 375 5018 34444
390 4954 407 5004 4
424 4955 502 5017 4433.
521 4953 586 5004 dett.
606 4981 632 4990 —
651 4955 712 5018 uua]
729 4969 783 5005 uuo
798 4954 917 5017 4443444444
936 4952 990 5016 (sic)
1009 4954 1027 5003 t.
1047 4979 1074 4989 -
1093 4955 1134 5004 2⁴.
1156 4953 1303 5020 [4444446444
1318 4947 1375 4998 bis
1392 4945 1512 5010 (primm

187 5029 329 5096 4444446444
340 5027 400 5090 Bri.
415 5056 442 5066 -
456 5030 498 5080 22.
516 5029 558 5095 ert]
574 5031 623 5095 ituit
639 5031 665 5083 d.
680 5057 708 5067 -
717 5029 859 5096 patefactis]
877 5030 915 5080 sic
933 5041 1027 5080 omues
1044 5033 1151 5094 praeter
1167 5044 1198 5092 a,
1216 5028 1261 5093 qui
1276 5023 1359 5077 babet
1372 5023 1508 5086 patefacta,

114 5171 117 5178 Ι
189 5109 216 5159 44
231 5107 247 5156 6
264 5106 344 5169 4433.
363 5105 395 5168 (i.
414 5106 440 5157 8.
458 5105 498 5157 44.
517 5105 557 5158 li.
576 5106 620 5167 53,
639 5108 703 5158 item
720 5107 735 5156 3
753 5105 812 5156 446
829 5117 872 5155 m..
884 5103 949 5168 pri,
968 5104 993 5153 in
1010 5103 1108 5168 quibus
1125 5109 1167 5158 est
1179 5104 1331 5170 patefactus,
1350 5101 1377 5151 44
1394 5102 1433 5152 sic
1449 5104 1507 5155 Lo.

189 5183 234 5248 (Ex
250 5181 363 5236 lectione
380 5181 479 5234 codicis
495 5184 651 5250 aruspicari
668 5182 766 5250 possis:
782 5181 911 5246 pauiarta
925 5193 954 5233 re
969 5181 1085 5244 44644444.)
