3684 5862
548 423 621 490 cn.
641 421 955 488 uxum-xxix.
982 417 1037 505 sp.
1060 413 1215 484 ss-ss.
1498 409 1539 478 aa

226 598 389 663 dominum
409 595 547 680 patiatur
568 592 672 658 c‘etera
693 594 822 678 praedia
843 600 967 668 tenere,
988 592 1034 670 is,
1055 597 1091 658 ut
1112 591 1242 676 opinor,
1272 589 1453 673 praedium,
1475 609 1539 654 non

224 693 310 760 bona
329 691 473 756 videatur
493 689 623 753 alterius
645 688 818 772 possidere.

772 789 998 874 θ’*

296 897 393 992 (de
415 906 463 964 est
475 871 674 982 possideretl
683 897 831 962 nimirum
844 895 878 962 in
891 896 1095 981 possessione
1109 915 1177 962 esse
1193 915 1301 960 eanum
1314 913 1436 969 renum,
1458 911 1541 978 quaa
1653 888 1728 980 74

224 1004 360 1084 possunt
380 1015 418 1060 eo
440 1001 582 1077 tempore
603 991 772 1076 possideri.

768 1095 996 1180 *⁸*

284 1177 426 1272 {Domus
449 1208 516 1267 erat
535 1205 669 1278 Romae,
693 1203 794 1278 serui,
817 1203 850 1266 in
871 1203 941 1286 ipsa
964 1201 1065 1266 Gallia
1088 1201 1210 1286 privata
1230 1202 1263 1265 P.
1286 1201 1428 1279 Quinctii
1450 1219 1541 1286 prae·
1564 1203 1579 1250 ὅ

223 1302 397 1390 dicisquae
418 1295 590 1390 numquam
612 1317 708 1362 ausus
730 1317 765 1360 es
786 1297 960 1381 possidere.

766 1388 992 1474 Q..

307 1508 401 1590 Quod
417 1508 444 1571 si
459 1506 544 1571 bona
556 1508 590 1570 P.
605 1503 747 1581 Quinctii
761 1506 957 1589 possideres,
974 1507 1138 1591 possidere
1150 1505 1256 1569 omnia
1266 1525 1306 1568 eo
1318 1505 1386 1569 iure
1398 1503 1540 1568 deheres.

874 1617 893 1652 ἢ

770 1664 788 1702 ἢ
978 1664 996 1702 ἢ

222 1735 367 1804 XXVIII.
396 1734 550 1799 Naevium
578 1753 619 1798 ne
641 1734 817 1817 appellasse
840 1732 968 1816 quidem
984 1733 1182 1808 Quinctium,
1205 1753 1277 1796 cum
1299 1732 1392 1796 simul
1409 1739 1493 1797 esset
1509 1737 1541 1795 et

223 1829 362 1914 experiri
393 1835 504 1910 posset
533 1826 693 1910 quotidie:
727 1826 842 1891 deinde
872 1828 959 1910 quod
988 1828 1096 1891 omnia
1125 1827 1242 1892 iudicia
1264 1822 1448 1892 difficillima
1469 1845 1541 1888 cum

223 1944 346 1990 summa
368 1942 425 1986 sua
446 1922 566 1985 invidia
587 1921 790 2005 maximoque
812 1921 953 2004 periculo
984 1922 1018 1984 P.
1042 1922 1182 1998 Quinctii
1206 1917 1274 1984 fieri
1295 1920 1417 1994 mallet,
1446 1936 1578 2004 quamto

222 2018 304 2084 illud
325 2017 543 2101 pecuniarium
563 2017 734 2092 iudicium,
758 2017 845 2100 quod
866 2036 930 2078 uno
953 2017 1004 2080 die
1027 2017 1158 2100 transigi
1180 2023 1304 2100 posset:
1327 2037 1369 2080 ex
1390 2035 1453 2100 quo
1476 2033 1540 2078 unu

222 2114 302 2179 haec
329 2111 437 2175 omnia
465 2119 592 2174 natael
623 2110 764 2194 proiecta
786 2131 856 2176 esse
879 2111 1034 2175 concedit
1077 2112 1150 2187 Quo
1172 2112 1206 2174 in
1228 2111 1299 2174 loco
1322 2109 1541 2175 condicionem

224 2208 293 2282 tuli,
314 2207 341 2272 si
363 2206 459 2270 vellet
480 2206 646 2289 pecuniam
668 2213 786 2290 petere,
808 2207 841 2268 P.
858 2206 1042 2281 Quinctium
1061 2206 1234 2270 iudicatum
1256 2205 1337 2270 solvi
1360 2206 1435 2270 satis
1451 2205 1542 2267 datu-

223 2324 310 2377 rum,
335 2303 409 2365 dum
432 2301 516 2384 ipse,
538 2302 564 2364 si
587 2301 666 2384 quid
688 2308 826 2384 peteret,
847 2301 916 2384 pari
932 2300 1121 2365 condicione
1140 2308 1291 2366 uteretur.
1324 2299 1375 2366 86.
1398 2297 1550 2370 Ostendi‚'

224 2417 318 2483 quam
340 2395 439 2458 multa
460 2403 532 2460 ante
554 2391 623 2458 fieri
646 2397 846 2471 convenerit,
868 2415 964 2480 quam
985 2395 1125 2460 hominis
1146 2397 1319 2481 propinqui
1339 2397 1425 2460 hona
1439 2393 1579 2478 possi-tt
1628 2443 1630 2448 .

224 2491 290 2556 deri
320 2490 573 2573 postularentur,
602 2482 888 2576 praesertim(cum
917 2491 1035 2554 Romae
1066 2490 1180 2554 domus
1207 2492 1293 2567 eius,
1323 2511 1420 2567 uxor,
1449 2488 1541 2552 liberi

1658 1234 1750 1313 sris

222 2580 380 2681 assentiet
407 2593 593 2669 procurator
614 2606 716 2669 aeque
738 2586 904 2670 utriusque
920 2571 1144 2682 necessarius.)
1157 2586 1274 2660 Docui,
1296 2605 1367 2651 cum
1382 2585 1542 2649 desertum
1627 2617 1645 2628 ·-
1681 2565 1717 2626 ··’

222 2673 290 2745 esse
322 2680 407 2742 dicat
438 2681 673 2755 uadimonium,
708 2681 838 2746 omnino
870 2678 1086 2745 vadimonium
1115 2679 1237 2744 nullum
1257 2679 1372 2756 fuisse3
1402 2676 1541 2762 quodie

220 2777 306 2842 hunc
336 2774 397 2838 sibi
429 2776 612 2859 promisisse
643 2775 744 2852 dicat,
774 2796 813 2840 eo
842 2776 894 2839 die
917 2795 956 2839 ne
978 2775 1096 2837 Romae
1118 2775 1248 2858 quidem
1270 2795 1343 2838 eum
1364 2774 1479 2838 luisse:
1508 2771 1540 2834 id

183 2877 185 2880 ’
222 2871 355 2936 testibus
385 2891 435 2935 me
464 2870 625 2953 pollicitus
653 2891 722 2934 sum
751 2871 880 2954 planum
902 2869 1075 2944 iacturum,
1104 2870 1159 2953 qui
1182 2873 1214 2931 et
1235 2870 1316 2933 scire
1338 2870 1489 2934 deberent
1510 2874 1578 2938 etto

221 2985 368 3041 causam,
391 2985 447 3028 cur
468 2967 689 3040 mentirentur,
713 2987 779 3031 non
800 2965 962 3028 haherent.
994 2963 1044 3026 Er
1065 2963 1170 3028 edicto
1192 2969 1376 3029 autemnon
1396 2964 1540 3048 potuisse

219 3063 305 3126 hona
326 3060 497 3145 possideri,
521 3060 751 3136 demonstravi,
774 3060 861 3144 quod
883 3079 988 3143 neque
1010 3058 1177 3122 fraudandi
1199 3079 1294 3123 causa
1315 3059 1469 3124 latitasset
1485 3081 1541 3123 ne·

221 3177 284 3240 que
313 3155 417 3220 exsilii
447 3175 542 3218 causa
563 3155 665 3218 solum
687 3156 819 3218 vertisse
843 3154 1010 3218 diceretur.
1054 3152 1104 3216 87.
1127 3154 1297 3239 Reliquum
1320 3160 1382 3230 est,
1410 3161 1447 3216 ut
1468 3173 1539 3216 eum

221 3269 314 3314 nemo
337 3249 455 3312 iudici0
480 3249 666 3312 defenderit.
701 3249 795 3326 Quod
819 3257 928 3313 contra
950 3250 1170 3333 copiosissime
1193 3250 1358 3313 defensum
1381 3269 1451 3313 esse
1466 3270 1541 3312 con·

220 3343 329 3418 tendi,
359 3363 423 3406 non
452 3344 491 3407 ab
520 3343 648 3407 homine
671 3345 776 3408 alieno
799 3365 903 3428 neque
926 3344 965 3407 ab
988 3344 1096 3428 aliquo
1118 3343 1345 3407 calumniatore
1367 3351 1462 3427 atque
1483 3344 1578 3414 im-ss

221 3438 341 3522 probo,
364 3437 419 3500 sed
439 3437 478 3499 ab
501 3439 609 3521 equite
623 3441 777 3514 Romano,
799 3440 980 3523 propinquo
1003 3459 1039 3501 ac
1061 3439 1241 3502 necessario
1264 3458 1339 3514 suo,
1362 3459 1456 3523 quem
1472 3440 1540 3522 ipse

223 3532 295 3594 Sex.
318 3531 454 3594 Naevius
476 3541 713 3615 procuratorem
736 3535 916 3618 relinquere
938 3541 1032 3597 antea
1053 3542 1254 3610 consuesset;
1277 3554 1383 3618 neque
1402 3554 1491 3609 eum,
1513 3534 1540 3598 si
1604 3547 1606 3552 '

221 3624 365 3689 tribunos
387 3626 573 3708 appellarit,
596 3628 713 3690 idcirco
736 3629 840 3691 minus
864 3628 1016 3691 iudicium
1038 3628 1105 3712 pati
1127 3635 1271 3712 paratum
1292 3627 1409 3703 fuisse,
1435 3648 1540 3711 neque

221 3720 364 3806 potentia
386 3721 600 3804 procuratoris
622 3723 741 3787 Naevio
765 3724 815 3786 ius
831 3730 989 3806 ereptum:
1013 3731 1122 3786 contra
1135 3723 1231 3786 istum
1244 3725 1389 3807 potentia
1403 3743 1460 3788 sua
1473 3733 1540 3790 tum

221 3816 439 3880 tantummodo
470 3817 667 3898 superiorem
695 3817 808 3894 finisse,
841 3839 926 3882 nunc
956 3819 1048 3882 nohis
1069 3818 1125 3882 vix
1153 3819 1330 3902 respirandi
1351 3826 1577 3904 potestatemto

221 3912 305 3974 dore.
341 3911 459 3973 xxix.
482 3893 725 4019 88q0uaesivi,
748 3933 830 3997 quae
852 3933 948 3976 causa
968 3912 1099 3988 luisset,
1121 3912 1275 3977 curbona
1289 3934 1353 3978 non
1368 3915 1561 3996 venissent)
1634 3955 1706 3994 s...

222 4025 292 4069 oum
322 4025 362 4068 ex
392 4005 495 4069 edicto
518 4005 766 4089 possiderentur.
809 4004 931 4070 Deinde
953 4007 1033 4070 illud
1057 4027 1187 4092 quoque
1208 4009 1377 4094 requisivi,
1407 4031 1471 4094 qua
1491 4031 1540 4078 ra·

283 4248 308 4298 2.
325 4247 440 4298 adeatur
456 4247 560 4298 cumo
575 4247 645 4304 Eli:
664 4247 767 4298 ulterius
781 4249 897 4299 uideotw
912 4250 993 4315 capp.
1015 4275 1042 4288 -
1062 4251 1086 4302 3.
1106 4251 1144 4304 cl.
1163 4251 1187 4316 5.
1206 4252 1246 4304 89.
1267 4279 1294 4290 -
1313 4255 1337 4304 3.
1357 4251 1395 4304 Gi.
1415 4253 1438 4326 5.
1452 4253 1483 4304 89
1497 4266 1538 4319 sq.
1653 4281 1658 4288 ·

222 4350 249 4361 -
267 4325 361 4374 Domus
377 4325 436 4374 Gar.
455 4324 489 4374 2:
507 4337 564 4373 eum
580 4323 667 4374 domus
683 4324 765 4389 capp.
785 4327 812 4376 et
828 4326 891 4375 ΕΜ.
911 4353 938 4364 -
958 4331 1014 4376 orat
1029 4327 1133 4388 Romae,
1159 4334 1232 4378 eram
1246 4328 1327 4391 arui,
1353 4321 1426 4380 aaut
1442 4331 1469 4380 tn
1485 4331 1541 4394 ipso

220 4399 304 4451 Gellio
316 4399 420 4462 privato
436 4400 487 4450 cet.
507 4401 566 4450 Gar.
579 4400 614 4460 3.,
632 4404 688 4450 erut
703 4401 807 4461 dauco,
826 4402 1005 4464 donassent,
1023 4401 1214 4465 inprecatus
1228 4404 1332 4467 monto
1342 4407 1392 4456 cet.
1412 4404 1538 4457 llalmins.

221 4501 248 4510 —
267 4475 291 4525 6.
309 4473 342 4539 ss]
359 4475 433 4530 estE.
449 4502 476 4512 -
494 4475 519 4526 t.
532 4476 669 4526 omoioll:
688 4477 864 4541 omosscepp.
878 4477 944 4527 etii.
959 4503 986 4514 -
1005 4477 1102 4528 &dees
1117 4479 1188 4529 Eli:
1207 4479 1293 4530 dotem
1308 4481 1389 4545 capp.
1405 4505 1432 4516 -
1452 4481 1477 4532 8.
1495 4495 1541 4544 up·

214 4549 345 4614 pettouim
361 4548 387 4604 3.
407 4577 435 4588 -
457 4555 518 4602 tarot
537 4557 560 4600 st
581 4551 692 4614 saper-iri
715 4564 779 4603 nos:
806 4556 866 4602 aaut
881 4565 938 4602 aas
953 4553 1064 4616 asportet
1080 4554 1111 4615 k,
1137 4559 1210 4615 sust,
1237 4556 1349 4618 mmet
1365 4568 1427 4607 enm
1443 4557 1539 4607 ceteds

218 4624 415 4680 librideIO.
428 4653 455 4662 —
469 4625 493 4676 9.
506 4625 871 4680 cummcmmmoiooidlci.
885 4653 912 4662 -
926 4627 1368 4694 ltposqupouonGeethkn.
1383 4658 1412 4669 -
1425 4633 1541 4683 lanoso

218 4715 269 4751 esse
284 4705 307 4750 et
319 4702 432 4764 prosam
448 4701 473 4751 k.
494 4730 521 4739 -
540 4701 580 4752 43.
594 4706 689 4764 peteret
703 4715 744 4767 pr.
764 4716 787 4753 e.
802 4730 830 4740 -
847 4704 874 4753 P.
886 4715 939 4754 om.
951 4703 977 4754 k.
997 4731 1025 4744 -
1045 4707 1085 4756 43.
1103 4707 1244 4758 muniret
1261 4707 1311 4758 elr.
1331 4733 1359 4744 -
1378 4707 1418 4758 48.
1431 4705 1538 4770 mon]

218 4781 273 4828 tom
289 4777 388 4827 commo
405 4776 523 4828 Lambini
541 4779 701 4830 coniectura.
721 4805 749 4814 —
771 4780 811 4830 20.
831 4777 929 4830 usddus
946 4780 1073 4842 pollicitus
1088 4794 1143 4832 nso
1160 4782 1268 4844 plasten
1282 4795 1322 4833 ors
1336 4782 1464 4846 factm
1480 4795 1495 4832 e
1512 4785 1540 4832 et

219 4854 249 4904 Α.
271 4878 297 4889 -
316 4853 357 4903 33.
375 4851 495 4902 urucae
510 4851 585 4908 Ant
603 4867 665 4904 cum
682 4853 818 4906 codicibus
835 4853 958 4906 omnibus
976 4855 1033 4917 (nisi
1051 4857 1123 4921 quod
1140 4870 1171 4908 c:
1190 4856 1327 4922 totalem:
1350 4857 1460 4908 latitasse
1476 4869 1538 4908 enm

133 4937 137 4954 ·
219 4927 321 4979 Iuntina
339 4929 366 4978 et
382 4925 509 4978 lambino
526 4930 555 4978 0.
576 4957 603 4966 -
621 4929 661 4980 2³.
680 4931 722 4995 ost]
740 4931 825 4982 mel.
846 4957 874 4968 -
892 4930 956 4996 oum]
972 4945 1029 4982 cum
1045 4930 1090 4984 lm
1107 4934 1174 4984 etl.
1190 4960 1217 4969 —
1235 4934 1275 4984 26.
1291 4933 1433 4997 propinquo
1444 4944 1497 4982 om.
1510 4931 1536 4980 lr.

221 5030 248 5039 —
266 5017 297 5054 oe
314 5001 623 5066 Bthdlgilmn:
642 5007 761 5068 auquel.
779 5012 803 5058 ct
820 5019 882 5057 cunr
900 5008 995 5058 ceteris
1012 5005 1252 5063 librideitO.-
1271 5010 1311 5060 27.
1329 5007 1535 5058 &momu-

218 5077 1056 5147 minautomltuutctouobcdfghilmminimcos.
1087 5081 1538 5150 cr.5.63.-29.0re1rton]ere-

215 5159 288 5216 ptum
303 5169 354 5210 asro
370 5157 398 5208 1..
416 5182 444 5192 -
462 5153 544 5220 utum]
562 5154 642 5217 ursum
657 5157 683 5208 k.
703 5184 731 5195 -
750 5157 790 5212 32.
808 5170 841 5210 aa
857 5157 921 5210 dieto
937 5159 957 5212 1.
975 5171 1065 5212 errore
1082 5159 1281 5226 typographico.
