3638 5868
733 757 1009 819 industriosis

859 921 893 971 IN

422 1065 1334 1161 &VERREM

719 1278 832 1330 LIBER
857 1277 1035 1339 QUARTUS.

681 1459 761 1522 DE
810 1455 1078 1522 SIGNIS.

314 1826 453 1880 CODICES
469 1825 629 1880 iisiiuiiss
645 1823 705 1875 iibri
722 1824 765 1875 iv.
784 1826 811 1876 et
825 1825 871 1874 V.:

279 1919 300 1973 n
318 1937 344 1956 =
361 1921 451 1986 Regius
466 1919 621 1971 parisiensis
640 1933 680 1969 nr.
699 1917 772 1968 iiii.
791 1919 826 1978 4,
845 1918 920 1968 cuius
933 1913 1087 1978 collatione,
1105 1915 1155 1967 sed
1165 1927 1261 1981 pamm
1272 1920 1410 1979 accurata,
1428 1932 1494 1972 usus
1507 1924 1549 1974 est
1609 1899 1668 1966 ais
1681 1905 1712 1960 ³2
1738 1901 1764 1960 ’ἲ

216 1996 358 2058 Graevius;
377 1993 487 2047 alteram
505 2009 538 2046 ex
555 1993 674 2058 margine
692 1993 814 2045 editionis
831 1993 971 2052 Bmiinae,
990 2003 1059 2056 quae
1076 1991 1104 2041 in
1120 1986 1281 2042 bibliotheca
1299 1987 1442 2046 Hauniensi
1458 2008 1549 2047 aeser-

215 2075 306 2134 vatur,
329 2073 356 2122 40
379 2069 469 2123 iucem
491 2069 598 2136 protulit
614 2067 764 2133 multosque
782 2067 843 2117 inde
860 2064 934 2117 locos
952 2065 1103 2118 emendavit
1119 2065 1266 2130 Madvigius
1282 2067 1309 2118 iu
1326 2057 1441 2134 Epistola
1458 2071 1549 2122 critica

216 2147 250 2198 sd
267 2145 403 2208 omilium,
422 2146 537 2197 llavniae
550 2145 622 2195 4848.
641 2145 712 2195 44000
729 2144 869 2208 praeterea
886 2140 964 2193 huius
981 2141 1081 2192 codicis
1098 2139 1251 2193 collationes
1269 2155 1302 2192 ex
1319 2145 1401 2209 copiis
1412 2143 1549 2198 Orellisnis

217 2222 392 2288 depromptas
409 2219 524 2284 benigne
539 2231 647 2271 mecum
666 2218 872 2269 communicavit
882 2218 1015 2279 Baiterus‚
1034 2230 1149 2281 quarum
1161 2231 1242 2270 unam
1254 2220 1420 2282 ilanbartus,
1438 2219 1550 2272 aiteram

216 2300 269 2349 iac.
279 2298 412 2350 Escberus
424 2294 622 2360 diligentissime
632 2294 753 2345 coniecit.
765 2295 802 2344 Ex
813 2293 865 2343 boo
877 2292 1001 2344 eodsine
1011 2291 1095 2342 dubio
1105 2291 1255 2358 descriptae
1265 2299 1327 2346 eunt
1336 2293 1474 2358 lectiones,
1483 2309 1550 2360 quas

216 2373 243 2422 in
256 2371 400 2436 exemplari
418 2365 540 2421 editionis
553 2368 750 2430 Lambiuianae,
770 2365 842 2432 quod
859 2367 962 2418 Bernae
977 2368 1139 2430 asservatur,
1157 2360 1390 2422 inueniltliellius.
1414 2369 1551 2422 serenent

217 2459 265 2498 eae
282 2445 317 2498 ed
333 2446 394 2496 libr.
412 2445 455 2497 iii.
474 2443 499 2510 s.
518 2445 607 2495 t-ti⁰.
634 2443 701 2494 Vide
722 2443 810 2494 Orellii
832 2445 915 2508 Epist.
934 2443 993 2493 orit.
1012 2443 1046 2493 ed
1063 2441 1176 2508 Madvig.
1195 2447 1222 2510 p.
1240 2439 1349 2496 ViuXi.
1385 2441 1458 2507 Quae
1476 2442 1550 2497 iliad-

215 2523 301 2586 vigiue
321 2523 412 2588 (Epist.
430 2523 490 2572 orit.
512 2519 548 2572 ad
568 2519 646 2572 orell.
665 2533 691 2584 p.
711 2520 743 2571 ta
759 2531 820 2586 sqq.
842 2520 890 2586 Op.
908 2521 929 2571 i.
947 2533 974 2585 p.
992 2519 1041 2570 siti
1057 2519 1128 2584 sqq.)
1151 2520 1185 2571 de
1203 2519 1340 2574 oodidbus
1357 2515 1551 2574 Parisienelbes

217 2600 245 2648 et
260 2596 294 2648 de
311 2599 402 2647 vetere
419 2594 591 2648 bambiniano
609 2594 767 2660 disputavit,
790 2609 843 2646 non
866 2595 939 2646 omni
955 2607 990 2646 ex
1010 2599 1087 2660 parte
1103 2609 1169 2646 vera
1184 2609 1246 2648 0000
1263 2597 1507 2650 demonstravisse
1524 2600 1551 2649 in

217 2671 460 2733 commentatione,
487 2684 568 2736 quam
590 2670 623 2721 de
651 2668 789 2722 codicibus
811 2670 870 2721 libr.
890 2669 932 2720 iii.
952 2671 979 2720 et
994 2669 1026 2721 V.
1045 2672 1122 2724 oratt.
1140 2671 1244 2722 Verrin.
1265 2672 1450 2738 iiialberstadii
1466 2674 1551 2738 4859.)

216 2745 379 2810 scripsimus.
407 2745 499 2810 Neque
518 2747 590 2796 enlm
608 2744 719 2796 dublum
737 2753 798 2797 esse
814 2747 918 2811 potest,
938 2745 1002 2810 quin
1019 2742 1123 2796 collatio
1140 2745 1296 2799 llavniensis
1314 2762 1348 2800 cx
1364 2747 1457 2800 codice
1470 2741 1551 2812 Regio

216 2819 290 2873 iiii.
308 2824 338 2872 4.
355 2821 478 2885 proiecta
495 2823 542 2883 sit,
560 2820 681 2874 Lambini
698 2824 788 2872 autem
799 2823 877 2872 vetus
895 2819 980 2872 codex
997 2819 1110 2883 attegio
1127 2819 1258 2874 diversus.
1286 2825 1372 2888 Atque
1389 2819 1452 2876 illud
1470 2823 1552 2876 etiem

216 2899 322 2950 eertum
339 2899 382 2949 est
397 2898 485 2949 varias
501 2893 643 2956 lectiones.
663 2909 730 2960 qnos
748 2897 809 2947 Car.
828 2895 979 2961 stepbenue
997 2899 1140 2962 congessit,
1160 2911 1193 2950 ex
1209 2899 1261 2952 boe
1277 2901 1375 2954 eodum
1393 2901 1474 2967 iisgte
1491 2912 1553 2953 0000

216 2973 381 3040 descriptum
404 2985 468 3024 nam
485 2971 531 3024 ubi
554 2971 707 3038 discrepare
725 2971 850 3023 videntur
866 2984 882 3022 a
899 2973 992 3036 itegio,
1015 2971 1116 3024 librarii
1133 2987 1254 3026 errorem
1271 2989 1304 3027 ee
1321 2975 1508 3041 negligentiam
1520 2977 1552 3028 ’40

217 3047 294 3114 culpa
312 3062 372 3102 esse
390 3041 562 3099 manifestum
579 3049 628 3097 est.
665 3046 742 3112 [Cum
759 3045 885 3107 lordono,
904 3059 1068 3112 quamquam
1085 3049 1125 3100 tot
1141 3049 1240 3102 codicis
1257 3052 1350 3118 optimi
1362 3050 1516 3104 collationes
1527 3052 1553 3104 ei

217 3121 251 3173 ad
267 3131 364 3175 manus
382 3125 470 3184 erent,
488 3121 578 3172 tamen
596 3121 668 3172 haud
684 3122 777 3186 paucis
795 3121 859 3173 locis
876 3121 1005 3173 dubitatio
1023 3124 1056 3176 de
1070 3137 1133 3175 vera
1152 3125 1252 3177 codicis
1268 3121 1381 3177 lectione
1392 3126 1486 3178 relicta
1498 3123 1554 3178 fue·

216 3199 265 3259 rit,
281 3211 299 3248 a
316 3197 437 3249 iamillari
454 3209 529 3261 meo,
551 3197 614 3248 Cin.
633 3197 771 3259 buberano,
794 3198 888 3262 petivi,
911 3201 942 3248 ut
958 3199 1079 3252 codicem
1097 3201 1186 3252 denuo
1203 3203 1351 3262 excuteret}
1375 3203 1452 3252 onius
1470 3205 1553 3266 opera

216 3273 419 3338 diligentissima
440 3269 551 3324 tandem
571 3271 672 3324 iactum
692 3273 749 3334 est,
778 3277 807 3323 ut
826 3285 920 3324 veram
941 3273 1042 3326 codtoie
1062 3275 1206 3328 lectionem
1223 3275 1327 3342 ubique
1348 3277 1553 3343 repraesentare

268 3364 370 3404 semus.
395 3349 489 3410 44400.)

217 3363 267 3417 pos
284 3426 348 3477 uis
366 3441 392 3461 =
411 3421 598 3488 Guelferbpiani
614 3421 680 3486 duo,
699 3420 734 3474 do
752 3421 850 3487 qulbus
866 3423 928 3474 vido
944 3423 980 3476 ad
996 3425 1109 3477 Divinat.

283 3500 323 3552 Ld
341 3523 366 3546 e-
384 3499 508 3550 404040040
525 3499 551 3570 ii.
570 3511 594 3548 e.
612 3499 641 3550 P.
660 3497 761 3549 Francii
779 3501 805 3552 in
822 3499 1000 3551 Perizonianie
1017 3514 1057 3552 nr.
1077 3503 1117 3552 it.
1137 3503 1206 3554 40040
1221 3499 1327 3567 440440),
1346 3501 1422 3554 cuins
1439 3493 1554 3557 00440440-

218 3588 282 3630 nem
300 3591 315 3628 a
332 3575 413 3628 iiairlo
430 3573 629 3639 diligentissime
648 3571 796 3626 coniectum
813 3575 848 3626 ad
865 3587 909 3626 ma
926 3576 999 3627 misit
1013 3577 1144 3630 balterus.

283 3654 321 3706 449
337 3651 469 3718 signifieat
485 3661 646 3702 0000000000
663 3649 788 3702 ecdicum
803 3651 824 3703 lt
841 3651 874 3702 Gi
889 3651 904 3704 2
924 3650 971 3704 bd.

286 3729 323 3786 (444
340 3738 502 3780 eonsensum
520 3725 646 3777 oodicum
663 3726 695 3775 ui
711 3727 728 3778 2
744 3725 792 3778 Ld.

283 3801 301 3856 λ
319 3821 345 3842 =
361 3807 432 3854 00400
447 3802 527 3853 eodm
542 3801 658 3853 Lambini
672 3800 700 3852 40
717 3815 801 3866 marg.
821 3801 894 3854 iusi.

286 3881 306 3933 C
324 3894 351 3915 =
369 3877 521 3930 0040040000
537 3875 675 3927 uuiiieimii
690 3877 762 3943 apud
777 3880 926 3931 Gruterum.

284 3957 308 4008 V
324 3974 352 3995 =
372 3954 520 4014 4044000000,
538 3951 584 4016 qui
600 3950 669 4002 baec
679 3951 762 4003 babet
773 3951 937 4017 fragmenta:
957 3955 980 4018 4)
998 3955 1023 4021 5.
1035 3956 1059 4006 6.
1072 3955 1228 4018 4000000004
1237 3956 1357 4008 lictorem
1368 3982 1397 3993 -
1416 3958 1441 4023 5.
1454 3958 1479 4010 9.
1491 3959 1554 4010 aaa

220 4032 373 4085 0000044000
404 4027 471 4092 tis.
490 4027 872 4080 404000400000000000-
892 4029 917 4094 5.
936 4029 1311 4095 lamentationemque.

285 4107 350 4159 ii.
366 4103 534 4170 440404400040,
561 4115 595 4153 ex
619 4115 672 4167 quo
697 4102 792 4156 4404040.
815 4105 937 4169 liittorpii
962 4105 1079 4158 schediae
1102 4110 1244 4182 experptue
1268 4109 1340 4160 sunt.
1374 4109 1436 4162 Eius
1462 4112 1553 4163 autem

217 4181 367 4247 augmenta
390 4181 538 4244 supersunt
554 4178 631 4230 baec.
667 4177 690 4241 4)
708 4179 733 4244 5.
752 4181 777 4230 4.
797 4203 826 4218 -
845 4179 869 4244 5.
887 4180 913 4231 9.
930 4180 1066 4242 reliquisse.
1106 4182 1131 4245 Ξ)
1150 4181 1175 4246 5.
1193 4181 1234 4234 39.
1252 4181 1374 4246 mepte,
1395 4185 1507 4236 04004440
1525 4211 1553 4224 -

220 4256 246 4322 5.
257 4256 300 4308 tu.
314 4255 580 4320 massamque
595 4259 656 4305 00004
689 4254 713 4318 3)
732 4253 756 4318 5.
769 4253 811 4306 tr.
830 4255 896 4318 Quid
911 4255 957 4306 400
968 4255 1025 4307 eet?
1043 4283 1071 4294 -
1091 4256 1116 4321 5.
1129 4256 1171 4308 49.
1181 4258 1295 4309 udiendo
1304 4260 1406 4310 0000044
1430 4259 1455 4322 4)
1474 4259 1499 4326 fl.
1510 4261 1553 4314 tt.

220 4327 818 4396 Eteeforteieomtoee-soiebotetpollio.
853 4330 877 4393 ii)
896 4328 921 4393 S.
940 4331 981 4382 aa.
1000 4331 1375 4397 immolaremus·
1401 4333 1485 4399 §.itt
1504 4336 1556 4387 440-

220 4411 295 4462 etus.
331 4405 459 4472 (45.69.
479 4402 1067 4468 inamoenum-§.asamona
1088 4407 1233 4459 4400000044.
1267 4407 1557 4474 nigramque

220 4481 413 4545 8000040000-
433 4478 458 4544 5.
476 4479 754 4542 Tigranucometae.
789 4481 813 4544 8)
831 4479 909 4544 gib.
929 4480 1250 4544 ouoqutdemtcelere-
1268 4483 1346 4548 §.72
1365 4485 1557 4548 4000404000-

219 4561 319 4608 vemt.
353 4556 377 4621 9)
396 4555 421 4621 fl.
439 4553 480 4606 94.
503 4555 617 4606 4400000440
637 4555 755 4618 maen
773 4579 800 4593 ··
824 4552 850 4618 4.
869 4554 910 4605 si.
927 4555 1131 4610 000040040οω.
1166 4559 1207 4622 49)
1225 4557 1249 4622 3.
1268 4558 1310 4609 ss.
1326 4557 1417 4612 Audin
1431 4561 1509 4614 044000
1526 4587 1555 4601 —·

221 4630 318 4696 Stoi.
330 4631 485 4688 0040440040
500 4632 645 4684 emineret.
671 4633 711 4697 ii)
730 4631 754 4697 fl.
767 4632 825 4682 444.
844 4631 1085 4694 summussos
1098 4659 1126 4670 -
1139 4633 1239 4684 0000004
1248 4633 1383 4686 uideatur.
1410 4637 1450 4702 44)
1463 4637 1555 4701 §.tit

205 4705 313 4766 ‚urtam
328 4707 470 4770 90000000
489 4731 518 4744 -
536 4705 562 4770 S.
574 4707 632 4759 449.
649 4721 701 4760 ooo
712 4705 845 4758 0044400004
859 4707 963 4772 aufere
994 4706 1034 4771 43)
1051 4707 1077 4772 8.
1090 4707 1148 4760 itt.
1165 4706 1243 4760 derlee
1257 4708 1389 4762 4440000000
1406 4735 1435 4748 -
1454 4709 1478 4774 Β.
1498 4709 1555 4763 ret.

220 4782 306 4846 400400
320 4795 372 4836 em
386 4781 529 4834 04000000.
1617 4795 1621 4806 ·

288 4857 359 4922 ngas
376 4883 403 4906 -
420 4857 662 4923 4000000404ωο
672 4872 713 4912 nr.
725 4858 780 4922 29..
798 4857 844 4923 qni
860 4867 1024 4923 quamquem
1040 4855 1195 4910 melioribus
1212 4861 1254 4912 004
1269 4857 1498 4924 munerandae,
1516 4861 1559 4911 ta-
1611 4847 1623 4866 ‘
1650 4848 1680 4901 ³:
1723 4849 1755 4935 ’Ν

222 4943 287 4986 men
303 4933 411 4998 optimis
428 4930 509 4998 paulo
524 4932 633 4984 interior
649 4936 698 4986 eet.

288 5005 331 5060 sd
349 5006 550 5060 nsussmosss
571 5007 709 5060 CODICES
730 5008 865 5062 referendi
885 5010 949 5061 sunt
968 5008 1052 5060 ueteri
1072 5011 1178 5075 septem
1199 5009 1423 5077 40000000404004
1443 5011 1515 5074 (num
1531 5009 1560 5060 in

223 5078 284 5134 libr.
296 5082 340 5135 lv.
353 5081 424 5134 etv.
436 5079 506 5146 ugia
522 5082 550 5136 in
560 5081 725 5136 deteriorum
742 5096 856 5136 numero
873 5085 937 5148 004),
954 5084 1079 5146 Palatini,
1096 5085 1270 5148 aretem,
1290 5085 1469 5144 dmm,
1488 5083 1560 5137 900-

224 5156 316 5212 esses
330 5165 372 5224 tii,
393 5157 636 5225 Momm,
659 5157 830 5226 8000044004
845 5157 897 5228 is.)
917 5159 990 5226 apud
1010 5158 1137 5216 oreiiium
1156 5161 1186 5214 tn
1201 5161 1267 5215 edit
1285 5162 1365 5214 orate.
1381 5157 1485 5216 0040044.
1503 5159 1559 5211 xv.
