3684 5862
263 405 285 470 6
665 404 818 471 ORATIO
840 403 917 472 PRO
940 405 974 470 P.
996 401 1190 482 QUINGTIO

264 584 333 642 erat
352 577 504 652 eductus,
526 582 559 642 et
572 597 638 661 quo
655 577 806 641 utebatur
819 576 880 642 iste
895 575 1085 659 plurimum,
1107 574 1323 660 propinquum
1335 577 1494 647 nostrum,
1518 571 1591 636 Sex.

263 673 422 736 Alienum.
456 674 518 737 lies
540 672 712 739 convenire
735 671 824 734 nullo
847 672 942 734 modo
957 676 1082 753 poterat
1095 677 1280 752 propterea,
1303 667 1390 752 quod
1404 665 1457 730 bic
1471 666 1592 730 medio·

216 844 218 848 .
264 788 349 830 crem
370 767 523 831 iactsrram
545 769 649 831 lacere
672 767 835 851 cupiebat,
857 766 919 828 iste
940 764 1092 828 mediocri
1115 765 1232 847 praeda
1249 768 1418 826 contentus
1433 781 1499 826 non
1513 770 1591 828 erat.

264 860 316 926 22.
337 864 450 946 ltaque
478 882 517 925 ex
548 882 587 926 eo
617 869 760 944 tempore
780 880 833 924 res
855 881 925 924 esse
946 860 981 922 in
1003 859 1220 922 vadimonium
1243 857 1359 941 coepit.
1403 857 1482 921 Cum
1503 858 1592 921 vadi·

241 956 374 1020 timonis
400 975 496 1039 saepe
518 957 617 1019 dilata
645 961 751 1018 essent
780 961 812 1018 et
842 975 913 1018 cum
940 953 1138 1036 aliquantum
1159 953 1312 1036 temporis
1336 952 1371 1015 in
1393 971 1431 1016 ea
1451 971 1486 1015 re
1509 959 1593 1017 esset

265 1057 490 1133 consumptum
517 1071 623 1134 neque
653 1050 827 1134 quidquam
855 1047 1032 1132 proiectum
1060 1053 1161 1120 esset,
1191 1047 1280 1112 vnit
1305 1046 1346 1108 ad
1373 1045 1591 1110 vadimonium

265 1144 413 1206 Naevius.
456 1146 509 1209 VI.
531 1144 689 1219 Obsecro,
719 1146 752 1208 C.
780 1143 889 1230 Aquili
926 1161 1067 1226 rosque,
1101 1141 1156 1224 qui
1179 1141 1296 1204 adestis
1318 1131 1353 1206 i'n
1375 1140 1526 1216 oonsilio,
1556 1147 1593 1205 nt

265 1237 436 1319 diligenter
457 1239 644 1314 attendatis,
675 1247 711 1302 ut
733 1239 892 1323 singulare
915 1256 1014 1320 genus
1035 1234 1156 1298 fraudis
1178 1242 1210 1297 et
1230 1255 1345 1299 novam
1367 1235 1523 1298 rationem
1544 1235 1593 1298 in-

267 1331 419 1395 sidiarum
449 1352 641 1417 cognoscere
672 1334 813 1416 possitis.
856 1329 908 1394 23.
935 1330 988 1392 iit
1018 1351 1051 1393 se
1080 1329 1296 1393 auctionatum
1324 1343 1394 1393 esse
1416 1329 1450 1392 in
1472 1328 1591 1413 Gallia3

229 1426 355 1510 eoquod
376 1428 438 1490 sibi
460 1429 636 1503 videretur,
659 1449 693 1492 se
715 1429 913 1500 vendidiss03
936 1444 1080 1499 curasse,
1102 1443 1143 1486 ne
1166 1423 1244 1507 quid
1265 1423 1325 1486 sibi
1346 1424 1482 1489 societas
1497 1427 1593 1492 debe·

266 1527 333 1594 ret;
363 1541 398 1584 se
425 1522 488 1585 iam
518 1543 621 1606 neque
649 1522 759 1586 vadari
787 1522 923 1604 amplius
953 1539 1059 1603 neque
1086 1519 1302 1582 vadimonium
1330 1519 1531 1602 promittere3
1563 1522 1591 1584 si

267 1615 344 1699 quid
367 1635 462 1699 agere
484 1636 590 1680 seeum
612 1616 690 1681 velit
712 1615 897 1692 Quinctius,
926 1634 994 1678 non
1014 1634 1171 1677 recusare.
1214 1614 1290 1688 llic,
1312 1633 1384 1677 cum
1406 1633 1471 1678 rem
1495 1615 1592 1679 Galli·

267 1729 379 1772 cenam
401 1717 532 1794 cuperet
552 1712 708 1786 revisere,
736 1709 897 1773 bominem
926 1710 960 1771 in
985 1708 1165 1791 praesentia
1186 1728 1251 1770 uon
1273 1709 1424 1784 vadatur3
1452 1709 1496 1773 ita
1518 1710 1590 1773 sine

267 1805 450 1868 vadimonio
482 1806 666 1868 disceditur.
710 1804 832 1867 Deinde
854 1805 972 1866 Romae
996 1804 1063 1866 dies
1085 1823 1152 1866 xxx
1172 1800 1239 1865 lere
1262 1801 1431 1878 Quinctius
1453 1821 1593 1866 commo-

230 1905 365 1960 ttratur.
399 1899 476 1962 Cum
499 1899 611 1963 ceteris
636 1919 718 1983 quae
740 1898 877 1961 babebat
892 1897 1074 1962 vadimonia
1096 1897 1209 1971 differt,
1231 1903 1268 1959 ut
1286 1895 1453 1979 expeditus
1469 1899 1503 1959 in
1520 1897 1593 1961 Gal·

267 1992 343 2056 liam
366 1991 523 2076 proficisci
544 2002 664 2077 posset.
692 1990 914 2057 Proficiscitur.
946 1989 998 2054 tt.
1015 1992 1116 2054 Roma
1129 1991 1290 2074 egreditur
1303 1997 1375 2054 ante
1389 1991 1473 2054 diem
1484 2013 1517 2056 ιιι
1530 1993 1594 2056 lla·

224 2131 226 2141 .
267 2085 564 2152 lend..Februarias
587 2088 756 2164 Quinctius
780 2086 929 2171 Scipione
952 2092 984 2148 et
1004 2085 1153 2148 Norbano
1172 2085 1259 2168 Coss.
1296 2085 1440 2161 Quaeso,
1462 2093 1498 2149 ut
1519 2107 1592 2151 eum

269 2181 352 2245 diem
375 2183 547 2246 memoriae
569 2182 738 2246 mandetis.
772 2182 807 2244 L.
829 2181 958 2255 Albius,
980 2178 1053 2260 Sex.
1074 2175 1174 2253 lilius,
1197 2178 1344 2255 Quirina,
1365 2179 1538 2245 virbonus
1560 2189 1592 2248 et

215 2288 217 2296 ’
269 2297 341 2340 cum
362 2277 475 2358 primis
496 2276 667 2350 honestus,
689 2293 754 2338 una
775 2274 937 2358 profectsu
958 2281 1015 2336 est.
1049 2274 1127 2336 Cum
1148 2273 1309 2336 venissent
1330 2273 1370 2336 ad
1391 2276 1481 2339 Vada
1496 2277 1593 2340 Vola·

225 2379 395 2434 ¹titterrana
422 2390 504 2454 qnae
531 2369 752 2444 nominentur,
782 2370 892 2432 vident
920 2367 1165 2451 perfamiliarem
1195 2368 1321 2443 Naevii,
1351 2369 1407 2452 qui
1429 2389 1470 2432 ex
1491 2369 1593 2435 Gellia

269 2458 395 2550 pueros*
415 2464 544 2528 venales
573 2463 627 2526 isti
656 2463 848 2537 adducebat,
879 2463 915 2526 L.
944 2463 1139 2537 Publicium,
1171 2464 1244 2547 qui,
1274 2471 1310 2526 ut
1337 2464 1470 2528 Romam
1490 2467 1592 2542 venit,

269 2565 377 2624 narrat
397 2559 535 2633 Naevio,
567 2579 631 2643 quo
660 2559 693 2620 in
715 2559 786 2622 loco
809 2559 927 2622 viderit
948 2558 1142 2634 Quinctium.
1187 2558 1281 2634 Quod
1302 2559 1364 2621 nisi
1388 2578 1428 2621 ex
1450 2559 1591 2624 Publicio

271 2651 459 2737 [narratum
475 2653 595 2717 Naevio
629 2659 728 2727 esset,
761 2672 826 2716 non
856 2660 920 2716 tam
948 2654 1012 2719 cito
1045 2673 1095 2716 res
1126 2653 1161 2715 in
1183 2653 1420 2717 contentionem
1441 2653 1591 2742 venisset.

270 2745 322 2812 25.
345 2749 426 2810 Tum
445 2743 595 2831 Naevius]
619 2767 736 2831 pueros
759 2749 876 2810 circum
898 2747 1016 2810 amicos
1039 2747 1185 2823 dimittit;
1207 2747 1277 2831 ipse
1299 2767 1374 2811 euos
1396 2749 1592 2814 necessarios

232 2841 311 2906 stab
332 2840 422 2906 atriis
444 2843 575 2906 Liciniis
597 2850 630 2906 et
650 2861 669 2906 a
689 2842 833 2906 faucibus
855 2841 979 2906 macelli
1001 2851 1163 2924 corrogat,
1186 2848 1221 2904 ut
1241 2842 1282 2905 ad
1298 2842 1436 2905 tabulam
1452 2843 1591 2908 Sextiam

271 2935 332 3000 sibi
355 2935 461 3000 adsint
481 2935 560 3000 bora
582 2940 723 3002 secunda
736 2936 899 3020 postridie.
931 2936 1071 2999 Veniunt
1087 2936 1280 3020 frequentes.
1309 2933 1508 3000 Testilicatur
1522 2938 1592 3014 iste,

269 3031 302 3092 P.
324 3027 486 3106 strrrvts
514 3051 577 3098 ros
598 3051 734 3096 srrrrssu
755 3049 797 3094 nr
818 3051 854 3094 sn
878 3050 1030 3106 srrrrsss3
1061 3031 1187 3094 tabulae
1209 3031 1346 3094 maxime
1370 3031 1468 3114 signis
1490 3032 1593 3096 bomi-

333 3159 357 3209 l.
376 3160 477 3211 edesse
492 3174 508 3212 e
525 3173 587 3212 cum
604 3163 730 3226 quattuor
746 3159 954 3211 oxoniensibus:
973 3159 1090 3210 educatos
1106 3173 1168 3210 cum
1185 3160 1280 3211 ceteris
1297 3158 1370 3211 libris
1387 3159 1501 3216 titio
1531 3163 1589 3214 Vid.

268 3233 341 3286 Klotz
353 3235 464 3286 Praetat.
476 3236 519 3288 ed.
529 3248 569 3301 pr.
582 3249 609 3302 p.
620 3236 673 3286 LXI
682 3249 723 3299 sq.
737 3235 775 3286 cl.
786 3234 810 3298 ἓ.
822 3235 861 3285 69.
875 3261 901 3272 -
917 3237 942 3285 2.
955 3235 1091 3298 siphonem
1100 3233 1168 3288 Abi
1180 3233 1288 3297 ubique.
1307 3233 1423 3286 Alteram
1434 3237 1593 3303 scripturam

267 3310 381 3375 praehet
398 3311 468 3376 1²55.
482 3313 522 3364 67.
541 3313 580 3363 68.
594 3312 634 3362 69.
654 3313 681 3361 et
696 3312 722 3362 ll
734 3309 842 3374 ubique.
857 3337 884 3346 -
903 3311 927 3361 6.
943 3312 1081 3373 perfectam
1091 3311 1111 3360 B
1121 3325 1138 3360 n
1151 3313 1177 3362 et
1188 3309 1242 3364 Li.
1257 3309 1313 3374 (sel.
1322 3311 1477 3374 profectores
1489 3325 1542 3376 mg.
1556 3313 1591 3378 4.)

271 3413 298 3422 -
312 3387 336 3437 7.
356 3387 382 3438 C.
396 3385 825 3451 neabcdigiimnetnte:
845 3391 881 3448 te,
895 3386 922 3436 C.
936 3386 1080 3436 ebketO.
1101 3385 1138 3436 Cl.
1152 3385 1176 3449 ἐ.
1190 3385 1230 3435 36,
1246 3411 1272 3421 -
1287 3385 1310 3434 9.
1324 3387 1593 3438 esseseauctionotum

268 3461 293 3512 lx.
310 3489 336 3498 -
357 3462 396 3512 ts.
416 3461 464 3512 «al.
477 3463 503 3512 iss
517 3462 658 3525 praescisti»
672 3473 725 3524 mg.
738 3459 765 3514 2.
781 3487 808 3496 -
828 3463 868 3510 ts.
881 3461 1019 3523 sepedictus
1029 3461 1054 3510 k.
1070 3487 1097 3496 -
1116 3461 1156 3511 46.
1168 3461 1210 3525 IV]
1222 3461 1248 3511 ll
1257 3473 1319 3511 curn
1331 3461 1478 3511 Hotomano
1492 3463 1592 3524 (contra

268 3537 488 3589 consuetudinem
500 3537 631 3588 sermonis
640 3535 730 3596 Latini)
742 3535 794 3588 se.
807 3534 866 3585 Vid.
881 3535 914 3584 ad
927 3533 951 3598 ἓ.
965 3536 1005 3585 57.
1021 3561 1048 3572 -
1061 3535 1101 3585 tr.
1115 3533 1267 3585 Februarias
1277 3536 1359 3585 oxon.
1373 3536 1390 3585 S
1402 3537 1470 3588 eto:
1484 3537 1593 3589 deinso-

267 3613 301 3662 rit
313 3611 350 3664 Gl
363 3614 389 3663 et
399 3615 418 3665 L
427 3613 453 3665 8.
468 3613 556 3664 Ceteri
571 3611 650 3663 codd.
663 3612 744 3662 Paris.
758 3612 785 3662 et
796 3614 817 3662 Α
830 3611 882 3662 hoc
892 3625 951 3662 roo.
965 3623 1013 3675 per
1025 3609 1213 3674 compendium
1225 3609 1359 3660 exhibent.
1373 3635 1402 3648 -
1416 3613 1530 3674 Quintius
1540 3613 1593 3665 Sci·

265 3688 340 3750 plone
351 3701 365 3738 a
375 3686 383 3737 Ι
395 3690 422 3738 et
431 3690 467 3738 A:
487 3689 602 3750 Quiritiss
613 3687 727 3750 Spicione
737 3686 754 3737 b
765 3685 827 3737 cdl
833 3699 849 3749 g
858 3685 892 3736 hi
902 3699 927 3746 n,
942 3687 1056 3748 Quintius
1066 3685 1196 3748 Sprictoeu
1208 3685 1254 3746 ek,
1268 3686 1297 3748 0.
1308 3685 1431 3748 sparsose
1442 3699 1478 3750 m,
1493 3689 1592 3750 (44444440

267 3763 368 3826 Quone
383 3765 415 3825 G,
434 3764 549 3827 Scipiom
566 3763 673 3826 (omisso
690 3763 797 3813 nomine
811 3761 948 3826 Quinctios)
961 3760 1042 3813 teo.
1059 3787 1086 3796 —
1105 3761 1144 3812 48.
1157 3760 1258 3810 Albinus
1269 3761 1289 3810 G
1296 3760 1322 3823 lx.
1339 3787 1366 3796 -
1386 3763 1505 3823 Quirinos
1515 3764 1534 3814 Β
1545 3763 1591 3814 Gb

268 3837 607 3902 cdelghiklmnetil.
622 3865 650 3873 —-
670 3837 710 3887 49.
723 3836 863 3902 cumlink.
876 3861 904 3870 -
923 3833 1120 3886 uerissetaell.
1135 3863 1162 3872 -
1178 3835 1377 3886 Vcdclotsrosc
1388 3839 1416 3887 G.
1430 3838 1523 3888 «Varie
1535 3851 1593 3889 cor·

267 3915 388 3979 ruptum,
407 3913 480 3964 velut
492 3913 594 3964 sedato
605 3913 737 3964 toterreos
748 3913 776 3962 et
787 3925 812 3976 q.
827 3923 851 3975 g.
865 3923 889 3962 a.
909 3911 1014 3962 Rectius
1030 3911 1134 3962 nonnisi
1148 3912 1174 3962 in
1189 3912 1268 3962 lm.»
1286 3911 1361 3962 licus.
1377 3937 1404 3948 -
1422 3913 1463 3964 2⁰.
1475 3915 1594 3966 sidentes·

269 3988 365 4039 Galil.
386 4015 413 4024 —
432 3990 473 4040 ti.
492 3988 646 4040 adducebant
662 3985 819 4038 bcdelm.
835 4014 861 4022 -
881 3988 922 4037 44.
940 3987 1074 4036 sideratis.
1090 4013 1117 4022 ·-
1135 3987 1191 4050 ιιὶιι]
1209 3986 1399 4048 odiBikmn,
1421 3988 1455 4037 idi
1471 3988 1498 4038 b.
1514 4016 1541 4025 —
1559 4003 1592 4040 ss

267 4063 382 4128 Publicio]
395 4077 427 4114 sc
435 4063 533 4126 publico
543 4065 574 4126 Α,
593 4077 610 4113 a
620 4061 728 4114 Prsbticio
739 4075 792 4126 mg.
806 4060 832 4116 4.
847 4087 876 4098 -
895 4061 936 4112 23.
949 4067 1084 4111 narratum
1094 4063 1188 4112 Naevio
1199 4091 1214 4101 -
1224 4088 1238 4099 -
1249 4089 1263 4099 -
1275 4062 1335 4112 Teon
1345 4063 1461 4128 Naevius]
1475 4065 1592 4116 «Desunt

269 4140 295 4190 in
307 4137 483 4203 itbcdlgbl
491 4153 517 4190 m
525 4152 551 4200 n,
564 4137 664 4202 ubique
676 4137 767 4203 spatiis
775 4137 866 4188 vacuis
875 4149 1001 4188 versuum
1013 4137 1183 4201 singulorum,
1195 4137 1327 4198 binorum,
1338 4139 1474 4189 ternorum
1483 4137 1588 4191 relictis.

267 4215 296 4264 In
308 4211 315 4264 l
329 4227 343 4263 a
354 4214 472 4264 secunda
486 4226 567 4264 manu
578 4212 700 4278 suppleta
711 4215 784 4274 sunt,
803 4215 833 4263 ut
844 4212 897 4262 duo
908 4226 1017 4274 versus,
1036 4216 1113 4264 antea
1124 4214 1201 4264 vacui
1212 4211 1310 4274 relicti,
1329 4212 1364 4262 ad
1375 4226 1491 4278 unguem
1503 4213 1592 4280 exple·

268 4291 368 4340 rentur.
387 4289 416 4340 ln
429 4303 466 4340 ae
484 4290 519 4351 (et
530 4289 558 4352 G)
577 4288 639 4341 nibil
653 4290 737 4340 deest.
764 4291 793 4339 lu
807 4290 824 4339 k
839 4287 909 4340 nullo
921 4287 1031 4340 lacunae
1047 4290 1121 4353 signo
1133 4289 1247 4340 habetur
1260 4287 1365 4340 illorum
1376 4288 1521 4341 verborum
1532 4290 1589 4342 vice

267 4364 380 4428 spreuit
393 4366 424 4414 ut
434 4363 566 4429 legamus:
587 4366 657 4428 Quod
667 4365 709 4414 ubi
720 4379 753 4416 esc
763 4364 871 4416 Psebiido
882 4366 996 4429 apponit,
1011 4379 1103 4428 pueros
1114 4363 1178 4416 rei.»
1189 4366 1264 4416 ilem.
1283 4365 1364 4416 Vetus
1376 4364 1591 4430 supplementum

267 4437 377 4490 lacunae
395 4451 464 4502 quae
481 4441 507 4490 in
519 4440 665 4505 archetypo
678 4440 757 4492 tuisse
769 4439 874 4490 videtur
885 4439 1049 4505 reliquimus,
1067 4441 1116 4492 etsi
1128 4454 1170 4490 vv.
1183 4445 1319 4490 somatum
1329 4441 1361 4490 N.
1372 4447 1432 4491 esset
1442 4455 1503 4494 cnm
1514 4457 1591 4508 prae-

266 4515 397 4581 positione
408 4529 441 4565 sc
453 4515 560 4566 minime
573 4515 730 4579 congruunt.
746 4542 773 4552 -
786 4514 827 4566 ti.
839 4515 955 4580 Naevius]
968 4517 1077 4567 blaseius
1087 4517 1138 4579 ipse
1149 4518 1195 4565 Ga
1206 4517 1234 4566 et
1243 4518 1274 4566 A.
1290 4541 1316 4550 -
1335 4515 1377 4566 id.
1390 4518 1479 4568 Licinii
1490 4519 1589 4571 BGab

267 4589 474 4654 cdtghiklm
487 4592 554 4642 etA-
570 4619 597 4630 -
615 4589 812 4642 morectttklm.
825 4619 852 4628 -
865 4591 1004 4644 Sestiomt.
1018 4619 1045 4628 -
1058 4592 1098 4642 26.
1112 4591 1534 4656 mutuanturtsttoaelmeti,
1549 4595 1590 4645 isti

266 4668 429 4733 testificentur
445 4667 474 4728 Ιι,
494 4668 656 4732 testificentur
666 4668 711 4718 ists
721 4665 739 4715 b
750 4666 818 4718 cdl.
832 4667 987 4732 (testificator
997 4669 1041 4718 iste
1057 4667 1099 4731 gb
1109 4667 1115 4717 i
1126 4667 1162 4729 n.)
1177 4693 1204 4704 -
1217 4669 1257 4719 27.
1269 4682 1321 4719 sou
1331 4669 1421 4718 stetisse
1432 4673 1455 4718 st
1464 4681 1489 4720 se
1499 4671 1589 4722 stetisse

268 4743 345 4794 elim
362 4739 458 4802 etet,
476 4755 527 4792 ooo
542 4741 634 4792 stetisse
649 4749 672 4792 st
688 4743 779 4794 stetisse
793 4742 1009 4807 seBbclgbn,
1027 4757 1078 4794 ooo
1093 4744 1185 4794 stetisse
1201 4743 1298 4806 seGd,
1316 4757 1367 4793 ooo
1382 4746 1474 4795 stetisse
1489 4751 1586 4809 seete,

266 4833 316 4870 ooo
327 4817 418 4871 stetisse
430 4820 453 4867 et
465 4816 550 4880 scrisse
566 4821 589 4868 et
604 4819 695 4870 stetisse
706 4831 732 4868 se
742 4818 762 4878 i,
781 4831 832 4868 sos
841 4819 933 4869 stetisse
942 4831 988 4869 ses
998 4817 1019 4880 l,
1038 4832 1088 4869 son
1098 4831 1123 4868 se
1133 4819 1222 4869 stitisse
1232 4824 1255 4870 et
1265 4833 1290 4870 se
1300 4820 1388 4870 stitisse
1399 4821 1427 4870 l..
1440 4819 1537 4885 (stitisse
1548 4824 1589 4873 est

267 4909 300 4946 ex
320 4893 467 4946 certissima
488 4895 640 4944 coniectare
656 4895 805 4945 Hotomani.
837 4894 874 4946 ct.
894 4893 958 4946 Geli.
977 4895 1002 4956 2,
1020 4893 1070 4957 44.)
1089 4923 1116 4932 -
1132 4895 1245 4946 mommo
1261 4898 1281 4946 G
1298 4897 1325 4947 et
1341 4897 1398 4947 sine
1415 4895 1496 4948 dubio
1514 4896 1588 4950 multi

267 4967 321 5020 alii:
338 4969 470 5019 mucirsae
486 4966 597 5022 utto.
616 4968 784 5032 «tegendum
802 4971 843 5021 est
857 4971 969 5022 mommo
985 4983 1047 5020 cum
1064 4968 1155 5020 codice
1172 4971 1198 5020 S.
1211 4971 1278 5022 vict.
1292 4973 1320 5022 et
1330 4984 1400 5033 meo,
1418 4973 1436 5024 4.
1449 4985 1473 5023 e.
1487 4973 1589 5035 proeci-

263 5057 322 5108 pus,
331 5043 495 5106 potissimum,
508 5045 589 5108 signis
600 5045 687 5109 potius
697 5043 837 5098 hominum
848 5044 976 5098 nobilium
988 5059 1069 5112 quam
1080 5044 1216 5099 aliorum.»
1229 5048 1290 5099 Gan.
1302 5048 1327 5102 2.
1341 5047 1380 5100 Cf.
1392 5049 1470 5101 ianus
1481 5059 1497 5100 a
1510 5048 1588 5100 Costa

267 5120 294 5171 in
310 5121 418 5174 lleerm.
437 5121 516 5172 Thes.
534 5121 554 5171 Ι.
572 5133 599 5186 p.
617 5119 674 5172 tsi.
