3642 5862
244 403 307 478 391
618 417 660 482 nt
682 417 848 484 VERREM
868 415 991 483 ACTIO
1014 415 1198 484 sudabat

247 585 441 670 spondebisl
463 584 525 650 nisi
538 584 621 650 torte
634 586 683 662 id,
699 585 786 672 quod
794 633 804 664 ,
825 589 950 653 tametsi
964 587 1090 671 probari
1104 586 1193 675 qullo
1207 587 1302 652 modo
1317 593 1438 672 potest,
1459 595 1565 652 tamen

247 678 310 743 dici
331 678 459 761 quidem
480 680 515 742 in
536 679 656 745 indicio
679 681 718 744 de
740 682 884 766 pecuniis
905 681 1089 764 repetundis
1104 700 1234 746 necesse
1249 688 1310 755 est,
1334 682 1373 744 de
1393 689 1448 747 tua
1468 701 1565 765 pecu·

245 771 300 837 nia
319 769 515 838 aedificatam
537 795 607 838 esse
628 794 750 840 narem.
781 775 871 839 Ande
892 776 954 839 hoc
976 775 1086 840 saltem
1108 776 1230 850 dicere,
1252 775 1339 859 quod
1355 795 1484 840 necesse
1506 783 1565 839 est.

245 867 316 931 Noli
338 873 495 944 metuero,
516 869 680 944 Hortensi,
702 889 742 932 ne
764 888 930 952 quaeram,
953 869 1008 956 qui
1029 868 1154 934 licuerit
1168 869 1333 934 aedificare
1347 890 1461 935 narem
1476 889 1566 934 sena·

208 973 223 1018 ¹⁵
246 961 315 1025 tori.
357 962 515 1046 Antiquae
542 970 617 1028 suut
642 965 721 1027 istae
742 963 829 1046 leges
851 970 884 1026 et
905 971 1064 1040 mortuae,
1097 963 1253 1046 quemad
1275 965 1403 1028 modum
1424 970 1460 1028 tu
1481 962 1566 1027 soles

245 1053 366 1130 dicere,
388 1074 470 1141 quae
491 1063 607 1122 vetant.
649 1057 673 1120 F
675 1059 723 1121 uit
743 1057 804 1122 ista
825 1077 876 1121 res
897 1058 1024 1142 publica
1045 1057 1222 1142 quondam,
1252 1057 1313 1122 tuit
1332 1059 1393 1126 ista
1415 1059 1565 1122 severitas

245 1146 279 1210 iu
310 1148 455 1228 iudiciis,
487 1159 524 1214 ut
547 1151 640 1215 istam
666 1171 734 1214 rem
762 1160 924 1216 accusator
951 1152 985 1216 in
1008 1151 1129 1235 magnis
1151 1151 1335 1217 criminibus
1357 1151 1566 1218 obiiciendum

244 1249 380 1324 putaret.
419 1243 505 1320 Quid
527 1245 611 1310 enim
632 1245 690 1309 tibi
711 1247 808 1311 navit
830 1246 886 1331 qui
908 1248 935 1311 si
951 1266 1014 1331 quc
1030 1246 1156 1331 publice
1170 1242 1393 1330 proficisceris,
1415 1245 1566 1329 praesidii

246 1343 280 1400 et
299 1346 446 1404 vecturae
468 1359 562 1405 causa
575 1349 703 1425 sumptu
716 1340 844 1424 publico
860 1341 986 1426 navigia
999 1341 1204 1424 praebentur;
1226 1340 1371 1424 privatim
1387 1349 1491 1405 autem
1507 1359 1567 1404 nec

208 1446 237 1501 44
245 1432 402 1516 proticisci
424 1455 586 1521 quoquam
606 1443 696 1519 potes
718 1455 777 1500 nec
799 1455 959 1500 arcessere
980 1456 1031 1500 res
1054 1436 1278 1500 nansmarinaa
1293 1455 1333 1498 ex
1352 1434 1392 1500 iis
1413 1434 1511 1510 locis,
1532 1433 1567 1498 in

246 1527 361 1611 quibus
390 1539 423 1594 te
454 1530 571 1596 habere
599 1527 680 1595 nihil
707 1530 790 1594 licet.
833 1525 884 1594 46.
913 1531 1034 1595 Deinde
1060 1550 1118 1593 cnr
1145 1530 1319 1612 quidquam
1345 1534 1453 1594 conus
1480 1526 1567 1611 leges

244 1623 385 1704 parasti?
426 1624 555 1689 Valeret
579 1624 640 1688 boc
667 1625 786 1688 crimen
815 1624 848 1686 in
878 1624 933 1688 illa
962 1630 1068 1688 vetere
1096 1624 1263 1688 severitate
1289 1643 1326 1688 ac
1347 1622 1499 1706 dignitate
1520 1622 1567 1686 rei

244 1715 402 1800 publicae.
445 1719 535 1785 Nunc
555 1738 621 1783 non
644 1719 737 1783 modo
759 1725 790 1782 te
810 1718 873 1783 boe
895 1719 1027 1782 crimine
1048 1738 1112 1781 non
1133 1737 1249 1801 arguo,
1281 1718 1337 1782 sed
1359 1737 1400 1780 ne
1421 1716 1476 1782 illa
1497 1717 1568 1801 qui·

247 1812 318 1877 dem
350 1813 507 1878 communi
538 1813 770 1896 vituperatione
802 1812 1017 1898 reprehendo:
1051 1819 1085 1876 tu
1113 1813 1171 1877 tibi
1191 1812 1253 1876 hoo
1273 1832 1445 1897 numquam
1465 1812 1566 1894 turpe,

209 1918 418 1993 ennumquam
440 1907 656 1982 criminosum,
689 1927 863 1992 numquam
891 1907 1084 1972 invidiosum
1105 1906 1174 1970 iore
1195 1907 1329 1988 putasti,
1362 1904 1566 1969 celeberrimo

245 2001 317 2066 loco
339 2001 444 2085 palam
465 2002 522 2066 tibi
543 1999 702 2068 aedificari
724 2002 900 2066 onerariam
922 2021 1035 2066 narem
1056 2003 1090 2065 in
1110 2001 1289 2084 provincia,
1322 2019 1418 2085 quam
1438 2007 1474 2062 tu
1497 2019 1568 2064 cum

245 2095 380 2179 imperio
402 2095 590 2160 obtinebas?
623 2095 707 2172 Quid
729 2117 783 2160 eos
805 2095 910 2180 loqui,
932 2095 988 2180 qui
1010 2095 1175 2170 videbant,
1198 2094 1276 2179 quid
1299 2095 1480 2159 existimare
1503 2113 1567 2170 eos,

246 2190 303 2274 qni
324 2190 510 2266 audiebant,
537 2191 748 2256 arbitrabare?
777 2191 905 2258 inanem
927 2198 959 2254 te
980 2209 1093 2254 navem
1115 2209 1184 2252 esse
1206 2187 1292 2252 illam
1313 2189 1348 2252 in
1369 2187 1492 2252 ltaliam
1513 2188 1569 2252 ad·

246 2283 435 2348 ducturum?
457 2285 700 2360 naviculariam,
723 2304 795 2349 cnm
816 2286 947 2350 Romam
961 2285 1120 2358 venisses,
1143 2301 1212 2347 csse
1225 2282 1404 2346 facturum?
1426 2284 1473 2346 Ne
1488 2282 1569 2346 illud

209 2377 376 2460 ecquidem
398 2379 564 2463 quisquam
586 2385 711 2464 poterat
731 2378 900 2463 suspicari,
927 2385 958 2443 te
980 2380 1014 2443 in
1035 2378 1126 2442 ltalia
1147 2377 1337 2440 maritimum
1358 2376 1475 2440 babere
1496 2376 1568 2440 fuu-

247 2473 322 2538 dum
344 2473 435 2538 etad
457 2474 574 2538 fructus
596 2475 807 2558 deportandos
830 2475 1004 2540 onerariam
1026 2493 1138 2538 narem
1161 2491 1350 2555 comparare.
1382 2472 1459 2534 Eius
1482 2472 1568 2535 modi

246 2568 375 2634 voluisti
402 2567 443 2658 de
470 2575 500 2632 te
527 2589 706 2634 sermonem
735 2589 803 2634 esse
833 2569 990 2644 omnium,
1017 2568 1121 2652 pMam
1148 2572 1185 2630 ut
1205 2566 1410 2649 loquerentur
1431 2571 1463 2628 te
1482 2563 1569 2628 illam

246 2680 359 2726 navem
380 2683 505 2748 parare,
527 2683 608 2746 quae
629 2663 779 2746 praedam
802 2683 843 2727 ex
865 2662 974 2726 Sicilia
995 2663 1174 2745 deportaret
1194 2667 1227 2723 et
1247 2658 1287 2722 ad
1307 2678 1346 2723 ea
1365 2657 1465 2734 turta,
1487 2677 1569 2741 quae

120 2759 126 2766 ’
247 2755 449 2842 reliquisses,
471 2765 670 2822 commearet.
713 2753 764 2820 147.
787 2758 905 2822 Verum
926 2757 1004 2820 baec
1026 2755 1150 2828 omnia,
1173 2754 1201 2818 si
1217 2753 1311 2816 doces
1333 2771 1445 2818 navem
1461 2752 1500 2814 de
1514 2759 1569 2816 tua

209 2853 382 2935 tepecunia
403 2851 608 2927 aedificatam,
629 2853 756 2917 remitto
770 2858 866 2936 atque
881 2850 1029 2915 concedo.
1052 2847 1114 2911 Sed
1128 2848 1210 2923 hoc,
1231 2847 1326 2911 homo
1342 2845 1568 2921 amentissime,

97 3006 102 3024 ,
248 2964 311 3010 non
333 2946 482 3030 intelligis
503 2946 607 3030 priore
629 2945 753 3010 actione
775 2945 814 3008 ab
836 2945 914 3028 ipsis
935 2944 1006 3007 istis
1022 2943 1235 3015 Mamertinis,
1258 2942 1320 3004 tuis
1342 2939 1568 3030 lapdatoribus,

90 3062 94 3079 ¹
121 3120 126 3126 .
247 3058 318 3104 esse
350 3040 529 3104 sublatum?
560 3042 639 3104 Nam
665 3040 746 3105 dixit
772 3040 887 3115 Heius,
919 3039 1065 3124 princeps
1087 3037 1184 3122 istius
1206 3034 1390 3119 legationis,
1425 3053 1507 3117 quae
1529 3034 1572 3097 ad

247 3142 332 3200 tuam
359 3133 572 3200 laudationem
600 3135 697 3200 missa
721 3141 786 3212 est,
815 3153 925 3198 navem
947 3133 1005 3196 tibi
1027 3131 1132 3214 operis
1155 3129 1291 3214 publicis
1313 3129 1569 3192 Mamertinorum

248 3249 317 3298 esee
344 3229 460 3294 144144(
487 3229 581 3312 eique
608 3228 773 3294 faciendae
794 3235 973 3293 senatorem
992 3225 1214 3290 Mamertinum
1236 3222 1362 3307 publice
1384 3221 1568 3307 praefuisse.

210 3323 384 3408 ttReliqua
406 3331 455 3388 est
475 3326 629 3390 materies.
672 3323 760 3388 llanc
781 3321 948 3405 Rhegium,
971 3326 1006 3383 ut
1026 3318 1089 3402 ipsi
1111 3319 1221 3384 dicunt
1241 3315 1376 3400 (tametsi
1397 3321 1433 3378 tu
1453 3331 1570 3398 negare

313 3561 338 3612 3.
355 3571 408 3622 pec.
426 3563 540 3610 44444444
556 3557 714 3622 matam
729 3557 808 3621 1433.
828 3582 855 3591 -
875 3554 899 3606 3.
917 3565 1007 3604 nauem
1022 3551 1077 3603 RR:
1098 3563 1155 3602 eam
1170 3562 1260 3600 44444
1276 3548 1354 3608 dett.;
1378 3559 1435 3598 4444
1449 3546 1536 3597 maim
1551 3545 1572 3596 0

251 3636 322 3700 (item
339 3636 429 3700 1433,
446 3636 476 3686 ut
491 3633 614 3697 videtur).
635 3659 663 3671 -
681 3632 707 3684 4.
725 3632 777 3697 qai]
794 3632 835 3682 cat
851 3631 920 3682 1463
937 3628 1000 3690 Ld.;
1025 3641 1060 3678 aa
1076 3627 1122 3677 64.
1140 3651 1168 3661 -
1188 3626 1213 3676 a.
1230 3637 1271 3674 ree
1283 3623 1386 3686 publica
1402 3621 1439 3673 143
1451 3623 1488 3673 C:
1505 3633 1570 3682 resp.

247 3711 327 3760 restio
344 3710 360 3760 3
377 3709 454 3762 codd.
473 3708 607 3768 Lambini;
627 3709 753 3772 responde
769 3706 848 3767 dett.;
864 3705 1020 3769 reprebendo
1036 3699 1105 3764 1344
1122 3712 1158 3751 ιιι.
1171 3702 1197 3751 3.
1217 3727 1245 3738 -
1264 3700 1288 3750 1.
1306 3697 1458 3762 maor]
1474 3697 1573 3747 iadiciie

249 3787 327 3850 Lagg.
350 3788 457 3851 praeter
473 3786 513 3836 39.
537 3811 566 3822 -
590 3783 615 3836 3.
639 3787 700 3836 aaut
716 3785 780 3835 1464
808 3781 849 3847 (cl.
868 3781 952 3832 Varro
968 3792 1012 3844 ap.
1030 3779 1097 3830 Non.
1115 3789 1142 3841 p.
1161 3776 1234 3826 toa.:
1262 3773 1342 3838 (0444
1357 3773 1418 3824 midi
1433 3785 1532 3834 444444,
1550 3771 1573 3822 ei

248 3861 365 3912 4144444444
380 3860 497 3912 aditae?
512 3859 675 3911 44444111.
691 3859 770 3920 lat.
789 3857 871 3922 «0444
885 3856 946 3906 mea
961 3856 1014 3906 4444
1029 3848 1318 3912 ostentantem
1333 3852 1382 3910 eat,
1399 3851 1472 3898 tanta
1486 3845 1573 3908 iaopsa

248 3935 328 3999 ertit:
346 3948 411 3986 noae
425 3936 509 3999 1339;
526 3935 657 3996 aaaimc;
674 3947 783 3985 4444444
799 3933 836 3984 63
853 3931 917 4000 1.4.;ι
933 3942 997 3981 aava
1013 3940 1075 3990 opta
1089 3925 1158 3992 44444
1176 3923 1240 3976 dett.
1253 3924 1287 3984 0;
1306 3937 1355 3986 qao
1371 3921 1436 3974 44444
1452 3919 1495 3971 4444
1511 3919 1572 3970 4444

249 4011 392 4075 opusne?
416 4011 497 4062 Prisc.
516 4011 536 4062 1.
560 4023 587 4075 p.
605 4009 662 4062 331.
688 4008 744 4073 (nbi
765 4010 791 4060 in
812 4007 872 4059 cod.
890 4004 999 4057 Barber.
1019 4005 1073 4054 est:
1100 4001 1160 4062 qaid
1182 4000 1247 4050 44444
1270 4011 1344 4064 sqq,
1370 3997 1466 4049 eadem
1482 3999 1572 4046 tamen

250 4098 331 4138 manu
347 4099 396 4150 qao
412 4083 580 4148 emendante)
597 4083 674 4150 prob.
693 4086 779 4135 Garat.
797 4085 829 4136 11.
848 4081 906 4135 coll.
920 4083 950 4133 11.
969 4080 994 4145 S.
1008 4079 1079 4139 ⁴834
1098 4091 1147 4141 qao
1163 4073 1282 4128 4444444144
1292 4073 1395 4124 4444444
1411 4071 1480 4123 coni.
1493 4071 1572 4120 Gree-

248 4162 315 4214 vius.
336 4187 363 4198 -
383 4161 426 4222 qai
441 4161 463 4210 4·
479 4159 558 4212 codd.
577 4172 683 4222 omnes,
707 4161 787 4210 etiam
804 4159 850 4211 14.
868 4161 937 4211 teste
954 4155 1048 4209 Bakio:
1071 4153 1149 4204 (4444
1172 4151 1233 4202 LO.
1258 4151 1292 4202 At
1309 4147 1342 4200 cl.
1360 4145 1447 4198 Madv.
1466 4157 1492 4232 p.
1512 4143 1570 4229 ⁴⁰⁶:

250 4236 321 4288 Bake
337 4248 364 4300 p.
383 4234 424 4287 33.
442 4233 582 4287 Stuerenb.
600 4235 635 4286 ad
651 4233 730 4286 Arcb.
749 4247 775 4299 p.
794 4235 850 4286 439.
869 4233 912 4286 ed.
928 4235 946 4284 1.
961 4259 989 4269 -
1004 4229 1170 4296 prodebatis
1185 4227 1222 4279 63
1237 4225 1307 4290 ngat
1318 4224 1367 4277 29:
1382 4222 1574 4286 profloaaereree

252 4313 298 4364 ctt.
317 4311 346 4362 0.
365 4335 393 4346 -
411 4315 436 4362 et
446 4310 571 4374 praesidii
586 4309 651 4361 dett.
670 4309 699 4360 0.
720 4336 747 4346 -
765 4309 790 4360 9.
804 4309 958 4373 4444444444
973 4306 1055 4372 agae:
1071 4303 1253 4368 proebaeatar
1268 4301 1315 4351 ctt.
1333 4300 1363 4350 0.
1383 4323 1411 4334 -
1430 4296 1471 4346 44.
1488 4305 1573 4344 (44444-

249 4400 302 4438 aere
318 4385 401 4450 4339ι
429 4397 554 4437 eocarere
573 4383 657 4436 1414.
674 4383 731 4436 rell.
749 4384 828 4450 4433.
853 4411 880 4420 -
907 4397 940 4434 aa
959 4381 1041 4432 44414.
1066 4406 1093 4416 -
1121 4380 1162 4429 44.
1180 4383 1203 4429 te
1224 4367 1571 4427 44444143ωά4144414.

251 4461 345 4528 (Madv.
364 4473 390 4528 p.
404 4461 485 4524 4014)(
504 4460 548 4512 tibi
563 4459 661 4523 tabae,
677 4459 787 4510 44444444·
803 4461 867 4513 dett.
886 4461 915 4511 0.
930 4485 957 4495 -
971 4457 1012 4508 43.
1029 4455 1107 4508 ederi
1121 4454 1199 4518 Lagg.
1217 4453 1323 4518 praeter
1338 4449 1380 4512 39,
1398 4449 1428 4498 0.
1442 4471 1470 4483 -
1484 4442 1525 4498 tl.
1537 4442 1572 4510 ta]

247 4544 370 4604 poetrecao
386 4537 512 4602 441339,
538 4534 594 4598 4114,
619 4537 652 4596 0;
675 4541 801 4600 postremo
821 4540 850 4586 at
870 4530 1024 4598 14334411.
1049 4560 1076 4569 -
1102 4537 1175 4594 talpa
1197 4542 1250 4582 om.
1269 4529 1358 4592 1433,
1375 4525 1441 4576 item
1457 4533 1574 4588 sequens

249 4627 388 4676 44444444
403 4625 498 4664 omnes
514 4613 622 4677 praeter
638 4609 669 4663 41
687 4613 715 4662 44
730 4610 771 4662 39.
791 4637 818 4646 -
842 4610 883 4660 te.
901 4609 1034 4672 (4444444444
1050 4606 1095 4658 143.
1121 4632 1148 4643 -
1174 4605 1201 4656 44
1213 4601 1347 4667 promocio
1362 4599 1427 4652 1464
1442 4613 1448 4648 :
1471 4599 1498 4649 44
1510 4611 1574 4662 pro-

249 4691 359 4742 aieaaiam
375 4688 412 4740 63
429 4687 491 4747 Ld.;
517 4687 545 4738 44
565 4701 597 4738 ea
616 4686 749 4750 3444444444
765 4683 830 4736 4444.
848 4684 878 4734 0.
898 4709 925 4719 —
950 4682 991 4732 43.
1009 4681 1134 4732 cadebam
1149 4682 1178 4732 14.
1198 4705 1226 4715 -
1245 4691 1295 4730 ease
1310 4671 1443 4737 4444444143,
1460 4675 1476 4724 3
1494 4671 1572 4725 codd.

250 4762 358 4818 bamb:
377 4761 447 4814 4444444
463 4763 563 4821 asem
580 4761 651 4812 iliam
667 4772 720 4812 om.
740 4758 804 4810 4444.
819 4785 846 4795 -
865 4759 1033 4808 adducturam
1049 4757 1101 4809 R3:
1121 4756 1283 4806 deductam
1299 4751 1363 4803 dett.
1376 4749 1406 4799 0.
1419 4772 1448 4783 -
1467 4747 1506 4797 49.
1524 4759 1574 4796 aa·

250 4841 298 4891 vic.
316 4844 340 4889 te
355 4851 412 4889 aean
428 4835 493 4888 dett.
505 4836 535 4886 0.
549 4861 577 4872 -
595 4836 636 4888 341.
655 4833 787 4886 labereta
802 4833 879 4886 ltalia
893 4832 980 4884 morit.
993 4830 1058 4884 dett.
1071 4831 1101 4881 0.
1116 4856 1142 4868 -
1162 4829 1203 4880 33.
1222 4829 1251 4878 de
1267 4833 1290 4878 te
1305 4822 1403 4878 44444444
1419 4819 1483 4873 (1444.
1502 4819 1531 4872 0.
1543 4844 1570 4854 -

251 4915 293 4966 33.
309 4917 423 4978 portaret
438 4911 516 4976 3339.
531 4938 558 4948 -
576 4915 600 4961 44
616 4922 681 4972 qaae
697 4910 732 4959 (44
748 4923 779 4960 ea
796 4908 946 4959 detto-
963 4907 1026 4970 fieta
1041 4906 1070 4955 R.
1086 4930 1114 4939 -
1132 4901 1174 4956 34.
1191 4899 1407 4954 coemerat.
1423 4924 1450 4934 -
1468 4897 1509 4948 36.
1520 4896 1574 4982 istie

252 4989 312 5054 ipee'a
327 4989 376 5040 aaa
390 4988 469 5040 14444.
487 4987 583 5036 laudat.
602 4984 667 5036 dett.
686 4985 706 5036 0
724 4983 781 5048 (sed
798 4983 841 5033 hic
857 4982 918 5046 ipsis
932 4981 1002 5042 444444.
1022 5003 1050 5015 -
1069 4979 1110 5030 31.
1127 4977 1203 5029 lisiae
1218 4976 1272 5029 aa:
1292 4975 1367 5027 1144444
1379 4972 1494 5036 princepe
1509 4983 1573 5020 cece-

252 5065 312 5116 tatia
328 5062 393 5115 dett.
411 5063 440 5113 0.
460 5089 487 5098 -
512 5060 554 5113 38.
572 5059 749 5124 laudationem]
773 5058 920 5124 4434444444
936 5055 1004 5108 1463
1021 5053 1068 5105 to.
1088 5081 1114 5092 -
1142 5053 1184 5106 33.
1199 5053 1295 5117 1444444
1311 5051 1347 5104 143
1358 5046 1390 5100 λ(
1416 5047 1573 5113 seditem

176 5149 179 5155 ·
252 5139 317 5194 dett.
336 5140 365 5193 0.
387 5137 426 5194 61.
444 5137 478 5194 ad
494 5137 538 5190 tv,
556 5136 581 5209 3.
599 5136 640 5192 33.
661 5161 688 5178 -·
706 5135 747 5192 34.
765 5133 864 5206 14434444
879 5132 901 5190 R
917 5129 955 5202 ((44
970 5128 1096 5196 semper).
