<?xml version="1.0" encoding="UTF-8"?>
<!DOCTYPE html PUBLIC "-//W3C//DTD XHTML 1.0 Transitional//EN"
    "http://www.w3.org/TR/xhtml1/DTD/xhtml1-transitional.dtd">
<html xmlns="http://www.w3.org/1999/xhtml" xml:lang="en" lang="en">
 <head>
  <title>
</title>
<meta http-equiv="Content-Type" content="text/html;charset=utf-8" />
  <meta name='ocr-system' content='tesseract 3.04.00' />
  <meta name='ocr-capabilities' content='ocr_page ocr_carea ocr_par ocr_line ocrx_word'/>
</head>
<body>
  <div class='ocr_page' id='page_1' title='image "./mtulliiciceroni00baitgoog_0012.png"; bbox 0 0 3684 5862; ppageno 0'>
   <div class='ocr_carea' id='block_1_1' title="bbox 280 582 1678 3846">
    <p class='ocr_par' dir='ltr' id='par_1_1' title="bbox 280 582 1678 3846">
     <span class='ocr_line' id='line_1_1' title="bbox 290 582 1607 675; baseline 0.001 -20"><span class='ocrx_word' id='word_1_1' title='bbox 290 587 380 655; x_wconf 76' lang='lat' dir='ltr'><strong>Ann-</strong></span> <span class='ocrx_word' id='word_1_2' title='bbox 402 606 482 655; x_wconf 85' lang='lat' dir='ltr'><strong>nov.</strong></span> <span class='ocrx_word' id='word_1_3' title='bbox 512 585 681 673; x_wconf 84' lang='lat' dir='ltr'><strong>philotet</strong></span> <span class='ocrx_word' id='word_1_4' title='bbox 710 583 1104 675; x_wconf 76' lang='lat' dir='ltr'><strong>paedag.llol.LXX1,</strong></span> <span class='ocrx_word' id='word_1_5' title='bbox 1126 607 1159 674; x_wconf 90' lang='lat' dir='ltr'><strong>p.</strong></span> <span class='ocrx_word' id='word_1_6' title='bbox 1184 582 1275 654; x_wconf 78' lang='lat'><strong>117.</strong></span> <span class='ocrx_word' id='word_1_7' title='bbox 1328 585 1423 672; x_wconf 75' lang='lat' dir='ltr'><strong>Quae</strong></span> <span class='ocrx_word' id='word_1_8' title='bbox 1449 607 1506 656; x_wconf 90' lang='lat' dir='ltr'><strong>res</strong></span> <span class='ocrx_word' id='word_1_9' title='bbox 1534 607 1607 657; x_wconf 91' lang='lat' dir='ltr'><strong>cum</strong></span> 
     </span>
     <span class='ocr_line' id='line_1_2' title="bbox 289 707 1609 798; baseline 0.003 -23"><span class='ocrx_word' id='word_1_10' title='bbox 289 711 337 776; x_wconf 88' lang='lat' dir='ltr'><strong>ita</strong></span> <span class='ocrx_word' id='word_1_11' title='bbox 365 728 403 778; x_wconf 91' lang='lat' dir='ltr'><strong>se</strong></span> <span class='ocrx_word' id='word_1_12' title='bbox 430 708 587 798; x_wconf 86' lang='lat' dir='ltr'><strong>haberet,</strong></span> <span class='ocrx_word' id='word_1_13' title='bbox 616 727 707 775; x_wconf 90' lang='lat' dir='ltr'><strong>nova</strong></span> <span class='ocrx_word' id='word_1_14' title='bbox 729 707 877 776; x_wconf 82' lang='lat' dir='ltr'><strong>subsidia</strong></span> <span class='ocrx_word' id='word_1_15' title='bbox 898 708 995 774; x_wconf 89' lang='lat' dir='ltr'><strong>nobis</strong></span> <span class='ocrx_word' id='word_1_16' title='bbox 1018 709 1207 796; x_wconf 90' lang='lat' dir='ltr'><strong>quaerenda</strong></span> <span class='ocrx_word' id='word_1_17' title='bbox 1229 714 1264 777; x_wconf 91' lang='lat' dir='ltr'><strong>et</strong></span> <span class='ocrx_word' id='word_1_18' title='bbox 1286 711 1509 798; x_wconf 90' lang='lat' dir='ltr'><strong>comparanda</strong></span> <span class='ocrx_word' id='word_1_19' title='bbox 1531 713 1609 780; x_wconf 83' lang='lat' dir='ltr'><strong>lue-</strong></span> 
     </span>
     <span class='ocr_line' id='line_1_3' title="bbox 288 829 1678 922; baseline 0.001 -24"><span class='ocrx_word' id='word_1_20' title='bbox 288 835 377 898; x_wconf 91' lang='lat' dir='ltr'><strong>runt.</strong></span> <span class='ocrx_word' id='word_1_21' title='bbox 418 833 547 919; x_wconf 90' lang='lat' dir='ltr'><strong>laquo</strong></span> <span class='ocrx_word' id='word_1_22' title='bbox 573 833 711 922; x_wconf 81' lang='lat' dir='ltr'><strong>negotio</strong></span> <span class='ocrx_word' id='word_1_23' title='bbox 736 829 958 922; x_wconf 86' lang='lat' dir='ltr'><strong>dubii&#39;spmus</strong></span> <span class='ocrx_word' id='word_1_24' title='bbox 981 831 1058 918; x_wconf 88' lang='lat' dir='ltr'><strong>quid</strong></span> <span class='ocrx_word' id='word_1_25' title='bbox 1080 835 1186 919; x_wconf 79' lang='lat' dir='ltr'><strong>magis</strong></span> <span class='ocrx_word' id='word_1_26' title='bbox 1209 832 1455 919; x_wconf 68' lang='lat' dir='ltr'><strong>praedicemus,</strong></span> <span class='ocrx_word' id='word_1_27' title='bbox 1482 839 1610 903; x_wconf 87' lang='lat' dir='ltr'><strong>amico-</strong></span> <span class='ocrx_word' id='word_1_28' title='bbox 1674 875 1678 883; x_wconf 90' lang='lat'>·</span> 
     </span>
     <span class='ocr_line' id='line_1_4' title="bbox 287 952 1608 1046; baseline 0.003 -26"><span class='ocrx_word' id='word_1_29' title='bbox 287 973 403 1022; x_wconf 88' lang='lat' dir='ltr'><strong>rumne</strong></span> <span class='ocrx_word' id='word_1_30' title='bbox 432 953 559 1040; x_wconf 90' lang='lat' dir='ltr'><strong>studia,</strong></span> <span class='ocrx_word' id='word_1_31' title='bbox 588 957 643 1040; x_wconf 93' lang='lat' dir='ltr'><strong>qul</strong></span> <span class='ocrx_word' id='word_1_32' title='bbox 671 954 792 1019; x_wconf 90' lang='lat' dir='ltr'><strong>multos</strong></span> <span class='ocrx_word' id='word_1_33' title='bbox 819 952 954 1021; x_wconf 92' lang='lat' dir='ltr'><strong>codices</strong></span> <span class='ocrx_word' id='word_1_34' title='bbox 981 955 1014 1018; x_wconf 87' lang='lat' dir='ltr'><strong>in</strong></span> <span class='ocrx_word' id='word_1_35' title='bbox 1036 957 1184 1021; x_wconf 89' lang='lat' dir='ltr'><strong>nostrum</strong></span> <span class='ocrx_word' id='word_1_36' title='bbox 1206 976 1299 1021; x_wconf 89' lang='lat' dir='ltr'><strong>usum</strong></span> <span class='ocrx_word' id='word_1_37' title='bbox 1322 959 1431 1046; x_wconf 79' lang='lat' dir='ltr'><strong>gratis</strong></span> <span class='ocrx_word' id='word_1_38' title='bbox 1453 959 1608 1026; x_wconf 89' lang='lat' dir='ltr'><strong>coutule-</strong></span> 
     </span>
     <span class='ocr_line' id='line_1_5' title="bbox 288 1074 1609 1166; baseline 0.003 -23"><span class='ocrx_word' id='word_1_39' title='bbox 288 1083 384 1161; x_wconf 90' lang='lat' dir='ltr'><strong>runt,</strong></span> <span class='ocrx_word' id='word_1_40' title='bbox 410 1095 453 1144; x_wconf 90' lang='lat' dir='ltr'><strong>an</strong></span> <span class='ocrx_word' id='word_1_41' title='bbox 483 1074 757 1145; x_wconf 77' lang='lat' dir='ltr'><strong>bibliothecarum</strong></span> <span class='ocrx_word' id='word_1_42' title='bbox 789 1076 1033 1162; x_wconf 79' lang='lat' dir='ltr'><strong>praefectorum</strong></span> <span class='ocrx_word' id='word_1_43' title='bbox 1062 1077 1314 1164; x_wconf 73' lang='lat' dir='ltr'><strong>liberalitatem,</strong></span> <span class='ocrx_word' id='word_1_44' title='bbox 1345 1082 1400 1166; x_wconf 90' lang='lat' dir='ltr'><strong>qui</strong></span> <span class='ocrx_word' id='word_1_45' title='bbox 1432 1079 1609 1148; x_wconf 81' lang='lat' dir='ltr'><strong>thesauros</strong></span> 
     </span>
     <span class='ocr_line' id='line_1_6' title="bbox 288 1196 1608 1292; baseline 0.001 -25"><span class='ocrx_word' id='word_1_46' title='bbox 288 1201 351 1268; x_wconf 90' lang='lat' dir='ltr'><strong>sibl</strong></span> <span class='ocrx_word' id='word_1_47' title='bbox 373 1202 567 1268; x_wconf 88' lang='lat' dir='ltr'><strong>commissos</strong></span> <span class='ocrx_word' id='word_1_48' title='bbox 587 1200 686 1266; x_wconf 89' lang='lat' dir='ltr'><strong>nobis</strong></span> <span class='ocrx_word' id='word_1_49' title='bbox 707 1200 937 1283; x_wconf 87' lang='lat' dir='ltr'><strong>recluserunt,</strong></span> <span class='ocrx_word' id='word_1_50' title='bbox 958 1216 1001 1264; x_wconf 92' lang='lat' dir='ltr'><strong>an</strong></span> <span class='ocrx_word' id='word_1_51' title='bbox 1024 1196 1167 1285; x_wconf 88' lang='lat' dir='ltr'><strong>denique</strong></span> <span class='ocrx_word' id='word_1_52' title='bbox 1187 1199 1343 1267; x_wconf 82' lang='lat' dir='ltr'><strong>fortunae</strong></span> <span class='ocrx_word' id='word_1_53' title='bbox 1360 1202 1608 1292; x_wconf 79' lang='lat' dir='ltr'><strong>benignitatem,</strong></span> 
     </span>
     <span class='ocr_line' id='line_1_7' title="bbox 287 1319 1607 1416; baseline 0.001 -27"><span class='ocrx_word' id='word_1_54' title='bbox 287 1342 350 1410; x_wconf 93' lang='lat' dir='ltr'><strong>per</strong></span> <span class='ocrx_word' id='word_1_55' title='bbox 371 1343 467 1409; x_wconf 90' lang='lat' dir='ltr'><strong>quam</strong></span> <span class='ocrx_word' id='word_1_56' title='bbox 490 1323 587 1390; x_wconf 90' lang='lat' dir='ltr'><strong>uobis</strong></span> <span class='ocrx_word' id='word_1_57' title='bbox 607 1340 698 1388; x_wconf 89' lang='lat' dir='ltr'><strong>nova</strong></span> <span class='ocrx_word' id='word_1_58' title='bbox 720 1319 881 1407; x_wconf 81' lang='lat' dir='ltr'><strong>quaedam</strong></span> <span class='ocrx_word' id='word_1_59' title='bbox 904 1321 1052 1406; x_wconf 88' lang='lat' dir='ltr'><strong>reperire</strong></span> <span class='ocrx_word' id='word_1_60' title='bbox 1073 1321 1176 1388; x_wconf 91' lang='lat' dir='ltr'><strong>licuit.</strong></span> <span class='ocrx_word' id='word_1_61' title='bbox 1219 1319 1283 1404; x_wconf 78' lang='lat' dir='ltr'><strong>Qui</strong></span> <span class='ocrx_word' id='word_1_62' title='bbox 1304 1328 1414 1390; x_wconf 90' lang='lat' dir='ltr'><strong>autem</strong></span> <span class='ocrx_word' id='word_1_63' title='bbox 1435 1342 1607 1416; x_wconf 80' lang='lat' dir='ltr'><strong>recogno-</strong></span> 
     </span>
     <span class='ocr_line' id='line_1_8' title="bbox 287 1443 1607 1539; baseline 0.003 -29"><span class='ocrx_word' id='word_1_64' title='bbox 287 1464 381 1514; x_wconf 82' lang='lat' dir='ltr'><strong>scere</strong></span> <span class='ocrx_word' id='word_1_65' title='bbox 404 1446 564 1539; x_wconf 83' lang='lat' dir='ltr'><strong>¹voluerit,</strong></span> <span class='ocrx_word' id='word_1_66' title='bbox 594 1447 674 1532; x_wconf 89' lang='lat' dir='ltr'><strong>quot</strong></span> <span class='ocrx_word' id='word_1_67' title='bbox 699 1443 834 1511; x_wconf 89' lang='lat' dir='ltr'><strong>codices</strong></span> <span class='ocrx_word' id='word_1_68' title='bbox 863 1463 925 1530; x_wconf 92' lang='lat' dir='ltr'><strong>pcr</strong></span> <span class='ocrx_word' id='word_1_69' title='bbox 954 1443 1056 1512; x_wconf 89' lang='lat' dir='ltr'><strong>breve</strong></span> <span class='ocrx_word' id='word_1_70' title='bbox 1077 1443 1219 1530; x_wconf 89' lang='lat' dir='ltr'><strong>spatium</strong></span> <span class='ocrx_word' id='word_1_71' title='bbox 1245 1444 1388 1531; x_wconf 90' lang='lat' dir='ltr'><strong>quinque</strong></span> <span class='ocrx_word' id='word_1_72' title='bbox 1411 1465 1518 1514; x_wconf 81' lang='lat' dir='ltr'><strong>sexve</strong></span> <span class='ocrx_word' id='word_1_73' title='bbox 1542 1466 1607 1514; x_wconf 90' lang='lat' dir='ltr'><strong>an-</strong></span> 
     </span>
     <span class='ocr_line' id='line_1_9' title="bbox 287 1564 1606 1654; baseline 0.002 -21"><span class='ocrx_word' id='word_1_74' title='bbox 287 1588 402 1635; x_wconf 90' lang='lat' dir='ltr'><strong>norum</strong></span> <span class='ocrx_word' id='word_1_75' title='bbox 430 1569 564 1635; x_wconf 86' lang='lat' dir='ltr'><strong>excussi</strong></span> <span class='ocrx_word' id='word_1_76' title='bbox 590 1567 674 1652; x_wconf 90' lang='lat' dir='ltr'><strong>sint,</strong></span> <span class='ocrx_word' id='word_1_77' title='bbox 703 1571 741 1631; x_wconf 87' lang='lat' dir='ltr'><strong>ut</strong></span> <span class='ocrx_word' id='word_1_78' title='bbox 769 1564 885 1632; x_wconf 89' lang='lat' dir='ltr'><strong>melius</strong></span> <span class='ocrx_word' id='word_1_79' title='bbox 913 1567 1067 1632; x_wconf 84' lang='lat' dir='ltr'><strong>instructi</strong></span> <span class='ocrx_word' id='word_1_80' title='bbox 1094 1566 1136 1630; x_wconf 91' lang='lat' dir='ltr'><strong>ad</strong></span> <span class='ocrx_word' id='word_1_81' title='bbox 1160 1585 1262 1654; x_wconf 89' lang='lat' dir='ltr'><strong>opera</strong></span> <span class='ocrx_word' id='word_1_82' title='bbox 1285 1565 1457 1636; x_wconf 83' lang='lat' dir='ltr'><strong>Ciceronis</strong></span> <span class='ocrx_word' id='word_1_83' title='bbox 1477 1568 1606 1636; x_wconf 90' lang='lat' dir='ltr'><strong>edenda</strong></span> 
     </span>
     <span class='ocr_line' id='line_1_10' title="bbox 286 1686 1607 1779; baseline -0.001 -21"><span class='ocrx_word' id='word_1_84' title='bbox 286 1690 539 1773; x_wconf 81' lang='lat' dir='ltr'><strong>accederemus,</strong></span> <span class='ocrx_word' id='word_1_85' title='bbox 571 1688 755 1755; x_wconf 88' lang='lat' dir='ltr'><strong>industriae</strong></span> <span class='ocrx_word' id='word_1_86' title='bbox 776 1686 908 1755; x_wconf 91' lang='lat' dir='ltr'><strong>laudem</strong></span> <span class='ocrx_word' id='word_1_87' title='bbox 929 1688 1028 1755; x_wconf 90' lang='lat' dir='ltr'><strong>iaeiie</strong></span> <span class='ocrx_word' id='word_1_88' title='bbox 1050 1689 1147 1756; x_wconf 87' lang='lat' dir='ltr'><strong>nobis</strong></span> <span class='ocrx_word' id='word_1_89' title='bbox 1168 1689 1332 1757; x_wconf 86' lang='lat' dir='ltr'><strong>concedet</strong></span> <span class='ocrx_word' id='word_1_90' title='bbox 1339 1710 1349 1777; x_wconf 84' lang='lat'><em>3</em></span> <span class='ocrx_word' id='word_1_91' title='bbox 1375 1711 1451 1759; x_wconf 93' lang='lat' dir='ltr'><strong>nam</strong></span> <span class='ocrx_word' id='word_1_92' title='bbox 1472 1695 1607 1779; x_wconf 89' lang='lat' dir='ltr'><strong>praeter</strong></span> 
     </span>
     <span class='ocr_line' id='line_1_11' title="bbox 286 1808 1606 1901; baseline 0 -21"><span class='ocrx_word' id='word_1_93' title='bbox 286 1815 427 1900; x_wconf 90' lang='lat' dir='ltr'><strong>amplum</strong></span> <span class='ocrx_word' id='word_1_94' title='bbox 457 1815 653 1901; x_wconf 87' lang='lat' dir='ltr'><strong>apparatum</strong></span> <span class='ocrx_word' id='word_1_95' title='bbox 681 1813 848 1892; x_wconf 80' lang='lat' dir='ltr'><strong>criticum,</strong></span> <span class='ocrx_word' id='word_1_96' title='bbox 878 1829 972 1895; x_wconf 91' lang='lat' dir='ltr'><strong>quem</strong></span> <span class='ocrx_word' id='word_1_97' title='bbox 1002 1813 1036 1875; x_wconf 88' lang='lat' dir='ltr'><strong>in</strong></span> <span class='ocrx_word' id='word_1_98' title='bbox 1063 1808 1127 1878; x_wconf 90' lang='lat' dir='ltr'><strong>hac</strong></span> <span class='ocrx_word' id='word_1_99' title='bbox 1156 1813 1340 1878; x_wconf 87' lang='lat' dir='ltr'><strong>orationum</strong></span> <span class='ocrx_word' id='word_1_100' title='bbox 1367 1813 1513 1882; x_wconf 87' lang='lat' dir='ltr'><strong>editione</strong></span> <span class='ocrx_word' id='word_1_101' title='bbox 1534 1833 1606 1884; x_wconf 89' lang='lat' dir='ltr'><strong>cum</strong></span> 
     </span>
     <span class='ocr_line' id='line_1_12' title="bbox 285 1933 1609 2025; baseline 0 -22"><span class='ocrx_word' id='word_1_102' title='bbox 285 1937 444 2004; x_wconf 86' lang='lat' dir='ltr'><strong>litteratis</strong></span> <span class='ocrx_word' id='word_1_103' title='bbox 464 1935 652 2002; x_wconf 88' lang='lat' dir='ltr'><strong>hominibus</strong></span> <span class='ocrx_word' id='word_1_104' title='bbox 673 1933 999 2020; x_wconf 85' lang='lat' dir='ltr'><strong>communicavimus,</strong></span> <span class='ocrx_word' id='word_1_105' title='bbox 1021 1952 1088 1997; x_wconf 91' lang='lat' dir='ltr'><strong>non</strong></span> <span class='ocrx_word' id='word_1_106' title='bbox 1111 1934 1217 1999; x_wconf 88' lang='lat' dir='ltr'><strong>minus</strong></span> <span class='ocrx_word' id='word_1_107' title='bbox 1231 1938 1401 2022; x_wconf 84' lang='lat' dir='ltr'><strong>copiosum</strong></span> <span class='ocrx_word' id='word_1_108' title='bbox 1422 1937 1609 2025; x_wconf 85' lang='lat' dir='ltr'><strong>adscripta</strong></span> 
     </span>
     <span class='ocr_line' id='line_1_13' title="bbox 286 2056 1608 2146; baseline 0.001 -22"><span class='ocrx_word' id='word_1_109' title='bbox 286 2079 371 2146; x_wconf 92' lang='lat' dir='ltr'><strong>quae</strong></span> <span class='ocrx_word' id='word_1_110' title='bbox 402 2057 447 2127; x_wconf 92' lang='lat' dir='ltr'><strong>ad</strong></span> <span class='ocrx_word' id='word_1_111' title='bbox 478 2056 721 2145; x_wconf 83' lang='lat' dir='ltr'><strong>philosophiam</strong></span> <span class='ocrx_word' id='word_1_112' title='bbox 754 2057 911 2141; x_wconf 87' lang='lat' dir='ltr'><strong>spectant</strong></span> <span class='ocrx_word' id='word_1_113' title='bbox 944 2058 1224 2140; x_wconf 84' lang='lat' dir='ltr'><strong>comparavimus,</strong></span> <span class='ocrx_word' id='word_1_114' title='bbox 1258 2076 1331 2124; x_wconf 91' lang='lat' dir='ltr'><strong>cum</strong></span> <span class='ocrx_word' id='word_1_115' title='bbox 1363 2061 1608 2125; x_wconf 87' lang='lat' dir='ltr'><strong>vetustissimos</strong></span> 
     </span>
     <span class='ocr_line' id='line_1_14' title="bbox 286 2176 1607 2267; baseline -0.002 -18"><span class='ocrx_word' id='word_1_116' title='bbox 286 2181 420 2250; x_wconf 87' lang='lat' dir='ltr'><strong>codices</strong></span> <span class='ocrx_word' id='word_1_117' title='bbox 442 2181 561 2267; x_wconf 87' lang='lat' dir='ltr'><strong>quibus</strong></span> <span class='ocrx_word' id='word_1_118' title='bbox 583 2179 667 2246; x_wconf 92' lang='lat' dir='ltr'><strong>haec</strong></span> <span class='ocrx_word' id='word_1_119' title='bbox 689 2180 817 2262; x_wconf 90' lang='lat' dir='ltr'><strong>scripta</strong></span> <span class='ocrx_word' id='word_1_120' title='bbox 839 2176 1054 2243; x_wconf 90' lang='lat' dir='ltr'><strong>continentur</strong></span> <span class='ocrx_word' id='word_1_121' title='bbox 1075 2178 1171 2245; x_wconf 90' lang='lat' dir='ltr'><strong>nobis</strong></span> <span class='ocrx_word' id='word_1_122' title='bbox 1186 2179 1405 2265; x_wconf 87' lang='lat' dir='ltr'><strong>acquisivisse</strong></span> <span class='ocrx_word' id='word_1_123' title='bbox 1419 2178 1607 2264; x_wconf 82' lang='lat' dir='ltr'><strong>videamar3</strong></span> 
     </span>
     <span class='ocr_line' id='line_1_15' title="bbox 285 2299 1607 2394; baseline -0.004 -22"><span class='ocrx_word' id='word_1_124' title='bbox 285 2303 329 2394; x_wconf 85' lang='lat' dir='ltr'><strong>ad</strong></span> <span class='ocrx_word' id='word_1_125' title='bbox 360 2304 530 2372; x_wconf 88' lang='lat' dir='ltr'><strong>rhetorica</strong></span> <span class='ocrx_word' id='word_1_126' title='bbox 559 2319 690 2389; x_wconf 90' lang='lat' dir='ltr'><strong>quoque</strong></span> <span class='ocrx_word' id='word_1_127' title='bbox 719 2299 871 2366; x_wconf 87' lang='lat' dir='ltr'><strong>Halmius</strong></span> <span class='ocrx_word' id='word_1_128' title='bbox 897 2319 963 2366; x_wconf 90' lang='lat' dir='ltr'><strong>non</strong></span> <span class='ocrx_word' id='word_1_129' title='bbox 993 2301 1096 2366; x_wconf 92' lang='lat' dir='ltr'><strong>multa</strong></span> <span class='ocrx_word' id='word_1_130' title='bbox 1121 2301 1179 2366; x_wconf 89' lang='lat' dir='ltr'><strong>illa</strong></span> <span class='ocrx_word' id='word_1_131' title='bbox 1203 2300 1333 2387; x_wconf 87' lang='lat' dir='ltr'><strong>quidem</strong></span> <span class='ocrx_word' id='word_1_132' title='bbox 1353 2301 1519 2388; x_wconf 85' lang='lat' dir='ltr'><strong>subsidia,</strong></span> <span class='ocrx_word' id='word_1_133' title='bbox 1546 2301 1607 2369; x_wconf 88' lang='lat' dir='ltr'><strong>sed</strong></span> 
     </span>
     <span class='ocr_line' id='line_1_16' title="bbox 286 2421 1606 2518; baseline 0 -26"><span class='ocrx_word' id='word_1_134' title='bbox 286 2428 427 2518; x_wconf 80' lang='lat' dir='ltr'><strong>egregia</strong></span> <span class='ocrx_word' id='word_1_135' title='bbox 459 2429 494 2492; x_wconf 90' lang='lat' dir='ltr'><strong>et</strong></span> <span class='ocrx_word' id='word_1_136' title='bbox 525 2424 568 2493; x_wconf 93' lang='lat' dir='ltr'><strong>ab</strong></span> <span class='ocrx_word' id='word_1_137' title='bbox 601 2425 676 2490; x_wconf 86' lang='lat' dir='ltr'><strong>aliis</strong></span> <span class='ocrx_word' id='word_1_138' title='bbox 701 2421 845 2489; x_wconf 90' lang='lat' dir='ltr'><strong>nondum</strong></span> <span class='ocrx_word' id='word_1_139' title='bbox 874 2421 1023 2489; x_wconf 89' lang='lat' dir='ltr'><strong>adhibita</strong></span> <span class='ocrx_word' id='word_1_140' title='bbox 1053 2423 1175 2490; x_wconf 89' lang='lat' dir='ltr'><strong>nactus</strong></span> <span class='ocrx_word' id='word_1_141' title='bbox 1204 2429 1265 2490; x_wconf 91' lang='lat' dir='ltr'><strong>est.</strong></span> <span class='ocrx_word' id='word_1_142' title='bbox 1318 2424 1394 2492; x_wconf 84' lang='lat' dir='ltr'><strong>Hoc</strong></span> <span class='ocrx_word' id='word_1_143' title='bbox 1431 2427 1606 2516; x_wconf 88' lang='lat' dir='ltr'><strong>praetcrea</strong></span> 
     </span>
     <span class='ocr_line' id='line_1_17' title="bbox 285 2544 1606 2635; baseline -0.001 -21"><span class='ocrx_word' id='word_1_144' title='bbox 285 2546 565 2635; x_wconf 90' lang='lat' dir='ltr'><strong>praemonendum</strong></span> <span class='ocrx_word' id='word_1_145' title='bbox 594 2550 647 2616; x_wconf 87' lang='lat' dir='ltr'><strong>est</strong></span> <span class='ocrx_word' id='word_1_146' title='bbox 673 2565 736 2612; x_wconf 89' lang='lat' dir='ltr'><strong>nos</strong></span> <span class='ocrx_word' id='word_1_147' title='bbox 761 2547 796 2612; x_wconf 90' lang='lat' dir='ltr'><strong>in</strong></span> <span class='ocrx_word' id='word_1_148' title='bbox 824 2546 1024 2614; x_wconf 88' lang='lat' dir='ltr'><strong>lectionibus</strong></span> <span class='ocrx_word' id='word_1_149' title='bbox 1048 2544 1278 2613; x_wconf 85' lang='lat' dir='ltr'><strong>exscribendis</strong></span> <span class='ocrx_word' id='word_1_150' title='bbox 1299 2565 1321 2612; x_wconf 91' lang='lat' dir='ltr'><strong>a</strong></span> <span class='ocrx_word' id='word_1_151' title='bbox 1341 2548 1489 2632; x_wconf 86' lang='lat' dir='ltr'><strong>ratione,</strong></span> <span class='ocrx_word' id='word_1_152' title='bbox 1510 2565 1606 2634; x_wconf 86' lang='lat' dir='ltr'><strong>quam</strong></span> 
     </span>
     <span class='ocr_line' id='line_1_18' title="bbox 287 2667 1608 2740; baseline -0.002 -1"><span class='ocrx_word' id='word_1_153' title='bbox 287 2669 434 2740; x_wconf 90' lang='lat' dir='ltr'><strong>0rellius</strong></span> <span class='ocrx_word' id='word_1_154' title='bbox 470 2672 568 2738; x_wconf 90' lang='lat' dir='ltr'><strong>etiam</strong></span> <span class='ocrx_word' id='word_1_155' title='bbox 606 2671 641 2735; x_wconf 90' lang='lat' dir='ltr'><strong>in</strong></span> <span class='ocrx_word' id='word_1_156' title='bbox 675 2668 804 2735; x_wconf 89' lang='lat' dir='ltr'><strong>duobus</strong></span> <span class='ocrx_word' id='word_1_157' title='bbox 837 2669 1059 2734; x_wconf 89' lang='lat' dir='ltr'><strong>voluminibus</strong></span> <span class='ocrx_word' id='word_1_158' title='bbox 1088 2667 1255 2736; x_wconf 89' lang='lat' dir='ltr'><strong>secundae</strong></span> <span class='ocrx_word' id='word_1_159' title='bbox 1283 2668 1439 2737; x_wconf 89' lang='lat' dir='ltr'><strong>editionis</strong></span> <span class='ocrx_word' id='word_1_160' title='bbox 1471 2672 1608 2738; x_wconf 87' lang='lat' dir='ltr'><strong>secutus</strong></span> 
     </span>
     <span class='ocr_line' id='line_1_19' title="bbox 286 2790 1608 2883; baseline -0.004 -20"><span class='ocrx_word' id='word_1_161' title='bbox 286 2799 356 2883; x_wconf 89' lang='lat' dir='ltr'><strong>est,</strong></span> <span class='ocrx_word' id='word_1_162' title='bbox 386 2795 518 2860; x_wconf 90' lang='lat' dir='ltr'><strong>omniuo</strong></span> <span class='ocrx_word' id='word_1_163' title='bbox 542 2792 748 2860; x_wconf 85' lang='lat' dir='ltr'><strong>discessisse.</strong></span> <span class='ocrx_word' id='word_1_164' title='bbox 790 2790 863 2859; x_wconf 87' lang='lat' dir='ltr'><strong>Nos</strong></span> <span class='ocrx_word' id='word_1_165' title='bbox 884 2792 969 2856; x_wconf 88' lang='lat' dir='ltr'><strong>enim</strong></span> <span class='ocrx_word' id='word_1_166' title='bbox 991 2792 1113 2878; x_wconf 90' lang='lat' dir='ltr'><strong>ubique</strong></span> <span class='ocrx_word' id='word_1_167' title='bbox 1134 2794 1330 2879; x_wconf 89' lang='lat' dir='ltr'><strong>optirnarum</strong></span> <span class='ocrx_word' id='word_1_168' title='bbox 1352 2793 1502 2860; x_wconf 90' lang='lat' dir='ltr'><strong>codicum</strong></span> <span class='ocrx_word' id='word_1_169' title='bbox 1524 2812 1608 2880; x_wconf 89' lang='lat' dir='ltr'><strong>quos</strong></span> 
     </span>
     <span class='ocr_line' id='line_1_20' title="bbox 285 2913 1609 3004; baseline -0.002 -21"><span class='ocrx_word' id='word_1_170' title='bbox 285 2916 458 2984; x_wconf 89' lang='lat' dir='ltr'><strong>habuimus</strong></span> <span class='ocrx_word' id='word_1_171' title='bbox 488 2918 653 2984; x_wconf 87' lang='lat' dir='ltr'><strong>lectiones</strong></span> <span class='ocrx_word' id='word_1_172' title='bbox 683 2917 835 3004; x_wconf 79' lang='lat' dir='ltr'><strong>integras</strong></span> <span class='ocrx_word' id='word_1_173' title='bbox 865 2914 1035 2980; x_wconf 86' lang='lat' dir='ltr'><strong>attulimus</strong></span> <span class='ocrx_word' id='word_1_174' title='bbox 1065 2931 1108 2978; x_wconf 93' lang='lat' dir='ltr'><strong>ne</strong></span> <span class='ocrx_word' id='word_1_175' title='bbox 1146 2914 1286 2980; x_wconf 83' lang='lat' dir='ltr'><strong>minimis</strong></span> <span class='ocrx_word' id='word_1_176' title='bbox 1316 2913 1445 3000; x_wconf 88' lang='lat' dir='ltr'><strong>quidem</strong></span> <span class='ocrx_word' id='word_1_177' title='bbox 1480 2913 1609 2982; x_wconf 87' lang='lat' dir='ltr'><strong>mendis</strong></span> 
     </span>
     <span class='ocr_line' id='line_1_21' title="bbox 286 3036 1608 3128; baseline -0.002 -22"><span class='ocrx_word' id='word_1_178' title='bbox 286 3041 432 3128; x_wconf 88' lang='lat' dir='ltr'><strong>primarii</strong></span> <span class='ocrx_word' id='word_1_179' title='bbox 459 3041 617 3126; x_wconf 88' lang='lat' dir='ltr'><strong>cuiusque</strong></span> <span class='ocrx_word' id='word_1_180' title='bbox 644 3039 719 3105; x_wconf 90' lang='lat' dir='ltr'><strong>libri</strong></span> <span class='ocrx_word' id='word_1_181' title='bbox 748 3036 1009 3123; x_wconf 88' lang='lat' dir='ltr'><strong>praetermissis,</strong></span> <span class='ocrx_word' id='word_1_182' title='bbox 1034 3036 1180 3104; x_wconf 88' lang='lat' dir='ltr'><strong>selectas</strong></span> <span class='ocrx_word' id='word_1_183' title='bbox 1207 3039 1336 3102; x_wconf 89' lang='lat' dir='ltr'><strong>tantum</strong></span> <span class='ocrx_word' id='word_1_184' title='bbox 1357 3038 1392 3104; x_wconf 92' lang='lat' dir='ltr'><strong>in</strong></span> <span class='ocrx_word' id='word_1_185' title='bbox 1412 3037 1455 3102; x_wconf 84' lang='lat' dir='ltr'><strong>its</strong></span> <span class='ocrx_word' id='word_1_186' title='bbox 1476 3037 1608 3106; x_wconf 89' lang='lat' dir='ltr'><strong>oratio-</strong></span> 
     </span>
     <span class='ocr_line' id='line_1_22' title="bbox 280 3157 1607 3249; baseline -0.003 -21"><span class='ocrx_word' id='word_1_187' title='bbox 280 3163 400 3245; x_wconf 86' lang='lat' dir='ltr'><strong>nibus,</strong></span> <span class='ocrx_word' id='word_1_188' title='bbox 431 3163 466 3230; x_wconf 90' lang='lat' dir='ltr'><strong>in</strong></span> <span class='ocrx_word' id='word_1_189' title='bbox 496 3162 615 3249; x_wconf 90' lang='lat' dir='ltr'><strong>quibus</strong></span> <span class='ocrx_word' id='word_1_190' title='bbox 641 3162 698 3226; x_wconf 87' lang='lat' dir='ltr'><strong>alii</strong></span> <span class='ocrx_word' id='word_1_191' title='bbox 724 3161 878 3228; x_wconf 86' lang='lat' dir='ltr'><strong>meliores</strong></span> <span class='ocrx_word' id='word_1_192' title='bbox 906 3158 1041 3227; x_wconf 88' lang='lat' dir='ltr'><strong>codices</strong></span> <span class='ocrx_word' id='word_1_193' title='bbox 1074 3164 1210 3246; x_wconf 88' lang='lat' dir='ltr'><strong>praesto</strong></span> <span class='ocrx_word' id='word_1_194' title='bbox 1239 3163 1353 3242; x_wconf 89' lang='lat' dir='ltr'><strong>erant,</strong></span> <span class='ocrx_word' id='word_1_195' title='bbox 1386 3157 1474 3246; x_wconf 92' lang='lat' dir='ltr'><strong>quod</strong></span> <span class='ocrx_word' id='word_1_196' title='bbox 1502 3161 1607 3228; x_wconf 89' lang='lat' dir='ltr'><strong>sicubi</strong></span> 
     </span>
     <span class='ocr_line' id='line_1_23' title="bbox 284 3283 1607 3372; baseline -0.003 -20"><span class='ocrx_word' id='word_1_197' title='bbox 284 3284 473 3352; x_wconf 85' lang='lat' dir='ltr'><strong>iaciendum</strong></span> <span class='ocrx_word' id='word_1_198' title='bbox 500 3286 707 3372; x_wconf 87' lang='lat' dir='ltr'><strong>putavimus,</strong></span> <span class='ocrx_word' id='word_1_199' title='bbox 736 3301 779 3350; x_wconf 91' lang='lat' dir='ltr'><strong>ne</strong></span> <span class='ocrx_word' id='word_1_200' title='bbox 808 3286 943 3370; x_wconf 88' lang='lat' dir='ltr'><strong>practer</strong></span> <span class='ocrx_word' id='word_1_201' title='bbox 970 3283 1205 3350; x_wconf 86' lang='lat' dir='ltr'><strong>necessitatem</strong></span> <span class='ocrx_word' id='word_1_202' title='bbox 1234 3284 1431 3369; x_wconf 84' lang='lat' dir='ltr'><strong>apparatum</strong></span> <span class='ocrx_word' id='word_1_203' title='bbox 1458 3283 1607 3351; x_wconf 88' lang='lat' dir='ltr'><strong>criticum</strong></span> 
     </span>
     <span class='ocr_line' id='line_1_24' title="bbox 285 3405 1608 3498; baseline -0.002 -23"><span class='ocrx_word' id='word_1_204' title='bbox 285 3427 502 3498; x_wconf 82' lang='lat' dir='ltr'><strong>augeremus,</strong></span> <span class='ocrx_word' id='word_1_205' title='bbox 537 3408 571 3473; x_wconf 91' lang='lat' dir='ltr'><strong>in</strong></span> <span class='ocrx_word' id='word_1_206' title='bbox 603 3411 755 3474; x_wconf 92' lang='lat' dir='ltr'><strong>notarum</strong></span> <span class='ocrx_word' id='word_1_207' title='bbox 788 3407 1032 3493; x_wconf 86' lang='lat' dir='ltr'><strong>explicatione,</strong></span> <span class='ocrx_word' id='word_1_208' title='bbox 1064 3423 1150 3492; x_wconf 88' lang='lat' dir='ltr'><strong>quae</strong></span> <span class='ocrx_word' id='word_1_209' title='bbox 1179 3405 1297 3492; x_wconf 90' lang='lat' dir='ltr'><strong>cuique</strong></span> <span class='ocrx_word' id='word_1_210' title='bbox 1331 3405 1472 3472; x_wconf 86' lang='lat' dir='ltr'><strong>orationi</strong></span> <span class='ocrx_word' id='word_1_211' title='bbox 1504 3424 1608 3492; x_wconf 92' lang='lat' dir='ltr'><strong>prae-</strong></span> 
     </span>
     <span class='ocr_line' id='line_1_25' title="bbox 285 3527 1606 3620; baseline -0.002 -22"><span class='ocrx_word' id='word_1_212' title='bbox 285 3533 413 3619; x_wconf 87' lang='lat' dir='ltr'><strong>scripta</strong></span> <span class='ocrx_word' id='word_1_213' title='bbox 433 3535 504 3613; x_wconf 90' lang='lat' dir='ltr'><strong>est,</strong></span> <span class='ocrx_word' id='word_1_214' title='bbox 535 3531 695 3620; x_wconf 76' lang='lat' dir='ltr'><strong>religiose</strong></span> <span class='ocrx_word' id='word_1_215' title='bbox 716 3527 943 3596; x_wconf 87' lang='lat' dir='ltr'><strong>indicavimus.</strong></span> <span class='ocrx_word' id='word_1_216' title='bbox 988 3529 1050 3594; x_wconf 85' lang='lat' dir='ltr'><strong>llis</strong></span> <span class='ocrx_word' id='word_1_217' title='bbox 1078 3529 1272 3614; x_wconf 88' lang='lat' dir='ltr'><strong>praemissis</strong></span> <span class='ocrx_word' id='word_1_218' title='bbox 1291 3529 1355 3595; x_wconf 74' lang='lat' dir='ltr'><strong>bm</strong></span> <span class='ocrx_word' id='word_1_219' title='bbox 1376 3528 1528 3597; x_wconf 89' lang='lat' dir='ltr'><strong>breviter</strong></span> <span class='ocrx_word' id='word_1_220' title='bbox 1547 3547 1606 3596; x_wconf 89' lang='lat' dir='ltr'><strong>rc-</strong></span> 
     </span>
     <span class='ocr_line' id='line_1_26' title="bbox 286 3650 1608 3745; baseline -0.003 -23"><span class='ocrx_word' id='word_1_221' title='bbox 286 3672 531 3745; x_wconf 79' lang='lat' dir='ltr'><strong>cognoscamus</strong></span> <span class='ocrx_word' id='word_1_222' title='bbox 559 3653 678 3741; x_wconf 90' lang='lat' dir='ltr'><strong>quibus</strong></span> <span class='ocrx_word' id='word_1_223' title='bbox 706 3651 876 3720; x_wconf 87' lang='lat' dir='ltr'><strong>codicibus</strong></span> <span class='ocrx_word' id='word_1_224' title='bbox 903 3653 938 3717; x_wconf 92' lang='lat' dir='ltr'><strong>in</strong></span> <span class='ocrx_word' id='word_1_225' title='bbox 967 3652 1173 3721; x_wconf 87' lang='lat' dir='ltr'><strong>orationibus</strong></span> <span class='ocrx_word' id='word_1_226' title='bbox 1201 3650 1364 3720; x_wconf 75' lang='lat' dir='ltr'><strong>&#39;l&#39;ulliauis</strong></span> <span class='ocrx_word' id='word_1_227' title='bbox 1392 3650 1608 3721; x_wconf 85' lang='lat' dir='ltr'><strong>recensendis</strong></span> 
     </span>
     <span class='ocr_line' id='line_1_27' title="bbox 285 3777 473 3846; baseline 0 -2"><span class='ocrx_word' id='word_1_228' title='bbox 285 3777 337 3844; x_wconf 89' lang='lat' dir='ltr'><strong>usi</strong></span> <span class='ocrx_word' id='word_1_229' title='bbox 362 3778 473 3846; x_wconf 85' lang='lat' dir='ltr'><strong>simus.</strong></span> 
     </span>
    </p>
   </div>
   <div class='ocr_carea' id='block_1_2' title="bbox 286 4018 1608 4479">
    <p class='ocr_par' dir='ltr' id='par_1_2' title="bbox 286 4018 1608 4479">
     <span class='ocr_line' id='line_1_28' title="bbox 369 4018 1608 4110; baseline -0.004 -20"><span class='ocrx_word' id='word_1_230' title='bbox 369 4025 411 4090; x_wconf 93' lang='lat' dir='ltr'><strong>In</strong></span> <span class='ocrx_word' id='word_1_231' title='bbox 434 4022 538 4110; x_wconf 90' lang='lat' dir='ltr'><strong>prima</strong></span> <span class='ocrx_word' id='word_1_232' title='bbox 559 4024 711 4088; x_wconf 90' lang='lat' dir='ltr'><strong>oratione</strong></span> <span class='ocrx_word' id='word_1_233' title='bbox 733 4018 996 4105; x_wconf 80' lang='lat' dir='ltr'><strong>outnottano</strong></span> <span class='ocrx_word' id='word_1_234' title='bbox 1023 4025 1102 4106; x_wconf 89' lang='lat' dir='ltr'><strong>post</strong></span> <span class='ocrx_word' id='word_1_235' title='bbox 1123 4023 1319 4107; x_wconf 91' lang='lat' dir='ltr'><strong>apparatum</strong></span> <span class='ocrx_word' id='word_1_236' title='bbox 1341 4019 1491 4089; x_wconf 87' lang='lat' dir='ltr'><strong>criticum</strong></span> <span class='ocrx_word' id='word_1_237' title='bbox 1513 4037 1608 4107; x_wconf 91' lang='lat' dir='ltr'><strong>quem</strong></span> 
     </span>
     <span class='ocr_line' id='line_1_29' title="bbox 286 4141 1608 4234; baseline -0.005 -20"><span class='ocrx_word' id='word_1_238' title='bbox 286 4146 325 4214; x_wconf 76' lang='lat' dir='ltr'><strong>F.</strong></span> <span class='ocrx_word' id='word_1_239' title='bbox 347 4146 387 4214; x_wconf 77' lang='lat' dir='ltr'><strong>h.</strong></span> <span class='ocrx_word' id='word_1_240' title='bbox 408 4144 596 4214; x_wconf 63' lang='lat' dir='ltr'><strong>manus</strong></span> <span class='ocrx_word' id='word_1_241' title='bbox 624 4144 797 4234; x_wconf 80' lang='lat' dir='ltr'><strong>congessit</strong></span> <span class='ocrx_word' id='word_1_242' title='bbox 827 4161 1114 4231; x_wconf 87' lang='lat' dir='ltr'><strong>supervacaneum</strong></span> <span class='ocrx_word' id='word_1_243' title='bbox 1141 4144 1249 4210; x_wconf 91' lang='lat' dir='ltr'><strong>visum</strong></span> <span class='ocrx_word' id='word_1_244' title='bbox 1276 4149 1329 4211; x_wconf 90' lang='lat' dir='ltr'><strong>est</strong></span> <span class='ocrx_word' id='word_1_245' title='bbox 1350 4161 1441 4212; x_wconf 87' lang='lat' dir='ltr'><strong>nova</strong></span> <span class='ocrx_word' id='word_1_246' title='bbox 1461 4141 1608 4212; x_wconf 88' lang='lat' dir='ltr'><strong>subsidia</strong></span> 
     </span>
     <span class='ocr_line' id='line_1_30' title="bbox 287 4241 1608 4358; baseline -0.004 -21"><span class='ocrx_word' id='word_1_247' title='bbox 287 4288 466 4358; x_wconf 89' lang='lat' dir='ltr'><strong>quaerere,</strong></span> <span class='ocrx_word' id='word_1_248' title='bbox 498 4287 571 4336; x_wconf 91' lang='lat' dir='ltr'><strong>cum</strong></span> <span class='ocrx_word' id='word_1_249' title='bbox 602 4269 798 4355; x_wconf 87' lang='lat' dir='ltr'><strong>praesertim</strong></span> <span class='ocrx_word' id='word_1_250' title='bbox 831 4265 967 4334; x_wconf 87' lang='lat' dir='ltr'><strong>codices</strong></span> <span class='ocrx_word' id='word_1_251' title='bbox 987 4241 1139 4334; x_wconf 85' lang='lat' dir='ltr'><strong>¹saeculo</strong></span> <span class='ocrx_word' id='word_1_252' title='bbox 1170 4263 1239 4333; x_wconf 84' lang='lat' dir='ltr'><strong>XV</strong></span> <span class='ocrx_word' id='word_1_253' title='bbox 1270 4265 1477 4354; x_wconf 89' lang='lat' dir='ltr'><strong>antiquiores</strong></span> <span class='ocrx_word' id='word_1_254' title='bbox 1511 4263 1608 4332; x_wconf 89' lang='lat' dir='ltr'><strong>huius</strong></span> 
     </span>
     <span class='ocr_line' id='line_1_31' title="bbox 286 4387 1608 4479; baseline -0.002 -21"><span class='ocrx_word' id='word_1_255' title='bbox 286 4393 447 4459; x_wconf 90' lang='lat' dir='ltr'><strong>orationis</strong></span> <span class='ocrx_word' id='word_1_256' title='bbox 467 4410 536 4458; x_wconf 93' lang='lat' dir='ltr'><strong>non</strong></span> <span class='ocrx_word' id='word_1_257' title='bbox 557 4390 736 4458; x_wconf 89' lang='lat' dir='ltr'><strong>videantur</strong></span> <span class='ocrx_word' id='word_1_258' title='bbox 757 4393 892 4458; x_wconf 87' lang='lat' dir='ltr'><strong>exstare</strong></span> <span class='ocrx_word' id='word_1_259' title='bbox 914 4390 1067 4476; x_wconf 87' lang='lat' dir='ltr'><strong>exceptis</strong></span> <span class='ocrx_word' id='word_1_260' title='bbox 1088 4389 1304 4479; x_wconf 80' lang='lat' dir='ltr'><strong>fragmentis,</strong></span> <span class='ocrx_word' id='word_1_261' title='bbox 1325 4407 1410 4476; x_wconf 89' lang='lat' dir='ltr'><strong>quac</strong></span> <span class='ocrx_word' id='word_1_262' title='bbox 1431 4388 1467 4454; x_wconf 92' lang='lat' dir='ltr'><strong>in</strong></span> <span class='ocrx_word' id='word_1_263' title='bbox 1487 4387 1608 4474; x_wconf 90' lang='lat' dir='ltr'><strong>palim-</strong></span> 
     </span>
    </p>
   </div>
   <div class='ocr_carea' id='block_1_3' title="bbox 178 4502 1608 4603">
    <p class='ocr_par' dir='ltr' id='par_1_3' title="bbox 178 4502 1608 4603">
     <span class='ocr_line' id='line_1_32' title="bbox 178 4502 1608 4603; baseline -0.001 -21"><span class='ocrx_word' id='word_1_264' title='bbox 178 4502 183 4516; x_wconf 86' lang='lat'>&#39;</span> <span class='ocrx_word' id='word_1_265' title='bbox 285 4518 402 4603; x_wconf 91' lang='lat' dir='ltr'><strong>psesto</strong></span> <span class='ocrx_word' id='word_1_266' title='bbox 428 4513 627 4581; x_wconf 72' lang='lat' dir='ltr'><strong>laurinensi</strong></span> <span class='ocrx_word' id='word_1_267' title='bbox 647 4519 785 4581; x_wconf 90' lang='lat' dir='ltr'><strong>servata</strong></span> <span class='ocrx_word' id='word_1_268' title='bbox 806 4517 894 4579; x_wconf 91' lang='lat' dir='ltr'><strong>sunt.</strong></span> <span class='ocrx_word' id='word_1_269' title='bbox 937 4510 1170 4579; x_wconf 78' lang='lat' dir='ltr'><strong>consuluimus</strong></span> <span class='ocrx_word' id='word_1_270' title='bbox 1190 4513 1303 4578; x_wconf 89' lang='lat' dir='ltr'><strong>tamen</strong></span> <span class='ocrx_word' id='word_1_271' title='bbox 1324 4529 1368 4578; x_wconf 85' lang='lat' dir='ltr'><strong>ex</strong></span> <span class='ocrx_word' id='word_1_272' title='bbox 1389 4512 1487 4598; x_wconf 88' lang='lat' dir='ltr'><strong>parte</strong></span> <span class='ocrx_word' id='word_1_273' title='bbox 1509 4512 1608 4580; x_wconf 88' lang='lat' dir='ltr'><strong>etiam</strong></span> 
     </span>
    </p>
   </div>
   <div class='ocr_carea' id='block_1_4' title="bbox 283 4632 1610 5091">
    <p class='ocr_par' dir='ltr' id='par_1_4' title="bbox 283 4632 1610 5091">
     <span class='ocr_line' id='line_1_33' title="bbox 285 4632 1608 4722; baseline -0.004 -17"><span class='ocrx_word' id='word_1_274' title='bbox 285 4637 420 4705; x_wconf 89' lang='lat' dir='ltr'><strong>codices</strong></span> <span class='ocrx_word' id='word_1_275' title='bbox 450 4637 682 4708; x_wconf 81' lang='lat' dir='ltr'><strong>Geuevensem</strong></span> <span class='ocrx_word' id='word_1_276' title='bbox 710 4641 745 4702; x_wconf 93' lang='lat' dir='ltr'><strong>et</strong></span> <span class='ocrx_word' id='word_1_277' title='bbox 776 4634 984 4722; x_wconf 88' lang='lat' dir='ltr'><strong>Mediceum,</strong></span> <span class='ocrx_word' id='word_1_278' title='bbox 1016 4637 1073 4722; x_wconf 88' lang='lat' dir='ltr'><strong>qui</strong></span> <span class='ocrx_word' id='word_1_279' title='bbox 1103 4633 1225 4702; x_wconf 85' lang='lat' dir='ltr'><strong>dicitur</strong></span> <span class='ocrx_word' id='word_1_280' title='bbox 1252 4632 1474 4718; x_wconf 83' lang='lat' dir='ltr'><strong>Petrarchae,</strong></span> <span class='ocrx_word' id='word_1_281' title='bbox 1506 4637 1608 4722; x_wconf 90' lang='lat' dir='ltr'><strong>atque</strong></span> 
     </span>
     <span class='ocr_line' id='line_1_34' title="bbox 283 4752 1610 4847; baseline -0.003 -21"><span class='ocrx_word' id='word_1_282' title='bbox 283 4761 563 4847; x_wconf 89' lang='lat' dir='ltr'><strong>locupletavimus</strong></span> <span class='ocrx_word' id='word_1_283' title='bbox 595 4759 778 4826; x_wconf 89' lang='lat' dir='ltr'><strong>orationem</strong></span> <span class='ocrx_word' id='word_1_284' title='bbox 811 4778 855 4826; x_wconf 85' lang='lat' dir='ltr'><strong>ex</strong></span> <span class='ocrx_word' id='word_1_285' title='bbox 882 4758 1018 4825; x_wconf 89' lang='lat' dir='ltr'><strong>rhetore</strong></span> <span class='ocrx_word' id='word_1_286' title='bbox 1048 4758 1134 4826; x_wconf 93' lang='lat' dir='ltr'><strong>lulio</strong></span> <span class='ocrx_word' id='word_1_287' title='bbox 1167 4752 1355 4827; x_wconf 82' lang='lat' dir='ltr'><strong>Severiano</strong></span> <span class='ocrx_word' id='word_1_288' title='bbox 1389 4775 1421 4844; x_wconf 90' lang='lat' dir='ltr'><strong>p.</strong></span> <span class='ocrx_word' id='word_1_289' title='bbox 1443 4753 1522 4826; x_wconf 80' lang='lat'><strong>341</strong></span> <span class='ocrx_word' id='word_1_290' title='bbox 1557 4755 1610 4824; x_wconf 87' lang='lat' dir='ltr'><strong>ed.</strong></span> 
     </span>
     <span class='ocr_line' id='line_1_35' title="bbox 284 4876 1604 4974; baseline -0.002 -23"><span class='ocrx_word' id='word_1_291' title='bbox 284 4882 408 4974; x_wconf 76' lang='lat' dir='ltr'><strong>capp,</strong></span> <span class='ocrx_word' id='word_1_292' title='bbox 435 4883 489 4971; x_wconf 90' lang='lat' dir='ltr'><strong>qni</strong></span> <span class='ocrx_word' id='word_1_293' title='bbox 518 4899 562 4948; x_wconf 86' lang='lat' dir='ltr'><strong>ex</strong></span> <span class='ocrx_word' id='word_1_294' title='bbox 589 4882 665 4950; x_wconf 92' lang='lat' dir='ltr'><strong>loco</strong></span> <span class='ocrx_word' id='word_1_295' title='bbox 687 4899 762 4970; x_wconf 88' lang='lat' dir='ltr'><strong>cap.</strong></span> <span class='ocrx_word' id='word_1_296' title='bbox 782 4876 835 4948; x_wconf 67' lang='grc'><strong>27</strong></span> <span class='ocrx_word' id='word_1_297' title='bbox 858 4884 961 4964; x_wconf 78' lang='lat' dir='ltr'><strong>catn,</strong></span> <span class='ocrx_word' id='word_1_298' title='bbox 993 4881 1050 4950; x_wconf 94' lang='lat' dir='ltr'><strong>ubi</strong></span> <span class='ocrx_word' id='word_1_299' title='bbox 1070 4881 1106 4948; x_wconf 87' lang='lat' dir='ltr'><strong>in</strong></span> <span class='ocrx_word' id='word_1_300' title='bbox 1126 4878 1224 4949; x_wconf 83' lang='lat' dir='ltr'><strong>codd.</strong></span> <span class='ocrx_word' id='word_1_301' title='bbox 1246 4883 1300 4950; x_wconf 88' lang='lat' dir='ltr'><strong>est</strong></span> <span class='ocrx_word' id='word_1_302' title='bbox 1320 4898 1444 4972; x_wconf 75' lang='lat' dir='ltr'><strong>magua</strong></span> <span class='ocrx_word' id='word_1_303' title='bbox 1470 4882 1604 4965; x_wconf 76' lang='lat' dir='ltr'><strong>bonna,</strong></span> 
     </span>
     <span class='ocr_line' id='line_1_36' title="bbox 283 5004 752 5091; baseline 0 -21"><span class='ocrx_word' id='word_1_304' title='bbox 283 5005 399 5091; x_wconf 86' lang='lat' dir='ltr'><strong>plures</strong></span> <span class='ocrx_word' id='word_1_305' title='bbox 419 5005 607 5076; x_wconf 86' lang='lat' dir='ltr'><strong>sententias</strong></span> <span class='ocrx_word' id='word_1_306' title='bbox 626 5004 752 5074; x_wconf 79' lang='lat' dir='ltr'><strong>attulit.</strong></span> 
     </span>
    </p>
   </div>
   <div class='ocr_carea' id='block_1_5' title="bbox 0 0 1846 5862">
    <p class='ocr_par' dir='ltr' id='par_1_5' title="bbox 0 0 1846 5862">
     <span class='ocr_line' id='line_1_37' title="bbox 0 0 1846 5862; baseline 0 0"><span class='ocrx_word' id='word_1_307' title='bbox 0 0 1846 5862; x_wconf 95' lang='lat' dir='ltr'><strong> </strong></span> 
     </span>
    </p>
   </div>
  </div>
 </body>
</html>
