3642 5862
454 476 523 542 Lm.
544 478 582 543 V.
612 476 684 542 Csn.
706 473 995 540 xxm-xxva.
1022 469 1077 556 ss.
1100 469 1248 536 64-70.
1449 463 1504 534 404

199 643 315 708 videre.
358 640 409 707 67.
432 645 499 708 Hoc
521 652 555 708 tu
579 665 674 730 quam
695 646 735 710 ob
756 665 823 710 rem
843 663 909 708 non
929 641 1056 707 lecistit
1084 633 1178 726 quam
1200 642 1240 706 oh
1261 659 1327 704 rem
1348 641 1391 704 ita
1409 641 1512 725 pirata

197 737 256 801 iste
278 738 452 803 occultatus
474 746 537 815 est,
560 741 650 824 quasi
672 761 743 804 eum
766 739 886 823 adspici
909 736 997 802 nefas
1013 740 1117 802 essett
1139 757 1233 821 quam
1248 738 1289 800 oh
1304 755 1370 800 rem
1392 733 1512 819 suppli·

198 832 281 894 cium
305 851 370 895 nou
391 833 574 916 sumpsisti?
597 854 690 917 quam
711 836 751 899 oh
766 855 891 899 causam
905 834 1066 899 hominem
1081 836 1273 897 reservasti?
1296 852 1428 915 ecquem
1449 831 1511 893 scis

196 925 230 988 in
263 927 369 990 Sicilia
401 935 494 991 antea
521 935 647 1012 captum
676 929 910 1012 archipiratam,
943 931 1000 1013 qui
1028 949 1093 992 nou
1123 928 1225 992 securi
1252 945 1419 1010 percussus
1449 925 1510 988 siti

196 1019 299 1083 Unum
321 1020 400 1084 cedo
422 1028 582 1085 auctorem
603 1021 649 1086 tui
670 1022 763 1096 iacti;
783 1023 878 1086 unius
898 1023 1006 1106 proter
1019 1023 1207 1107 exemplum.
1234 1023 1347 1086 Vivum
1362 1028 1395 1083 tu
1410 1017 1536 1082 arohi⁴²⁸

195 1113 330 1197 piratam
353 1115 516 1178 servabas:
539 1117 628 1198 quot
648 1117 707 1178 Per
728 1116 932 1199 triumphum,
955 1118 1066 1193 credo,
1089 1137 1184 1201 quem
1198 1123 1269 1180 aute
1285 1134 1408 1178 currum
1423 1120 1511 1175 tuum

196 1206 347 1270 duceres:
380 1227 486 1292 neque
513 1209 598 1271 euim
627 1208 800 1293 quidquam
829 1215 896 1272 erat
921 1210 1092 1293 reliquum,
1123 1211 1185 1274 nisi
1214 1210 1260 1273 uti
1283 1210 1382 1271 classe
1402 1205 1513 1292 populi

195 1299 328 1364 Romani
349 1302 559 1384 pulcherrima
580 1302 696 1365 amissa
715 1303 940 1386 provinciaque
961 1304 1096 1367 lacerata
1118 1303 1295 1387 triumphus
1317 1303 1373 1365 tihi
1391 1299 1512 1364 navalis

75 1467 82 1480 ,
195 1394 427 1460 decerneretur.
441 1429 483 1444 -
496 1397 627 1460 xxvll.
642 1393 693 1460 68.
708 1399 774 1480 Age
788 1416 899 1479 porros
922 1397 1073 1460 custodiri
1091 1397 1201 1460 ducem
1221 1397 1415 1480 praedonum
1429 1413 1511 1458 novo

196 1509 302 1565 more,
329 1510 424 1574 quam
447 1490 549 1554 securi
570 1489 657 1554 feriri
680 1490 820 1554 omnium
842 1490 987 1573 exemplo
1010 1491 1108 1573 magis
1130 1491 1257 1573 placuit.
1272 1485 1549 1580 -thesuntu
1641 1543 1642 1546 ,

195 1583 273 1648 istae
294 1585 458 1648 custodiae
511 1584 595 1668 apud
619 1604 699 1669 quos
720 1584 885 1648 homines?
916 1603 1009 1668 quem
1032 1583 1220 1648 admodum
1243 1592 1291 1648 est
1312 1583 1512 1647 asservatus?

196 1678 377 1744 Lautumias
395 1680 606 1763 Syracusanas
622 1699 731 1743 omnes
753 1678 903 1752 audistis,
925 1676 1070 1760 plerique
1084 1679 1194 1742 nostis.
1225 1679 1313 1762 Opus
1329 1686 1377 1742 est
1391 1679 1512 1759 ingens,

197 1770 413 1855 magnificum,
436 1792 544 1856 regrum
566 1791 602 1835 ac
619 1781 842 1857 tyrannorum:
864 1776 963 1834 totum
986 1778 1034 1834 est
1055 1792 1072 1835 c
1095 1793 1173 1836 saxo
1194 1775 1227 1836 in
1250 1773 1424 1837 mirandam
1443 1771 1513 1832 alti-

196 1863 338 1929 tudinem
361 1865 509 1950 depresso
532 1875 564 1931 et
584 1869 753 1932 multorum
774 1865 878 1949 operis
900 1867 1025 1947 penitus
1047 1868 1173 1930 exciso:
1195 1868 1274 1932 nihil
1292 1877 1356 1930 tam
1371 1866 1512 1928 clausum

196 1959 236 2023 ad
268 1963 402 2036 exitum,
430 1961 510 2025 nihil
536 1971 598 2025 tam
627 1961 767 2045 saeptum
788 1959 945 2043 undique,
967 1959 1046 2022 nihil
1069 1969 1131 2024 tam
1152 1969 1254 2025 tutum
1276 1963 1315 2024 ad
1338 1959 1549 2023 custodiamus

196 2074 255 2119 nec
283 2051 350 2118 lieri
379 2075 438 2117 nec
467 2055 603 2139 cogitari¹
624 2064 738 2139 potest.
783 2056 819 2118 ln
840 2054 898 2117 has
920 2054 1102 2129 lautumias,
1135 2055 1162 2118 si
1185 2056 1239 2139 qui
1260 2055 1386 2138 publice
1401 2059 1514 2116 custo-

196 2148 304 2214 diendi
326 2156 415 2225 sunt,
438 2149 531 2212 etiam
554 2171 595 2213 ex
616 2149 729 2214 ceteris
751 2147 876 2234 oppidis
900 2147 1024 2212 Siciliae
1040 2148 1154 2212 deduci
1176 2150 1377 2231 imperantur.
1399 2146 1450 2211 69.
1465 2149 1511 2211 Eo

194 2243 281 2325 quod
311 2242 425 2308 multos
453 2243 593 2326 captivos
620 2245 705 2308 cives
732 2243 892 2305 Romanos
922 2243 1113 2318 coniecerat,
1146 2242 1234 2327 quod
1256 2244 1368 2307 eodem
1390 2250 1512 2306 ceteros

195 2335 312 2418 piratas
334 2336 427 2400 condi
450 2336 632 2419 imperarat,
659 2334 833 2411 intellexit,
860 2336 886 2398 si
916 2335 1001 2398 hunc
1023 2335 1214 2399 subditivum
1236 2335 1457 2420 archipiratam
1478 2334 1511 2397 in

195 2428 328 2492 eandem
351 2430 526 2494 custodiam
547 2429 701 2504 dedisset,
732 2428 799 2492 lore
827 2435 863 2493 ut
884 2450 902 2494 a
922 2429 1030 2494 multis
1044 2432 1078 2493 in
1096 2431 1256 2494 lautumiis
1271 2435 1363 2495 rems
1378 2429 1548 2493 illeduxso

197 2531 409 2607 quaereretur.
445 2526 554 2609 Itaque
575 2526 734 2590 hominem
755 2523 830 2588 huic
852 2527 989 2609 optimae
1009 2525 1249 2609 tutissimaeque
1271 2523 1433 2588 custodiae
1447 2542 1511 2588 nou

194 2616 290 2680 audet
316 2619 527 2683 committerer
562 2620 698 2705 denique
728 2619 897 2704 Syracusas
925 2627 1008 2684 totas
1038 2619 1143 2682 timet:
1175 2619 1322 2682 amandat
1341 2620 1510 2684 homiuem.

195 2708 290 2785 Quot
312 2709 494 2795 Lilybaeum
516 2711 659 2777 fortasse.
692 2712 810 2776 Video:
839 2722 945 2779 mmen
969 2712 1116 2780 homines
1136 2713 1310 2777 maritimos
1332 2733 1396 2777 non
1416 2714 1511 2798 plane

193 2800 386 2869 reformidat.
415 2808 562 2884 Minime,
583 2807 715 2872 iudices.
747 2809 935 2871 Pauormum
956 2807 1077 2891 igitur?
1098 2809 1220 2872 Audio:
1243 2829 1434 2892 quamquam
1454 2809 1512 2892 Sy-

193 2897 328 2973 racusis,
350 2900 500 2984 quoniam
522 2901 556 2963 in
578 2901 775 2984 Syracusano
791 2910 900 2984 captus
916 2908 996 2976 erat,
1018 2903 1172 2977 maxime,
1194 2902 1341 2966 siminus
1356 2904 1548 2986 suppliciunt

194 2986 292 3067 allici,
321 3001 353 3058 at
381 2996 532 3059 custodiri
559 2996 732 3080 oportebat
770 2997 816 3058 Ne
837 2996 1024 3068 Panormum
1047 2996 1188 3078 quidem.
1231 2994 1282 3059 70.
1305 2997 1377 3072 Quo
1398 2997 1512 3080 igitur?

196 3105 259 3170 quo
280 3088 424 3172 putatis?
457 3092 505 3153 Ad
526 3090 670 3153 homiues
693 3109 712 3153 a
736 3089 908 3172 piratarum
930 3096 1015 3151 metu
1038 3097 1070 3153 et
1091 3091 1271 3174 suspicione
1292 3090 1513 3164 alienissimos,

194 3197 214 3243 a
234 3181 412 3264 navigando
435 3184 592 3268 rehusquc
607 3183 772 3247 maritimis
787 3183 1029 3258 remotissimos,
1052 3185 1092 3246 ad
1108 3183 1347 3267 Centuripinos,
1368 3184 1512 3247 homines

195 3273 331 3338 maxime
353 3275 614 3353 mediterraneos,
641 3296 781 3341 summos
803 3283 958 3350 aratores,
981 3278 1036 3360 qui
1056 3297 1173 3342 nomen
1194 3297 1369 3362 numquam
1391 3277 1514 3341 timuis-

195 3374 266 3430 sent
286 3368 434 3433 maritimi
456 3371 642 3453 praedonis,
675 3391 772 3435 unum
794 3378 825 3435 te
846 3377 992 3454 praetore
1013 3370 1211 3435 horruissent
1230 3372 1420 3455 Apronium,
1451 3378 1549 3437 ter-aa

194 3468 326 3524 restrem
354 3462 584 3546 archipiratam.
626 3465 667 3527 Et
694 3471 730 3528 ut
758 3465 863 3549 quivis
884 3462 977 3528 lacile
997 3465 1191 3550 perspiceret
1210 3465 1243 3528 id
1265 3466 1304 3528 ah
1325 3467 1387 3528 isto
1409 3471 1513 3528 actum

196 3571 284 3630 esse,
310 3555 421 3624 atille
443 3558 625 3642 suppositus
646 3558 739 3622 facile
761 3566 793 3622 et
812 3558 947 3622 lihcntcr
968 3577 1003 3622 sc
1030 3558 1138 3635 illum,
1166 3559 1309 3644 quinon
1331 3567 1414 3635 erat,
1444 3577 1513 3622 esse

195 3646 373 3727 simularet,
394 3650 529 3733 imperat
550 3651 780 3737 Centuripinis,
801 3660 838 3717 ut
859 3652 886 3715 is
901 3651 988 3715 victu
1009 3652 1188 3752 ceterisque
1208 3653 1301 3717 rehus
1320 3672 1415 3737 quam
1435 3650 1514 3715 lihe-

263 3979 287 4030 4.
305 3978 346 4030 lta
359 3979 406 4030 tata
419 3978 507 4043 304444
523 3978 587 4032 dett.
606 3981 636 4032 0.
656 4005 684 4017 -
703 3979 727 4031 4.
747 3981 882 4032 occatam
897 3985 933 4032 cst
948 3979 1013 4031 4404
1028 3979 1059 4030 44
1077 3978 1171 4030 colatur
1187 3983 1222 4030 eat
1238 3978 1303 4030 dett.
1323 3979 1352 4031 0.
1370 3977 1409 4030 Cl.
1427 3979 1513 4031 Madv.

196 4065 224 4122 p.
238 4055 294 4107 443.
316 4055 371 4122 (hd.
390 4069 443 4108 om.
462 4055 750 4124 ommolren--oesor
764 4056 842 4118 cust.)
860 4083 889 4094 -
908 4055 987 4118 aspici
1003 4053 1052 4116 am
1079 4055 1205 4118 adspicere
1221 4053 1286 4106 dett.
1304 4055 1333 4106 0.
1354 4079 1378 4092 -
1400 4054 1425 4105 4.
1442 4054 1517 4104 hasc-

197 4143 270 4194 puem
285 4133 306 4182 44
322 4143 363 4196 pr.
376 4142 431 4194 m.;
449 4137 473 4183 et
489 4145 561 4196 worn
572 4133 604 4184 04
621 4132 666 4183 Ld.
681 4159 709 4170 -
727 4132 821 4184 rotella
832 4129 848 4180 λ
860 4130 945 4195 ngas:
965 4129 1058 4180 caduli
1073 4129 1138 4180 dett.
1152 4130 1182 4180 0.
1196 4155 1224 4166 -
1243 4128 1267 4180 4.
1279 4133 1355 4180 actea
1366 4141 1419 4179 om.
1431 4129 1516 4192 4349;

196 4211 255 4256 acte
270 4206 339 4272 4344
350 4205 391 4259 48.
411 4233 438 4244 -
457 4207 489 4258 rit
505 4221 559 4258 om.
578 4208 622 4258 Gt.
643 4233 670 4245 -·
689 4208 713 4258 6.
731 4221 780 4272 qoo
796 4208 816 4257 44
834 4206 927 4270 (Madv.
946 4204 993 4269 Op.
1012 4205 1031 4254 1.
1050 4217 1076 4268 p.
1095 4203 1177 4268 368.):
1201 4204 1360 4268 quomobrem
1377 4203 1426 4262 om
1445 4215 1518 4266 quero

196 4281 258 4330 cett.
277 4281 312 4342 0,
330 4281 382 4332 hac
398 4280 581 4333 distinctione:
599 4281 728 4345 cunctor,
746 4295 818 4346 qoem
832 4294 879 4346 per
894 4279 1061 4343 triumphator·
1077 4280 1129 4330 cet.
1142 4303 1170 4315 —
1189 4281 1213 4330 4.
1231 4283 1287 4329 erat
1302 4277 1371 4329 4404
1382 4276 1444 4328 hd:
1462 4281 1519 4329 erat

195 4353 249 4404 lum
264 4354 329 4407 dett.
348 4357 382 4416 0;
400 4355 444 4406 aot
460 4361 515 4408 crat
532 4357 577 4408 ot.
598 4383 625 4393 —
643 4357 701 4420 stas]
717 4355 761 4407 4464
777 4358 813 4407 04
831 4355 876 4407 Ld.
892 4383 920 4394 -
937 4362 966 4406 ot
983 4354 1089 4406 detto.
1106 4381 1133 4393 -
1152 4354 1176 4406 8.
1194 4355 1293 4405 occulta
1308 4353 1352 4404 4444
1369 4352 1474 4404 detto.
1487 4381 1515 4391 -

196 4429 237 4479 40.
254 4429 332 4493 scrin
346 4427 392 4480 lat.
411 4455 439 4467 -
459 4433 500 4483 44.
519 4433 665 4484 smmum
680 4435 709 4484 44.
729 4459 757 4469 -
776 4432 814 4483 44.
833 4431 967 4482 tuutomlor
982 4428 1007 4481 λ.
1028 4456 1056 4465 -
1076 4429 1115 4481 43.
1134 4443 1147 4481 e
1163 4443 1227 4480 saxo
1243 4427 1275 4480 lt:
1302 4443 1320 4479 a
1335 4441 1399 4479 roco
1416 4427 1466 4489 443;
1485 4441 1518 4479 ac

195 4515 259 4553 tamo
275 4502 341 4554 dett
360 4504 389 4554 0.
410 4531 438 4544 -
460 4505 830 4570 lidemonium-etaemus
846 4507 910 4557 dett.
930 4531 958 4542 -
985 4507 1026 4556 rt.
1044 4506 1140 4556 mitum
1156 4503 1234 4556 aaa:
1256 4505 1337 4556 coitus
1353 4504 1417 4554 dett.
1436 4503 1466 4554 0.
1487 4527 1514 4540 ·-

194 4579 333 4630 custodium
348 4579 385 4630 443
397 4577 414 4630 λ
424 4581 511 4645 usae:
529 4583 653 4634 mastodtcr
669 4582 733 4633 dett.
753 4583 782 4633 0.
804 4609 831 4620 -
851 4582 891 4633 40.
908 4595 987 4645 oeque
1003 4581 1110 4645 copttort
1125 4580 1203 4644 4349.
1218 4607 1246 4618 -
1264 4579 1304 4630 48.
1322 4581 1384 4631 ciuis
1394 4579 1414 4629 44
1425 4591 1466 4643 pr.
1480 4591 1516 4630 m.

197 4679 225 4692 -
243 4667 292 4718 quc
312 4655 461 4723 cedentum
484 4662 508 4707 et
527 4660 593 4721 quod
613 4655 828 4709 emundato.
853 4685 881 4695 -
905 4657 944 4708 40.
966 4657 1127 4707 conatast
1148 4652 1261 4719 rugas:
1287 4653 1515 4714 coneeditlihd.;

194 4731 309 4782 costudi
327 4730 377 4796 (vel
394 4731 516 4796 madal
533 4732 599 4784 dett.
617 4734 647 4783 0.
666 4757 694 4769 -
718 4732 827 4796 imperat
842 4731 919 4796 4340.
940 4759 967 4770 -
991 4731 1139 4783 mtdtttuum
1156 4731 1219 4782 1th
1235 4729 1330 4794 44349
1341 4730 1390 4783 li:
1414 4728 1518 4779 additi-

194 4807 261 4857 ca'um
277 4806 325 4859 hd.
344 4807 380 4867 03
403 4807 525 4858 additam
541 4807 584 4860 vel
601 4808 742 4859 subditorun
758 4807 822 4858 dett.
846 4833 874 4844 -
897 4808 938 4860 40.
956 4807 984 4858 to
1002 4807 1131 4859 lautumiis
1145 4806 1181 4858 443
1200 4808 1226 4858 st
1242 4806 1311 4870 4349
1329 4804 1386 4870 <sed
1401 4803 1446 4855 hlc
1462 4814 1516 4854 om.

193 4883 244 4947 tol:
262 4883 304 4933 tlte
319 4884 347 4934 to
362 4883 424 4934 laert
443 4883 522 4947 Lagg.
534 4883 616 4945 dett.;
634 4883 684 4934 oco
698 4883 726 4932 to
741 4881 869 4933 lautomia
879 4882 908 4934 0.
923 4908 952 4920 -
970 4883 1011 4934 44.
1029 4883 1177 4934 mendatii
1188 4880 1271 4946 4349;
1288 4880 1443 4932 coromeodot
1453 4878 1515 4940 433.

194 4953 250 5006 rell.
270 4981 299 4994 -
321 4957 363 5008 43.
381 4957 530 5009 umrttemoa
549 4959 569 5009 a
587 4960 615 5008 et
630 4958 670 5009 stc
686 4957 752 5008 iutra
768 4957 819 5009 his.
844 4981 871 4995 —-
894 4956 935 5008 44.
955 4957 1122 5008 Panhormum
1138 4957 1158 5007 44
1174 4956 1253 5019 4433.
1279 4979 1303 4994 -
1329 4956 1371 5005 445.
1389 4951 1516 5018 moutam]

194 5031 239 5094 qul
254 5033 281 5084 lo
297 5030 323 5086 λ.
337 5061 366 5072 -
384 5047 522 5086 menae
532 5035 563 5086 lt.
576 5059 604 5071 -
622 5034 664 5085 46.
683 5033 757 5099 adfici
772 5031 924 5082 adcuatods'ra'
935 5032 964 5084 44.
979 5059 1006 5069 -
1025 5045 1073 5095 qao
1084 5031 1120 5082 443
1131 5028 1147 5081 λ
1158 5031 1226 5094 4340
1243 5029 1287 5095 (cl.
1300 5027 1386 5082 htadv.
1397 5041 1425 5092 p.
1438 5026 1515 5088 tlhle

196 5108 255 5164 told
271 5109 337 5162 dett.
356 5111 386 5162 0.
406 5135 436 5150 ·-
457 5109 500 5162 44.
515 5109 624 5174 patosttr
638 5107 684 5160 aa.
705 5134 733 5147 -
754 5107 887 5170 maptttone
901 5107 931 5157 a.
950 5131 980 5145 -
1003 5106 1044 5158 48.
1062 5107 1236 5158 rernottras'mos
1248 5105 1370 5166 roburque
1383 5101 1518 5152 mactmc

119 5206 136 5226 ··
166 5223 172 5230 .
197 5175 273 5241 Lm.
288 5209 316 5224 -
334 5183 375 5237 so.
392 5187 455 5252 pou
469 5189 610 5240 aneson
626 5183 920 5250 rauciacum.
932 5207 961 5221 -
979 5181 1021 5234 aa.
1037 5181 1244 5236 uasorum.
1256 5205 1284 5219 -
1296 5175 1514 5231 cosummat.

240 5267 325 5320 (Μ
342 5277 413 5332 2¹1
1294 5271 1336 5341 26
