3642 5862
297 411 360 480 372
658 415 701 478 IN
721 413 888 480 VERREM
908 411 1031 479 ACTIO
1054 412 1238 478 SECUNDA

298 608 338 652 ex
360 605 432 650 aere
453 581 689 671 pulcherrimas,
711 585 774 646 vim
797 583 965 647 maximum
986 602 1134 648 vasorum
1156 582 1388 647 Corinthiorum
1411 601 1451 646 ex
1472 582 1624 664 omnibus

296 681 426 746 aedibus
448 679 544 744 sacris
567 677 693 742 abstulit
714 655 887 763 Syracusis'.
931 672 1002 740 l32.
1025 679 1149 762 ltaque,
1172 663 1374 753 iudices‚(ii,
1398 677 1453 761 qui
1474 674 1640 760 hospites)

296 775 337 838 ad
360 794 413 848 ca,
445 791 527 856 quae
549 772 680 836 visenda
701 780 790 846 sunt,
805 769 923 856 [solent
952 763 1120 841 ducerelet
1149 792 1249 837 unum
1277 771 1419 856 quidque
1442 771 1622 848 ostendere,

118 877 161 998 J
194 881 215 960 ὅ
282 863 377 954 (quos
408 869 455 930 illi
483 875 681 952 mystagogos
709 863 846 955 vocant)
872 886 1054 930 conversam
1083 869 1145 930 iam
1172 867 1290 932 babent
1319 865 1622 942 demonstrationem

94 948 116 971 ”⁸
155 945 171 996 s
272 943 393 1027 ornam.
426 964 522 1036 Nam,
544 969 578 1025 ut
600 968 671 1024 ante
688 961 959 1036 demonstrabant,
982 961 1058 1046 quid
1073 962 1191 1048 ubique
1207 969 1307 1036 esset,
1330 962 1405 1028 item
1423 979 1518 1036 nunc,
1541 957 1621 1042 quid

294 1056 436 1142 undique
457 1056 594 1120 ablatum
617 1057 671 1130 sit,
694 1053 874 1118 ostendunt.

380 1151 464 1227 Quid
486 1153 574 1213 turni
596 1150 788 1214 mediocrine
810 1149 936 1213 taudem
958 1149 1069 1214 dolore
1092 1171 1146 1215 eos
1168 1151 1297 1215 allectos
1312 1171 1381 1216 esse
1401 1148 1621 1214 arbitramini?

293 1250 365 1310 Non
386 1245 430 1308 ita
451 1252 514 1318 cst,
543 1244 683 1306 iudices:
711 1243 862 1326 primum,
884 1244 971 1327 quod
993 1264 1102 1308 omues
1125 1245 1277 1328 religione
1299 1252 1466 1309 moventur
1488 1251 1520 1308 et
1541 1245 1619 1308 deos

294 1341 430 1425 patrios,
459 1359 541 1423 quos
569 1358 589 1402 a
616 1337 787 1400 maioribus
810 1347 1014 1422 acceperunt,
1045 1340 1194 1404 colendos
1217 1339 1276 1402 sibi
1299 1340 1467 1423 diligenter
1489 1347 1522 1403 et
1542 1339 1620 1401 reti·

161 1445 181 1514 3
255 1434 415 1499 tenendos
438 1454 508 1499 esse
529 1410 874 1502 arbitranturtideinde
896 1433 946 1520 hjc
968 1441 1114 1508 ornatus,
1140 1432 1217 1522 boec
1240 1452 1336 1514 opera
1357 1440 1452 1516 atque
1474 1432 1619 1507 artificia,

186 1570 234 1609 ,μ
293 1530 397 1614 signa,
426 1527 551 1592 tabulae
579 1526 696 1611 pictae,
726 1526 862 1590 Graecos
889 1525 1034 1590 homines
1057 1526 1156 1590 nimio
1179 1545 1275 1611 opere
1298 1519 1482 1619 delectant.)
1507 1529 1619 1611 ltaque

177 1596 241 1654 W
293 1646 334 1688 ex
355 1624 481 1687 illorum
505 1621 712 1706 querimoniis
733 1621 908 1704 intelligere
924 1641 1103 1704 possumus,
1116 1621 1196 1685 haec
1211 1621 1274 1684 illis
1290 1623 1492 1686 acerbissima
1506 1622 1618 1696 videri,

293 1738 375 1802 quae
396 1718 529 1784 forsitan
551 1716 642 1778 nobis
663 1715 745 1779 levia
766 1723 797 1778 et
822 1716 1052 1779 contemnenda
1073 1736 1142 1778 esse
1164 1716 1341 1780 videantur.
1386 1717 1465 1781 Mihi
1488 1717 1617 1791 credite,

291 1813 431 1886 iudices,
454 1807 590 1892 (mmebi
611 1814 734 1873 vosmet
755 1809 842 1892 ipsos
864 1809 942 1872 haec
965 1810 1074 1874 eadem
1089 1811 1197 1874 audire
1220 1819 1305 1875 certo
1327 1809 1419 1893 scio,)
1443 1833 1514 1876 cum
1536 1809 1619 1875 mul-

253 1915 339 1970 tatas
360 1905 540 1988 acceperint
567 1925 624 1987 per
650 1903 748 1966 hosce
770 1922 870 1966 annos
893 1904 971 1968 socii
992 1912 1088 1988 atque
1110 1911 1237 1968 exterae
1258 1906 1402 1969 nationes
1424 1905 1617 1970 calamitates

291 2009 323 2065 et
343 1999 493 2074 iniurias,
515 1999 620 2060 nullas
642 1998 752 2060 Graeci
772 1997 918 2061 homines
940 2000 1065 2080 gravius
1094 1999 1199 2062 lerunt
1220 2018 1257 2062 ac
1278 2000 1421 2065 tulerunt
1441 2021 1535 2083 quam
1556 2001 1618 2062 bu-

289 2095 377 2160 iusce
400 2093 485 2158 modi
507 2093 713 2176 spoliationes
735 2089 883 2154 fanorum
897 2100 993 2176 atque
1015 2094 1212 2178 oppidorum.
1250 2088 1321 2155 433.
1343 2094 1432 2158 Licet
1452 2095 1512 2158 iste
1535 2095 1618 2158 dicat

290 2190 405 2254 emisse
427 2208 477 2263 se,
500 2187 593 2250 sicuti
616 2188 698 2251 solet
719 2187 840 2260 dicere,
864 2187 982 2250 credite
1003 2187 1063 2252 boc
1085 2187 1179 2260 mibi,
1201 2186 1341 2263 iudices,
1364 2188 1453 2252 nulla
1466 2208 1617 2272 umquam

134 2279 157 2341 3
289 2284 400 2348 civitas
423 2289 488 2346 tota
508 2280 584 2344 Asia
606 2288 638 2344 et
660 2281 790 2344 Graecia
811 2281 937 2364 signum
957 2281 1073 2360 ullum,
1097 2281 1236 2344 tabulam
1257 2282 1390 2366 pictam,
1413 2282 1513 2347 ullum
1528 2283 1619 2346 deni·

250 2392 352 2463 noque
375 2383 593 2442 ornamentum
616 2375 719 2451 urbis,
742 2393 799 2438 sua
819 2375 982 2440 voluntate
1006 2377 1153 2461 cuiquam
1175 2376 1328 2440 vendidit.
1365 2377 1432 2440 Nisi
1453 2376 1534 2441 forte
1550 2378 1619 2440 exi-

289 2473 440 2546 stimatis,
469 2477 678 2556 posteaquam
701 2468 819 2533 iudicia
841 2489 950 2532 severa
972 2471 1090 2533 Romae
1111 2471 1179 2534 lieri
1201 2471 1379 2546 desierunt,
1404 2473 1539 2536 Graecos
1560 2471 1619 2536 bo·

288 2569 390 2631 mines
419 2565 499 2628 baec
527 2563 692 2628 venditare
722 2563 883 2647 coepisse,
913 2584 995 2648 quae
1023 2571 1089 2628 tum
1112 2585 1175 2628 non
1191 2565 1293 2638 modo
1316 2585 1381 2628 non
1402 2567 1617 2641 venditabant,

287 2683 360 2726 cum
387 2659 502 2723 iudicia
530 2657 662 2731 fiebant,
692 2677 802 2722 verum
829 2658 923 2720 etiam
952 2659 1153 2722 coimebant:
1184 2669 1240 2723 aut
1269 2660 1330 2724 nisi
1359 2659 1552 2725 arbitramini
1578 2662 1616 2724 L.

287 2755 418 2828 Crasso,
441 2754 480 2828 Q.
503 2751 690 2827 Scaevolae,
715 2752 748 2814 C.
765 2751 912 2825 Claudio,
935 2753 1165 2835 potentissimis
1187 2754 1386 2830 hominibus,
1411 2774 1548 2838 quorum
1563 2775 1618 2818 ae·

248 2849 426 2912 aedilitates
449 2845 666 2911 ornatissimas
688 2847 1085 2920 vidimus,2commercium
1107 2847 1238 2912 istarum
1260 2868 1366 2912 rerum
1388 2868 1460 2912 cum
1488 2848 1617 2912 Graecis

285 2942 470 3007 bominibus
491 2961 558 3004 nou
578 2940 695 3015 fuisse,
717 2941 773 3014 iis,
790 2941 845 3025 qui
860 2947 932 3025 post
946 2941 1135 3006 iudiciorum
1152 2942 1392 3006 dissolutionem
1407 2940 1526 3004 aediles
1540 2941 1615 3005 iacti

287 3045 377 3113 sunt,
399 3035 509 3100 luisse.
552 3035 619 3098 LX.
643 3030 714 3097 t3l.
736 3035 937 3098 Acerbiorem
960 3037 1055 3098 etiam
1078 3037 1190 3100 scitote
1214 3057 1283 3101 esse
1304 3036 1483 3101 civitatibus
1505 3037 1616 3100 falsam

286 3133 378 3196 istam
409 3138 440 3194 et
468 3130 645 3194 simulatam
672 3129 879 3212 emptionem,
910 3151 1004 3212 quam
1027 3131 1054 3194 si
1077 3133 1133 3216 qui
1155 3131 1234 3194 clam
1258 3132 1407 3213 surripiat
1428 3137 1484 3194 aut
1505 3131 1617 3215 eripiat

285 3226 389 3310 palam
410 3232 508 3309 atque
532 3223 662 3288 auferat.
699 3225 777 3288 Nam
801 3225 1028 3308 turpitudinem
1049 3246 1203 3289 summam
1218 3245 1287 3288 csse
1302 3225 1493 3288 arbitrantur
1506 3223 1616 3287 relerri

247 3323 318 3384 aoin
341 3320 464 3384 tabulas
480 3318 639 3402 publicas,
662 3318 764 3401 pretio
780 3318 946 3381 adductam
962 3319 1134 3395 civitatem,
1158 3328 1190 3383 et
1203 3319 1305 3404 pretio
1319 3339 1432 3402 parvo,
1456 3338 1509 3393 ea,
1533 3337 1616 3402 quae

285 3415 462 3500 accepisset
483 3433 502 3476 a
524 3413 711 3488 maioribus,
734 3411 917 3477 vendidisse
938 3423 1034 3498 atque
1056 3415 1262 3478 abalienasse.
1294 3413 1420 3476 Etenim
1438 3412 1617 3476 mirandum

284 3511 319 3575 in
348 3509 475 3576 modum
504 3508 615 3571 Graeci
644 3506 738 3570 rebus
761 3507 847 3582 istis,
876 3529 954 3591 quas
978 3507 1226 3583 contemnimus,
1257 3508 1463 3571 delectantur.
1505 3509 1616 3591 ltaque

350 3716 375 3765 2.
394 3713 480 3764 osiidii
500 3711 668 3773 Syraciisanis
689 3709 770 3774 L3293
798 3711 932 3771 saracems
955 3711 1055 3761 obstulit
1071 3711 1135 3762 dett.
1155 3713 1184 3763 0.
1205 3735 1232 3747 —
1257 3711 1277 3759 ii
1295 3713 1326 3761 R:
1345 3711 1370 3760 bi
1387 3712 1416 3763 0.
1437 3739 1465 3749 -
1483 3713 1508 3763 3.
1527 3713 1617 3764 daem

284 3790 362 3842 soleat
378 3790 398 3840 0
416 3789 508 3839 contra
526 3785 604 3836 codd.
618 3811 645 3821 -
664 3799 742 3834 anam
760 3786 820 3847 quid
837 3787 913 3851 Lagg.
928 3813 955 3822 -
974 3789 999 3838 b.
1019 3793 1095 3837 caleo
1110 3789 1189 3851 agra.
1205 3814 1232 3823 -
1251 3787 1310 3837 item
1320 3786 1371 3848 na,
1389 3786 1475 3850 ngas:
1493 3787 1532 3838 ita
1548 3785 1613 3838 dett.

286 3867 315 3918 ο.
336 3889 363 3900 -·
382 3863 505 3924 aamqaid
520 3862 549 3911 li.
570 3887 598 3897 —
617 3861 641 3909 7.
660 3861 713 3922 quit
729 3866 782 3910 tam
798 3862 818 3911 lt
835 3874 875 3925 pr.
894 3876 930 3913 m.
952 3889 979 3898 -
998 3875 1038 3913 eoa
1054 3865 1138 3914 dolore
1155 3862 1233 3926 agra.
1248 3889 1276 3898 -
1295 3863 1403 3924 adfectos
1420 3865 1448 3914 n.
1464 3890 1492 3900 -
1511 3864 1535 3914 8.
1548 3863 1615 3914 maai

285 3943 363 4004 lagg.
383 3941 411 3991 et
427 3937 492 3988 dett.
513 3962 540 3971 -
559 3934 678 3999 relictoue
695 3948 748 3986 om.
768 3935 813 3986 na.
834 3961 861 3972 —-
882 3939 921 3988 ll.
939 3938 1075 4002 nimiopcrc
1091 3941 1124 3999 li,
1143 3953 1158 3988 o
1174 3951 1234 4002 sup.
1247 3936 1291 3988 lin.
1310 3935 1408 3987 addita.
1422 3963 1449 3973 -
1469 3937 1509 3988 ti.
1528 3950 1616 3988 eoram

285 4016 363 4079 Lgib.
385 4039 412 4050 -
431 4012 571 4076 ioteiicqere
585 4011 707 4073 possimus
723 4012 764 4073 a,
777 4007 801 4061 λ.
826 4038 853 4046 -
877 4013 1045 4065 acerbirsama
1061 4015 1095 4075 R;
1113 4014 1241 4064 aomina
1259 4013 1334 4076 Lsgg.
1355 4037 1382 4048 -
1410 4013 1450 4062 lb.
1468 4011 1519 4062 roci
1536 4012 1556 4061 lt
1572 4024 1613 4076 pr.

285 4103 323 4142 m.
344 4117 371 4126 -
391 4088 431 4139 to.
449 4088 551 4150 fumat
568 4099 599 4136 ac
616 4085 725 4136 tuamne
740 4087 774 4148 n;
792 4089 959 4152 stromateo
976 4090 1020 4140 tat.
1033 4089 1082 4150 Ga,
1102 4087 1207 4139 tcodd.
1222 4087 1330 4145 Lamb.;
1346 4087 1431 4150 semet
1446 4099 1491 4137 noc
1506 4085 1616 4138 ademar

285 4165 368 4228 agam
395 4163 505 4214 adema
520 4174 565 4211 nac
580 4161 665 4222 [aaut
681 4161 746 4212 dett.
766 4162 794 4212 0.
815 4191 843 4201 -
873 4165 912 4215 ii.
931 4166 1062 4228 opidorum
1079 4166 1108 4216 lt.
1130 4191 1156 4200 -
1182 4163 1221 4214 t8.
1239 4177 1265 4213 rc
1283 4175 1336 4213 om.
1355 4163 1406 4224 113„
1425 4161 1503 4226 Laii.
1524 4189 1552 4200 -
1570 4163 1615 4214 boc

284 4241 345 4290 mitt
361 4237 457 4290 nica
474 4235 522 4287 Ld.
535 4237 622 4300 ngas:
640 4237 701 4286 mibi
717 4237 762 4287 boc
779 4239 825 4298 Gi,
844 4237 901 4288 rell.
915 4241 1009 4304 Lagg.;
1027 4241 1087 4290 mibi
1103 4237 1154 4288 alii.
1174 4264 1202 4273 -
1221 4240 1261 4290 49.
1280 4237 1393 4290 tabulam
1409 4239 1463 4289 lib:
1481 4237 1561 4290 ailam
1576 4244 1615 4289 ta·

286 4315 370 4364 batam
387 4315 421 4364 de
438 4309 567 4363 Gulielmtl
586 4312 653 4362 coni.
674 4313 707 4372 0,
728 4311 914 4376 probabiliter;
939 4315 1037 4364 iubatos
1049 4316 1131 4377 pictos
1148 4314 1213 4364 dett.
1240 4314 1275 4378 [St
1296 4315 1376 4364 diam
1392 4311 1546 4364 addendum
1563 4315 1613 4378 est,

285 4390 373 4455 potius
394 4391 456 4455 post
472 4387 569 4450 pictam
590 4385 677 4438 locum
699 4387 801 4438 habere
819 4388 907 4439 debet.
928 4388 1020 4453 linum]
1039 4415 1065 4424 —
1093 4389 1134 4439 20.
1153 4389 1297 4439 mariculis
1312 4388 1358 4439 nt.
1378 4415 1405 4425 -
1432 4389 1474 4440 al.
1492 4390 1616 4440 dariam

286 4463 334 4525 ut,
354 4461 382 4514 i:
406 4464 521 4514 desierint
541 4463 606 4515 dett.
624 4465 654 4515 0.
679 4490 706 4499 -
731 4465 772 4515 ii.
790 4464 1136 4516 venditarc--venditabaat
1152 4461 1217 4516 nat
1235 4465 1296 4528 (sed
1312 4466 1332 4515 Ii
1348 4465 1449 4516 aedita
1464 4465 1613 4528 recepisset:

284 4538 437 4589 caedmon
448 4537 586 4589 oradebout
602 4538 668 4590 dett.
688 4565 714 4574 -
734 4541 807 4590 niodo
822 4554 873 4590 oco
889 4553 942 4591 om.
961 4541 1040 4605 lagg.
1054 4567 1081 4576 —
1100 4541 1141 4592 23.
1160 4546 1205 4591 cot
1222 4553 1275 4592 om.
1294 4543 1373 4606 lagg.
1388 4569 1416 4578 -
1434 4541 1476 4594 il.
1495 4543 1525 4606 (t.
1537 4542 1615 4593 Scar-

285 4613 343 4664 cola
359 4614 390 4673 Rc
412 4614 438 4664 0.
457 4613 592 4665 &adcolae
608 4613 688 4679 Lagg.
708 4641 736 4650 -
755 4616 795 4666 26.
814 4616 845 4665 iis
859 4617 894 4667 n:
912 4617 949 4665 bis
964 4617 999 4677 L;
1017 4615 1048 4665 iis
1059 4641 1095 4654 ·-
1105 4615 1180 4678 saissa
1197 4627 1251 4666 om.
1270 4616 1306 4667 Gi
1320 4615 1365 4667 bd.
1385 4643 1413 4652 -
1433 4617 1615 4668 dbroiudom

285 4688 369 4739 not:
389 4689 558 4740 dissotaaiouas
575 4688 639 4740 dett.
659 4690 688 4741 0.
709 4716 736 4727 -
756 4691 796 4742 28.
815 4691 836 4741 si
853 4690 896 4754 qai
911 4691 995 4755 Laid:
1015 4691 1058 4753 qai
1075 4702 1129 4741 om.
1147 4692 1181 4752 R,
1201 4692 1252 4746 aaz
1270 4691 1316 4742 sibi
1327 4693 1376 4752 Gli
1395 4691 1416 4742 ri
1433 4691 1488 4754 qaia
1504 4691 1569 4743 dett.
1582 4691 1612 4742 0.

287 4760 316 4827 [si
333 4763 377 4824 qai
393 4775 442 4814 nos
460 4775 493 4812 ex
508 4763 541 4813 29
557 4765 736 4826 restituimus;
762 4778 824 4816 nam
850 4765 979 4818 londanus
1003 4766 1052 4816 hes
1077 4765 1205 4820 lectiones
1230 4768 1316 4820 varias
1341 4767 1436 4818 afferre
1458 4766 1564 4829 omisit]
1583 4789 1611 4802 -

286 4835 410 4900 aarum
426 4839 456 4888 lt.
477 4863 505 4875 -
523 4839 565 4888 29.
582 4839 677 4900 rofam
693 4839 771 4902 tgna.
792 4866 819 4875 -
839 4839 879 4890 30.
897 4842 925 4890 ia
941 4839 1040 4891 tabulas
1056 4840 1106 4902 na,
1124 4837 1157 4892 i:
1184 4841 1211 4891 ia
1227 4841 1323 4893 litteras
1339 4843 1417 4906 Lagg.
1436 4843 1466 4894 0.
1485 4868 1513 4878 -
1528 4840 1614 4904 paors-

284 4925 328 4962 car
345 4925 398 4963 om.
418 4911 468 4974 63,
486 4909 504 4962 λ
521 4914 582 4977 (non
593 4913 632 4975 n).
652 4939 679 4948 -
699 4915 879 4964 abductumn
891 4921 914 4966 ct
927 4918 1009 4979 pretio
1026 4928 1079 4967 om.
1092 4917 1185 4981 Litas-3
1204 4918 1225 4968 lt
1241 4919 1303 4982 post
1317 4917 1442 4968 daucum
1458 4917 1498 4968 sic
1513 4915 1610 4980 pergit:

285 4991 309 5038 ct
326 4987 429 5050 praecio
450 4989 586 5038 adductam
607 4988 732 5039 civitatem
752 4994 775 5040 et
793 4992 897 5053 praecio
918 5005 1012 5054 parvo,
1037 4991 1086 5042 scd
1102 4989 1117 5041 l
1134 4993 1222 5058 priora
1238 4991 1321 5043 verba
1338 4991 1436 5044 lineam
1452 4989 1613 5044 subductam

285 5060 395 5114 babent.
418 5089 446 5127 ·,·
475 5063 515 5115 34.
534 5065 684 5126 accepissem
699 5065 777 5129 begs.
799 5093 827 5104 -
854 5067 935 5130 adque
951 5069 973 5121 n
988 5080 1029 5133 pr.
1048 5080 1084 5118 m.
1105 5091 1132 5105 -
1152 5069 1273 5120 aliem
1289 5068 1355 5120 dett.
1374 5093 1402 5106 -
1421 5067 1462 5120 32.
1480 5079 1543 5131 qaas
1559 5065 1609 5118 aa:

285 5149 349 5199 qaas
363 5150 410 5188 oca
424 5138 504 5203 Lagg.
523 5142 551 5191 et
567 5137 631 5190 dett.
