3642 5862
330 439 392 509 386
688 443 731 508 ΙΝ
751 441 918 509 VERREM
937 439 1059 508 acrio
1081 440 1267 508 SECUNDA

331 635 387 680 eos
409 615 477 679 cine
493 613 618 678 consilii
634 613 790 678 sententia
805 633 863 677 sua
877 620 990 698 sponte
1005 613 1092 678 omni
1107 611 1265 696 supplicio
1281 611 1435 676 liberauit
1471 603 1536 674 ⁴9.
1563 605 1682 686 Quint

328 709 356 772 si
378 707 498 792 aliquid
521 708 559 770 ab
580 707 752 791 Apollonio
778 707 982 772 commissum
1004 715 1068 782 est,
1090 708 1321 792 quamobrem
1343 707 1377 771 in
1398 725 1474 772 eun
1500 707 1585 770 iure
1610 705 1683 768 ani·

328 801 590 866 madverteretur:
618 809 766 866 tamenne
794 801 878 865 banc
906 823 972 866 rem
995 802 1040 866 sic
1062 823 1207 886 agemus,
1235 811 1271 867 ut
1291 802 1414 866 crimini
1437 809 1501 866 aut
1525 797 1681 864 invidiae

327 915 383 959 reo
404 902 551 981 putemus
573 915 642 960 esse
665 903 822 978 oportere,
844 896 870 958 si
893 917 958 983 quo
981 897 1020 960 de
1034 897 1164 960 bomine
1180 897 1322 960 severius
1336 895 1563 960 iudicaverit?
1602 893 1680 955 Non

307 1000 422 1074 tagam
440 997 505 1054 tam
526 992 654 1055 acerbe:
681 1009 746 1055 nco
774 999 844 1055 utar
864 991 925 1053 ista
952 991 1145 1053 accusatoria
1176 988 1421 1064 consuetudine,
1452 989 1482 1052 si
1512 987 1681 1073 quidest

327 1084 445 1150 iactrrm
466 1085 652 1162 clementer,
678 1092 715 1148 ut
736 1085 889 1149 dissolute
909 1081 1028 1148 iactum
1049 1085 1211 1162 criminer;
1239 1085 1265 1148 si
1287 1084 1365 1169 quid
1388 1083 1605 1148 uindicatum
1628 1091 1681 1146 est

328 1199 447 1256 severe,
468 1186 504 1243 ut
525 1200 566 1244 ex
587 1198 626 1243 eo
647 1178 842 1243 crudelitatis
863 1177 1015 1242 invidiam
1036 1177 1192 1261 colligam.
1225 1179 1296 1242 Non
1318 1199 1407 1262 agana
1429 1179 1494 1243 ista
1520 1178 1679 1242 ratione:

326 1283 382 1340 tua
403 1293 518 1359 sequar
538 1274 670 1348 iudicia,
693 1281 778 1338 tuam
800 1271 968 1336 delendam
989 1274 1224 1348 auctoritatem,
1239 1274 1352 1358 ,quoad
1375 1281 1410 1337 tu
1430 1273 1550 1349 voles;
1576 1269 1678 1335 simul

327 1389 364 1433 ac
385 1376 453 1433 tuto
475 1368 617 1453 coeperis
639 1375 694 1432 tua
720 1367 837 1432 iudicia
858 1364 1054 1440 rescindere,
1083 1365 1161 1431 mibi
1183 1387 1367 1430 suscensere
1389 1366 1549 1431 desinito.
1599 1365 1677 1428 bleo

293 1462 396 1528 uiurc
425 1464 510 1527 enim
537 1457 727 1527 contendam
757 1482 848 1536 eum,
882 1462 937 1546 qui
966 1480 1024 1524 suo
1052 1459 1169 1525 iudicio
1197 1461 1361 1526 damnatus
1391 1464 1447 1538 sit,
1475 1462 1678 1526 iuratorum

325 1558 467 1622 iudicum
489 1557 652 1622 sententiis
674 1554 816 1620 damnari
838 1563 994 1640 oportere.
1038 1551 1089 1617 20.
1111 1557 1183 1617 Nou
1204 1555 1371 1619 defendam
1393 1554 1573 1640 Apollonii
1598 1574 1676 1618 cau·

176 1623 219 1750 5!
327 1670 412 1726 sam,
445 1650 538 1714 amici
566 1657 662 1733 atque
689 1649 823 1733 hospitis
854 1649 932 1726 mei,
962 1669 1002 1714 ne
1030 1657 1119 1713 tuum
1148 1649 1300 1712 iudicium
1321 1650 1431 1713 videar
1451 1649 1674 1712 rescindere:

326 1744 407 1809 nihil
437 1745 478 1808 do
505 1743 643 1808 bominis
673 1741 869 1828 frugalitate,
897 1745 1028 1819 virtute,
1057 1742 1222 1826 diligentia
1251 1744 1372 1807 dicam:
1403 1745 1672 1827 praetermittam

327 1839 408 1903 illud
430 1840 537 1914 etiam,
559 1837 599 1902 de
621 1858 685 1923 quo
707 1845 780 1902 ante
802 1839 880 1913 dixi,
900 1837 1045 1902 fortunas
1060 1837 1129 1900 eius
1145 1837 1189 1900 ita
1204 1837 1391 1901 constitutas
1404 1831 1673 1920 luisse(familia,

129 1961 231 2055 (μδ
291 1943 459 2017 ttpecore,
488 1931 587 2008 villis,
618 1933 763 2020 pecuniis
790 1923 938 2089 creditis)
964 1939 1000 1995 ut
1027 1930 1148 1994 nemini
1176 1931 1281 1994 minus
1310 1929 1475 2014 expediret
1495 1931 1613 1994 ullum
1636 1929 1670 1992 in

278 2081 282 2090 .
327 2027 436 2092 Sicilia
456 2025 627 2089 tumultum
649 2034 703 2090 aut
729 2026 846 2090 bellurn
868 2047 905 2090 co
938 2025 1074 2088 moveri:
1102 2045 1166 2089 non
1196 2025 1299 2088 dicam
1327 2045 1368 2089 ne
1395 2024 1476 2088 illud
1511 2024 1670 2110 quidem,

326 2123 353 2188 si
375 2121 512 2186 maxime
534 2122 568 2185 in
590 2121 683 2206 culpa
702 2120 799 2186 luerit
817 2119 1023 2206 Apollonius,
1045 2125 1151 2181 tamen
1173 2119 1206 2182 in
1227 2119 1387 2183 bominem
1407 2119 1669 2185 honestissimae

325 2216 463 2282 civitatis
484 2213 743 2280 honestissimum
765 2223 829 2279 tarn
852 2213 988 2297 graviter
1009 2211 1216 2276 animadverti
1238 2233 1333 2277 causa
1347 2213 1464 2277 indicta
1478 2233 1552 2277 non
1568 2232 1670 2296 opor·

324 2311 435 2377 tuisse.
477 2303 529 2374 2⁴.
557 2309 683 2374 Nullam
705 2310 738 2374 in
759 2317 791 2374 te
813 2307 964 2374 invidiam
985 2325 1026 2370 ue
1049 2326 1090 2369 ex
1112 2305 1176 2370 illis
1205 2306 1336 2392 quidem
1357 2307 1452 2371 rebus
1474 2306 1667 2380 concitabo,

289 2415 398 2469 mcum
426 2409 509 2467 esset
536 2402 609 2467 talis
634 2405 684 2468 vir
704 2405 738 2467 in
759 2421 902 2477 carcere,
932 2403 966 2466 in
995 2399 1149 2476 tenebris,
1177 2401 1211 2465 in
1239 2401 1403 2486 squalore,
1431 2402 1466 2463 in
1495 2401 1668 2475 sordibus,

325 2496 498 2583 tyrannicis
517 2495 695 2561 interdictis
716 2498 780 2562 tuis
801 2497 884 2582 patri
906 2503 1016 2560 exacta
1038 2501 1139 2559 aetate
1162 2501 1195 2558 et
1216 2494 1410 2559 adolescenti
1431 2491 1499 2558 lilio
1514 2493 1667 2560 adeundi

324 2592 365 2657 ad
386 2591 478 2656 illum
499 2591 648 2654 miserum
669 2597 859 2674 potestatem
880 2607 1053 2674 numquam
1075 2609 1145 2652 esse
1166 2587 1291 2652 iactam.
1326 2589 1430 2653 Etiam
1451 2591 1534 2655 illud
1568 2607 1666 2673 prae·

323 2686 445 2762 teribc,
479 2687 744 2769 quotiescumque
774 2685 963 2748 Panormum
985 2683 1110 2748 veneris
1140 2683 1197 2770 illo
1226 2691 1366 2747 annuet
1393 2703 1450 2747 sex
1479 2684 1665 2756 mensibus,

325 2776 408 2862 (nam
431 2784 495 2843 tam
517 2777 573 2841 diu
592 2776 655 2841 ruit
675 2777 866 2862 Apollonius
887 2780 921 2843 in
943 2774 1088 2860 carcere)
1118 2778 1212 2841 toties
1234 2784 1266 2842 tc
1292 2785 1435 2842 senatum
1456 2778 1664 2842 Panormita-

288 2887 400 2938 arnum
421 2871 527 2935 adisse
549 2871 724 2955 supplicem
747 2892 818 2934 curn
839 2871 1070 2955 magistratibus
1093 2871 1374 2956 sacerdotibusque
1389 2873 1538 2956 publicis,
1565 2889 1665 2937 oran·

326 2973 391 3031 tem
412 2973 508 3051 atque
530 2966 763 3040 obsecrantem,
786 2965 1014 3050 utaliquando
1037 2965 1092 3028 ille
1114 2968 1325 3050 miseratque
1348 2968 1500 3030 innocens
1523 2964 1662 3032 calami-

326 3069 390 3127 tate
416 3061 473 3126 illa
500 3060 696 3124 liberaretur.
746 3059 903 3144 Relinque
932 3060 1010 3124 baec
1040 3062 1161 3125 omnia:
1195 3081 1277 3146 quae
1307 3062 1333 3124 si
1362 3061 1457 3124 velim
1490 3059 1661 3146 persequi,

324 3156 418 3222 facile
440 3152 605 3220 ostendam
626 3161 682 3218 tua
703 3154 887 3219 crudelitate
915 3155 949 3218 in
975 3154 1055 3219 alios
1078 3175 1188 3218 omnes
1211 3155 1268 3219 tibi
1289 3154 1394 3218 aditus
1416 3156 1660 3224 misericordiae

324 3251 465 3316 iudicum
486 3251 549 3314 iam
570 3248 695 3332 pridem
718 3268 787 3313 esse
809 3250 1000 3333 praeclusos.
1036 3249 1092 3312 lll.
1114 3245 1165 3312 22.
1188 3249 1302 3312 Omnia
1324 3249 1381 3312 tibi
1403 3250 1464 3312 ista
1479 3249 1660 3316 concedam

287 3354 358 3411 toet
378 3345 545 3410 remittam.
588 3343 743 3408 Provideo
767 3344 861 3420 euim,
883 3343 960 3428 quid
983 3343 1023 3406 sit
1045 3342 1232 3407 defensurus
1254 3343 1452 3408 Hortensius.
1492 3346 1660 3412 Fatebitur

325 3441 410 3525 apud
438 3439 534 3502 istum
562 3456 667 3522 neque
696 3445 890 3502 senectutem
920 3441 1016 3522 patris
1048 3458 1153 3522 neque
1183 3437 1429 3501 adolescentiam
1459 3439 1518 3504 lilii
1547 3455 1659 3523 neque

324 3533 469 3597 lacrimas
490 3532 657 3616 utriusque
678 3532 751 3615 plus
772 3533 909 3596 valuisse
932 3551 1027 3616 quam
1048 3532 1216 3595 utilitatem
1238 3531 1434 3614 salutemque
1453 3535 1658 3617 provinciae:

324 3628 409 3692 dicet
438 3625 692 3709 rempublicam
720 3625 932 3690 administrari
967 3627 1035 3689 sine
1063 3631 1150 3689 metu
1178 3645 1214 3688 ac
1243 3625 1410 3690 severitate
1440 3645 1506 3690 non
1538 3643 1657 3713 posse:

326 3726 475 3805 quaeret,
497 3739 593 3802 quam
608 3721 649 3784 cb
664 3741 731 3784 rem
751 3719 852 3784 fasces
866 3721 1066 3803 praetoribus
1080 3719 1314 3803 praeferantur,
1336 3739 1393 3782 cur
1407 3739 1534 3786 secures
1549 3723 1656 3797 datae,

288 3831 384 3880 socru
405 3833 511 3878 carcer
531 3809 724 3890 aedificatus,
747 3833 802 3877 cur
824 3821 870 3878 tut
891 3812 1047 3897 supplicia
1068 3813 1132 3878 sint
1151 3813 1186 3876 in
1208 3813 1368 3897 improbos
1389 3833 1476 3878 more
1497 3816 1657 3881 maiorum

327 3909 520 3972 constituta?
564 3906 654 3982 Quae
676 3927 748 3971 cum
770 3907 876 3972 omnia
896 3907 1032 3990 graviter
1053 3927 1226 3992 severeque
1247 3907 1380 3982 dixerit,
1407 3925 1576 3992 quaeram,
1598 3921 1656 3970 cnr

325 4001 412 4067 bunc
441 4002 576 4065 eundem
601 4001 806 4085 Apollonium
837 4001 952 4065 Verres
980 4000 1063 4065 idem
1084 4009 1231 4086 repente,
1259 4001 1346 4065 nulla
1374 4021 1409 4065 re
1437 4020 1521 4067 nora
1547 4001 1655 4074 afleta,

326 4095 414 4161 nulla
442 4095 644 4172 defensione,
673 4095 742 4160 sine
772 4115 867 4160 causa
893 4095 933 4158 de
956 4113 1079 4160 carcere
1101 4095 1202 4160 emitti
1222 4095 1369 4160 iusserit?
1401 4102 1589 4182 tantumque
1620 4092 1654 4157 in

392 4403 417 4455 Ξ.
435 4402 468 4454 cb
483 4405 529 4467 Δρ.
548 4403 644 4466 aliquid
659 4401 725 4453 dett.
744 4403 773 4454 0.
788 4427 815 4438 -
829 4415 918 4454 coram.
935 4407 995 4454 suet
1011 4401 1090 4466 begs.
1105 4402 1202 4453 -turs
1217 4401 1244 4452 io
1260 4413 1317 4453 οιιιιι
1333 4401 1370 4454 63
1386 4401 1452 4454 dett.
1465 4403 1495 4455 0.
1509 4431 1538 4442 -
1551 4403 1575 4457 l.
1588 4400 1653 4455 iodi-

328 4483 397 4531 caret
412 4479 495 4542 ιῄθῑ
513 4479 633 4530 induruit
649 4476 715 4528 dett.
734 4477 762 4528 0.
782 4502 810 4513 -
829 4479 853 4528 b.
872 4478 894 4527 ιι·
910 4479 976 4541 qood
992 4477 1070 4541 Logg.
1087 4480 1195 4543 praeter
1212 4477 1252 4529 lu.
1266 4502 1293 4513 -
1308 4479 1333 4529 7.
1350 4490 1432 4530 scum
1448 4484 1483 4530 cst
1499 4478 1564 4532 dett.
1577 4481 1607 4531 0.
1622 4500 1650 4514 -

329 4558 353 4607 9.
366 4567 503 4606 mersere
513 4555 547 4605 n:
565 4565 705 4604 successere
716 4552 745 4602 0.
755 4578 781 4589 —
797 4553 836 4604 lb.
849 4553 904 4604 toro
920 4553 985 4605 cuim
996 4554 1042 4604 ils
1054 4553 1132 4618 lagg.
1146 4565 1253 4603 omnes:
1273 4552 1403 4604 enimtorc
1414 4556 1459 4606 ctt.
1472 4555 1502 4606 0.
1515 4581 1543 4594 -
1561 4554 1652 4607 cordo-

328 4635 429 4682 muotus
439 4629 505 4680 dett.
518 4629 548 4680 0.
563 4655 590 4665 -
605 4629 644 4678 u.
657 4628 777 4678 tucidum
787 4628 816 4678 R.
831 4653 859 4665 -
872 4627 985 4689 Apolloni
996 4628 1025 4678 a.
1036 4653 1064 4664 -
1077 4627 1116 4679 ts.
1128 4627 1284 4691 bupaltlotis
1296 4629 1325 4679 R.
1337 4654 1366 4666 -
1386 4627 1426 4680 tl.
1442 4630 1559 4683 cauus:
1576 4633 1652 4682 oum

329 4706 394 4758 dett.
412 4706 441 4757 0.
455 4729 483 4742 -
496 4703 537 4754 ⁴7.
554 4704 631 4768 prate
645 4704 673 4754 ia
688 4703 764 4766 calpe
779 4703 857 4766 egro.
872 4729 899 4738 -
912 4703 968 4752 boo.
986 4703 1034 4752 clv.
1052 4701 1154 4767 boncrt]
1171 4702 1323 4753 masalmae
1338 4703 1468 4756 mammae
1484 4705 1551 4756 ctott.
1568 4703 1651 4756 boote

328 4783 419 4832 risuum
434 4779 468 4840 u;
487 4778 652 4830 boantium
666 4779 778 4828 mactate
788 4779 836 4829 cic.
848 4779 939 4829 bousat.
952 4779 1004 4840 033
1021 4779 1217 4830 honestissimos
1227 4779 1294 4828 civit.
1307 4780 1489 4830 mosmos
1499 4778 1565 4830 dett.
1577 4779 1606 4830 0.
1620 4799 1647 4812 ·

227 4885 231 4894 ·
329 4855 370 4908 48.
389 4853 535 4918 operatus
551 4854 580 4903 ll.
601 4877 627 4887 -
648 4852 688 4903 49.
710 4853 832 4902 iuvidiam
853 4853 880 4903 io
896 4857 919 4903 tc
940 4852 1004 4904 dett.
1024 4855 1052 4904 0.
1074 4880 1102 4891 -
1120 4855 1161 4906 23.
1179 4855 1395 4916 quoruncumque
1410 4855 1441 4905 u.
1459 4881 1487 4890 -
1505 4859 1530 4905 st
1544 4851 1597 4920 aaa]
1617 4862 1650 4903 aa

328 4945 374 4983 reor
389 4931 410 4983 u
427 4931 478 4990 (³⁴3
497 4942 530 4980 ce
546 4929 583 4978 Gi
600 4927 647 4978 Ld.
667 4953 694 4964 —
714 4927 755 4980 al.
773 4929 800 4980 tr
816 4941 917 4979 carcerc
927 4929 973 4991 Ap.
987 4928 1051 4979 dett.
1065 4928 1094 4978 0.
1110 4956 1137 4965 -
1151 4935 1173 4980 tc
1184 4929 1234 4980 aa:
1253 4929 1286 4978 od
1297 4934 1320 4980 ts
1331 4928 1396 4980 dett.
1410 4930 1440 4981 0.
1454 4955 1481 4967 ·-
1495 4931 1536 4984 25.
1546 4925 1649 4993 publicis

329 5021 383 5058 om.
401 5003 480 5070 egra.
500 5029 528 5040 -
547 5004 588 5055 27.
606 5003 748 5067 relinquam
765 5003 829 5055 dett.
847 5004 876 5055 0.
890 5031 917 5040 -
937 5005 979 5063 28.
997 5005 1083 5054 aditur
1098 5005 1127 5055 a.
1142 5030 1170 5041 -
1185 5005 1226 5056 29.
1245 5003 1288 5055 tibi
1305 5004 1341 5056 uc
1358 5002 1375 5055 λ
1391 5005 1472 5070 Lgil:
1490 5006 1569 5070 lpttor
1584 5002 1647 5055 det.

329 5082 360 5133 0.
380 5108 407 5118 —
426 5081 467 5132 30.
487 5079 607 5143 proutdro
624 5077 660 5131 aa
677 5077 706 5142 l,
729 5079 770 5131 alii
794 5081 832 5144 (ut
847 5093 874 5146 p.
892 5080 959 5132 Mur.
979 5079 1003 5145 ἓ.
1021 5077 1046 5131 l.
1060 5081 1207 5143 procidere,
1232 5081 1292 5141 quid
1307 5081 1422 5144 mcum
1437 5079 1492 5146 sttl:
1515 5079 1647 5146 praevideo

329 5154 399 5221 bald
415 5155 447 5208 0.
465 5177 493 5192 -
511 5153 553 5206 3³.
570 5154 630 5206 dicit
645 5154 667 5206 lt
682 5155 720 5206 Gi
736 5154 783 5206 bd.
803 5179 832 5192 -
850 5155 891 5206 37.
914 5156 980 5207 idem
997 5155 1085 5207 Verres
1102 5155 1182 5221 bgbb.
1201 5181 1229 5193 -
1246 5168 1313 5207 roco
1328 5167 1357 5209 re
1378 5154 1443 5208 dett.
1462 5155 1492 5208 0.
1611 5203 1614 5211 ,
