<?xml version="1.0" encoding="UTF-8"?>
<!DOCTYPE html PUBLIC "-//W3C//DTD XHTML 1.0 Transitional//EN"
    "http://www.w3.org/TR/xhtml1/DTD/xhtml1-transitional.dtd">
<html xmlns="http://www.w3.org/1999/xhtml" xml:lang="en" lang="en">
 <head>
  <title>
</title>
<meta http-equiv="Content-Type" content="text/html;charset=utf-8" />
  <meta name='ocr-system' content='tesseract 3.04.00' />
  <meta name='ocr-capabilities' content='ocr_page ocr_carea ocr_par ocr_line ocrx_word'/>
</head>
<body>
  <div class='ocr_page' id='page_1' title='image "./mtulliiciceroni00baitgoog_0582.png"; bbox 0 0 3578 5862; ppageno 0'>
   <div class='ocr_carea' id='block_1_1' title="bbox 322 331 1246 406">
    <p class='ocr_par' dir='ltr' id='par_1_1' title="bbox 322 331 1246 406">
     <span class='ocr_line' id='line_1_1' title="bbox 322 331 1246 406; baseline 0.008 -10"><span class='ocrx_word' id='word_1_1' title='bbox 322 331 384 396; x_wconf 79' lang='lat'><strong>556</strong></span> <span class='ocrx_word' id='word_1_2' title='bbox 715 337 865 405; x_wconf 80' lang='lat' dir='ltr'><strong>onarlo</strong></span> <span class='ocrx_word' id='word_1_3' title='bbox 886 337 965 405; x_wconf 82' lang='lat' dir='ltr'><strong>PRO</strong></span> <span class='ocrx_word' id='word_1_4' title='bbox 987 337 1023 404; x_wconf 80' lang='grc' dir='ltr'><strong>Α.</strong></span> <span class='ocrx_word' id='word_1_5' title='bbox 1047 337 1246 406; x_wconf 81' lang='lat' dir='ltr'><strong>CLUENTIO</strong></span> 
     </span>
    </p>
   </div>
   <div class='ocr_carea' id='block_1_2' title="bbox 241 507 1781 4078">
    <p class='ocr_par' dir='ltr' id='par_1_2' title="bbox 241 507 1781 4078">
     <span class='ocr_line' id='line_1_2' title="bbox 323 507 1699 594; baseline 0.002 -24"><span class='ocrx_word' id='word_1_6' title='bbox 323 507 411 584; x_wconf 91' lang='lat' dir='ltr'><strong>dem,</strong></span> <span class='ocrx_word' id='word_1_7' title='bbox 434 509 490 593; x_wconf 92' lang='lat' dir='ltr'><strong>qui</strong></span> <span class='ocrx_word' id='word_1_8' title='bbox 512 507 588 573; x_wconf 91' lang='lat' dir='ltr'><strong>mibi</strong></span> <span class='ocrx_word' id='word_1_9' title='bbox 609 515 675 574; x_wconf 78' lang='lat' dir='ltr'><strong>nrm</strong></span> <span class='ocrx_word' id='word_1_10' title='bbox 696 509 783 574; x_wconf 87' lang='lat' dir='ltr'><strong>illam</strong></span> <span class='ocrx_word' id='word_1_11' title='bbox 804 529 930 576; x_wconf 88' lang='lat' dir='ltr'><strong>causam</strong></span> <span class='ocrx_word' id='word_1_12' title='bbox 952 510 1229 586; x_wconf 79' lang='lat' dir='ltr'><strong>commendabant,</strong></span> <span class='ocrx_word' id='word_1_13' title='bbox 1244 509 1501 584; x_wconf 75' lang='lat' dir='ltr'><strong>arbitrabantur,</strong></span> <span class='ocrx_word' id='word_1_14' title='bbox 1525 509 1699 594; x_wconf 82' lang='lat' dir='ltr'><strong>pollici-</strong></span> 
     </span>
     <span class='ocr_line' id='line_1_3' title="bbox 321 605 1183 688; baseline 0.006 -21"><span class='ocrx_word' id='word_1_15' title='bbox 321 608 371 668; x_wconf 88' lang='lat' dir='ltr'><strong>tus</strong></span> <span class='ocrx_word' id='word_1_16' title='bbox 393 623 463 666; x_wconf 89' lang='lat' dir='ltr'><strong>sum</strong></span> <span class='ocrx_word' id='word_1_17' title='bbox 484 624 535 668; x_wconf 91' lang='lat' dir='ltr'><strong>me</strong></span> <span class='ocrx_word' id='word_1_18' title='bbox 557 605 663 668; x_wconf 87' lang='lat' dir='ltr'><strong>omnia</strong></span> <span class='ocrx_word' id='word_1_19' title='bbox 684 624 765 688; x_wconf 88' lang='lat' dir='ltr'><strong>quae</strong></span> <span class='ocrx_word' id='word_1_20' title='bbox 786 605 906 670; x_wconf 85' lang='lat' dir='ltr'><strong>vellent</strong></span> <span class='ocrx_word' id='word_1_21' title='bbox 927 629 997 672; x_wconf 89' lang='lat' dir='ltr'><strong>esse</strong></span> <span class='ocrx_word' id='word_1_22' title='bbox 1018 607 1183 672; x_wconf 90' lang='lat' dir='ltr'><strong>facturum.</strong></span> 
     </span>
     <span class='ocr_line' id='line_1_4' title="bbox 406 696 1694 783; baseline 0.002 -24"><span class='ocrx_word' id='word_1_23' title='bbox 406 696 519 760; x_wconf 86' lang='lat' dir='ltr'><strong>XVIII.</strong></span> <span class='ocrx_word' id='word_1_24' title='bbox 541 697 602 762; x_wconf 81' lang='lat' dir='ltr'><strong>lies</strong></span> <span class='ocrx_word' id='word_1_25' title='bbox 624 700 673 781; x_wconf 91' lang='lat' dir='ltr'><strong>agi</strong></span> <span class='ocrx_word' id='word_1_26' title='bbox 695 706 807 783; x_wconf 85' lang='lat' dir='ltr'><strong>coepta</strong></span> <span class='ocrx_word' id='word_1_27' title='bbox 828 709 892 764; x_wconf 90' lang='lat' dir='ltr'><strong>est:</strong></span> <span class='ocrx_word' id='word_1_28' title='bbox 922 703 1034 768; x_wconf 87' lang='lat' dir='ltr'><strong>citatus</strong></span> <span class='ocrx_word' id='word_1_29' title='bbox 1060 707 1109 766; x_wconf 85' lang='lat' dir='ltr'><strong>est</strong></span> <span class='ocrx_word' id='word_1_30' title='bbox 1130 699 1322 766; x_wconf 78' lang='lat' dir='ltr'>Scamander</span> <span class='ocrx_word' id='word_1_31' title='bbox 1341 719 1425 764; x_wconf 88' lang='lat' dir='ltr'><strong>reus.</strong></span> <span class='ocrx_word' id='word_1_32' title='bbox 1468 699 1694 764; x_wconf 60' lang='lat' dir='ltr'><strong>domabat</strong></span> 
     </span>
     <span class='ocr_line' id='line_1_5' title="bbox 322 789 1781 879; baseline 0.003 -27"><span class='ocrx_word' id='word_1_33' title='bbox 322 789 356 851; x_wconf 90' lang='lat' dir='ltr'><strong>P.</strong></span> <span class='ocrx_word' id='word_1_34' title='bbox 379 789 565 869; x_wconf 83' lang='lat' dir='ltr'><strong>Cannutius,</strong></span> <span class='ocrx_word' id='word_1_35' title='bbox 584 793 680 858; x_wconf 92' lang='lat' dir='ltr'><strong>bomo</strong></span> <span class='ocrx_word' id='word_1_36' title='bbox 701 794 734 857; x_wconf 89' lang='lat' dir='ltr'><strong>in</strong></span> <span class='ocrx_word' id='word_1_37' title='bbox 754 793 864 876; x_wconf 89' lang='lat' dir='ltr'><strong>primis</strong></span> <span class='ocrx_word' id='word_1_38' title='bbox 886 797 1068 879; x_wconf 88' lang='lat' dir='ltr'><strong>ingeniosus</strong></span> <span class='ocrx_word' id='word_1_39' title='bbox 1089 797 1175 859; x_wconf 90' lang='lat' dir='ltr'><strong>etin</strong></span> <span class='ocrx_word' id='word_1_40' title='bbox 1197 795 1330 859; x_wconf 90' lang='lat' dir='ltr'><strong>dicendo</strong></span> <span class='ocrx_word' id='word_1_41' title='bbox 1352 795 1575 858; x_wconf 88' lang='lat' dir='ltr'><strong>exercitatus:</strong></span> <span class='ocrx_word' id='word_1_42' title='bbox 1617 813 1692 856; x_wconf 81' lang='lat' dir='ltr'><strong>ae·</strong></span> <span class='ocrx_word' id='word_1_43' title='bbox 1780 827 1781 830; x_wconf 33' lang='lat'>¹</span> 
     </span>
     <span class='ocr_line' id='line_1_6' title="bbox 298 879 1690 971; baseline 0.002 -24"><span class='ocrx_word' id='word_1_44' title='bbox 298 884 448 949; x_wconf 73' lang='lat' dir='ltr'><strong>icusabat</strong></span> <span class='ocrx_word' id='word_1_45' title='bbox 468 893 572 950; x_wconf 89' lang='lat' dir='ltr'><strong>autem</strong></span> <span class='ocrx_word' id='word_1_46' title='bbox 594 887 647 950; x_wconf 91' lang='lat' dir='ltr'><strong>ille</strong></span> <span class='ocrx_word' id='word_1_47' title='bbox 670 879 799 971; x_wconf 80' lang='lat' dir='ltr'><strong>quidem</strong></span> <span class='ocrx_word' id='word_1_48' title='bbox 814 889 1039 954; x_wconf 76' lang='lat' dir='ltr'><strong>Scamandrum</strong></span> <span class='ocrx_word' id='word_1_49' title='bbox 1054 891 1158 955; x_wconf 79' lang='lat' dir='ltr'><strong>verbis</strong></span> <span class='ocrx_word' id='word_1_50' title='bbox 1180 890 1295 964; x_wconf 87' lang='lat' dir='ltr'><strong>tribus,</strong></span> <span class='ocrx_word' id='word_1_51' title='bbox 1317 909 1466 952; x_wconf 76' lang='lat' dir='ltr'><strong>vanam</strong></span> <span class='ocrx_word' id='word_1_52' title='bbox 1488 908 1579 952; x_wconf 78' lang='lat' dir='ltr'><strong>assis</strong></span> <span class='ocrx_word' id='word_1_53' title='bbox 1611 907 1690 950; x_wconf 78' lang='lat' dir='ltr'><strong>nst-</strong></span> 
     </span>
     <span class='ocr_line' id='line_1_7' title="bbox 320 981 1685 1067; baseline 0 -23"><span class='ocrx_word' id='word_1_54' title='bbox 320 997 525 1044; x_wconf 79' lang='lat' dir='ltr'><strong>rasasusvu:</strong></span> <span class='ocrx_word' id='word_1_55' title='bbox 545 981 653 1045; x_wconf 91' lang='lat' dir='ltr'><strong>omnia</strong></span> <span class='ocrx_word' id='word_1_56' title='bbox 674 982 853 1046; x_wconf 80' lang='lat' dir='ltr'><strong>telatotius</strong></span> <span class='ocrx_word' id='word_1_57' title='bbox 875 984 1082 1048; x_wconf 78' lang='lat' dir='ltr'><strong>accusationis</strong></span> <span class='ocrx_word' id='word_1_58' title='bbox 1105 985 1138 1046; x_wconf 93' lang='lat' dir='ltr'><strong>in</strong></span> <span class='ocrx_word' id='word_1_59' title='bbox 1153 982 1359 1067; x_wconf 84' lang='lat' dir='ltr'><strong>Oppianicum</strong></span> <span class='ocrx_word' id='word_1_60' title='bbox 1379 982 1685 1046; x_wconf 77' lang='lat' dir='ltr'><strong>conficiebantur:</strong></span> 
     </span>
     <span class='ocr_line' id='line_1_8' title="bbox 319 1073 1682 1156; baseline 0.001 -19"><span class='ocrx_word' id='word_1_61' title='bbox 319 1073 518 1156; x_wconf 87' lang='lat' dir='ltr'><strong>aperiebatur</strong></span> <span class='ocrx_word' id='word_1_62' title='bbox 539 1094 632 1138; x_wconf 90' lang='lat' dir='ltr'><strong>causa</strong></span> <span class='ocrx_word' id='word_1_63' title='bbox 652 1075 851 1151; x_wconf 88' lang='lat' dir='ltr'><strong>insidiarum,</strong></span> <span class='ocrx_word' id='word_1_64' title='bbox 879 1077 1092 1142; x_wconf 84' lang='lat' dir='ltr'><strong>Fabriciorum</strong></span> <span class='ocrx_word' id='word_1_65' title='bbox 1116 1076 1309 1140; x_wconf 79' lang='lat' dir='ltr'><strong>familiaritas</strong></span> <span class='ocrx_word' id='word_1_66' title='bbox 1332 1077 1682 1149; x_wconf 78' lang='lat' dir='ltr'><strong>commemorabatur,</strong></span> 
     </span>
     <span class='ocr_line' id='line_1_9' title="bbox 319 1167 1682 1254; baseline -0.001 -20"><span class='ocrx_word' id='word_1_67' title='bbox 319 1167 457 1236; x_wconf 88' lang='lat' dir='ltr'><strong>bominis</strong></span> <span class='ocrx_word' id='word_1_68' title='bbox 478 1169 541 1232; x_wconf 89' lang='lat' dir='ltr'><strong>vita</strong></span> <span class='ocrx_word' id='word_1_69' title='bbox 562 1175 594 1232; x_wconf 88' lang='lat' dir='ltr'><strong>et</strong></span> <span class='ocrx_word' id='word_1_70' title='bbox 614 1169 746 1234; x_wconf 89' lang='lat' dir='ltr'><strong>audacia</strong></span> <span class='ocrx_word' id='word_1_71' title='bbox 766 1169 997 1253; x_wconf 81' lang='lat' dir='ltr'><strong>proferebatur,</strong></span> <span class='ocrx_word' id='word_1_72' title='bbox 1020 1169 1157 1254; x_wconf 91' lang='lat' dir='ltr'><strong>denique</strong></span> <span class='ocrx_word' id='word_1_73' title='bbox 1179 1171 1281 1234; x_wconf 90' lang='lat' dir='ltr'><strong>omnis</strong></span> <span class='ocrx_word' id='word_1_74' title='bbox 1300 1171 1458 1234; x_wconf 77' lang='lat' dir='ltr'><strong>accusatio</strong></span> <span class='ocrx_word' id='word_1_75' title='bbox 1473 1172 1565 1234; x_wconf 85' lang='lat' dir='ltr'><strong>varie</strong></span> <span class='ocrx_word' id='word_1_76' title='bbox 1586 1189 1682 1252; x_wconf 81' lang='lat' dir='ltr'><strong>gra-</strong></span> 
     </span>
     <span class='ocr_line' id='line_1_10' title="bbox 318 1262 1679 1347; baseline 0.001 -21"><span class='ocrx_word' id='word_1_77' title='bbox 318 1262 461 1346; x_wconf 86' lang='lat' dir='ltr'><strong>viterque</strong></span> <span class='ocrx_word' id='word_1_78' title='bbox 482 1268 611 1328; x_wconf 86' lang='lat' dir='ltr'><strong>tractata</strong></span> <span class='ocrx_word' id='word_1_79' title='bbox 631 1264 673 1326; x_wconf 91' lang='lat' dir='ltr'><strong>ad</strong></span> <span class='ocrx_word' id='word_1_80' title='bbox 695 1270 870 1327; x_wconf 86' lang='lat' dir='ltr'><strong>extremum</strong></span> <span class='ocrx_word' id='word_1_81' title='bbox 898 1263 1063 1328; x_wconf 88' lang='lat' dir='ltr'><strong>manifesta</strong></span> <span class='ocrx_word' id='word_1_82' title='bbox 1084 1264 1198 1328; x_wconf 89' lang='lat' dir='ltr'><strong>veneni</strong></span> <span class='ocrx_word' id='word_1_83' title='bbox 1220 1264 1471 1347; x_wconf 84' lang='lat' dir='ltr'><strong>deprehensione</strong></span> <span class='ocrx_word' id='word_1_84' title='bbox 1492 1263 1679 1327; x_wconf 81' lang='lat' dir='ltr'><strong>conclusa</strong></span> 
     </span>
     <span class='ocr_line' id='line_1_11' title="bbox 283 1351 1673 1442; baseline 0 -22"><span class='ocrx_word' id='word_1_85' title='bbox 283 1362 378 1420; x_wconf 67' lang='lat' dir='ltr'><strong>loeas.</strong></span> <span class='ocrx_word' id='word_1_86' title='bbox 421 1351 473 1418; x_wconf 85' lang='lat' dir='ltr'><strong>5l.</strong></span> <span class='ocrx_word' id='word_1_87' title='bbox 495 1355 554 1420; x_wconf 90' lang='lat' dir='ltr'><strong>llio</strong></span> <span class='ocrx_word' id='word_1_88' title='bbox 576 1375 636 1439; x_wconf 91' lang='lat' dir='ltr'><strong>ego</strong></span> <span class='ocrx_word' id='word_1_89' title='bbox 658 1363 724 1420; x_wconf 90' lang='lat' dir='ltr'><strong>tum</strong></span> <span class='ocrx_word' id='word_1_90' title='bbox 745 1357 785 1421; x_wconf 91' lang='lat' dir='ltr'><strong>ad</strong></span> <span class='ocrx_word' id='word_1_91' title='bbox 808 1357 1064 1442; x_wconf 89' lang='lat' dir='ltr'><strong>respondendum</strong></span> <span class='ocrx_word' id='word_1_92' title='bbox 1085 1359 1224 1432; x_wconf 87' lang='lat' dir='ltr'><strong>surrexi,</strong></span> <span class='ocrx_word' id='word_1_93' title='bbox 1255 1377 1318 1442; x_wconf 89' lang='lat' dir='ltr'><strong>qua</strong></span> <span class='ocrx_word' id='word_1_94' title='bbox 1340 1377 1431 1434; x_wconf 91' lang='lat' dir='ltr'><strong>cura,</strong></span> <span class='ocrx_word' id='word_1_95' title='bbox 1460 1359 1492 1420; x_wconf 89' lang='lat' dir='ltr'><strong>di</strong></span> <span class='ocrx_word' id='word_1_96' title='bbox 1515 1358 1673 1421; x_wconf 87' lang='lat' dir='ltr'><strong>immor-</strong></span> 
     </span>
     <span class='ocr_line' id='line_1_12' title="bbox 319 1449 1669 1544; baseline 0 -30"><span class='ocrx_word' id='word_1_97' title='bbox 319 1449 416 1514; x_wconf 86' lang='lat' dir='ltr'><strong>talesi</strong></span> <span class='ocrx_word' id='word_1_98' title='bbox 450 1470 513 1544; x_wconf 80' lang='lat' dir='ltr'><strong>qua</strong></span> <span class='ocrx_word' id='word_1_99' title='bbox 540 1450 754 1514; x_wconf 90' lang='lat' dir='ltr'><strong>sollicitudine</strong></span> <span class='ocrx_word' id='word_1_100' title='bbox 781 1451 896 1515; x_wconf 86' lang='lat' dir='ltr'><strong>animii</strong></span> <span class='ocrx_word' id='word_1_101' title='bbox 930 1472 994 1542; x_wconf 64' lang='lat' dir='ltr'><strong>qno</strong></span> <span class='ocrx_word' id='word_1_102' title='bbox 1023 1453 1156 1515; x_wconf 91' lang='lat' dir='ltr'><strong>timorel</strong></span> <span class='ocrx_word' id='word_1_103' title='bbox 1190 1453 1320 1536; x_wconf 87' lang='lat' dir='ltr'><strong>Semper</strong></span> <span class='ocrx_word' id='word_1_104' title='bbox 1348 1452 1495 1536; x_wconf 88' lang='lat' dir='ltr'><strong>equidem</strong></span> <span class='ocrx_word' id='word_1_105' title='bbox 1529 1471 1669 1535; x_wconf 79' lang='lat' dir='ltr'><strong>magno</strong></span> 
     </span>
     <span class='ocr_line' id='line_1_13' title="bbox 319 1535 1669 1632; baseline 0.001 -23"><span class='ocrx_word' id='word_1_106' title='bbox 319 1565 391 1609; x_wconf 87' lang='lat' dir='ltr'><strong>cunr</strong></span> <span class='ocrx_word' id='word_1_107' title='bbox 412 1535 497 1609; x_wconf 85' lang='lat' dir='ltr'><strong>metu</strong></span> <span class='ocrx_word' id='word_1_108' title='bbox 517 1544 634 1627; x_wconf 90' lang='lat' dir='ltr'><strong>incipio</strong></span> <span class='ocrx_word' id='word_1_109' title='bbox 656 1544 783 1610; x_wconf 89' lang='lat' dir='ltr'><strong>dicere:</strong></span> <span class='ocrx_word' id='word_1_110' title='bbox 806 1547 1064 1632; x_wconf 80' lang='lat' dir='ltr'><strong>quotiescumque</strong></span> <span class='ocrx_word' id='word_1_111' title='bbox 1088 1545 1175 1621; x_wconf 87' lang='lat' dir='ltr'><strong>dico,</strong></span> <span class='ocrx_word' id='word_1_112' title='bbox 1197 1546 1290 1610; x_wconf 89' lang='lat' dir='ltr'><strong>toties</strong></span> <span class='ocrx_word' id='word_1_113' title='bbox 1312 1545 1389 1610; x_wconf 89' lang='lat' dir='ltr'><strong>mibi</strong></span> <span class='ocrx_word' id='word_1_114' title='bbox 1406 1546 1518 1611; x_wconf 85' lang='lat' dir='ltr'><strong>videor</strong></span> <span class='ocrx_word' id='word_1_115' title='bbox 1541 1546 1580 1609; x_wconf 91' lang='lat' dir='ltr'><strong>in</strong></span> <span class='ocrx_word' id='word_1_116' title='bbox 1608 1547 1669 1610; x_wconf 89' lang='lat' dir='ltr'><strong>iu·</strong></span> 
     </span>
     <span class='ocr_line' id='line_1_14' title="bbox 319 1639 1666 1724; baseline 0.001 -23"><span class='ocrx_word' id='word_1_117' title='bbox 319 1639 435 1705; x_wconf 89' lang='lat' dir='ltr'><strong>dicium</strong></span> <span class='ocrx_word' id='word_1_118' title='bbox 464 1641 572 1703; x_wconf 86' lang='lat' dir='ltr'><strong>venire</strong></span> <span class='ocrx_word' id='word_1_119' title='bbox 599 1659 663 1705; x_wconf 90' lang='lat' dir='ltr'><strong>non</strong></span> <span class='ocrx_word' id='word_1_120' title='bbox 689 1641 808 1724; x_wconf 87' lang='lat' dir='ltr'><strong>ingenii</strong></span> <span class='ocrx_word' id='word_1_121' title='bbox 837 1640 955 1714; x_wconf 90' lang='lat' dir='ltr'><strong>solum,</strong></span> <span class='ocrx_word' id='word_1_122' title='bbox 985 1641 1042 1704; x_wconf 89' lang='lat' dir='ltr'><strong>sed</strong></span> <span class='ocrx_word' id='word_1_123' title='bbox 1071 1641 1165 1703; x_wconf 90' lang='lat' dir='ltr'><strong>etiam</strong></span> <span class='ocrx_word' id='word_1_124' title='bbox 1186 1639 1310 1703; x_wconf 83' lang='lat' dir='ltr'><strong>virtutis</strong></span> <span class='ocrx_word' id='word_1_125' title='bbox 1331 1647 1428 1723; x_wconf 88' lang='lat' dir='ltr'><strong>atquo</strong></span> <span class='ocrx_word' id='word_1_126' title='bbox 1449 1639 1571 1715; x_wconf 87' lang='lat' dir='ltr'><strong>officii,</strong></span> <span class='ocrx_word' id='word_1_127' title='bbox 1615 1660 1666 1702; x_wconf 87' lang='lat' dir='ltr'><strong>ne</strong></span> 
     </span>
     <span class='ocr_line' id='line_1_15' title="bbox 318 1729 1666 1819; baseline 0 -23"><span class='ocrx_word' id='word_1_128' title='bbox 318 1739 372 1796; x_wconf 90' lang='lat' dir='ltr'><strong>aut</strong></span> <span class='ocrx_word' id='word_1_129' title='bbox 395 1731 428 1795; x_wconf 92' lang='lat' dir='ltr'><strong>id</strong></span> <span class='ocrx_word' id='word_1_130' title='bbox 449 1733 589 1816; x_wconf 90' lang='lat' dir='ltr'><strong>profiteri</strong></span> <span class='ocrx_word' id='word_1_131' title='bbox 610 1735 734 1808; x_wconf 86' lang='lat' dir='ltr'><strong>videar,</strong></span> <span class='ocrx_word' id='word_1_132' title='bbox 764 1734 937 1819; x_wconf 82' lang='lat' dir='ltr'><strong>quod‘non</strong></span> <span class='ocrx_word' id='word_1_133' title='bbox 958 1737 1075 1819; x_wconf 89' lang='lat' dir='ltr'><strong>possim</strong></span> <span class='ocrx_word' id='word_1_134' title='bbox 1099 1729 1275 1818; x_wconf 82' lang='lat' dir='ltr'><strong>[implere],</strong></span> <span class='ocrx_word' id='word_1_135' title='bbox 1298 1734 1384 1818; x_wconf 93' lang='lat' dir='ltr'><strong>quod</strong></span> <span class='ocrx_word' id='word_1_136' title='bbox 1406 1740 1455 1797; x_wconf 89' lang='lat' dir='ltr'><strong>est</strong></span> <span class='ocrx_word' id='word_1_137' title='bbox 1475 1734 1666 1816; x_wconf 85' lang='lat' dir='ltr'><strong>impuden-</strong></span> 
     </span>
     <span class='ocr_line' id='line_1_16' title="bbox 283 1825 1664 1912; baseline 0.002 -22"><span class='ocrx_word' id='word_1_138' title='bbox 283 1826 397 1900; x_wconf 69' lang='lat' dir='ltr'><strong>ostiae,</strong></span> <span class='ocrx_word' id='word_1_139' title='bbox 419 1835 473 1890; x_wconf 90' lang='lat' dir='ltr'><strong>aut</strong></span> <span class='ocrx_word' id='word_1_140' title='bbox 493 1847 559 1890; x_wconf 89' lang='lat' dir='ltr'><strong>non</strong></span> <span class='ocrx_word' id='word_1_141' title='bbox 579 1827 612 1890; x_wconf 94' lang='lat' dir='ltr'><strong>id</strong></span> <span class='ocrx_word' id='word_1_142' title='bbox 635 1825 776 1903; x_wconf 84' lang='lat' dir='ltr'><strong>efficere,</strong></span> <span class='ocrx_word' id='word_1_143' title='bbox 806 1829 893 1912; x_wconf 90' lang='lat' dir='ltr'><strong>qnod</strong></span> <span class='ocrx_word' id='word_1_144' title='bbox 915 1831 1053 1912; x_wconf 86' lang='lat' dir='ltr'><strong>possim,</strong></span> <span class='ocrx_word' id='word_1_145' title='bbox 1084 1828 1171 1912; x_wconf 93' lang='lat' dir='ltr'><strong>quod</strong></span> <span class='ocrx_word' id='word_1_146' title='bbox 1194 1835 1242 1892; x_wconf 86' lang='lat' dir='ltr'><strong>est</strong></span> <span class='ocrx_word' id='word_1_147' title='bbox 1262 1836 1319 1890; x_wconf 89' lang='lat' dir='ltr'><strong>aut</strong></span> <span class='ocrx_word' id='word_1_148' title='bbox 1338 1825 1489 1910; x_wconf 87' lang='lat' dir='ltr'><strong>perfidiae</strong></span> <span class='ocrx_word' id='word_1_149' title='bbox 1511 1837 1570 1892; x_wconf 89' lang='lat' dir='ltr'><strong>aut</strong></span> <span class='ocrx_word' id='word_1_150' title='bbox 1593 1851 1664 1893; x_wconf 87' lang='lat' dir='ltr'><strong>ne·</strong></span> 
     </span>
     <span class='ocr_line' id='line_1_17' title="bbox 320 1918 1663 2006; baseline 0.004 -25"><span class='ocrx_word' id='word_1_151' title='bbox 320 1918 497 2002; x_wconf 87' lang='lat' dir='ltr'><strong>gligentiae.</strong></span> <span class='ocrx_word' id='word_1_152' title='bbox 541 1923 621 1986; x_wconf 84' lang='lat' dir='ltr'><strong>Turn</strong></span> <span class='ocrx_word' id='word_1_153' title='bbox 643 1943 718 1987; x_wconf 85' lang='lat' dir='ltr'><strong>vero</strong></span> <span class='ocrx_word' id='word_1_154' title='bbox 739 1923 782 1987; x_wconf 91' lang='lat' dir='ltr'><strong>ita</strong></span> <span class='ocrx_word' id='word_1_155' title='bbox 804 1943 873 1986; x_wconf 89' lang='lat' dir='ltr'><strong>sum</strong></span> <span class='ocrx_word' id='word_1_156' title='bbox 895 1924 1111 2006; x_wconf 89' lang='lat' dir='ltr'><strong>perturbatus,</strong></span> <span class='ocrx_word' id='word_1_157' title='bbox 1141 1927 1177 1984; x_wconf 91' lang='lat' dir='ltr'><strong>ut</strong></span> <span class='ocrx_word' id='word_1_158' title='bbox 1198 1922 1303 1986; x_wconf 89' lang='lat' dir='ltr'><strong>omnia</strong></span> <span class='ocrx_word' id='word_1_159' title='bbox 1325 1921 1483 1986; x_wconf 89' lang='lat' dir='ltr'><strong>timerem:</strong></span> <span class='ocrx_word' id='word_1_160' title='bbox 1513 1923 1540 1986; x_wconf 88' lang='lat' dir='ltr'><strong>si</strong></span> <span class='ocrx_word' id='word_1_161' title='bbox 1566 1924 1663 1987; x_wconf 86' lang='lat' dir='ltr'><strong>nibil</strong></span> 
     </span>
     <span class='ocr_line' id='line_1_18' title="bbox 319 2013 1660 2094; baseline 0.005 -18"><span class='ocrx_word' id='word_1_162' title='bbox 319 2013 488 2090; x_wconf 80' lang='lat' dir='ltr'><strong>dixissem,</strong></span> <span class='ocrx_word' id='word_1_163' title='bbox 517 2035 557 2079; x_wconf 92' lang='lat' dir='ltr'><strong>ne</strong></span> <span class='ocrx_word' id='word_1_164' title='bbox 586 2016 828 2092; x_wconf 80' lang='lat' dir='ltr'><strong>infantissimus,</strong></span> <span class='ocrx_word' id='word_1_165' title='bbox 859 2019 887 2082; x_wconf 92' lang='lat' dir='ltr'><strong>si</strong></span> <span class='ocrx_word' id='word_1_166' title='bbox 916 2016 1013 2084; x_wconf 87' lang='lat' dir='ltr'><strong>multa</strong></span> <span class='ocrx_word' id='word_1_167' title='bbox 1039 2018 1072 2081; x_wconf 94' lang='lat' dir='ltr'><strong>in</strong></span> <span class='ocrx_word' id='word_1_168' title='bbox 1094 2018 1163 2080; x_wconf 90' lang='lat' dir='ltr'><strong>eius</strong></span> <span class='ocrx_word' id='word_1_169' title='bbox 1185 2015 1268 2080; x_wconf 91' lang='lat' dir='ltr'><strong>modi</strong></span> <span class='ocrx_word' id='word_1_170' title='bbox 1291 2033 1386 2079; x_wconf 89' lang='lat' dir='ltr'><strong>causa</strong></span> <span class='ocrx_word' id='word_1_171' title='bbox 1406 2017 1578 2094; x_wconf 85' lang='lat' dir='ltr'><strong>dixissem,</strong></span> <span class='ocrx_word' id='word_1_172' title='bbox 1609 2041 1660 2084; x_wconf 88' lang='lat' dir='ltr'><strong>ne</strong></span> 
     </span>
     <span class='ocr_line' id='line_1_19' title="bbox 318 2108 1659 2194; baseline 0.002 -23"><span class='ocrx_word' id='word_1_173' title='bbox 318 2108 613 2191; x_wconf 87' lang='lat' dir='ltr'><strong>impudentissimus</strong></span> <span class='ocrx_word' id='word_1_174' title='bbox 635 2111 839 2175; x_wconf 86' lang='lat' dir='ltr'><strong>existimarer.</strong></span> <span class='ocrx_word' id='word_1_175' title='bbox 875 2112 962 2175; x_wconf 85' lang='lat' dir='ltr'><strong>XlX.</strong></span> <span class='ocrx_word' id='word_1_176' title='bbox 986 2112 1104 2194; x_wconf 77' lang='lat' dir='ltr'><strong>Collegi</strong></span> <span class='ocrx_word' id='word_1_177' title='bbox 1126 2131 1177 2174; x_wconf 91' lang='lat' dir='ltr'><strong>me</strong></span> <span class='ocrx_word' id='word_1_178' title='bbox 1193 2110 1362 2194; x_wconf 91' lang='lat' dir='ltr'><strong>aliquando</strong></span> <span class='ocrx_word' id='word_1_179' title='bbox 1381 2117 1413 2174; x_wconf 88' lang='lat' dir='ltr'><strong>et</strong></span> <span class='ocrx_word' id='word_1_180' title='bbox 1427 2111 1469 2174; x_wconf 90' lang='lat' dir='ltr'><strong>ita</strong></span> <span class='ocrx_word' id='word_1_181' title='bbox 1483 2113 1659 2186; x_wconf 87' lang='lat' dir='ltr'><strong>constitui,</strong></span> 
     </span>
     <span class='ocr_line' id='line_1_20' title="bbox 318 2201 1658 2290; baseline 0.004 -25"><span class='ocrx_word' id='word_1_182' title='bbox 318 2201 443 2267; x_wconf 87' lang='lat' dir='ltr'><strong>fortiter</strong></span> <span class='ocrx_word' id='word_1_183' title='bbox 463 2224 534 2268; x_wconf 91' lang='lat' dir='ltr'><strong>esse</strong></span> <span class='ocrx_word' id='word_1_184' title='bbox 551 2204 723 2288; x_wconf 90' lang='lat' dir='ltr'><strong>agendum:</strong></span> <span class='ocrx_word' id='word_1_185' title='bbox 746 2206 794 2268; x_wconf 92' lang='lat' dir='ltr'><strong>illi</strong></span> <span class='ocrx_word' id='word_1_186' title='bbox 809 2207 919 2280; x_wconf 87' lang='lat' dir='ltr'><strong>aetati,</strong></span> <span class='ocrx_word' id='word_1_187' title='bbox 943 2226 1006 2290; x_wconf 92' lang='lat' dir='ltr'><strong>qua</strong></span> <span class='ocrx_word' id='word_1_188' title='bbox 1021 2213 1087 2269; x_wconf 90' lang='lat' dir='ltr'><strong>tum</strong></span> <span class='ocrx_word' id='word_1_189' title='bbox 1102 2224 1205 2279; x_wconf 91' lang='lat' dir='ltr'><strong>eram,</strong></span> <span class='ocrx_word' id='word_1_190' title='bbox 1227 2204 1330 2268; x_wconf 90' lang='lat' dir='ltr'><strong>solere</strong></span> <span class='ocrx_word' id='word_1_191' title='bbox 1345 2204 1432 2268; x_wconf 89' lang='lat' dir='ltr'><strong>laudi</strong></span> <span class='ocrx_word' id='word_1_192' title='bbox 1447 2205 1526 2281; x_wconf 90' lang='lat' dir='ltr'><strong>dari,</strong></span> <span class='ocrx_word' id='word_1_193' title='bbox 1548 2207 1658 2270; x_wconf 86' lang='lat' dir='ltr'><strong>etiam</strong></span> 
     </span>
     <span class='ocr_line' id='line_1_21' title="bbox 281 2295 1655 2384; baseline 0.001 -25"><span class='ocrx_word' id='word_1_194' title='bbox 281 2296 347 2359; x_wconf 77' lang='lat' dir='ltr'><strong>soei</strong></span> <span class='ocrx_word' id='word_1_195' title='bbox 368 2296 401 2359; x_wconf 93' lang='lat' dir='ltr'><strong>in</strong></span> <span class='ocrx_word' id='word_1_196' title='bbox 423 2297 528 2362; x_wconf 91' lang='lat' dir='ltr'><strong>minus</strong></span> <span class='ocrx_word' id='word_1_197' title='bbox 549 2295 646 2363; x_wconf 88' lang='lat' dir='ltr'><strong>firmis</strong></span> <span class='ocrx_word' id='word_1_198' title='bbox 668 2299 771 2363; x_wconf 90' lang='lat' dir='ltr'><strong>causis</strong></span> <span class='ocrx_word' id='word_1_199' title='bbox 792 2298 956 2364; x_wconf 89' lang='lat' dir='ltr'><strong>bominum</strong></span> <span class='ocrx_word' id='word_1_200' title='bbox 979 2299 1127 2383; x_wconf 89' lang='lat' dir='ltr'><strong>periculis</strong></span> <span class='ocrx_word' id='word_1_201' title='bbox 1141 2318 1207 2363; x_wconf 92' lang='lat' dir='ltr'><strong>non</strong></span> <span class='ocrx_word' id='word_1_202' title='bbox 1222 2297 1404 2364; x_wconf 87' lang='lat' dir='ltr'><strong>defuissem.</strong></span> <span class='ocrx_word' id='word_1_203' title='bbox 1438 2301 1547 2384; x_wconf 90' lang='lat' dir='ltr'><strong>Itaque</strong></span> <span class='ocrx_word' id='word_1_204' title='bbox 1563 2299 1655 2362; x_wconf 85' lang='lat' dir='ltr'><strong>feci:</strong></span> 
     </span>
     <span class='ocr_line' id='line_1_22' title="bbox 319 2391 1654 2476; baseline 0.002 -23"><span class='ocrx_word' id='word_1_205' title='bbox 319 2391 366 2454; x_wconf 90' lang='lat' dir='ltr'><strong>sic</strong></span> <span class='ocrx_word' id='word_1_206' title='bbox 386 2393 539 2476; x_wconf 87' lang='lat' dir='ltr'><strong>pugnari,</strong></span> <span class='ocrx_word' id='word_1_207' title='bbox 562 2394 607 2460; x_wconf 85' lang='lat' dir='ltr'><strong>sic</strong></span> <span class='ocrx_word' id='word_1_208' title='bbox 628 2394 713 2458; x_wconf 88' lang='lat' dir='ltr'><strong>omni</strong></span> <span class='ocrx_word' id='word_1_209' title='bbox 735 2393 857 2458; x_wconf 90' lang='lat' dir='ltr'><strong>ratione</strong></span> <span class='ocrx_word' id='word_1_210' title='bbox 880 2394 1045 2468; x_wconf 90' lang='lat' dir='ltr'><strong>contendi,</strong></span> <span class='ocrx_word' id='word_1_211' title='bbox 1067 2395 1112 2459; x_wconf 91' lang='lat' dir='ltr'><strong>sic</strong></span> <span class='ocrx_word' id='word_1_212' title='bbox 1133 2392 1172 2456; x_wconf 95' lang='lat' dir='ltr'><strong>ad</strong></span> <span class='ocrx_word' id='word_1_213' title='bbox 1196 2393 1302 2457; x_wconf 90' lang='lat' dir='ltr'><strong>omnia</strong></span> <span class='ocrx_word' id='word_1_214' title='bbox 1323 2393 1467 2476; x_wconf 77' lang='lat' dir='ltr'><strong>confugi,</strong></span> <span class='ocrx_word' id='word_1_215' title='bbox 1490 2401 1654 2476; x_wconf 85' lang='lat' dir='ltr'><strong>quantum</strong></span> 
     </span>
     <span class='ocr_line' id='line_1_23' title="bbox 319 2487 1651 2572; baseline 0.001 -25"><span class='ocrx_word' id='word_1_216' title='bbox 319 2504 378 2567; x_wconf 92' lang='lat' dir='ltr'><strong>ego</strong></span> <span class='ocrx_word' id='word_1_217' title='bbox 399 2487 526 2570; x_wconf 88' lang='lat' dir='ltr'><strong>assequi</strong></span> <span class='ocrx_word' id='word_1_218' title='bbox 546 2489 651 2570; x_wconf 90' lang='lat' dir='ltr'><strong>potui,</strong></span> <span class='ocrx_word' id='word_1_219' title='bbox 680 2488 821 2552; x_wconf 89' lang='lat' dir='ltr'><strong>remedia</strong></span> <span class='ocrx_word' id='word_1_220' title='bbox 842 2508 878 2551; x_wconf 90' lang='lat' dir='ltr'><strong>ac</strong></span> <span class='ocrx_word' id='word_1_221' title='bbox 900 2487 1043 2572; x_wconf 89' lang='lat' dir='ltr'><strong>perfugia</strong></span> <span class='ocrx_word' id='word_1_222' title='bbox 1064 2507 1242 2561; x_wconf 75' lang='lat' dir='ltr'><strong>musarum,</strong></span> <span class='ocrx_word' id='word_1_223' title='bbox 1269 2493 1306 2550; x_wconf 92' lang='lat' dir='ltr'><strong>ut</strong></span> <span class='ocrx_word' id='word_1_224' title='bbox 1325 2487 1403 2562; x_wconf 90' lang='lat' dir='ltr'><strong>boc,</strong></span> <span class='ocrx_word' id='word_1_225' title='bbox 1426 2488 1512 2570; x_wconf 94' lang='lat' dir='ltr'><strong>quod</strong></span> <span class='ocrx_word' id='word_1_226' title='bbox 1533 2487 1651 2550; x_wconf 88' lang='lat' dir='ltr'><strong>timide</strong></span> 
     </span>
     <span class='ocr_line' id='line_1_24' title="bbox 320 2578 1650 2665; baseline 0.004 -25"><span class='ocrx_word' id='word_1_227' title='bbox 320 2578 438 2653; x_wconf 75' lang='lat' dir='ltr'><strong>dimna,</strong></span> <span class='ocrx_word' id='word_1_228' title='bbox 461 2589 647 2645; x_wconf 90' lang='lat' dir='ltr'><strong>consecutus</strong></span> <span class='ocrx_word' id='word_1_229' title='bbox 669 2583 745 2658; x_wconf 92' lang='lat' dir='ltr'><strong>sim,</strong></span> <span class='ocrx_word' id='word_1_230' title='bbox 766 2600 807 2644; x_wconf 91' lang='lat' dir='ltr'><strong>ne</strong></span> <span class='ocrx_word' id='word_1_231' title='bbox 830 2582 900 2665; x_wconf 90' lang='lat' dir='ltr'><strong>quis</strong></span> <span class='ocrx_word' id='word_1_232' title='bbox 923 2580 968 2644; x_wconf 92' lang='lat' dir='ltr'><strong>illi</strong></span> <span class='ocrx_word' id='word_1_233' title='bbox 993 2599 1105 2644; x_wconf 91' lang='lat' dir='ltr'><strong>causae</strong></span> <span class='ocrx_word' id='word_1_234' title='bbox 1127 2589 1294 2665; x_wconf 89' lang='lat' dir='ltr'><strong>patronum</strong></span> <span class='ocrx_word' id='word_1_235' title='bbox 1316 2581 1455 2644; x_wconf 82' lang='lat' dir='ltr'><strong>debuisse</strong></span> <span class='ocrx_word' id='word_1_236' title='bbox 1476 2582 1650 2645; x_wconf 84' lang='lat' dir='ltr'><strong>arbitrare-</strong></span> 
     </span>
     <span class='ocr_line' id='line_1_25' title="bbox 319 2670 1647 2760; baseline 0.003 -24"><span class='ocrx_word' id='word_1_237' title='bbox 319 2679 380 2736; x_wconf 89' lang='lat' dir='ltr'><strong>tur.</strong></span> <span class='ocrx_word' id='word_1_238' title='bbox 423 2670 475 2736; x_wconf 77' lang='lat' dir='ltr'><strong>aa.</strong></span> <span class='ocrx_word' id='word_1_239' title='bbox 498 2674 560 2737; x_wconf 88' lang='lat' dir='ltr'><strong>Sed</strong></span> <span class='ocrx_word' id='word_1_240' title='bbox 588 2683 624 2738; x_wconf 96' lang='lat' dir='ltr'><strong>ut</strong></span> <span class='ocrx_word' id='word_1_241' title='bbox 652 2675 792 2760; x_wconf 89' lang='lat' dir='ltr'><strong>quidque</strong></span> <span class='ocrx_word' id='word_1_242' title='bbox 822 2695 881 2758; x_wconf 92' lang='lat' dir='ltr'><strong>ego</strong></span> <span class='ocrx_word' id='word_1_243' title='bbox 909 2674 1196 2759; x_wconf 89' lang='lat' dir='ltr'><strong>apprehenderam,</strong></span> <span class='ocrx_word' id='word_1_244' title='bbox 1227 2676 1330 2738; x_wconf 87' lang='lat' dir='ltr'><strong>statim</strong></span> <span class='ocrx_word' id='word_1_245' title='bbox 1352 2683 1515 2741; x_wconf 89' lang='lat' dir='ltr'><strong>accusator</strong></span> <span class='ocrx_word' id='word_1_246' title='bbox 1536 2683 1647 2740; x_wconf 87' lang='lat' dir='ltr'><strong>extor-</strong></span> 
     </span>
     <span class='ocr_line' id='line_1_26' title="bbox 282 2764 1646 2854; baseline 0.006 -28"><span class='ocrx_word' id='word_1_247' title='bbox 282 2764 437 2848; x_wconf 76' lang='lat' dir='ltr'><strong>ttquebat</strong></span> <span class='ocrx_word' id='word_1_248' title='bbox 457 2787 475 2830; x_wconf 94' lang='lat' dir='ltr'><strong>e</strong></span> <span class='ocrx_word' id='word_1_249' title='bbox 496 2767 652 2832; x_wconf 89' lang='lat' dir='ltr'><strong>manibus.</strong></span> <span class='ocrx_word' id='word_1_250' title='bbox 681 2769 714 2832; x_wconf 92' lang='lat' dir='ltr'><strong>Si</strong></span> <span class='ocrx_word' id='word_1_251' title='bbox 737 2769 963 2853; x_wconf 85' lang='lat' dir='ltr'><strong>quaesiveram,</strong></span> <span class='ocrx_word' id='word_1_252' title='bbox 989 2788 1071 2854; x_wconf 89' lang='lat' dir='ltr'><strong>quae</strong></span> <span class='ocrx_word' id='word_1_253' title='bbox 1088 2769 1272 2834; x_wconf 85' lang='lat' dir='ltr'><strong>inimicitiae</strong></span> <span class='ocrx_word' id='word_1_254' title='bbox 1287 2769 1477 2832; x_wconf 89' lang='lat' dir='ltr'><strong>Scamandro</strong></span> <span class='ocrx_word' id='word_1_255' title='bbox 1493 2791 1563 2833; x_wconf 90' lang='lat' dir='ltr'><strong>cum</strong></span> <span class='ocrx_word' id='word_1_256' title='bbox 1578 2771 1646 2834; x_wconf 84' lang='lat' dir='ltr'><strong>Ha-</strong></span> 
     </span>
     <span class='ocr_line' id='line_1_27' title="bbox 319 2859 1644 2948; baseline 0.002 -25"><span class='ocrx_word' id='word_1_257' title='bbox 319 2859 401 2934; x_wconf 90' lang='lat' dir='ltr'><strong>bito,</strong></span> <span class='ocrx_word' id='word_1_258' title='bbox 422 2859 577 2924; x_wconf 89' lang='lat' dir='ltr'><strong>fatebatur</strong></span> <span class='ocrx_word' id='word_1_259' title='bbox 598 2862 702 2926; x_wconf 85' lang='lat' dir='ltr'><strong>nullas</strong></span> <span class='ocrx_word' id='word_1_260' title='bbox 724 2863 839 2939; x_wconf 67' lang='lat' dir='ltr'><strong>misse,</strong></span> <span class='ocrx_word' id='word_1_261' title='bbox 860 2864 919 2927; x_wconf 89' lang='lat' dir='ltr'><strong>sed</strong></span> <span class='ocrx_word' id='word_1_262' title='bbox 941 2864 1165 2948; x_wconf 88' lang='lat' dir='ltr'><strong>Oppianicum,</strong></span> <span class='ocrx_word' id='word_1_263' title='bbox 1189 2865 1278 2928; x_wconf 91' lang='lat' dir='ltr'><strong>cuius</strong></span> <span class='ocrx_word' id='word_1_264' title='bbox 1297 2865 1351 2928; x_wconf 90' lang='lat' dir='ltr'><strong>ille</strong></span> <span class='ocrx_word' id='word_1_265' title='bbox 1366 2864 1508 2928; x_wconf 88' lang='lat' dir='ltr'><strong>minister</strong></span> <span class='ocrx_word' id='word_1_266' title='bbox 1520 2863 1644 2936; x_wconf 86' lang='lat' dir='ltr'><strong>fuisset,</strong></span> 
     </span>
     <span class='ocr_line' id='line_1_28' title="bbox 318 2953 1643 3041; baseline 0.003 -25"><span class='ocrx_word' id='word_1_267' title='bbox 318 2953 393 3018; x_wconf 92' lang='lat' dir='ltr'><strong>huic</strong></span> <span class='ocrx_word' id='word_1_268' title='bbox 415 2954 665 3022; x_wconf 88' lang='lat' dir='ltr'><strong>inimicissimum</strong></span> <span class='ocrx_word' id='word_1_269' title='bbox 686 2957 785 3021; x_wconf 91' lang='lat' dir='ltr'><strong>fuisse</strong></span> <span class='ocrx_word' id='word_1_270' title='bbox 815 2965 910 3041; x_wconf 88' lang='lat' dir='ltr'><strong>atque</strong></span> <span class='ocrx_word' id='word_1_271' title='bbox 932 2979 1002 3023; x_wconf 89' lang='lat' dir='ltr'><strong>esse</strong></span> <span class='ocrx_word' id='word_1_272' title='bbox 1024 2958 1157 3022; x_wconf 92' lang='lat' dir='ltr'><strong>dicebat.</strong></span> <span class='ocrx_word' id='word_1_273' title='bbox 1202 2959 1257 3023; x_wconf 88' lang='lat' dir='ltr'><strong>Sin</strong></span> <span class='ocrx_word' id='word_1_274' title='bbox 1279 2967 1384 3022; x_wconf 90' lang='lat' dir='ltr'><strong>autem</strong></span> <span class='ocrx_word' id='word_1_275' title='bbox 1405 2956 1484 3023; x_wconf 91' lang='lat' dir='ltr'><strong>illud</strong></span> <span class='ocrx_word' id='word_1_276' title='bbox 1506 2975 1643 3038; x_wconf 89' lang='lat' dir='ltr'><strong>egeram,</strong></span> 
     </span>
     <span class='ocr_line' id='line_1_29' title="bbox 319 3047 1642 3127; baseline 0.002 -16"><span class='ocrx_word' id='word_1_277' title='bbox 319 3047 440 3113; x_wconf 83' lang='lat' dir='ltr'><strong>nrrllum</strong></span> <span class='ocrx_word' id='word_1_278' title='bbox 472 3049 511 3112; x_wconf 92' lang='lat' dir='ltr'><strong>ad</strong></span> <span class='ocrx_word' id='word_1_279' title='bbox 544 3051 769 3125; x_wconf 85' lang='lat' dir='ltr'><strong>Scamandrum</strong></span> <span class='ocrx_word' id='word_1_280' title='bbox 800 3060 900 3116; x_wconf 90' lang='lat' dir='ltr'><strong>morte</strong></span> <span class='ocrx_word' id='word_1_281' title='bbox 927 3054 1035 3117; x_wconf 83' lang='lat' dir='ltr'><strong>Habiti</strong></span> <span class='ocrx_word' id='word_1_282' title='bbox 1064 3060 1231 3120; x_wconf 81' lang='lat' dir='ltr'><strong>venturum</strong></span> <span class='ocrx_word' id='word_1_283' title='bbox 1260 3054 1504 3118; x_wconf 88' lang='lat' dir='ltr'><strong>emolumentum</strong></span> <span class='ocrx_word' id='word_1_284' title='bbox 1526 3051 1642 3127; x_wconf 78' lang='lat' dir='ltr'><strong>baisse,</strong></span> 
     </span>
     <span class='ocr_line' id='line_1_30' title="bbox 319 3143 1641 3232; baseline 0.002 -27"><span class='ocrx_word' id='word_1_285' title='bbox 319 3143 526 3220; x_wconf 84' lang='lat' dir='ltr'><strong>concedebat,</strong></span> <span class='ocrx_word' id='word_1_286' title='bbox 556 3144 614 3209; x_wconf 88' lang='lat' dir='ltr'><strong>sed</strong></span> <span class='ocrx_word' id='word_1_287' title='bbox 646 3146 685 3208; x_wconf 90' lang='lat' dir='ltr'><strong>ad</strong></span> <span class='ocrx_word' id='word_1_288' title='bbox 716 3165 849 3210; x_wconf 89' lang='lat' dir='ltr'><strong>uxorem</strong></span> <span class='ocrx_word' id='word_1_289' title='bbox 880 3147 1062 3232; x_wconf 91' lang='lat' dir='ltr'><strong>Oppianici,</strong></span> <span class='ocrx_word' id='word_1_290' title='bbox 1092 3148 1231 3210; x_wconf 88' lang='lat' dir='ltr'><strong>bominis</strong></span> <span class='ocrx_word' id='word_1_291' title='bbox 1259 3148 1293 3211; x_wconf 92' lang='lat' dir='ltr'><strong>in</strong></span> <span class='ocrx_word' id='word_1_292' title='bbox 1321 3147 1472 3210; x_wconf 86' lang='lat' dir='ltr'><strong>uxoribus</strong></span> <span class='ocrx_word' id='word_1_293' title='bbox 1493 3143 1641 3208; x_wconf 88' lang='lat' dir='ltr'><strong>necandis</strong></span> 
     </span>
     <span class='ocr_line' id='line_1_31' title="bbox 281 3237 1640 3314; baseline 0.001 -16"><span class='ocrx_word' id='word_1_294' title='bbox 281 3239 497 3314; x_wconf 69' lang='lat' dir='ltr'><strong>inexercitati,</strong></span> <span class='ocrx_word' id='word_1_295' title='bbox 525 3240 632 3304; x_wconf 92' lang='lat' dir='ltr'><strong>omnia</strong></span> <span class='ocrx_word' id='word_1_296' title='bbox 658 3240 741 3304; x_wconf 91' lang='lat' dir='ltr'><strong>bona</strong></span> <span class='ocrx_word' id='word_1_297' title='bbox 769 3241 876 3305; x_wconf 87' lang='lat' dir='ltr'><strong>Habiti</strong></span> <span class='ocrx_word' id='word_1_298' title='bbox 905 3248 1038 3306; x_wconf 88' lang='lat' dir='ltr'><strong>ventura</strong></span> <span class='ocrx_word' id='word_1_299' title='bbox 1058 3241 1157 3305; x_wconf 89' lang='lat' dir='ltr'><strong>fuisse</strong></span> <span class='ocrx_word' id='word_1_300' title='bbox 1180 3240 1312 3304; x_wconf 89' lang='lat' dir='ltr'><strong>dicebat.</strong></span> <span class='ocrx_word' id='word_1_301' title='bbox 1357 3240 1434 3304; x_wconf 84' lang='lat' dir='ltr'><strong>Cum</strong></span> <span class='ocrx_word' id='word_1_302' title='bbox 1455 3238 1510 3300; x_wconf 92' lang='lat' dir='ltr'><strong>illa</strong></span> <span class='ocrx_word' id='word_1_303' title='bbox 1533 3237 1640 3302; x_wconf 91' lang='lat' dir='ltr'><strong>defen·</strong></span> 
     </span>
     <span class='ocr_line' id='line_1_32' title="bbox 319 3331 1655 3420; baseline -0.001 -25"><span class='ocrx_word' id='word_1_304' title='bbox 319 3332 409 3396; x_wconf 90' lang='lat' dir='ltr'><strong>sione</strong></span> <span class='ocrx_word' id='word_1_305' title='bbox 430 3353 508 3397; x_wconf 92' lang='lat' dir='ltr'><strong>usus</strong></span> <span class='ocrx_word' id='word_1_306' title='bbox 530 3355 650 3410; x_wconf 88' lang='lat' dir='ltr'><strong>essem,</strong></span> <span class='ocrx_word' id='word_1_307' title='bbox 673 3355 755 3420; x_wconf 90' lang='lat' dir='ltr'><strong>quae</strong></span> <span class='ocrx_word' id='word_1_308' title='bbox 776 3335 810 3398; x_wconf 92' lang='lat' dir='ltr'><strong>in</strong></span> <span class='ocrx_word' id='word_1_309' title='bbox 831 3336 1049 3400; x_wconf 91' lang='lat' dir='ltr'><strong>libertinorum</strong></span> <span class='ocrx_word' id='word_1_310' title='bbox 1072 3337 1175 3400; x_wconf 89' lang='lat' dir='ltr'><strong>causis</strong></span> <span class='ocrx_word' id='word_1_311' title='bbox 1196 3335 1416 3399; x_wconf 88' lang='lat' dir='ltr'><strong>honestissima</strong></span> <span class='ocrx_word' id='word_1_312' title='bbox 1437 3351 1561 3415; x_wconf 91' lang='lat' dir='ltr'><strong>semper</strong></span> <span class='ocrx_word' id='word_1_313' title='bbox 1574 3331 1655 3394; x_wconf 88' lang='lat' dir='ltr'><strong>exi-·</strong></span> 
     </span>
     <span class='ocr_line' id='line_1_33' title="bbox 320 3426 1637 3513; baseline 0.001 -24"><span class='ocrx_word' id='word_1_314' title='bbox 320 3427 445 3490; x_wconf 87' lang='lat' dir='ltr'><strong>stimata</strong></span> <span class='ocrx_word' id='word_1_315' title='bbox 465 3435 530 3504; x_wconf 91' lang='lat' dir='ltr'><strong>est,</strong></span> <span class='ocrx_word' id='word_1_316' title='bbox 560 3427 785 3494; x_wconf 87' lang='lat' dir='ltr'><strong>Scamandrum</strong></span> <span class='ocrx_word' id='word_1_317' title='bbox 807 3437 939 3512; x_wconf 91' lang='lat' dir='ltr'><strong>patrono</strong></span> <span class='ocrx_word' id='word_1_318' title='bbox 961 3450 1032 3493; x_wconf 91' lang='lat' dir='ltr'><strong>esse</strong></span> <span class='ocrx_word' id='word_1_319' title='bbox 1054 3429 1235 3513; x_wconf 89' lang='lat' dir='ltr'><strong>probatum,</strong></span> <span class='ocrx_word' id='word_1_320' title='bbox 1264 3428 1434 3501; x_wconf 88' lang='lat' dir='ltr'><strong>fatebatur,</strong></span> <span class='ocrx_word' id='word_1_321' title='bbox 1453 3426 1521 3490; x_wconf 89' lang='lat' dir='ltr'><strong>·sed</strong></span> <span class='ocrx_word' id='word_1_322' title='bbox 1544 3445 1637 3509; x_wconf 89' lang='lat' dir='ltr'><strong>quae-</strong></span> 
     </span>
     <span class='ocr_line' id='line_1_34' title="bbox 319 3520 1634 3608; baseline -0.002 -24"><span class='ocrx_word' id='word_1_323' title='bbox 319 3520 422 3597; x_wconf 88' lang='lat' dir='ltr'><strong>rebat,</strong></span> <span class='ocrx_word' id='word_1_324' title='bbox 455 3523 506 3586; x_wconf 89' lang='lat' dir='ltr'><strong>cui</strong></span> <span class='ocrx_word' id='word_1_325' title='bbox 536 3523 685 3608; x_wconf 89' lang='lat' dir='ltr'><strong>probatus</strong></span> <span class='ocrx_word' id='word_1_326' title='bbox 715 3531 799 3587; x_wconf 89' lang='lat' dir='ltr'><strong>esset</strong></span> <span class='ocrx_word' id='word_1_327' title='bbox 819 3525 888 3606; x_wconf 91' lang='lat' dir='ltr'><strong>ipse</strong></span> <span class='ocrx_word' id='word_1_328' title='bbox 914 3531 1075 3606; x_wconf 91' lang='lat' dir='ltr'><strong>patronus.</strong></span> <span class='ocrx_word' id='word_1_329' title='bbox 1119 3521 1170 3586; x_wconf 80' lang='lat'><strong>53.</strong></span> <span class='ocrx_word' id='word_1_330' title='bbox 1195 3524 1272 3587; x_wconf 84' lang='lat' dir='ltr'><strong>Cum</strong></span> <span class='ocrx_word' id='word_1_331' title='bbox 1294 3541 1352 3606; x_wconf 92' lang='lat' dir='ltr'><strong>ego</strong></span> <span class='ocrx_word' id='word_1_332' title='bbox 1373 3522 1516 3606; x_wconf 90' lang='lat' dir='ltr'><strong>pluribus</strong></span> <span class='ocrx_word' id='word_1_333' title='bbox 1536 3520 1634 3584; x_wconf 86' lang='lat' dir='ltr'><strong>verbis</strong></span> 
     </span>
     <span class='ocr_line' id='line_1_35' title="bbox 318 3616 1633 3700; baseline -0.002 -22"><span class='ocrx_word' id='word_1_334' title='bbox 318 3616 352 3678; x_wconf 90' lang='lat' dir='ltr'><strong>in</strong></span> <span class='ocrx_word' id='word_1_335' title='bbox 374 3635 412 3680; x_wconf 91' lang='lat' dir='ltr'><strong>eo</strong></span> <span class='ocrx_word' id='word_1_336' title='bbox 435 3625 644 3681; x_wconf 89' lang='lat' dir='ltr'><strong>commoratus</strong></span> <span class='ocrx_word' id='word_1_337' title='bbox 666 3638 786 3692; x_wconf 87' lang='lat' dir='ltr'><strong>essem,</strong></span> <span class='ocrx_word' id='word_1_338' title='bbox 810 3616 1001 3681; x_wconf 89' lang='lat' dir='ltr'><strong>Scamandro</strong></span> <span class='ocrx_word' id='word_1_339' title='bbox 1024 3616 1155 3682; x_wconf 90' lang='lat' dir='ltr'><strong>insidias</strong></span> <span class='ocrx_word' id='word_1_340' title='bbox 1176 3617 1275 3682; x_wconf 87' lang='lat' dir='ltr'><strong>factas</strong></span> <span class='ocrx_word' id='word_1_341' title='bbox 1298 3635 1367 3680; x_wconf 91' lang='lat' dir='ltr'><strong>esse</strong></span> <span class='ocrx_word' id='word_1_342' title='bbox 1389 3635 1446 3700; x_wconf 92' lang='lat' dir='ltr'><strong>per</strong></span> <span class='ocrx_word' id='word_1_343' title='bbox 1466 3616 1633 3696; x_wconf 89' lang='lat' dir='ltr'><strong>Diogenem</strong></span> 
     </span>
     <span class='ocr_line' id='line_1_36' title="bbox 283 3710 1632 3796; baseline -0.001 -24"><span class='ocrx_word' id='word_1_344' title='bbox 283 3711 587 3796; x_wconf 51' lang='lat' dir='ltr'><strong>&amp;constitutumque</strong></span> <span class='ocrx_word' id='word_1_345' title='bbox 614 3713 773 3776; x_wconf 89' lang='lat' dir='ltr'><strong>intereos</strong></span> <span class='ocrx_word' id='word_1_346' title='bbox 795 3711 857 3776; x_wconf 90' lang='lat' dir='ltr'><strong>alia</strong></span> <span class='ocrx_word' id='word_1_347' title='bbox 879 3711 918 3775; x_wconf 94' lang='lat' dir='ltr'><strong>de</strong></span> <span class='ocrx_word' id='word_1_348' title='bbox 939 3731 974 3774; x_wconf 89' lang='lat' dir='ltr'><strong>re</strong></span> <span class='ocrx_word' id='word_1_349' title='bbox 994 3710 1111 3787; x_wconf 87' lang='lat' dir='ltr'><strong>fuisse,</strong></span> <span class='ocrx_word' id='word_1_350' title='bbox 1139 3719 1175 3774; x_wconf 96' lang='lat' dir='ltr'><strong>ut</strong></span> <span class='ocrx_word' id='word_1_351' title='bbox 1195 3711 1473 3784; x_wconf 88' lang='lat' dir='ltr'><strong>medicamentum,</strong></span> <span class='ocrx_word' id='word_1_352' title='bbox 1501 3729 1564 3772; x_wconf 91' lang='lat' dir='ltr'><strong>non</strong></span> <span class='ocrx_word' id='word_1_353' title='bbox 1582 3729 1632 3773; x_wconf 82' lang='lat' dir='ltr'><strong>re·</strong></span> 
     </span>
     <span class='ocr_line' id='line_1_37' title="bbox 319 3803 1632 3888; baseline 0 -22"><span class='ocrx_word' id='word_1_354' title='bbox 319 3823 437 3867; x_wconf 89' lang='lat' dir='ltr'><strong>nennm</strong></span> <span class='ocrx_word' id='word_1_355' title='bbox 464 3805 623 3888; x_wconf 77' lang='lat' dir='ltr'><strong>Diogenes</strong></span> <span class='ocrx_word' id='word_1_356' title='bbox 649 3807 788 3882; x_wconf 77' lang='lat' dir='ltr'><strong>afferret3</strong></span> <span class='ocrx_word' id='word_1_357' title='bbox 814 3806 876 3869; x_wconf 92' lang='lat' dir='ltr'><strong>boc</strong></span> <span class='ocrx_word' id='word_1_358' title='bbox 898 3805 997 3869; x_wconf 88' lang='lat' dir='ltr'><strong>cuivis</strong></span> <span class='ocrx_word' id='word_1_359' title='bbox 1018 3825 1078 3869; x_wconf 91' lang='lat' dir='ltr'><strong>usu</strong></span> <span class='ocrx_word' id='word_1_360' title='bbox 1099 3805 1207 3869; x_wconf 72' lang='lat' dir='ltr'><strong>venue</strong></span> <span class='ocrx_word' id='word_1_361' title='bbox 1228 3825 1341 3888; x_wconf 84' lang='lat' dir='ltr'><strong>posse:</strong></span> <span class='ocrx_word' id='word_1_362' title='bbox 1370 3803 1554 3888; x_wconf 88' lang='lat' dir='ltr'><strong>quaerebat,</strong></span> <span class='ocrx_word' id='word_1_363' title='bbox 1580 3823 1632 3866; x_wconf 90' lang='lat' dir='ltr'><strong>cur</strong></span> 
     </span>
     <span class='ocr_line' id='line_1_38' title="bbox 320 3897 1631 3981; baseline -0.001 -21"><span class='ocrx_word' id='word_1_364' title='bbox 320 3897 353 3960; x_wconf 92' lang='lat' dir='ltr'><strong>in</strong></span> <span class='ocrx_word' id='word_1_365' title='bbox 375 3899 443 3961; x_wconf 93' lang='lat' dir='ltr'><strong>eius</strong></span> <span class='ocrx_word' id='word_1_366' title='bbox 464 3901 550 3964; x_wconf 93' lang='lat' dir='ltr'><strong>modi</strong></span> <span class='ocrx_word' id='word_1_367' title='bbox 571 3900 691 3974; x_wconf 90' lang='lat' dir='ltr'><strong>locum,</strong></span> <span class='ocrx_word' id='word_1_368' title='bbox 713 3909 777 3964; x_wconf 91' lang='lat' dir='ltr'><strong>tam</strong></span> <span class='ocrx_word' id='word_1_369' title='bbox 796 3899 954 3973; x_wconf 89' lang='lat' dir='ltr'><strong>abditum,</strong></span> <span class='ocrx_word' id='word_1_370' title='bbox 976 3918 1032 3961; x_wconf 91' lang='lat' dir='ltr'><strong>cur</strong></span> <span class='ocrx_word' id='word_1_371' title='bbox 1047 3899 1149 3973; x_wconf 89' lang='lat' dir='ltr'><strong>solus,</strong></span> <span class='ocrx_word' id='word_1_372' title='bbox 1173 3919 1229 3962; x_wconf 90' lang='lat' dir='ltr'><strong>cur</strong></span> <span class='ocrx_word' id='word_1_373' title='bbox 1243 3919 1314 3962; x_wconf 89' lang='lat' dir='ltr'><strong>cum</strong></span> <span class='ocrx_word' id='word_1_374' title='bbox 1330 3897 1494 3981; x_wconf 87' lang='lat' dir='ltr'><strong>obsignata</strong></span> <span class='ocrx_word' id='word_1_375' title='bbox 1508 3898 1631 3981; x_wconf 90' lang='lat' dir='ltr'><strong>pecunia</strong></span> 
     </span>
     <span class='ocr_line' id='line_1_39' title="bbox 241 3991 1630 4078; baseline -0.001 -22"><span class='ocrx_word' id='word_1_376' title='bbox 241 4007 246 4016; x_wconf 88' lang='lat'><em>·</em></span> <span class='ocrx_word' id='word_1_377' title='bbox 320 3992 466 4056; x_wconf 85' lang='lat' dir='ltr'><strong>venisset.</strong></span> <span class='ocrx_word' id='word_1_378' title='bbox 497 3993 644 4078; x_wconf 81' lang='lat' dir='ltr'><strong>lienique</strong></span> <span class='ocrx_word' id='word_1_379' title='bbox 664 3994 726 4057; x_wconf 93' lang='lat' dir='ltr'><strong>boc</strong></span> <span class='ocrx_word' id='word_1_380' title='bbox 743 3995 812 4059; x_wconf 90' lang='lat' dir='ltr'><strong>loco</strong></span> <span class='ocrx_word' id='word_1_381' title='bbox 827 4013 922 4058; x_wconf 91' lang='lat' dir='ltr'><strong>causa</strong></span> <span class='ocrx_word' id='word_1_382' title='bbox 936 3992 1084 4069; x_wconf 91' lang='lat' dir='ltr'><strong>testibus,</strong></span> <span class='ocrx_word' id='word_1_383' title='bbox 1105 3992 1337 4057; x_wconf 84' lang='lat' dir='ltr'><strong>honestissimis</strong></span> <span class='ocrx_word' id='word_1_384' title='bbox 1351 3991 1547 4066; x_wconf 89' lang='lat' dir='ltr'><strong>bominibus,</strong></span> <span class='ocrx_word' id='word_1_385' title='bbox 1566 4011 1630 4075; x_wconf 89' lang='lat' dir='ltr'><strong>prc-</strong></span> 
     </span>
    </p>
   </div>
   <div class='ocr_carea' id='block_1_3' title="bbox 317 4297 1628 5126">
    <p class='ocr_par' dir='ltr' id='par_1_3' title="bbox 317 4297 1628 5126">
     <span class='ocr_line' id='line_1_40' title="bbox 383 4297 1628 4362; baseline 0 -10"><span class='ocrx_word' id='word_1_386' title='bbox 383 4300 408 4352; x_wconf 72' lang='lat'><strong>2.</strong></span> <span class='ocrx_word' id='word_1_387' title='bbox 427 4313 482 4351; x_wconf 84' lang='lat' dir='ltr'><strong>rum</strong></span> <span class='ocrx_word' id='word_1_388' title='bbox 498 4301 556 4352; x_wconf 83' lang='lat' dir='ltr'><strong>ST:</strong></span> <span class='ocrx_word' id='word_1_389' title='bbox 573 4300 611 4351; x_wconf 80' lang='lat' dir='ltr'><strong>bit</strong></span> <span class='ocrx_word' id='word_1_390' title='bbox 626 4301 757 4362; x_wconf 62' lang='lat' dir='ltr'><strong>annam</strong></span> <span class='ocrx_word' id='word_1_391' title='bbox 775 4303 807 4352; x_wconf 81' lang='lat' dir='ltr'><strong>iia</strong></span> <span class='ocrx_word' id='word_1_392' title='bbox 822 4316 878 4354; x_wconf 83' lang='lat' dir='ltr'><strong>sum</strong></span> <span class='ocrx_word' id='word_1_393' title='bbox 893 4297 1006 4354; x_wconf 71' lang='lat' dir='ltr'><strong>ALSO.</strong></span> <span class='ocrx_word' id='word_1_394' title='bbox 1022 4329 1049 4339; x_wconf 96' lang='lat'><em>-</em></span> <span class='ocrx_word' id='word_1_395' title='bbox 1068 4301 1093 4354; x_wconf 81' lang='lat' dir='ltr'><strong>l.</strong></span> <span class='ocrx_word' id='word_1_396' title='bbox 1111 4302 1137 4351; x_wconf 87' lang='lat' dir='ltr'><strong>P.</strong></span> <span class='ocrx_word' id='word_1_397' title='bbox 1151 4313 1203 4352; x_wconf 91' lang='lat' dir='ltr'><strong>om.</strong></span> <span class='ocrx_word' id='word_1_398' title='bbox 1217 4300 1271 4350; x_wconf 86' lang='lat' dir='ltr'><strong>ST.</strong></span> <span class='ocrx_word' id='word_1_399' title='bbox 1285 4324 1312 4335; x_wconf 94' lang='lat'><em>-</em></span> <span class='ocrx_word' id='word_1_400' title='bbox 1332 4298 1469 4350; x_wconf 69' lang='lat' dir='ltr'><strong>Canutius</strong></span> <span class='ocrx_word' id='word_1_401' title='bbox 1484 4299 1570 4352; x_wconf 84' lang='lat' dir='ltr'><strong>STll:</strong></span> <span class='ocrx_word' id='word_1_402' title='bbox 1586 4300 1628 4352; x_wconf 85' lang='lat' dir='ltr'><strong>Co-</strong></span> 
     </span>
     <span class='ocr_line' id='line_1_41' title="bbox 317 4374 1627 4440; baseline 0.002 -16"><span class='ocrx_word' id='word_1_403' title='bbox 317 4375 394 4424; x_wconf 82' lang='lat' dir='ltr'><strong>nttior</strong></span> <span class='ocrx_word' id='word_1_404' title='bbox 409 4377 470 4433; x_wconf 77' lang='grc' dir='ltr'><strong>ΡΑς</strong></span> <span class='ocrx_word' id='word_1_405' title='bbox 489 4375 609 4426; x_wconf 68' lang='lat' dir='ltr'><strong>onomius</strong></span> <span class='ocrx_word' id='word_1_406' title='bbox 624 4375 708 4430; x_wconf 73' lang='lat' dir='ltr'><strong>nto.</strong></span> <span class='ocrx_word' id='word_1_407' title='bbox 728 4403 756 4414; x_wconf 90' lang='lat'>-</span> <span class='ocrx_word' id='word_1_408' title='bbox 774 4377 799 4427; x_wconf 83' lang='grc'><strong>6.</strong></span> <span class='ocrx_word' id='word_1_409' title='bbox 817 4378 916 4440; x_wconf 82' lang='lat' dir='ltr'><strong>quidem</strong></span> <span class='ocrx_word' id='word_1_410' title='bbox 932 4390 985 4429; x_wconf 90' lang='lat' dir='ltr'><strong>om.</strong></span> <span class='ocrx_word' id='word_1_411' title='bbox 1004 4379 1062 4429; x_wconf 85' lang='grc' dir='ltr'><strong>ΤΑ.</strong></span> <span class='ocrx_word' id='word_1_412' title='bbox 1082 4405 1110 4415; x_wconf 96' lang='grc'><strong>-</strong></span> <span class='ocrx_word' id='word_1_413' title='bbox 1136 4377 1160 4428; x_wconf 92' lang='grc'><strong>6.</strong></span> <span class='ocrx_word' id='word_1_414' title='bbox 1179 4374 1390 4428; x_wconf 68' lang='lat' dir='ltr'><strong>restituebantur</strong></span> <span class='ocrx_word' id='word_1_415' title='bbox 1405 4376 1459 4426; x_wconf 87' lang='lat' dir='ltr'><strong>ST.</strong></span> <span class='ocrx_word' id='word_1_416' title='bbox 1479 4399 1506 4410; x_wconf 91' lang='lat'>-</span> <span class='ocrx_word' id='word_1_417' title='bbox 1529 4374 1565 4426; x_wconf 83' lang='grc'><strong>46.</strong></span> <span class='ocrx_word' id='word_1_418' title='bbox 1582 4379 1627 4427; x_wconf 81' lang='lat' dir='ltr'><strong>tun</strong></span> 
     </span>
     <span class='ocr_line' id='line_1_42' title="bbox 318 4448 1623 4516; baseline 0.001 -15"><span class='ocrx_word' id='word_1_419' title='bbox 318 4451 414 4502; x_wconf 80' lang='lat' dir='ltr'><strong>Silo:</strong></span> <span class='ocrx_word' id='word_1_420' title='bbox 432 4462 485 4500; x_wconf 92' lang='lat' dir='ltr'><strong>om.</strong></span> <span class='ocrx_word' id='word_1_421' title='bbox 504 4451 538 4511; x_wconf 83' lang='lat' dir='ltr'><strong>T;</strong></span> <span class='ocrx_word' id='word_1_422' title='bbox 556 4464 613 4502; x_wconf 78' lang='lat' dir='ltr'><strong>cum</strong></span> <span class='ocrx_word' id='word_1_423' title='bbox 629 4449 743 4505; x_wconf 68' lang='lat' dir='ltr'><strong>libbi.</strong></span> <span class='ocrx_word' id='word_1_424' title='bbox 757 4477 785 4488; x_wconf 92' lang='lat'><em>-</em></span> <span class='ocrx_word' id='word_1_425' title='bbox 806 4454 846 4503; x_wconf 71' lang='lat' dir='ltr'><strong>tt.</strong></span> <span class='ocrx_word' id='word_1_426' title='bbox 864 4452 1190 4516; x_wconf 64' lang='lat' dir='ltr'><strong>mammemque-tostam</strong></span> <span class='ocrx_word' id='word_1_427' title='bbox 1206 4450 1286 4501; x_wconf 85' lang='lat' dir='ltr'><strong>STF.</strong></span> <span class='ocrx_word' id='word_1_428' title='bbox 1301 4475 1328 4486; x_wconf 92' lang='lat'><em>-</em></span> <span class='ocrx_word' id='word_1_429' title='bbox 1348 4448 1388 4501; x_wconf 84' lang='lat' dir='ltr'><strong>tl.</strong></span> <span class='ocrx_word' id='word_1_430' title='bbox 1406 4449 1623 4512; x_wconf 65' lang='lat' dir='ltr'><strong>euphraemsl‘.</strong></span> 
     </span>
     <span class='ocr_line' id='line_1_43' title="bbox 319 4522 1625 4591; baseline 0 -15"><span class='ocrx_word' id='word_1_431' title='bbox 319 4525 358 4576; x_wconf 87' lang='lat' dir='ltr'><strong>Cf.</strong></span> <span class='ocrx_word' id='word_1_432' title='bbox 376 4522 489 4590; x_wconf 83' lang='lat' dir='ltr'><strong>Spengel</strong></span> <span class='ocrx_word' id='word_1_433' title='bbox 505 4524 522 4576; x_wconf 95' lang='lat' dir='ltr'><strong>l.</strong></span> <span class='ocrx_word' id='word_1_434' title='bbox 541 4524 557 4576; x_wconf 95' lang='lat' dir='ltr'><strong>l.</strong></span> <span class='ocrx_word' id='word_1_435' title='bbox 576 4538 603 4591; x_wconf 90' lang='lat' dir='ltr'><strong>p.</strong></span> <span class='ocrx_word' id='word_1_436' title='bbox 622 4525 679 4578; x_wconf 79' lang='lat' dir='ltr'><strong>toa.</strong></span> <span class='ocrx_word' id='word_1_437' title='bbox 699 4553 726 4563; x_wconf 94' lang='lat'><em>-</em></span> <span class='ocrx_word' id='word_1_438' title='bbox 744 4527 925 4590; x_wconf 76' lang='lat' dir='ltr'><strong>impmdcntioo</strong></span> <span class='ocrx_word' id='word_1_439' title='bbox 942 4529 1001 4588; x_wconf 78' lang='lat' dir='ltr'><strong>sr;</strong></span> <span class='ocrx_word' id='word_1_440' title='bbox 1024 4527 1178 4590; x_wconf 72' lang='lat' dir='ltr'><strong>impeccantia</strong></span> <span class='ocrx_word' id='word_1_441' title='bbox 1195 4528 1228 4578; x_wconf 84' lang='lat' dir='ltr'><strong>bf.</strong></span> <span class='ocrx_word' id='word_1_442' title='bbox 1249 4553 1277 4563; x_wconf 85' lang='lat'><em>-</em></span> <span class='ocrx_word' id='word_1_443' title='bbox 1301 4527 1342 4576; x_wconf 82' lang='grc'><strong>46.</strong></span> <span class='ocrx_word' id='word_1_444' title='bbox 1360 4539 1410 4576; x_wconf 79' lang='lat' dir='ltr'><strong>non</strong></span> <span class='ocrx_word' id='word_1_445' title='bbox 1426 4525 1452 4575; x_wconf 88' lang='lat' dir='ltr'><strong>td</strong></span> <span class='ocrx_word' id='word_1_446' title='bbox 1468 4525 1528 4575; x_wconf 85' lang='lat' dir='ltr'><strong>ST:</strong></span> <span class='ocrx_word' id='word_1_447' title='bbox 1548 4525 1625 4576; x_wconf 71' lang='lat' dir='ltr'><strong>Onon</strong></span> 
     </span>
     <span class='ocr_line' id='line_1_44' title="bbox 319 4595 1625 4664; baseline -0.002 -12"><span class='ocrx_word' id='word_1_448' title='bbox 319 4595 500 4652; x_wconf 73' lang='lat' dir='ltr'><strong>RALd0.-</strong></span> <span class='ocrx_word' id='word_1_449' title='bbox 520 4601 560 4652; x_wconf 83' lang='grc'><strong>48.</strong></span> <span class='ocrx_word' id='word_1_450' title='bbox 573 4601 811 4664; x_wconf 71' lang='lat' dir='ltr'><strong>annunciarem</strong></span> <span class='ocrx_word' id='word_1_451' title='bbox 827 4604 880 4654; x_wconf 85' lang='lat' dir='ltr'><strong>ST.</strong></span> <span class='ocrx_word' id='word_1_452' title='bbox 896 4631 924 4641; x_wconf 95' lang='lat'><em>-</em></span> <span class='ocrx_word' id='word_1_453' title='bbox 943 4604 983 4654; x_wconf 83' lang='grc'><strong>49.</strong></span> <span class='ocrx_word' id='word_1_454' title='bbox 1002 4603 1103 4654; x_wconf 62' lang='lat' dir='ltr'><strong>nodari</strong></span> <span class='ocrx_word' id='word_1_455' title='bbox 1116 4603 1166 4653; x_wconf 87' lang='lat' dir='ltr'><strong>ST.</strong></span> <span class='ocrx_word' id='word_1_456' title='bbox 1182 4627 1208 4639; x_wconf 91' lang='grc'><strong>-</strong></span> <span class='ocrx_word' id='word_1_457' title='bbox 1226 4600 1503 4664; x_wconf 71' lang='grc' dir='ltr'><strong>66.υιᾳιιᾶάςυοιιοει</strong></span> <span class='ocrx_word' id='word_1_458' title='bbox 1522 4601 1625 4664; x_wconf 59' lang='lat' dir='ltr'><strong>qudquid</strong></span> 
     </span>
     <span class='ocr_line' id='line_1_45' title="bbox 321 4675 1623 4741; baseline -0.001 -14"><span class='ocrx_word' id='word_1_459' title='bbox 321 4677 382 4740; x_wconf 85' lang='lat' dir='ltr'><strong>(om.</strong></span> <span class='ocrx_word' id='word_1_460' title='bbox 395 4676 431 4738; x_wconf 81' lang='lat' dir='ltr'><strong>ut)</strong></span> <span class='ocrx_word' id='word_1_461' title='bbox 444 4675 487 4727; x_wconf 86' lang='lat' dir='ltr'><strong>ed.</strong></span> <span class='ocrx_word' id='word_1_462' title='bbox 500 4675 624 4740; x_wconf 73' lang='lat' dir='ltr'><strong>amberg.</strong></span> <span class='ocrx_word' id='word_1_463' title='bbox 644 4691 668 4728; x_wconf 85' lang='lat' dir='ltr'><strong>a.</strong></span> <span class='ocrx_word' id='word_1_464' title='bbox 687 4676 764 4736; x_wconf 59' lang='lat' dir='ltr'><strong>ltin</strong></span> <span class='ocrx_word' id='word_1_465' title='bbox 789 4683 817 4728; x_wconf 84' lang='lat' dir='ltr'><strong>ot</strong></span> <span class='ocrx_word' id='word_1_466' title='bbox 833 4677 954 4740; x_wconf 81' lang='lat' dir='ltr'><strong>quidquid</strong></span> <span class='ocrx_word' id='word_1_467' title='bbox 969 4676 1115 4732; x_wconf 72' lang='lat' dir='ltr'><strong>alato.</strong></span> <span class='ocrx_word' id='word_1_468' title='bbox 1141 4676 1179 4728; x_wconf 88' lang='lat' dir='ltr'><strong>Cf.</strong></span> <span class='ocrx_word' id='word_1_469' title='bbox 1197 4678 1273 4728; x_wconf 87' lang='lat' dir='ltr'><strong>Verr.</strong></span> <span class='ocrx_word' id='word_1_470' title='bbox 1291 4678 1348 4728; x_wconf 79' lang='lat' dir='ltr'><strong>Act.</strong></span> <span class='ocrx_word' id='word_1_471' title='bbox 1365 4679 1386 4727; x_wconf 86' lang='grc' dir='ltr'><strong>Ι.</strong></span> <span class='ocrx_word' id='word_1_472' title='bbox 1405 4676 1429 4741; x_wconf 75' lang='lat'><strong>5.</strong></span> <span class='ocrx_word' id='word_1_473' title='bbox 1448 4677 1488 4728; x_wconf 83' lang='grc'><strong>49.</strong></span> <span class='ocrx_word' id='word_1_474' title='bbox 1508 4703 1536 4714; x_wconf 91' lang='grc'><strong>-</strong></span> <span class='ocrx_word' id='word_1_475' title='bbox 1552 4689 1623 4738; x_wconf 79' lang='lat' dir='ltr'><strong>repra-</strong></span> 
     </span>
     <span class='ocr_line' id='line_1_46' title="bbox 319 4749 1621 4817; baseline 0.001 -14"><span class='ocrx_word' id='word_1_476' title='bbox 319 4753 453 4804; x_wconf 78' lang='lat' dir='ltr'><strong>ltcndarorn</strong></span> <span class='ocrx_word' id='word_1_477' title='bbox 469 4753 494 4802; x_wconf 86' lang='lat' dir='ltr'><strong>S.</strong></span> <span class='ocrx_word' id='word_1_478' title='bbox 515 4777 542 4788; x_wconf 86' lang='lat'><em>-</em></span> <span class='ocrx_word' id='word_1_479' title='bbox 561 4753 602 4803; x_wconf 77' lang='lat'><strong>25.</strong></span> <span class='ocrx_word' id='word_1_480' title='bbox 621 4753 656 4803; x_wconf 81' lang='lat' dir='ltr'><strong>sic</strong></span> <span class='ocrx_word' id='word_1_481' title='bbox 672 4753 764 4814; x_wconf 84' lang='lat' dir='ltr'><strong>q.sT.</strong></span> <span class='ocrx_word' id='word_1_482' title='bbox 781 4779 808 4790; x_wconf 85' lang='lat'>-</span> <span class='ocrx_word' id='word_1_483' title='bbox 826 4753 999 4817; x_wconf 61' lang='lat' dir='ltr'><strong>pemmonem</strong></span> <span class='ocrx_word' id='word_1_484' title='bbox 1015 4752 1073 4801; x_wconf 85' lang='lat' dir='ltr'><strong>ST:</strong></span> <span class='ocrx_word' id='word_1_485' title='bbox 1091 4753 1248 4815; x_wconf 65' lang='grc' dir='ltr'><strong>ρυαωῑονωη</strong></span> <span class='ocrx_word' id='word_1_486' title='bbox 1264 4751 1405 4804; x_wconf 74' lang='lat' dir='ltr'><strong>nablo.</strong></span> <span class='ocrx_word' id='word_1_487' title='bbox 1421 4779 1448 4789; x_wconf 97' lang='lat'>-</span> <span class='ocrx_word' id='word_1_488' title='bbox 1467 4749 1539 4814; x_wconf 78' lang='lat' dir='ltr'><strong>quoe]</strong></span> <span class='ocrx_word' id='word_1_489' title='bbox 1555 4750 1621 4812; x_wconf 60' lang='lat' dir='ltr'><strong>aa&amp;</strong></span> 
     </span>
     <span class='ocr_line' id='line_1_47' title="bbox 320 4823 1624 4891; baseline -0.002 -15"><span class='ocrx_word' id='word_1_490' title='bbox 320 4839 413 4888; x_wconf 76' lang='lat' dir='ltr'><strong>aequor</strong></span> <span class='ocrx_word' id='word_1_491' title='bbox 427 4839 481 4889; x_wconf 80' lang='lat' dir='ltr'><strong>mg.</strong></span> <span class='ocrx_word' id='word_1_492' title='bbox 500 4824 531 4886; x_wconf 77' lang='grc' dir='ltr'><strong>6ς</strong></span> <span class='ocrx_word' id='word_1_493' title='bbox 551 4839 604 4878; x_wconf 90' lang='lat' dir='ltr'><strong>om.</strong></span> <span class='ocrx_word' id='word_1_494' title='bbox 618 4828 651 4878; x_wconf 81' lang='lat' dir='ltr'><strong>ll.</strong></span> <span class='ocrx_word' id='word_1_495' title='bbox 667 4853 694 4864; x_wconf 92' lang='lat'><em>-</em></span> <span class='ocrx_word' id='word_1_496' title='bbox 713 4827 753 4878; x_wconf 73' lang='lat'><strong>26.</strong></span> <span class='ocrx_word' id='word_1_497' title='bbox 771 4827 1030 4891; x_wconf 67' lang='lat' dir='ltr'><strong>frumentosam-</strong></span> <span class='ocrx_word' id='word_1_498' title='bbox 1050 4827 1090 4879; x_wconf 90' lang='grc'><strong>30.</strong></span> <span class='ocrx_word' id='word_1_499' title='bbox 1108 4827 1183 4890; x_wconf 64' lang='lat' dir='ltr'><strong>[abac</strong></span> <span class='ocrx_word' id='word_1_500' title='bbox 1199 4829 1259 4878; x_wconf 84' lang='lat' dir='ltr'><strong>ST:</strong></span> <span class='ocrx_word' id='word_1_501' title='bbox 1276 4825 1527 4879; x_wconf 46' lang='grc'><strong>0336166630.-</strong></span> <span class='ocrx_word' id='word_1_502' title='bbox 1545 4823 1624 4875; x_wconf 81' lang='lat' dir='ltr'><strong>3l.aad</strong></span> 
     </span>
     <span class='ocr_line' id='line_1_48' title="bbox 321 4899 1622 4967; baseline -0.002 -15"><span class='ocrx_word' id='word_1_503' title='bbox 321 4901 456 4964; x_wconf 80' lang='lat' dir='ltr'><strong>quaerebat</strong></span> <span class='ocrx_word' id='word_1_504' title='bbox 466 4927 503 4940; x_wconf 93' lang='lat'><strong>--</strong></span> <span class='ocrx_word' id='word_1_505' title='bbox 510 4908 635 4965; x_wconf 71' lang='lat' dir='ltr'><strong>patrem</strong></span> <span class='ocrx_word' id='word_1_506' title='bbox 646 4915 698 4953; x_wconf 93' lang='lat' dir='ltr'><strong>om.</strong></span> <span class='ocrx_word' id='word_1_507' title='bbox 712 4902 765 4953; x_wconf 84' lang='lat' dir='ltr'><strong>ST.</strong></span> <span class='ocrx_word' id='word_1_508' title='bbox 779 4931 805 4940; x_wconf 95' lang='lat'>—</span> <span class='ocrx_word' id='word_1_509' title='bbox 819 4903 859 4954; x_wconf 88' lang='grc'><strong>33,</strong></span> <span class='ocrx_word' id='word_1_510' title='bbox 869 4903 940 4966; x_wconf 74' lang='lat' dir='ltr'><strong>caat]</strong></span> <span class='ocrx_word' id='word_1_511' title='bbox 956 4903 1041 4967; x_wconf 73' lang='lat' dir='ltr'><strong>satan</strong></span> <span class='ocrx_word' id='word_1_512' title='bbox 1051 4900 1163 4965; x_wconf 81' lang='lat' dir='ltr'><strong>Sylvius.</strong></span> <span class='ocrx_word' id='word_1_513' title='bbox 1178 4930 1205 4940; x_wconf 94' lang='lat'><em>-</em></span> <span class='ocrx_word' id='word_1_514' title='bbox 1225 4900 1265 4954; x_wconf 81' lang='lat' dir='ltr'><strong>al.</strong></span> <span class='ocrx_word' id='word_1_515' title='bbox 1277 4903 1381 4953; x_wconf 80' lang='lat' dir='ltr'><strong>insidior</strong></span> <span class='ocrx_word' id='word_1_516' title='bbox 1389 4903 1471 4966; x_wconf 76' lang='lat' dir='ltr'><strong>(cotos</strong></span> <span class='ocrx_word' id='word_1_517' title='bbox 1480 4901 1538 4951; x_wconf 87' lang='lat' dir='ltr'><strong>ST:</strong></span> <span class='ocrx_word' id='word_1_518' title='bbox 1555 4899 1622 4962; x_wconf 75' lang='lat' dir='ltr'><strong>focos</strong></span> 
     </span>
     <span class='ocr_line' id='line_1_49' title="bbox 320 4973 1621 5042; baseline -0.003 -14"><span class='ocrx_word' id='word_1_519' title='bbox 320 4977 574 5033; x_wconf 69' lang='lat' dir='ltr'><strong>insidiorltALSO.</strong></span> <span class='ocrx_word' id='word_1_520' title='bbox 590 5005 617 5016; x_wconf 88' lang='lat'><em>-</em></span> <span class='ocrx_word' id='word_1_521' title='bbox 636 4979 754 5042; x_wconf 80' lang='lat' dir='ltr'><strong>diogenen</strong></span> <span class='ocrx_word' id='word_1_522' title='bbox 770 4979 796 5029; x_wconf 89' lang='lat' dir='ltr'><strong>S.</strong></span> <span class='ocrx_word' id='word_1_523' title='bbox 810 5005 837 5014; x_wconf 97' lang='lat'>-</span> <span class='ocrx_word' id='word_1_524' title='bbox 857 4979 963 5029; x_wconf 65' lang='lat' dir='ltr'><strong>idolio</strong></span> <span class='ocrx_word' id='word_1_525' title='bbox 979 4979 1009 5028; x_wconf 82' lang='lat' dir='ltr'><strong>da</strong></span> <span class='ocrx_word' id='word_1_526' title='bbox 1025 4977 1081 5027; x_wconf 83' lang='lat' dir='ltr'><strong>ST:</strong></span> <span class='ocrx_word' id='word_1_527' title='bbox 1100 4977 1130 5027; x_wconf 82' lang='lat' dir='ltr'><strong>dc</strong></span> <span class='ocrx_word' id='word_1_528' title='bbox 1146 4977 1200 5027; x_wconf 65' lang='lat' dir='ltr'><strong>diu</strong></span> <span class='ocrx_word' id='word_1_529' title='bbox 1216 4975 1357 5030; x_wconf 71' lang='lat' dir='ltr'><strong>nando.</strong></span> <span class='ocrx_word' id='word_1_530' title='bbox 1372 5003 1400 5013; x_wconf 96' lang='lat'><em>-</em></span> <span class='ocrx_word' id='word_1_531' title='bbox 1418 4975 1459 5026; x_wconf 89' lang='grc'><strong>36.</strong></span> <span class='ocrx_word' id='word_1_532' title='bbox 1476 4973 1621 5038; x_wconf 59' lang='lat' dir='ltr'><strong>cetumque</strong></span> 
     </span>
     <span class='ocr_line' id='line_1_50' title="bbox 321 5051 1417 5126; baseline -0.004 -20"><span class='ocrx_word' id='word_1_533' title='bbox 321 5053 360 5106; x_wconf 83' lang='lat' dir='ltr'><strong>oio</strong></span> <span class='ocrx_word' id='word_1_534' title='bbox 376 5054 404 5108; x_wconf 89' lang='lat' dir='ltr'><strong>T.</strong></span> <span class='ocrx_word' id='word_1_535' title='bbox 425 5081 451 5091; x_wconf 97' lang='lat'>—</span> <span class='ocrx_word' id='word_1_536' title='bbox 470 5053 525 5126; x_wconf 78' lang='lat' dir='ltr'><strong>aaa]</strong></span> <span class='ocrx_word' id='word_1_537' title='bbox 542 5067 602 5106; x_wconf 72' lang='lat' dir='ltr'><strong>ussa</strong></span> <span class='ocrx_word' id='word_1_538' title='bbox 617 5055 670 5106; x_wconf 79' lang='lat' dir='ltr'><strong>Sl&#39;.</strong></span> <span class='ocrx_word' id='word_1_539' title='bbox 690 5080 717 5090; x_wconf 86' lang='lat'>—</span> <span class='ocrx_word' id='word_1_540' title='bbox 733 5059 814 5120; x_wconf 79' lang='lat' dir='ltr'><strong>posset</strong></span> <span class='ocrx_word' id='word_1_541' title='bbox 829 5054 910 5106; x_wconf 84' lang='lat' dir='ltr'><strong>STF.</strong></span> <span class='ocrx_word' id='word_1_542' title='bbox 930 5079 958 5091; x_wconf 91' lang='lat'>-</span> <span class='ocrx_word' id='word_1_543' title='bbox 977 5053 1017 5106; x_wconf 81' lang='lat'><strong>37.</strong></span> <span class='ocrx_word' id='word_1_544' title='bbox 1035 5065 1092 5106; x_wconf 72' lang='lat' dir='ltr'><strong>aaa</strong></span> <span class='ocrx_word' id='word_1_545' title='bbox 1110 5065 1163 5106; x_wconf 90' lang='lat' dir='ltr'><strong>om.</strong></span> <span class='ocrx_word' id='word_1_546' title='bbox 1181 5051 1295 5104; x_wconf 82' lang='lat' dir='ltr'><strong>Klotzius</strong></span> <span class='ocrx_word' id='word_1_547' title='bbox 1312 5051 1355 5103; x_wconf 89' lang='lat' dir='ltr'><strong>ed.</strong></span> <span class='ocrx_word' id='word_1_548' title='bbox 1373 5051 1417 5103; x_wconf 92' lang='lat' dir='ltr'><strong>alt.</strong></span> 
     </span>
    </p>
   </div>
   <div class='ocr_carea' id='block_1_4' title="bbox 0 0 1794 5862">
    <p class='ocr_par' dir='ltr' id='par_1_4' title="bbox 0 0 1794 5862">
     <span class='ocr_line' id='line_1_51' title="bbox 0 0 1794 5862; baseline 0 0"><span class='ocrx_word' id='word_1_549' title='bbox 0 0 1794 5862; x_wconf 95' lang='lat' dir='ltr'><strong> </strong></span> 
     </span>
    </p>
   </div>
  </div>
 </body>
</html>
