3610 5860
281 360 344 428 too
656 427 659 434 ,
687 363 838 430 ORATIO
860 363 940 480 PliO
961 364 998 430 A.
1021 365 1194 433 CAECINA

280 534 343 599 hoc
363 532 565 596 interdictum
586 538 733 616 putamus
755 555 867 602 eorum
887 557 955 602 esse
978 552 1072 602 causa
1093 535 1316 620 compositum,
1347 535 1403 620 qui
1425 555 1460 600 se
1480 537 1616 618 praeci-

280 629 397 712 pitatos
419 647 459 690 ex
480 627 559 689 locis
581 628 796 710 superioribus
819 630 1016 696 dicerent-
1030 650 1085 695 eos
1108 631 1192 694 enim
1214 650 1287 694 vere
1309 647 1478 712 possumus
1494 628 1611 694 dicere

281 743 350 786 esse
373 722 511 786 deiectos
533 753 592 797 -,
624 742 682 798 an,
700 707 781 802 (cum
802 726 947 790 voluntas
970 734 1002 789 et
1023 725 1189 788 consilium
1210 732 1242 787 et
1264 723 1421 788 sententia
1442 723 1610 787 interdicti

97 805 160 896 td*
280 814 381 892 intelli
404 813 493 903 atur)
511 816 736 899 impudentiam
759 838 912 882 summam
934 825 989 882 aut
1009 818 1173 884 stultitiam
1196 817 1386 900 singularem
1407 817 1609 900 putabimus,

256 908 313 976 tin
342 835 507 973 vellerum
535 929 641 974 errore
668 911 804 988 versari,
840 933 905 975 rem
935 921 967 976 et
994 933 1120 976 causam
1147 919 1179 976 ct
1206 912 1374 976 utilitatem
1401 931 1608 976 communem

279 1024 344 1081 non
365 1002 545 1086 relinquere
566 1004 686 1080 solum,
709 1003 764 1068 sed
787 1007 879 1070 etiam
900 1008 1055 1090 proderet

362 1098 475 1162 XVIII.
505 1093 556 1160 54.
584 1099 633 1160 An
653 1098 713 1163 hoc
737 1099 868 1163 dubium
891 1108 953 1175 est,
985 1103 1062 1184 quin
1084 1120 1189 1186 neque
1212 1101 1378 1166 verborum
1400 1105 1486 1164 tanta
1507 1101 1608 1183 copia

279 1193 406 1258 sitnon
427 1193 521 1256 modo
543 1195 577 1256 in
598 1200 705 1258 nostra
725 1193 848 1277 lingua,
879 1213 961 1278 qliae
983 1194 1097 1258 dicitur
1118 1215 1188 1258 esse
1209 1195 1320 1278 inops,
1342 1194 1400 1258 sed
1421 1215 1461 1259 ne
1483 1196 1517 1258 in
1539 1197 1608 1261 alia

279 1288 407 1374 quidem
428 1288 503 1362 ulla,
524 1305 575 1349 res
597 1292 633 1350 ut
654 1305 763 1350 omnes
786 1289 851 1350 suis
873 1287 966 1350 certis
987 1307 1024 1352 ac
1046 1289 1182 1373 propriis
1204 1289 1366 1354 vocabulis
1389 1291 1606 1365 nominentur,

242 1402 383 1468 teneque
404 1403 480 1447 vern
504 1380 677 1466 quidquam
699 1401 778 1464 opus
800 1383 842 1444 sit
862 1381 985 1458 verbis,
1015 1404 1085 1448 cunr
1107 1404 1145 1446 ca
1167 1405 1233 1458 res,
1262 1385 1351 1448 cuius
1382 1403 1476 1448 causa
1503 1385 1607 1448 verba

148 1489 172 1586 j
248 1464 256 1504 '¹
279 1478 421 1563 quaesita
442 1477 515 1552 sint,
537 1476 750 1558 intelligatur?
779 1447 883 1566 (Quae
908 1474 979 1551 lex,
1013 1476 1098 1564 quod
1128 1485 1255 1542 senatus
1285 1477 1479 1551 consultum,
1511 1477 1606 1561 quod

241 1576 247 1643 i
278 1572 475 1654 magistratus
498 1569 651 1643 edictum,
680 1569 765 1660 qnod
786 1568 899 1633 foedus
922 1577 976 1633 aut
997 1571 1117 1654 pactio,
1148 1555 1253 1655 quod)
1270 1579 1306 1635 ut
1327 1570 1366 1634 ad
1389 1572 1526 1655 privatas
1549 1594 1604 1636 res

246 1648 251 1668 .
277 1653 766 1749 redeam,[testamcntum,iqdae
788 1663 906 1726 iudicia
927 1671 981 1726 aut
1002 1664 1222 1748 stipulationes
1237 1672 1291 1729 aut
1306 1665 1389 1749 pacti
1406 1677 1437 1730 et
1452 1665 1605 1731 conventi

107 1747 191 1876 ,ἀλ
276 1759 411 1824 formula
439 1778 504 1821 non
535 1757 685 1826 infirmari
713 1777 749 1820 ac
777 1757 913 1821 convelli
939 1751 1069 1854 ppt—est)
1088 1761 1114 1822 si
1141 1759 1181 1825 ad
1212 1759 1306 1823 verba
1334 1780 1401 1824 rem
1431 1761 1603 1824 deflectere

240 1855 419 1927 tevelimus,
441 1852 608 1916 consilium
630 1858 735 1916 nutem
758 1872 883 1926 eorum,
905 1851 960 1936 qui
982 1846 1193 1936 scripserunt,=
1212 1859 1244 1916 et
1263 1854 1418 1917 rationem
1439 1865 1470 1918 et
1491 1863 1604 1918 aucto-

276 1950 400 2014 ritatem
421 1947 659 2030 relinquamus?
703 1943 754 2009 52.
768 1939 893 2016 (Sermo
921 1944 1050 2010 hercule
1082 1955 1113 2010 ct
1140 1946 1303 2010 familiaris
1334 1956 1365 2010 et
1394 1948 1602 2032 quotidianus

114 2027 201 2128 ,ἐξ
277 2063 342 2108 non
371 2041 577 2117 cohaerebitp
605 2041 632 2104 si
657 2041 752 2105 verba
778 2042 860 2105 inter
887 2059 946 2103 nos
974 2041 1208 2125 aucupabimur.
1258 2042 1402 2125 Denique
1430 2041 1601 2123 imperium

277 2125 480 2203 domesticum
502 2122 623 2198 nullum
645 2136 721 2212 crit,
754 2137 780 2199 si
802 2133 935 2198 servulis
961 2132 1023 2196 hoc
1051 2135 1167 2198 nostris
1197 2136 1459 2208 concesserimus,
1492 2142 1528 2196 ut
1557 2135 1600 2197 ad

276 2232 373 2295 verba
393 2231 485 2294 nobis
507 2228 666 2304 obediant,
688 2249 753 2292 non
775 2228 815 2292 ad
837 2227 879 2303 id,
903 2230 991 2313 quod
1013 2249 1053 2291 ex
1074 2229 1178 2292 verbis
1200 2227 1334 2312 intelligi
1348 2231 1456 2313 possit,
1477 2229 1602 2292 obtem-

239 2333 396 2411 asperent„
446 2323 609 2408 Exemplis
641 2343 725 2387 nunc
752 2323 799 2386 uti
829 2322 978 2387 videlicet
1013 2322 1091 2386 mihi
1120 2343 1248 2387 necesse
1277 2331 1325 2386 est
1352 2323 1464 2386 harum
1491 2343 1601 2386 rernm

276 2419 430 2485 omniuml
474 2421 543 2483 Non
565 2418 700 2481 occurrit
720 2417 776 2479 uni
798 2417 912 2499 cuique
942 2423 1079 2480 vestrum
1107 2416 1194 2480 aliud
1225 2417 1279 2480 alii
1308 2418 1341 2481 in
1369 2417 1453 2480 omni
1481 2435 1601 2499 genere

277 2514 473 2597 exemplum,
495 2511 582 2593 quod
604 2510 783 2574 testimonio
806 2510 862 2583 sit,
889 2530 953 2573 non
976 2530 1018 2574 ex
1038 2511 1141 2574 verbis
1163 2520 1271 2595 aptum
1293 2510 1431 2596 pendere
1451 2512 1517 2587 ius,
1539 2513 1600 2576 sed

275 2609 370 2672 verba
392 2605 508 2670 servire
528 2603 691 2667 hominum
713 2602 855 2666 consiliis
877 2604 1181 2669 etauctoritatibusl
1212 2602 1263 2668 53.
1286 2606 1404 2669 Ornata
1420 2607 1600 2688 etcopiose

143 2697 167 2806 ζ
275 2703 311 2764 L.
336 2701 474 2773 Crassus,
494 2698 590 2761 homo
613 2698 706 2782 longe
729 2696 1017 2780 eloquentissimus,
1040 2697 1134 2780 paulo
1157 2707 1229 2762 ante
1252 2719 1347 2783 quam
1362 2720 1418 2764 nos
1440 2702 1472 2764 in
1491 2699 1600 2764 lorum

238 2795 436 2868 tovenimus,
469 2779 588 2856 iudi‘cio
611 2789 827 2856 centumvirali
848 2788 929 2852 hanc
956 2792 1142 2856 sententiam
1165 2792 1304 2856 defendit
1325 2801 1357 2858 et
1383 2793 1490 2869 facile,
1522 2815 1600 2857 cum

152 2889 174 2992 ί
277 2895 387 2952 contra
408 2906 481 2950 eum
502 2884 764 2970 prudentissimus
785 2883 891 2959 horno,
914 2883 953 2960 Q.
963 2884 1100 2964 Mucius,
1123 2885 1251 2962 diceret,
1273 2887 1416 2970 probavit
1437 2887 1598 2964 omnihus,

276 2984 326 3048 Μ’.
350 2983 494 3056 Curium,
524 2981 578 3063 qui
599 2980 692 3044 heres
713 2978 874 3042 institutus
897 2986 981 3042 esset
1006 2979 1068 3054 ita,
1096 2988 1217 3045 mortuo
1240 2988 1386 3063 postumo
1415 2977 1494 3055 filio,
1522 3002 1598 3044 cum

275 3076 359 3140 filius
381 3095 446 3140 non
468 3074 562 3137 modo
591 3094 657 3137 non
685 3079 844 3147 mortuus,
878 3072 934 3135 scd
962 3093 1002 3136 ne
1032 3080 1124 3137 uatus
1154 3073 1282 3158 quidem
1315 3082 1413 3149 esset,
1444 3074 1597 3139 heredem

275 3191 345 3236 esse
376 3175 529 3252 oportere.
574 3166 681 3244 Qnid‘i
716 3167 821 3230 verbis
849 3166 909 3232 hoo
939 3168 1014 3232 satis
1046 3175 1113 3232 erat
1140 3172 1288 3233 cautum?
1322 3169 1462 3234 Minime.
1506 3170 1596 3246 Quae

236 3285 325 3334 sores
346 3265 442 3348 igitur
462 3263 583 3327 valuit?
605 3260 775 3334 Voluntas,
798 3281 879 3345 quae
902 3262 928 3326 si
950 3263 1053 3326 tacitis
1074 3263 1167 3326 nobis
1189 3263 1323 3346 intelligi
1344 3273 1467 3346 posset,
1489 3265 1594 3329 verbis

274 3361 403 3428 omnino
425 3379 488 3422 non
509 3365 683 3422 uteremur:
714 3355 875 3439 quianon
895 3363 1016 3440 potest,
1047 3357 1142 3422 verba
1163 3363 1287 3439 reperta
1308 3364 1397 3433 sunt,
1425 3378 1490 3422 nnn
1510 3378 1594 3441 quae

273 3455 478 3540 impedirent,
509 3451 565 3517 sed
595 3470 676 3534 quae
705 3449 881 3513 indicarent
901 3451 1106 3514 voluntatem.
1149 3451 1235 3513 xlx.
1266 3447 1317 3512 5l.
1347 3451 1413 3513 Lex
1441 3471 1532 3515 usum
1562 3459 1596 3516 ct

273 3549 491 3614 auctoritatem
511 3546 603 3610 fundi
624 3546 713 3609 iubet
734 3563 804 3607 esse
825 3543 1005 3608 biennium:
1036 3552 1068 3608 at
1088 3545 1207 3608 utimur
1229 3544 1341 3609 codem
1363 3545 1431 3608 iure
1453 3546 1486 3608 in
1507 3546 1595 3609 acdi-

272 3645 348 3721 bus‚
371 3639 508 3729 quae'in
528 3642 598 3725 lege
621 3659 684 3704 non
702 3638 912 3722 appellantur.
935 3639 969 3702 Si
985 3639 1036 3702 via
1050 3640 1089 3702 sit
1104 3639 1284 3714 immunita,
1305 3638 1408 3714 iubet,
1430 3659 1494 3722 qua
1507 3639 1594 3714 velit,

233 3738 580 3820 soagerciumentum:
608 3741 714 3818 potest
734 3733 795 3795 hoc
818 3751 858 3794 cx
885 3732 963 3816 ipsis
985 3733 1091 3796 verbis
1112 3733 1264 3815 intelligi,
1294 3732 1404 3809 licere,
1432 3733 1459 3796 si
1480 3735 1595 3798 vineit

272 3834 305 3896 in
319 3825 439 3896 Brittiis
453 3829 629 3904 immunita,
651 3846 755 3911 agere,
778 3825 805 3890 si
820 3826 906 3902 velit,
927 3827 1100 3891 iumentum
1115 3845 1173 3911 per
1187 3829 1227 3890 ll.
1244 3827 1354 3891 Scauri
1368 3826 1593 3892 Tusculanum.

337 4033 361 4086 t.
380 4046 414 4084 nc
430 4045 487 4084 caen
503 4029 571 4084 tin:
598 4044 633 4080 cn
647 4043 699 4081 noc
713 4043 771 4080 eum
787 4041 849 4080 cum
865 4028 967 4080 Iuntina
986 4029 1005 4080 1.
1018 4024 1035 4080 t
1051 4030 1085 4091 0,
1111 4029 1139 4080 ln
1161 4028 1257 4093 quibus
1279 4028 1346 4080 haec
1361 4029 1444 4080 rerba
1460 4032 1557 4094 puncto
1574 4044 1592 4082 a

270 4108 452 4178 superioribus
468 4106 586 4158 seiuncta
603 4107 673 4158 sunt.
693 4103 732 4156 Ct.
749 4103 878 4155 Klotzium
895 4104 938 4155 ed.
956 4118 996 4169 pr.
1015 4104 1098 4168 praet.
1117 4118 1142 4169 p.
1155 4103 1242 4156 XXIV.
1258 4130 1284 4142 -
1298 4103 1322 4155 4.
1340 4105 1513 4169 leudegiselus
1529 4105 1592 4168 (non

269 4183 450 4250 intelligenter)
467 4183 495 4233 T.
515 4209 543 4219 -
561 4183 586 4232 t.
603 4181 711 4234 uersnri.
730 4181 790 4231 ltcm
806 4182 833 4232 T.
845 4207 872 4217 -
886 4181 926 4232 40.
943 4181 1014 4231 cuius
1032 4192 1085 4230 om.
1104 4179 1132 4230 Τ.
1147 4205 1174 4217 -
1187 4179 1226 4229 43.
1245 4183 1268 4230 ct
1284 4177 1381 4232 delevit
1397 4183 1424 4242 L,
1442 4175 1549 4232 seclusit
1559 4179 1590 4230 0.

271 4265 310 4316 Cl.
328 4261 363 4313 od
380 4261 430 4310 lo.
447 4256 491 4307 Vl.
511 4255 535 4318 3,
554 4257 578 4307 4.
599 4281 624 4296 -
647 4254 686 4307 lt.
706 4253 745 4319 ao]
763 4259 809 4305 atet
823 4253 971 4317 detenti.
991 4255 1028 4308 Cl.
1043 4255 1117 4320 §.id
1131 4256 1210 4306 -ltt
1228 4267 1314 4308 cortun
1331 4269 1383 4307 om.
1402 4258 1429 4308 T.
1442 4255 1593 4307 -lddcr-

269 4336 330 4402 cute]
346 4331 484 4386 mehercule
499 4327 676 4391 bosseto.
697 4356 724 4368 -
743 4335 766 4381 et
783 4333 843 4382 ante
859 4346 885 4383 v.
902 4332 1038 4397 [mitioris
1054 4344 1107 4381 om.
1126 4331 1154 4381 T.
1167 4357 1195 4368 ·-
1207 4329 1347 4382 cotidianus
1362 4331 1390 4382 T.
1403 4359 1430 4368 -
1443 4331 1484 4381 48.
1501 4332 1593 4381 cosm

269 4427 323 4465 om.
336 4413 365 4462 T.
395 4407 501 4473 (Deerat
517 4407 585 4457 haec
601 4406 714 4456 varietas
734 4405 761 4456 in
772 4407 819 4456 Th.
832 4405 999 4458 Mommsenii
1010 4403 1134 4468 schedis.)
1146 4431 1174 4443 -
1188 4405 1227 4455 49.
1241 4410 1405 4469 opternpcrcnt
1414 4405 1442 4456 T.
1461 4405 1499 4456 Cl.
1513 4405 1536 4469 5.
1548 4405 1587 4455 40.

269 4514 298 4527 -
317 4487 359 4538 99.
377 4482 509 4547 quodquod
525 4482 553 4532 T.
568 4507 595 4517 -
614 4486 701 4544 aptum
717 4481 849 4547 ETpr
863 4485 891 4534 et
906 4483 939 4532 0:
958 4485 1042 4532 actum
1058 4477 1317 4544 aemqtadetd;
1335 4487 1413 4532 totwn
1428 4475 1543 4532 keini.
1559 4505 1586 4516 -

268 4565 309 4616 95.
322 4556 500 4612 cmtmnuirolo
516 4557 545 4606 T.
557 4582 584 4592 -
603 4557 644 4608 96.
658 4555 698 4622 0.]
712 4557 812 4619 quintus
820 4557 848 4608 E.
863 4583 890 4593 -
909 4556 950 4606 27.
968 4555 1024 4620 Ml}
1043 4555 1087 4606 dl.
1106 4553 1256 4620 Eelrmpt
1272 4558 1298 4607 et
1314 4556 1343 4607 l.
1362 4557 1400 4608 De
1412 4557 1431 4608 T
1442 4555 1589 4608 Harlessius

268 4636 336 4690 silet.
357 4663 383 4673 -
402 4632 443 4683 28.
461 4631 529 4693 essct]
547 4643 597 4681 esso
610 4623 641 4682 T.
670 4629 744 4682 Falso
762 4631 796 4682 ad
811 4645 839 4682 r.
856 4631 897 4683 27.
915 4631 984 4681 hanc
1000 4627 1142 4680 lectionem
1159 4628 1259 4680 rettulit
1275 4630 1411 4684 lordanus.
1432 4659 1460 4669 -
1480 4632 1522 4683 99.
1539 4643 1588 4681 esse

268 4725 322 4765 om.
340 4711 368 4762 T.
388 4734 417 4746 -
434 4707 479 4758 noc
499 4707 562 4756 sutis
581 4711 636 4756 erat
655 4711 757 4756 coctum
777 4706 841 4758 ET:
864 4707 909 4758 loc
929 4711 1031 4756 nemum
1052 4705 1112 4754 satis
1131 4710 1187 4754 erat
1205 4707 1236 4766 k;
1263 4707 1323 4757 satis
1342 4708 1387 4758 hnc
1412 4712 1512 4758 caotmn
1533 4710 1589 4756 erat

266 4781 429 4840 444440.
448 4807 477 4820 -
497 4780 537 4833 30.
559 4781 647 4846 posset]
666 4781 744 4843 possit
765 4782 793 4832 T.
814 4807 841 4818 -
860 4781 900 4832 39.
922 4793 994 4830 usum
1014 4780 1187 4830 auctoritatem
1210 4781 1271 4842 [om.
1289 4780 1322 4846 et)
1342 4783 1503 4833 Hotomanus
1526 4777 1586 4830 coll.

267 4861 356 4927 Toplc.
375 4871 399 4910 c.
417 4855 442 4910 l.
461 4882 489 4893 -
508 4855 548 4907 33.
566 4856 606 4921 44]
623 4861 647 4906 ct
662 4853 894 4933 ampqtgictm
920 4869 951 4906 oc
967 4869 1026 4914 en;
1051 4858 1080 4904 ot
1096 4856 1125 4906 G.
1144 4881 1171 4890 —
1191 4853 1426 4919 temperaturis
1449 4853 1586 4918 (Freundio

266 4935 343 4998 teste)
361 4935 389 4984 T.
411 4958 438 4968 -
457 4931 497 4983 35.
516 4943 550 4982 ox
568 4931 628 4994 ipsis
645 4930 706 4995 (non
720 4931 797 4996 ipsiis)
813 4929 894 4981 uerbis
912 4931 949 4980 T:
975 4942 1028 4978 om.
1046 4929 1106 4992 ipsis
1124 4928 1268 4983 uncto,
1294 4958 1320 4966 -
1347 4931 1388 4982 36.
1406 4932 1501 4982 Brittiis
1523 4932 1586 4994 (non

267 5009 354 5074 biitits)
375 5009 408 5060 T:
431 5007 528 5069 mitiis
549 5008 584 5068 E;
608 5005 701 5056 brictiis
716 4997 846 5071 aptipr.
861 5004 921 5069 m.);
945 5003 1023 5056 mis
1045 5019 1077 5068 ας
1101 5005 1206 5057 Bnrttiis
1226 5004 1369 5062 eluto.
1396 5005 1435 5060 Cl.
1453 5007 1535 5058 lusor.
1553 5005 1584 5058 li.
1669 4999 1672 5006 ’

266 5085 349 5151 Neep.
367 5096 395 5150 p.
412 5079 470 5134 lte.
494 5079 541 5134 lul.
559 5079 627 5136 Tlor.
645 5079 688 5134 cd.
706 5079 814 5204 lawr.
832 5080 873 5132 m.
892 5092 917 5133 v.
936 5078 977 5131 43.
1013 5091 1017 5102 ·

728 5198 773 5266 *l

700 5317 705 5325 r
747 5307 757 5330 Ι

603 5343 612 5358 ι
682 5344 684 5352 ¹
725 5325 737 5347 ι’
