3642 5862
282 416 345 486 378
652 421 695 486 let
716 419 884 488 VERREM
904 420 1028 488 aceio
1051 423 1239 490 sedentes

282 591 401 676 optime
423 589 638 668 convenissem
659 591 744 656 huuc
764 590 886 656 homini
907 593 1097 660 alienissimo
1113 593 1322 660 scisitatileus
1336 594 1534 664 lauda-tiones
1548 620 1608 684 per

282 685 345 748 vim
368 692 400 748 et
420 692 537 750 metum
560 706 752 770 comparare.
796 681 868 749 448.
892 687 985 764 Quod
1015 688 1069 753 uhi
1090 687 1235 752 intellexi
1257 689 1389 753 multum
1411 691 1494 775 apud
1516 692 1606 757 illum

280 786 425 844 recentes
452 779 599 855 nuntios,
626 779 758 844 multum
788 779 919 844 tabellas
941 801 1006 844 nou
1028 782 1319 858 commendaticias,
1349 784 1406 848 sed
1427 787 1606 852 tribulerias

281 872 433 948 valuisse,
455 873 617 939 admonitu
637 876 775 959 ipsorum
795 875 1061 960 Syracusanorum
1083 876 1235 959 impetum
1256 877 1289 939 in
1310 897 1363 942 eas
1377 879 1499 944 tabulas
1513 882 1605 962 facio,

258 967 315 1031 sin
340 965 455 1050 quibus
477 975 605 1032 senatus
628 967 806 1032 consultum
827 969 1085 1054 perscripserant.
1115 972 1197 1035 Ecce
1218 979 1324 1035 autem
1345 993 1427 1038 nova
1447 975 1538 1038 turba
1558 984 1605 1040 at·

281 1081 345 1146 que
365 1062 450 1136 rixa,
472 1082 513 1126 ue
535 1070 640 1125 tamen
662 1061 759 1126 istum
780 1063 909 1126 omnino
926 1063 1088 1146 Syracusis
1104 1064 1172 1128 sine
1187 1066 1311 1141 amicis,
1334 1066 1404 1130 siue
1417 1068 1604 1155 hospitibus,

280 1157 374 1242 plane
395 1157 517 1222 nudum
539 1176 609 1220 esse
632 1175 668 1219 ac
682 1157 840 1221 desertum
862 1158 997 1240 putetis:
1019 1159 1153 1222 retinere
1169 1159 1278 1244 incipit
1292 1159 1413 1226 tabulas
1429 1162 1604 1228 Theomna-

158 1219 188 1330 ί
281 1259 348 1318 stus
370 1252 516 1336 quidam,
544 1249 639 1315 homo
660 1251 793 1314 ridicule
815 1251 962 1329 insanus,
991 1272 1086 1340 ‘1qu
1109 1252 1297 1336 Syracusani
1319 1254 1529 1322 Theoractum
1549 1278 1604 1322 vo-

281 1353 370 1423 cant;
401 1346 456 1430 qui
478 1344 543 1408 illic
566 1347 634 1408 eius
656 1345 741 1408 modi
762 1352 824 1420 est,
854 1353 889 1409 ut
911 1365 983 1408 eum
1004 1347 1095 1430 pueri
1117 1353 1293 1424 sectentur,
1323 1356 1358 1413 ut
1379 1369 1504 1426 omnes,
1534 1373 1604 1417 cum

246 1441 371 1524 telequi
402 1441 523 1524 coepit,
554 1435 716 1504 irrideant.
758 1438 861 1503 Huius
889 1447 994 1504 tamen
1023 1441 1163 1516 insania,
1196 1460 1277 1525 quae
1299 1441 1433 1506 ridicula
1455 1451 1503 1508 est
1524 1445 1604 1522 aliis,

280 1535 360 1600 mihi
387 1541 454 1600 tum
481 1533 615 1597 molesta
642 1552 719 1596 sane
744 1532 814 1597 fuit.
857 1535 935 1598 Nam
966 1556 1036 1599 cum
1065 1555 1193 1619 spumas
1220 1544 1327 1621 ageret
1348 1536 1382 1600 in
1404 1556 1476 1614 ene,
1504 1539 1605 1604 oculis

281 1628 420 1703 arderet,
441 1647 519 1692 voce
541 1628 678 1692 maxima
698 1626 762 1691 vim
785 1648 835 1692 me
856 1627 918 1692 silii
939 1629 1051 1694 afferre
1073 1630 1239 1706 clamaret,
1262 1631 1401 1717 copulati
1423 1632 1455 1694 in
1470 1633 1519 1696 ius
1533 1655 1605 1718 per-

280 1724 434 1790 venimus.
478 1718 551 1785 449.
581 1721 640 1784 llic
669 1740 728 1806 ego
757 1722 917 1806 postulare
939 1723 1050 1808 coepi,
1077 1732 1113 1788 ut
1133 1723 1211 1789 mihi
1233 1726 1358 1790 tabulas
1380 1727 1545 1812 obsignare
1566 1749 1605 1794 ae

282 1817 448 1903 deportare
477 1816 596 1880 liceret.
640 1815 696 1878 llle
725 1817 975 1881 contradicere:
1004 1837 1119 1900 negare
1141 1837 1211 1882 esse
1232 1818 1310 1884 illud
1332 1828 1459 1884 senatus
1481 1822 1605 1886 consrnl·

242 1920 363 1988 tetum,
394 1911 429 1974 in
460 1931 524 1994 quo
554 1917 680 1994 praetor
709 1910 885 1995 appellatus
912 1917 1011 1987 esset3
1045 1931 1161 1994 negare
1189 1911 1223 1975 id
1243 1913 1321 1976 mihi
1347 1913 1427 1977 tradi
1449 1925 1603 1999 oportere.

279 2007 348 2091 Ego
368 2003 472 2090 legem
493 2005 641 2080 recitare,
664 2005 806 2068 omnium
827 2003 905 2068 mihi
927 2005 1105 2069 tabularum
1127 2012 1158 2068 et
1178 2006 1352 2070 litterarum
1374 2006 1444 2072 fieri
1466 2017 1605 2093 poteste-

281 2110 354 2167 tem.
396 2099 454 2162 llle
476 2098 614 2162 furiosus
635 2118 764 2182 urgere,
793 2098 874 2162 nihil
895 2097 935 2162 ad
958 2119 992 2162 se
1013 2106 1138 2162 nostras
1160 2099 1246 2182 leges
1266 2101 1436 2185 pertinere.
1478 2106 1605 2170 Praetor

279 2194 460 2278 intelligens
482 2211 598 2276 negare
620 2192 681 2256 sibi
703 2191 845 2275 placere,
867 2191 952 2276 quod
975 2195 1301 2258 senatusconsultum
1323 2202 1425 2258 ratum
1447 2217 1516 2261 essc
1538 2220 1604 2262 nen

281 2289 423 2363 deberet,
444 2286 549 2351 idme
570 2289 700 2350 Romam
723 2285 900 2370 deportare.
932 2285 1017 2363 Quid
1032 2287 1156 2352 multat
1178 2287 1470 2354 nisivehcmentius
1484 2290 1603 2356 homiui

241 2385 417 2449 teminatus
439 2401 558 2458 essem,
586 2381 649 2445 nisi
672 2381 750 2464 legis
772 2382 966 2446 sanctionem
986 2401 1186 2466 poenamque
1207 2381 1406 2459 recitassem,
1427 2385 1604 2450 tabularum

279 2477 357 2542 miei
386 2482 526 2562 potestas
554 2475 637 2540 lacta
664 2495 729 2539 non
751 2482 843 2540 esset.
887 2475 945 2541 Ille
966 2485 1072 2541 autem
1090 2477 1240 2551 insanus,
1272 2478 1328 2560 qui
1349 2498 1408 2561 pro
1429 2478 1490 2544 isto
1510 2480 1605 2545 vehe-

277 2571 471 2636 mentissime
493 2577 604 2635 oontm
623 2590 674 2633 me
695 2569 919 2646 declamasset,
941 2578 1111 2656 postquam
1132 2588 1196 2636 non
1217 2571 1413 2654 impetrauit,
1436 2573 1546 2650 credo,
1568 2581 1605 2640 ut

277 2667 311 2730 in
335 2665 466 2749 gratiam
487 2684 611 2728 mecum
632 2664 767 2740 rediret,
796 2664 939 2728 libellum
960 2665 1038 2730 milii
1060 2665 1129 2742 dat,
1152 2665 1186 2728 in
1208 2685 1271 2750 quo
1292 2664 1385 2728 istius
1406 2665 1490 2730 furta
1511 2667 1605 2752 Syra·

279 2778 398 2824 cusana
418 2759 593 2842 perscripta
614 2766 714 2833 erant,
736 2779 817 2844 quae
839 2779 898 2843 ego
919 2766 1013 2823 antea
1033 2759 1096 2824 iam
1117 2759 1156 2823 ab
1179 2759 1249 2823 aliis
1271 2778 1440 2842 cognoram
1461 2767 1495 2826 et
1515 2782 1605 2828 acce·

239 2863 397 2937 ceperam.
440 2853 567 2916 LXVII.
588 2848 660 2917 450.
682 2853 827 2917 Laudent
848 2860 879 2917 tc
901 2854 963 2917 iam
985 2849 1062 2918 sane
1082 2854 1276 2930 Mamertini,
1304 2856 1455 2938 quoniam
1476 2877 1516 2922 ex
1537 2864 1604 2923 tota

278 2946 442 3032 provincia
464 2947 525 3012 soli
547 2955 635 3023 sunt,
660 2948 715 3033 qui
737 2955 769 3011 te
790 2948 911 3013 salvum
934 2949 1048 3024 velint,
1078 2950 1121 3012 ita
1142 2956 1248 3012 tamen
1269 2947 1415 3027 laudent,
1436 2957 1472 3015 ut
1492 2952 1603 3030 Heius,

279 3041 336 3126 qui
356 3040 502 3127 princeps
523 3040 691 3126 legationis
713 3049 778 3118 est,
812 3041 910 3119 adsit;
943 3044 987 3107 ita
1015 3041 1160 3118 laudent,
1192 3051 1229 3107 ut
1250 3043 1289 3106 ad
1313 3063 1367 3117 ea,
1400 3064 1481 3129 quae
1502 3049 1603 3130 rogati
1650 3045 1653 3052 ⁴

279 3315 407 3379 cleptim
423 3316 457 3378 4.,
477 3315 581 3379 etpost
598 3327 660 3364 cum
677 3312 765 3366 Halm:
788 3327 813 3377 q.
832 3315 922 3379 optimc
937 3315 968 3366 ei.
997 3340 1024 3352 -·
1050 3315 1074 3366 4.
1091 3313 1148 3364 haic
1164 3311 1257 3362 tomiai
1273 3313 1318 3362 443.
1339 3339 1366 3350 -
1385 3311 1409 3362 2.
1428 3315 1496 3376 opere
1511 3313 1565 3365 iiior
1582 3315 1603 3368 44

279 3389 311 3440 Gi
326 3389 351 3440 2.
366 3415 394 3427 -
413 3389 437 3439 3.
449 3391 554 3440 recoctis
564 3389 593 3440 li.
609 3415 635 3425 -
655 3388 752 3439 uectae
763 3391 795 3440 Gl
811 3389 876 3441 dett.
889 3391 917 3441 O.
934 3418 960 3428 —
980 3389 1003 3442 4.
1022 3389 1111 3452 Sarac.
1124 3390 1236 3451 ipsoram
1246 3384 1262 3437 λ
1274 3386 1336 3447 l.d.;
1354 3387 1443 3449 syrac.
1458 3401 1510 3440 om.
1523 3389 1601 3453 4329.

280 3491 308 3502 -
327 3466 351 3515 t.
370 3464 397 3515 S.
417 3464 444 3516 C.
458 3466 659 3529 perscripserunt
674 3465 694 3515 44
707 3462 723 3514 λ
735 3466 767 3514 Gi
797 3465 889 3528 (Madv.
908 3477 934 3530 p.
953 3465 992 3516 96.
1012 3467 1058 3530 Op.
1077 3466 1096 3514 l.
1116 3477 1142 3529 p.
1160 3463 1241 3527 36444
1262 3463 1290 3514 S.
1309 3462 1336 3515 0.
1353 3467 1549 3526 perso-ipsomet
1564 3465 1602 3515 442

278 3538 340 3600 Ld.;
357 3539 441 3604 sieilia
452 3540 596 3602 perscripto
612 3543 685 3590 ncne
702 3541 795 3604 Lagg.;
812 3539 1024 3592 smotrecoocaite
1036 3539 1179 3602 perscripto
1194 3543 1267 3589 erem
1283 3538 1312 3589 0.
1328 3565 1355 3576 -·
1374 3539 1397 3590 e.
1415 3539 1486 3588 rico.
1505 3537 1543 3589 Ne
1559 3543 1602 3590 te·

277 3629 335 3668 meo
351 3628 410 3680 sqq.
424 3615 453 3666 0.
471 3617 504 3666 444
520 3615 554 3666 cl.
570 3613 595 3679 5.
609 3615 649 3666 42.
669 3627 715 3666 «nc
731 3629 803 3678 quem
816 3617 923 3678 putetis»
941 3627 1000 3680 sqq.
1015 3614 1108 3663 -eine
1124 3613 1211 3664 amice
1227 3625 1281 3666 om.
1300 3612 1377 3678 lagg.
1396 3615 1503 3677 praeter
1518 3612 1560 3664 29.
1572 3639 1600 3652 -

277 3691 302 3742 ’4.
321 3704 381 3741 soce
396 3691 491 3740 nudem
508 3690 585 3754 Lgiii.
605 3715 632 3725 —
651 3690 739 3753 incipit
754 3690 803 3753 443,
821 3688 851 3741 i:
869 3691 948 3754 coepit
964 3690 1029 3742 dett.
1047 3690 1077 3740 0.
1097 3715 1124 3726 -
1144 3689 1183 3739 40.
1202 3687 1281 3751 coepit
1297 3687 1351 3738 ite:
1370 3689 1477 3750 coeperit
1493 3687 1558 3738 dett.
1570 3689 1599 3740 0.

280 3791 308 3802 -
327 3765 452 3815 inrideant
468 3766 497 3816 44.
517 3788 545 3802 -
564 3769 599 3816 ert
615 3776 668 3815 om.
687 3766 766 3829 Lagg.
785 3765 850 3816 dett.
870 3793 898 3802 -
918 3766 958 3816 44.
975 3777 1074 3816 emmer
1089 3765 1118 3814 44.
1133 3789 1161 3800 -
1179 3763 1256 3814 ocutis
1272 3761 1446 3814 mosaice
1464 3763 1505 3827 (ci.
1518 3765 1600 3816 Tacit.

277 3843 345 3892 lun.
363 3839 427 3890 XVI.
440 3839 504 3903 ²9d²
524 3852 560 3890 oc.
576 3838 693 3920 ordoept
710 3839 765 3903 (sic)
783 3841 816 3900 113
834 3840 951 3892 arderent
967 3841 1032 3892 oculi
1048 3841 1113 3893 dett.
1132 3842 1162 3892 Ο.
1182 3867 1208 3877 -
1231 3841 1271 3892 42.
1289 3841 1389 3904 werre
1406 3843 1435 3893 44.
1455 3867 1482 3877 -
1503 3841 1542 3893 44.
1561 3841 1602 3894 iiie

277 3937 367 3984 contro
377 3937 567 3996 --peteetotcm
581 3933 619 3984 443
630 3930 647 3983 4
659 3934 688 3995 C,
707 3931 722 3984 4
740 3934 811 3984 Parc.
830 3932 907 3984 Lali:
929 3935 970 3986 iiic
985 3940 1074 3986 contro
1092 3935 1198 3985 recitare
1214 3933 1324 3984 onmium
1339 3934 1400 3984 miii
1416 3933 1560 3986 wiciorum
1576 3939 1601 3986 et

277 4007 419 4058 merorem
427 4007 484 4072 fleti
492 4013 638 4071 potestatem
649 4013 763 4071 oportere
774 4009 918 4073 Laggdett.
937 4011 966 4060 ln
978 4012 1010 4062 Gt
1026 4023 1091 4061 om:
1110 4011 1172 4060 iliud
1183 4015 1261 4062 rotet.
1274 4037 1311 4047 --
1321 4024 1427 4074 aepore3
1441 4010 1515 4060 addit
1525 4025 1601 4074 opor·

277 4089 329 4135 tere
340 4085 400 4148 post
408 4087 554 4146 potestatem
565 4086 584 4134 0
597 4082 692 4148 [recte;
710 4096 737 4134 u.
749 4081 810 4134 lect.
824 4084 916 4150 4329];
934 4085 1018 4136 iubere
1034 4087 1095 4137 ente
1107 4087 1217 4136 manium
1228 4085 1400 4137 inserendum
1411 4089 1504 4138 censet
1514 4085 1598 4138 Halm.

277 4161 311 4210 ,44
322 4161 362 4210 est
377 4159 404 4210 li.
417 4157 434 4209 4.
446 4156 655 4224 breviloquentia
669 4159 803 4223 quaedam
820 4159 845 4210 in
860 4162 977 4211 oratione
994 4163 1049 4212 mm
1066 4161 1196 4212 concitata
1213 4173 1266 4211 non
1283 4162 1380 4226 inepta.
1406 4163 1472 4214 Nam
1489 4163 1518 4212 ut
1534 4161 1601 4213 intra

276 4249 354 4301 arpeo
367 4248 391 4286 c.
406 4233 505 4285 intest
521 4234 710 4285 «vehementer
727 4233 884 4297 contendo»,
902 4237 940 4288 sic
952 4236 978 4286 li.
992 4234 1009 4287 l.
1027 4236 1104 4302 epau
1120 4237 1196 4286 recito
1206 4235 1279 4288 idem
1290 4235 1362 4302 qnod
1380 4235 1453 4301 alege
1465 4236 1600 4288 recitando

277 4324 300 4363 s.
313 4309 414 4374 exlege
432 4309 501 4370 dico,
519 4307 649 4374 postulo».
670 4309 740 4374 [Lag.
752 4311 793 4369 29,
812 4309 846 4360 de
864 4324 917 4375 quo
933 4313 960 4363 Z.
980 4315 1062 4373 tacet,
1080 4310 1169 4363 locum
1186 4311 1213 4362 in
1229 4309 1286 4362 rell.
1299 4313 1377 4377 lagg.
1390 4309 1545 4364 lacunosum
1562 4313 1600 4364 sie

278 4387 407 4451 scriptum
428 4383 526 4435 habet:
552 4385 593 4436 ille
609 4390 698 4436 contre
714 4386 794 4436 dicere
812 4398 905 4450 cepere
921 4391 979 4436 esset
995 4387 1057 4436 iilud
1072 4386 1099 4437 S.
1118 4387 1145 4438 0.
1163 4388 1190 4438 ic
1206 4399 1254 4450 quo
1267 4392 1373 4449 preater
1389 4385 1527 4450 appellatae
1543 4389 1602 4436 esse

277 4464 304 4514 id
319 4475 413 4527 ocyore
428 4461 488 4511 44444
505 4462 573 4512 erodi
589 4468 709 4525 oportere.
737 4475 782 4526 eqo
801 4465 854 4512 tom
875 4461 939 4524 lenes
952 4462 1060 4512 recitare
1076 4462 1186 4512 omnium
1201 4461 1261 4512 44444
1278 4467 1296 4512 t.
1314 4466 1338 4512 et
1352 4461 1370 4512 4.
1387 4459 1443 4526 βω·
1458 4465 1602 4523 potestatem

277 4536 409 4602 oportere]
436 4562 464 4572 -
493 4536 533 4588 li.
550 4541 640 4586 contro
662 4536 704 4587 iiis
718 4537 770 4600 tarr.
789 4537 825 4588 St.
854 4564 881 4573 -
908 4537 948 4588 20.
967 4536 1027 4600 lepis
1042 4536 1079 4589 443
1090 4535 1125 4587 t:
1154 4537 1218 4602 lepos
1234 4537 1315 4600 ι329;
1341 4537 1423 4601 icquar
1440 4533 1503 4586 dett.
1522 4535 1551 4587 0.
1572 4562 1598 4572 -

254 4645 256 4650 .
277 4615 318 4665 22.
337 4617 426 4664 cocere
440 4624 480 4663 mc
495 4611 587 4664 celan.
605 4614 683 4678 Lagg.
698 4612 762 4663 dett.
776 4613 805 4664 0.
820 4641 847 4650 -
866 4611 1037 4675 inpetrooirset
1052 4611 1097 4663 443.
1125 4610 1177 4663 Sed
1194 4612 1221 4663 li.
1233 4609 1250 4662 l.
1264 4608 1335 4664 nulla
1350 4625 1461 4677 prorsus
1472 4612 1538 4662 ratio
1550 4611 1599 4674 est,

278 4702 330 4754 qua
347 4688 416 4740 coni.
435 4685 686 4752 plusquamperfecti
704 4687 810 4740 delendi
826 4691 899 4739 recte
916 4687 1007 4753 possit.
1034 4686 1073 4738 Cl.
1092 4685 1177 4738 Halm.
1191 4687 1225 4740 nd
1242 4688 1394 4752 Pompeiae.
1413 4687 1437 4752 5.
1451 4689 1490 4740 40.
1510 4685 1602 4739 Libra-

277 4764 347 4815 rium
371 4763 399 4814 in
424 4775 544 4814 errorem
567 4762 668 4814 induxit
688 4763 855 4829 praecedens
871 4763 1042 4824 declamasset,
1070 4761 1130 4813 talia
1146 4761 1188 4813 vel
1206 4763 1232 4814 in
1250 4763 1354 4828 optimis
1372 4761 1450 4814 cedd.
1468 4761 1601 4814 interdum

277 4839 454 4890 inveniuntur.
476 4865 503 4873 -
521 4835 562 4890 24.
582 4842 657 4889 acuo
673 4839 725 4888 iem
741 4838 773 4889 ot
790 4839 847 4889 eliis
862 4840 898 4890 a:
918 4839 971 4888 iem
988 4843 1063 4889 acteo
1079 4838 1111 4889 oe
1127 4837 1185 4888 aliie
1196 4837 1244 4899 G3;
1264 4843 1340 4890 antec
1355 4839 1408 4891 tom
1423 4839 1455 4890 oe
1469 4839 1518 4889 iilis
1534 4837 1599 4889 dett.

278 4915 308 4966 0.
326 4915 480 4978 [acceptam
496 4912 639 4965 lectionem
655 4925 705 4964 nos
721 4913 896 4975 restituimus,
915 4914 1040 4978 qnoniam
1058 4914 1214 4965 aBursiaoo
1226 4913 1341 4978 primum
1353 4927 1385 4964 er
1396 4915 1416 4964 44
1427 4911 1527 4978 prolata
1540 4911 1599 4978 est]

281 5016 307 5026 -
326 4991 368 5042 24.
386 5002 447 5040 eece
461 4989 515 5040 iem
530 4988 608 5052 lagg.
627 4991 734 5053 praeter
749 4989 796 5050 29,
814 4990 844 5040 0.
865 5015 892 5025 —
911 4990 1029 5052 qoooiom
1047 4989 1097 5051 443,
1116 4988 1176 5040 cod.
1190 4987 1305 5040 Turnebi
1320 4988 1387 5040 Adv.
1405 4988 1470 5039 Vlll.
1485 4988 1536 5040 42.;
1558 4987 1600 5050 qai

280 5064 345 5116 dett.
365 5064 393 5115 0.
414 5089 442 5102 -
460 5063 520 5130 tote]
538 5068 612 5114 tecto
628 5061 736 5115 detto.
751 5093 779 5103 -
797 5065 838 5117 27.
854 5065 971 5128 princeps
986 5063 1039 5114 ite:
1058 5064 1110 5116 eires
1123 5065 1240 5128 peinceps
1256 5063 1321 5116 dett.
1333 5064 1367 5126 05
1383 5065 1498 5128 princeps
1508 5064 1560 5115 eius
1569 5063 1597 5116 1..

281 5167 308 5178 -
321 5141 356 5193 od
371 5151 425 5194 om.
444 5138 509 5194 dett.
529 5165 556 5177 -
575 5153 632 5193 eom
648 5140 676 5191 44.
