3638 5868
315 384 377 452 ars
572 339 577 350 ’
680 389 723 454 m
743 388 910 455 4444444
931 386 1053 453 lcrro
1077 386 1260 454 sacuam

317 558 513 634 attulissent,
533 566 569 622 ut
589 559 623 624 in
645 558 799 642 Capitolio
820 565 991 643 ponerent,
1014 557 1101 644 quod
1121 556 1263 624 nondum
1282 558 1456 642 perlectum
1475 559 1662 644 templum

318 652 530 730 offenderant,
551 673 656 738 neque
677 672 797 737 ponere
818 659 990 737 potuerunt
1010 672 1115 737 neque
1129 652 1224 736 vulgo
1243 653 1411 718 ostendere
1432 675 1468 720 ac
1488 655 1662 738 proferre

317 747 500 824 voluerunt,
522 755 558 813 ut
579 756 610 811 et
630 744 876 830 magnificentius
898 747 1070 823 rideretur,
1092 768 1163 811 cum
1185 768 1243 812 suo
1264 755 1404 832 tempore
1424 750 1458 814 in
1481 751 1572 814 cella
1599 749 1662 812 Io-

317 840 366 904 vis
388 841 506 925 Optimi
527 841 655 906 Maximi
676 849 864 926 poneretur,
893 849 924 906 et
952 841 1083 916 clarius,
1110 862 1181 907 curn
1206 842 1407 926 pulchritudo
1430 845 1499 910 eius
1519 867 1660 912 recens

295 935 359 998 aad
381 935 490 1001 oculos
517 937 681 1001 hominum
706 943 803 1022 atque
831 937 953 1019 integra
980 936 1169 1019 perveniret.
1213 937 1395 1000 Statuerunt
1415 938 1446 1002 id
1468 959 1588 1006 secum
1616 943 1659 1006 in

319 1031 441 1115 Syriam
461 1039 639 1116 repertore,
670 1039 721 1106 ut,
751 1051 822 1097 cum
850 1030 1014 1096 audissent
1035 1031 1235 1095 simulacrum
1256 1031 1341 1095 loris
1363 1031 1482 1115 Optimi
1503 1035 1658 1098 Maximi

319 1122 511 1203 dedicatum,
537 1127 657 1210 legatos
682 1127 858 1202 mitterent,
886 1127 942 1210 qui
971 1143 1043 1188 cum
1065 1126 1177 1190 ceteris
1198 1125 1292 1190 rebus
1313 1127 1392 1190 illud
1414 1148 1543 1214 quoqne
1572 1129 1659 1192 exi·

318 1221 416 1286 mium
438 1240 474 1286 ac
494 1222 740 1306 pulcherrimum
762 1222 880 1286 donum
902 1223 934 1288 in
958 1221 1148 1304 Capitolium
1169 1224 1326 1288 afferrent.
1359 1224 1507 1288 Pervenit
1526 1245 1586 1292 res
1605 1223 1655 1288 ad

318 1313 408 1378 istius
429 1335 537 1392 aures,
559 1316 667 1380 nescio
690 1337 753 1400 quo
775 1317 885 1380 modoz
914 1335 987 1380 nam
1008 1337 1066 1380 rer
1087 1316 1119 1380 id
1142 1317 1276 1381 celatum
1297 1319 1454 1394 voluerat,
1482 1337 1546 1382 non
1574 1337 1655 1402 quo

281 1421 309 1471 to
318 1409 493 1493 quidquam
515 1417 670 1475 metueret
687 1418 742 1475 ant
763 1412 989 1494 suspicaretur,
1011 1411 1067 1474 sed
1089 1419 1124 1474 ut
1144 1431 1185 1475 ne
1205 1410 1296 1476 multi
1318 1411 1398 1476 illud
1420 1419 1493 1476 ante
1513 1413 1654 1496 praeci-

316 1511 429 1587 perent
450 1504 551 1569 oculis
572 1525 667 1590 quam
693 1506 832 1590 populus
855 1507 1023 1570 Romanus.
1065 1505 1129 1568 Iste
1150 1507 1229 1589 petit
1249 1526 1268 1570 a
1288 1525 1362 1588 rege
1384 1514 1416 1570 ct
1436 1526 1509 1569 eum
1535 1506 1654 1590 pluri-

317 1598 377 1663 hus
398 1599 501 1663 rerhis
523 1607 629 1683 rogat,
649 1608 685 1663 ut
705 1600 738 1662 id
760 1600 800 1663 ad
821 1621 856 1664 se
878 1601 999 1664 mittat:
1021 1619 1137 1683 cupere
1159 1620 1193 1664 se
1216 1600 1293 1664 dicit
1308 1600 1464 1684 inspicere
1477 1621 1588 1685 neque
1609 1621 1651 1664 se

317 1691 389 1756 aliis
421 1692 549 1758 ridendi
577 1701 765 1778 potestatem
796 1714 865 1760 esse
893 1695 1060 1760 iacturum.
1102 1692 1153 1757 65.
1174 1695 1365 1769 Antiochus,
1397 1696 1453 1779 qui
1474 1696 1584 1760 animo
1612 1702 1652 1758 et

318 1786 433 1869 puerili
466 1796 551 1853 esset
577 1798 609 1858 et
640 1791 744 1874 regio,
774 1790 852 1853 nihil
874 1790 913 1853 de
934 1790 1025 1854 istius
1050 1788 1248 1872 improbitate
1274 1789 1452 1872 suspicatus
1478 1797 1543 1852 est:
1577 1790 1650 1853 im·

282 1888 410 1968 asperat
437 1885 517 1961 suis,
552 1891 588 1950 ut
615 1885 648 1948 id
676 1885 709 1948 in
739 1885 929 1968 praetorium
958 1881 1135 1947 involutum
1165 1901 1262 1966 quam
1292 1881 1503 1946 occultissime
1532 1881 1650 1946 defer-

318 1983 398 2042 rent.
442 1977 513 2053 Quo
545 1987 753 2064 posteaquam
782 1979 952 2043 attulerunt
978 1976 1215 2061 involucrisque
1244 1977 1367 2040 reiectis
1394 1977 1647 2063 constituerunt,

320 2071 454 2136 clamare
475 2073 535 2138 iste
556 2074 662 2157 coepit
689 2073 815 2157 dignam
842 2093 909 2137 rem
936 2091 1006 2135 esse
1033 2089 1130 2152 regno
1153 2069 1279 2153 Syriae,
1307 2069 1434 2152 dignam
1454 2073 1542 2157 regio
1564 2095 1645 2139 mu-

319 2187 409 2244 nere,
441 2170 566 2253 dignam
596 2167 761 2253 Capitolio.
804 2167 929 2231 Etenim
959 2172 1027 2230 erat
1060 2183 1098 2227 ec
1127 2163 1310 2248 splendore,
1345 2166 1400 2250 qui
1431 2187 1470 2231 cx
1498 2169 1646 2234 clarissi-

319 2264 379 2328 mis
400 2271 433 2329 et
452 2265 670 2349 pulcherrimis
692 2264 822 2346 gemmis
845 2281 914 2325 esse
937 2259 1087 2332 dehebat3
1121 2277 1158 2322 ea
1179 2259 1328 2322 varietate
1349 2280 1496 2344 operum,
1528 2272 1564 2327 ut
1586 2285 1646 2328 ars
1731 2283 1735 2292 ’

282 2367 438 2424 ”certare
459 2358 620 2422 rideretur
641 2376 712 2420 cum
734 2357 841 2440 copia;
864 2374 902 2418 ca
923 2351 1153 2435 magnitudine,
1173 2359 1210 2414 ut
1231 2352 1363 2437 intelligi
1382 2365 1490 2437 posset
1509 2378 1574 2422 non
1598 2359 1644 2424 ad

317 2452 483 2516 hominum
509 2458 707 2535 apparatum,
740 2450 796 2515 sed
824 2452 864 2514 ad
893 2447 1077 2532 amplissimi
1106 2447 1215 2528 templi
1242 2456 1385 2511 ornatum
1412 2469 1482 2515 esse
1508 2452 1644 2516 iactum.

320 2547 399 2611 Cum
420 2548 495 2610 satis
516 2547 579 2610 iam
599 2547 798 2630 perspexisse
820 2544 990 2618 videretur,
1013 2541 1124 2607 tollere
1140 2542 1311 2624 incipiunt,
1333 2551 1368 2606 ut
1382 2544 1544 2608 referrent
1574 2548 1643 2611 lste

319 2642 365 2705 ait
386 2660 419 2704 se
441 2641 521 2705 velle
542 2641 621 2704 illud
643 2640 736 2704 etiam
758 2648 854 2725 atque
877 2639 971 2703 etiarn
993 2635 1209 2711 considerare;
1232 2656 1433 2720 nequaquam
1454 2660 1489 2704 se
1503 2659 1573 2704 esse
1589 2662 1644 2706 sa·

319 2737 451 2802 tioium:
483 2737 571 2799 iubet
596 2734 669 2799 illos
699 2735 862 2798 discedere
891 2741 923 2796 ct
951 2728 1173 2795 candelabrum
1194 2730 1384 2815 relinquere.
1429 2733 1481 2798 Sic
1502 2734 1548 2798 illi
1569 2742 1641 2800 turn

283 2831 431 2894 minares
452 2828 492 2893 ad
507 2829 696 2893 ilntiochum
717 2835 928 2892 revertuntur.
967 2824 1085 2888 xxix.
1106 2820 1156 2886 oo.
1178 2824 1248 2887 Rex
1267 2825 1368 2908 primo
1391 2827 1470 2890 nihil
1486 2837 1642 2906 metuere,

320 2924 399 2990 nihil
420 2923 584 3007 suspicari.
625 2922 700 2987 Dies
723 2943 820 2996 unus,
850 2920 944 2996 alter,
971 2919 1095 3004 plures:
1125 2937 1190 2981 non
1211 2918 1332 2984 referri.
1376 2922 1456 2985 Tum
1477 2921 1587 2998 mittit,
1611 2924 1641 2988 si

321 3017 481 3092 videatur,
503 3024 539 3080 ut
559 3016 679 3082 reddat.
711 3018 801 3081 lubet
815 3016 874 3080 iste
889 3017 1045 3100 posterius
1059 3012 1100 3076 ad
1115 3032 1149 3075 se
1163 3013 1287 3076 reverti.
1315 3013 1429 3076 hlirum
1449 3015 1496 3078 illi
1517 3016 1641 3079 rideri:

321 3112 417 3177 mittit
436 3111 560 3176 iterum.
595 3115 665 3177 Non
685 3112 836 3177 redditur.
879 3111 951 3196 Ipse
973 3106 1133 3173 hominem
1154 3106 1308 3191 appellat:
1331 3113 1437 3190 rogat,
1459 3115 1495 3171 ut
1515 3107 1640 3172 reddat.

322 3208 367 3271 Os
393 3206 529 3272 hominis
556 3207 775 3292 insignemque
806 3204 1034 3290 impudentiam
1056 3200 1249 3283 cognoscite.
1293 3199 1387 3276 Quod
1409 3201 1518 3279 sciret,
1549 3203 1640 3288 quod

284 3311 363 3368 tter
389 3304 460 3385 ipsc
487 3321 562 3385 rege
588 3303 729 3366 audisset
755 3302 789 3363 in
812 3299 966 3383 Capitolio
990 3315 1060 3360 esse
1086 3294 1282 3380 ponendum,
1314 3294 1400 3377 quod
1422 3296 1488 3360 lori
1510 3295 1640 3381 Optimo

322 3398 478 3473 hlaximo,
508 3397 593 3481 quod
615 3398 733 3482 populo
754 3397 894 3459 Romano
917 3392 1035 3458 servari
1056 3389 1195 3465 videret,
1226 3388 1260 3451 id
1281 3389 1340 3452 sihi
1361 3394 1398 3452 ut
1418 3389 1565 3464 donaret,
1587 3409 1642 3452 ro-

322 3514 396 3578 gare
428 3501 460 3558 et
490 3492 763 3558 vehementissime
793 3500 900 3574 petere
929 3487 1043 3570 coepit.
1095 3483 1172 3547 Cum
1198 3483 1252 3546 ille
1273 3503 1308 3546 se
1329 3491 1360 3546 et
1380 3482 1533 3567 religione
1555 3483 1640 3547 lovis

324 3587 492 3672 Capitolini
522 3594 552 3649 et
570 3585 736 3650 hominnm
756 3581 989 3648 existimatione
1010 3579 1156 3663 impediri
1178 3578 1310 3654 diceret,
1339 3577 1425 3662 qnod
1446 3580 1562 3643 multae
1583 3599 1641 3644 na-

321 3683 425 3746 tiones
453 3686 550 3746 testcs
577 3687 683 3743 essent
709 3679 794 3743 illius
816 3676 920 3761 operis
951 3693 988 3737 ac
1010 3673 1167 3748 muneris,
1197 3673 1256 3737 iste
1277 3673 1399 3736 homini
1419 3673 1532 3737 minari
1553 3694 1641 3738 acer·

287 3777 401 3842 ³⁵rime
422 3775 536 3858 coepit.
570 3773 628 3838 Uhi
650 3773 737 3838 videt
758 3791 830 3835 eum
850 3767 950 3834 nihilo
973 3771 1073 3852 magis
1094 3769 1187 3834 minis
1203 3787 1298 3852 quam
1315 3767 1461 3851 precibus
1476 3769 1640 3844 removeri,

389 4122 413 4172 4.
434 4120 543 4170 eosdm
567 4115 703 4179 44444444,
725 4117 790 4168 Non.
808 4130 834 4182 p.
854 4115 926 4167 34494
953 4127 1083 4179 cumeum
1104 4115 1140 4164 444
1157 4112 1220 4173 4.(4.;
1246 4113 1356 4163 nondum
1376 4114 1452 4164 4444444
1472 4113 1536 4165 dett.
1559 4114 1588 4165 0.
1608 4139 1636 4152 -

322 4199 347 4249 4.
369 4201 505 4260 potamau
524 4208 577 4246 om.
601 4193 682 4254 dett.;
706 4193 837 4243 4444444444
860 4194 926 4242 Non.
949 4190 966 4243 4.
985 4190 1002 4242 l.
1030 4216 1058 4228 -
1082 4190 1105 4242 3.
1129 4189 1193 4240 Iouis
1213 4189 1589 4256 Opr.ito.cios]1.o.lt.ti.
1609 4217 1637 4226 -

323 4265 1066 4332 8.ccltEGiLd.61.agg.:atoueGiLgiilio.-
1086 4266 1213 4330 4444444444
1229 4267 1258 4318 44.
1279 4290 1306 4301 -
1325 4264 1349 4316 3.
1368 4266 1439 4316 auria
1454 4266 1483 4318 44.
1498 4292 1524 4305 -
1544 4266 1638 4328 iiiiii,

324 4351 418 4414 haga:
438 4359 492 4398 om.
510 4343 583 4396 ica.
603 4370 630 4380 -
656 4343 952 4407 reprosmissionis
968 4341 1015 4393 Ld.
1033 4342 1119 4406 Lgii:
1141 4337 1419 4404 perspicacitate,
1439 4343 1468 4392 ut
1484 4340 1554 4392 Orat.
1572 4341 1596 4405 5.
1614 4340 1638 4392 8.

326 4452 354 4462 -
372 4425 413 4476 44.
431 4423 469 4473 uti
485 4423 519 4474 cd
534 4435 560 4472 ae
576 4422 654 4486 lagg.
671 4420 779 4486 praeter
794 4417 835 4470 49.
850 4444 878 4454 -
896 4416 937 4469 44.
956 4430 1005 4468 esse
1020 4421 1044 4467 et
1059 4417 1079 4467 44
1096 4428 1135 4480 pr.
1154 4429 1191 4466 nr.
1207 4442 1235 4453 -
1253 4414 1341 4495 religio
1357 4415 1396 4466 sic
1413 4417 1448 4477 44,
1469 4414 1542 4480 qnod
1557 4417 1641 4467 muta-

324 4520 362 4570 vit
377 4529 432 4569 sec.
451 4528 545 4568 manus
561 4515 588 4566 in
603 4513 732 4579 4444ρί444,
750 4515 780 4563 ut
796 4511 879 4563 estin
897 4510 948 4573 G3‚
966 4508 1022 4563 Ελ.
1043 4535 1069 4547 -
1098 4511 1138 4560 tt.
1156 4509 1183 4559 td
1199 4521 1251 4560 om.
1271 4509 1348 4572 lagg.
1368 4535 1396 4545 -
1413 4510 1455 4561 46.
1472 4509 1518 4561 tate
1532 4510 1642 4561 44444444

324 4596 389 4646 dett.
408 4594 437 4645 0.
458 4618 485 4629 -
505 4591 545 4642 49.
563 4595 586 4641 ct
598 4590 715 4654 plusne
730 4588 799 4653 Lgii
817 4590 843 4638 et
860 4584 938 4636 444444.
953 4613 981 4623 -
998 4587 1039 4637 40.
1054 4584 1131 4648 possit
1147 4583 1224 4648 Lgit.
1240 4610 1268 4620 -
1285 4583 1326 4634 44.
1345 4584 1497 4646 moratus
1512 4588 1541 4637 44.
1556 4614 1582 4623 -
1600 4587 1643 4637 red

324 4671 366 4735 od]
384 4669 418 4720 ad
433 4680 487 4718 om.
505 4666 583 4730 Lgii.
602 4664 644 4730 [ci.
663 4678 686 4716 c.
705 4665 745 4715 44.
764 4663 809 4728 44.]
835 4688 863 4700 -
888 4665 1006 4711 mum
1025 4659 1074 4721 443,
1093 4659 1113 4710 Ε
1139 4657 1223 4723 (proh.
1241 4656 1327 4709 Madv.
1345 4671 1372 4722 p.
1391 4657 1445 4720 rot:
1469 4665 1642 4711 44444444444444

325 4745 390 4796 dett.
403 4745 432 4806 0,
451 4740 526 4808 proh.
540 4740 602 4792 Bair.
621 4753 647 4806 p.
660 4740 687 4791 44
700 4751 741 4803 sq.
757 4766 785 4775 -
797 4739 838 4788 44.
850 4749 906 4788 ean
918 4736 967 4798 443,
986 4734 1081 4788 clii:
1100 4736 1166 4799 qiud
1181 4747 1238 4785 com
1253 4733 1318 4786 dett.
1332 4736 1361 4785 0.
1376 4762 1403 4772 -
1417 4733 1457 4786 44.
1476 4740 1499 4786 44
1513 4735 1595 4786 hahet
1610 4737 1640 4788 a.

327 4822 410 4884 (error
426 4819 467 4868 est
483 4818 510 4868 in
525 4814 611 4868 collat.
625 4815 767 4866 Haunienst
783 4826 810 4879 p.
824 4811 889 4876 449.)
909 4837 936 4847 -
955 4810 1016 4876 tum]
1033 4816 1086 4861 tam
1102 4809 1152 4871 443,
1170 4815 1228 4860 tuac
1246 4809 1323 4874 igit.
1337 4836 1364 4846 -
1383 4809 1424 4860 46.
1443 4809 1493 4861 dics
1508 4823 1573 4861 aare
1588 4812 1639 4861 cet.

327 4895 365 4948 cl.
383 4891 496 4946 similem
512 4891 602 4942 locum
618 4888 691 4941 Plinii
707 4889 786 4954 Epist.
804 4888 824 4937 4.
842 4888 895 4948 44.,
913 4898 994 4950 quem
1011 4887 1097 4937 Garat.
1116 4886 1140 4936 4.
1160 4885 1307 4951 adscripsit.
1328 4912 1356 4922 —
1374 4885 1438 4938 atter
1454 4899 1506 4938 om.
1525 4887 1601 4951 Lgti.
1612 4913 1639 4924 -

325 4971 400 5021 44444444
414 4981 463 5020 rec
479 4967 514 5017 cd
529 4967 603 5018 444444
619 4967 640 5017 si
655 4965 701 5016 4444
716 4966 831 5016 meatur
845 4966 923 5027 lagg.
943 4961 1000 5026 (sed
1010 4961 1043 5012 49
1053 4974 1107 5011 om.
1121 4961 1190 5025 sibi),
1209 4962 1238 5011 ο.
1261 4961 1299 5012 ci.
1312 4959 1398 5014 444444.
1410 4975 1437 5026 p.
1450 4962 1490 5012 344.
1504 4986 1533 4999 -
1551 4962 1592 5012 49.
1604 4963 1643 5010 ic-

323 5046 428 5110 poan.
448 5071 476 5080 -
494 5045 561 5105 quod
576 5057 609 5095 sc
625 5041 706 5094 aaa:
725 5042 837 5105 quodque
852 5054 885 5092 ac
901 5041 965 5093 dett.
978 5042 1006 5092 0.
1022 5067 1049 5078 ·—
1068 5039 1108 5090 34.
1125 5040 1157 5105 et]
1173 5045 1202 5091 ut
1216 5039 1262 5091 443.
1277 5067 1304 5078 -
1321 5041 1473 5092 oehemerter
1489 5037 1595 5090 detto.
1612 5063 1638 5074 —

328 5119 559 5188 caprasius.
579 5147 606 5158 -
623 5118 746 5172 renovari
760 5116 809 5182 443,
826 5114 857 5167 i:
872 5116 1013 5182 permoveri
1028 5115 1048 5166 E
1061 5113 1105 5180 44),
1124 5116 1189 5168 dett.
1207 5116 1237 5167 0.
