3578 5862
614 471 687 536 cn.
709 453 859 537 iva-vn
888 451 945 556 §sc
967 467 1118 536 lo-lr.
1464 467 1526 533 cos
1600 481 1601 484 Ν

203 641 328 706 reserat.
360 639 421 704 Hic
443 647 547 704 tamen
567 641 686 725 excipit
699 642 902 725 Pompeium,
924 640 1102 716 simillime,
1124 648 1159 704 ut
1172 639 1250 703 mihi
1265 639 1407 716 videtur,
1430 648 1526 725 atque

204 735 259 799 ille
287 735 375 816 lege,
403 753 466 819 qua
495 736 653 818 peregrini
682 736 783 798 Roma
814 735 999 811 eliciuntur,
1033 735 1223 820 Glaucippus
1251 737 1417 820 excipitur.
1457 740 1527 801 Non

204 829 288 891 enim
310 829 370 892 hec
392 829 579 912 exceptione
598 849 681 892 uuus
703 828 841 892 afficitur
860 828 1032 903 beneficio,
1056 830 1216 893 sedunus
1238 830 1380 915 privatur
1400 829 1526 896 iniuria.

206 922 269 985 Sed
291 924 342 986 cui
363 923 528 986 manubias
549 924 698 998 remittit,
720 925 753 986 in
775 923 870 986 huius
892 925 1057 1008 vectigalia
1078 926 1211 990 invadit.
1253 926 1344 990 Iubet
1366 929 1450 992 enim
1472 949 1528 1012 pe-

176 1047 178 1050 ·
205 1019 344 1093 cuniam,
374 1018 401 1081 si
424 1036 489 1100 qua
503 1027 584 1101 'post
604 1037 662 1080 nos
685 1018 833 1081 consules
856 1038 897 1082 ex
917 1019 1008 1082 noris
1030 1019 1234 1102 vectigalibus
1256 1021 1443 1104 recipiatur,
1469 1023 1552 1086 hacc
1658 1037 1659 1041 ’

204 1113 251 1175 uti
273 1113 478 1178 decemviros.
516 1113 614 1188 Quasi
636 1133 711 1176 vero
733 1133 799 1176 non
820 1113 1054 1196 intelligamus,
1074 1114 1153 1177 haec
1175 1133 1229 1178 eos
1242 1116 1421 1198 vectigalia,
1443 1136 1527 1201 quae

199 1207 261 1278 ,Cn
283 1207 450 1291 Pompeius
472 1207 668 1282 adiunxerit,
690 1207 826 1270 vendere
848 1207 995 1289 cogitare.

287 1301 325 1364 V.
348 1297 399 1363 ll.
420 1300 543 1365 Videtis
565 1303 645 1376 iam,
668 1308 774 1385 patres
796 1303 984 1386 conscripti,
1007 1303 1153 1368 omnibus
1173 1303 1269 1368 rebus
1287 1314 1319 1370 et
1334 1308 1437 1372 modis
1453 1330 1529 1372 con·

204 1402 356 1460 structam
384 1405 417 1458 et
445 1403 660 1460 coacervatam
690 1397 858 1479 pecuniam
887 1396 1138 1460 decemviralem.
1174 1399 1336 1463 lliuuetur
1356 1401 1452 1464 huius
1473 1424 1529 1487 pe-

204 1491 317 1554 cuniae
338 1490 474 1566 invidia;
497 1497 701 1554 consumetur
722 1490 807 1554 enim
828 1491 863 1553 in
878 1509 1024 1573 agrorum
1039 1492 1261 1574 emptionibus.
1287 1494 1424 1577 Optime.
1448 1495 1529 1572 Quis
1540 1515 1566 1561 lo

204 1586 300 1666 igitur
321 1591 404 1648 emet
424 1603 517 1668 agros
538 1585 639 1647 istos?
661 1583 761 1647 Iidem
783 1584 972 1648 decemviri:
995 1592 1040 1660 tu,
1061 1585 1202 1649 Rulle-
1217 1588 1332 1651 missos
1348 1589 1433 1652 enirn
1447 1589 1529 1655 laoio

204 1686 326 1744 ceteros
347 1713 389 1728 -
411 1700 497 1743 emes
512 1678 598 1762 quod
617 1679 722 1755 voles;
744 1679 863 1742 vendes
879 1677 965 1763 qnod
981 1679 1086 1754 roles3
1108 1687 1277 1766 utrumque
1297 1682 1412 1745 borum
1433 1683 1529 1748 facies

206 1773 317 1856 quanti
338 1773 438 1838 voles.
480 1773 576 1836 Caret
597 1773 682 1835 enim
703 1774 751 1836 vir
772 1774 927 1855 optimus,
956 1793 996 1835 ne
1019 1781 1102 1837 emat
1124 1774 1163 1837 ab
1185 1775 1293 1839 insito.
1334 1776 1433 1853 Quasi
1454 1799 1529 1843 vcro

206 1887 271 1930 non
291 1868 521 1951 intelligamus,
542 1867 582 1928 ab
604 1867 702 1946 inrjito
726 1886 830 1930 emere
851 1866 1041 1930 iniuriosum
1063 1887 1148 1942 esse,
1170 1868 1211 1931 ab
1233 1890 1298 1933 non
1317 1871 1417 1934 invito
1433 1893 1531 1960 quae·

207 1969 360 2026 stuosnm.
397 1961 560 2038 Quantum
579 1960 637 2024 tibi
659 1961 726 2044 agri
748 1961 877 2035 vendet,
899 1968 936 2025 ut
956 1960 1035 2024 alios
1058 1963 1216 2038 omittam,
1246 1983 1337 2027 socer
1357 1970 1455 2029 tuus?
1483 1973 1568 2043 een

207 2058 233 2119 si
255 2075 314 2139 ego
337 2056 406 2119 eius
428 2055 619 2136 aequitatem
642 2056 738 2119 enimi
759 2055 858 2138 probe
880 2056 972 2129 novi,
1000 2054 1115 2119 vendet
1143 2075 1209 2119 nou
1230 2057 1373 2123 invitus?
1404 2061 1532 2126 Facient

207 2149 292 2213 idem
313 2149 408 2213 ceteri
430 2149 581 2223 libenter,
603 2156 641 2211 ut
661 2151 869 2232 possessionis
891 2149 1043 2212 invidiam
1064 2151 1201 2234 pecunia
1216 2159 1427 2231 commutent,
1450 2157 1533 2220 acci·

207 2245 295 2327 piant
316 2243 403 2328 quod
426 2244 573 2325 cupiunt,
596 2240 672 2305 dent
694 2244 781 2326 qnod
802 2244 939 2307 retinere
961 2243 1015 2307 vix
1036 2253 1180 2326 possunt.
1224 2241 1275 2309 45.
1297 2249 1387 2313 Nunc
1409 2251 1532 2336 perspi-

208 2337 269 2400 cite
302 2337 443 2400 omnium
476 2356 582 2399 rerum
614 2333 769 2400 infinitam
798 2345 894 2422 atque
921 2336 1151 2403 intolerandam
1179 2339 1349 2406 licentiam.
1395 2345 1533 2408 Pecunia

208 2438 317 2495 coacta
338 2438 386 2494 est
407 2430 449 2494 ad
470 2450 563 2514 agros
586 2431 757 2494 emendos:
779 2433 801 2494 ii
824 2451 919 2515 porro
942 2432 982 2495 ab
1004 2433 1110 2498 invitis
1132 2455 1198 2498 non
1213 2443 1367 2501 ementur.
1400 2440 1434 2502 Si
1456 2453 1569 2504 con-so

207 2527 363 2588 senserint
382 2545 581 2611 possessores
597 2544 661 2588 non
676 2524 833 2602 rendere,
855 2527 933 2611 quid
948 2527 1088 2591 futurum
1103 2533 1174 2594 estt
1196 2531 1361 2595 Referetur
1373 2536 1533 2617 pecunia?

206 2621 277 2683 Non
298 2620 384 2684 licet.
419 2622 595 2703 Exigeturt
617 2622 719 2684 Vetat.
751 2622 867 2683 Verum
891 2629 976 2683 esto:
998 2621 1078 2684 nihil
1101 2628 1163 2698 est,
1187 2623 1273 2708 quod
1295 2644 1360 2687 non
1376 2627 1437 2690 emi
1458 2649 1533 2712 pos-

207 2715 264 2788 sit,
287 2715 313 2777 si
336 2721 459 2779 tautum
481 2713 554 2789 des,
577 2721 731 2798 quantum
753 2710 829 2779 velit
849 2713 1004 2778 venditor.
1036 2714 1216 2800 Spoliemns
1238 2713 1346 2783 0'rbem
1368 2726 1532 2799 terrarum,

207 2810 381 2873 vendemus
402 2807 585 2892 vectigalia,
616 2809 814 2872 effundamus
841 2809 1012 2883 aerarium,
1040 2817 1077 2872 ut
1097 2810 1298 2895 locupletatis
1319 2822 1374 2879 aut
1393 2816 1532 2882 invidiae

208 2912 263 2968 aut
283 2903 483 2988 pestilentiae
506 2902 743 2988 possessoribus
767 2903 832 2986 agri
854 2910 960 2967 tamen
982 2911 1135 2967 emantur.
1311 2927 1313 2934 ’
1541 2929 1572 2978 25

291 2993 342 3061 46.
367 2996 453 3074 Quid
481 3000 571 3060 tum‘t
599 2999 761 3079 quaeerit
786 2997 820 3058 in
842 2996 920 3060 istos
941 3015 1034 3078 agros
1056 2995 1227 3062 decoctior
1258 3021 1341 3085 quae
1366 3006 1464 3069 totius
1486 3006 1532 3070 rei

207 3094 287 3156 ratio
303 3101 399 3175 atque
413 3090 606 3175 descriptio?
626 3089 849 3165 Deducentur,
871 3091 991 3175 inquit,
1014 3090 1169 3156 coloniae.
1204 3094 1301 3169 Quot
1324 3117 1462 3180 quorum
1475 3101 1534 3164 ho·

209 3187 353 3250 minumt
374 3187 409 3247 in
430 3203 513 3268 quae
528 3183 619 3246 locat
650 3183 729 3259 Quis
744 3185 828 3247 euim
843 3205 908 3247 non
922 3184 1024 3260 videt,
1046 3185 1080 3248 in
1096 3188 1230 3252 coloniis
1246 3209 1316 3253 esse
1333 3190 1534 3258 haecomnia

210 3278 461 3344 consideranda?
488 3278 558 3340 Tibi
579 3297 655 3352 nos,
684 3278 792 3352 Rulle,
815 3285 847 3340 et
867 3279 938 3341 istis
959 3278 1023 3341 tuis
1045 3279 1157 3344 harum
1179 3283 1320 3345 omnium
1342 3305 1445 3350 rerum
1467 3307 1534 3350 ma·

210 3374 423 3438 chiuatoribus
445 3377 544 3435 totam
565 3373 688 3435 ltaliam
709 3373 860 3435 inermem
882 3371 1053 3436 tradituros
1070 3375 1274 3451 existimasti,
1297 3399 1392 3462 quam
1414 3381 1571 3464 pressi-so

211 3467 270 3529 diis
298 3466 538 3541 confirmaretis,
568 3466 704 3530 coloniis
734 3461 947 3550 occuparetis,
982 3467 1129 3531 omnibus
1157 3470 1269 3533 vinclis
1299 3471 1475 3539 devinctam
1503 3483 1535 3540 et

211 3560 411 3624 constrictam
433 3561 609 3624 teneretis?
642 3561 700 3625 Ubi
723 3563 807 3624 enim
830 3570 975 3637 cavetur,
997 3581 1038 3625 ne
1059 3563 1092 3624 in
1114 3563 1257 3628 laniculo
1279 3565 1438 3632 coloniam
1459 3589 1535 3634 con·

211 3653 364 3729 stituatis,
386 3675 427 3718 ne
448 3654 557 3717 urbem
578 3654 660 3718 hanc
681 3656 758 3719 urbe
780 3656 843 3721 alia
863 3677 1008 3740 premere
1030 3665 1127 3742 atque
1148 3678 1261 3743 urgere
1283 3659 1436 3742 possitis?
1464 3665 1534 3728 Non

186 3744 380 3822 'faciemus,
400 3748 515 3831 inquit.
546 3748 685 3811 Primum
707 3751 833 3826 nescio,
857 3751 970 3814 deinde
991 3751 1106 3826 timeo,
1127 3761 1287 3838 postremo
1310 3773 1374 3817 non
1393 3759 1535 3821 commit·

210 3850 291 3918 tam,
312 3849 348 3906 ut
369 3849 474 3907 restro
496 3839 648 3907 beneficio
669 3845 776 3926 potius
798 3864 894 3929 quam
909 3852 1019 3908 nostro
1034 3844 1165 3909 oonsilio
1180 3846 1260 3910 salvi
1274 3867 1344 3910 esse
1364 3850 1573 3932 possimusss

210 3937 263 4001 Vl.
286 3931 337 4001 47.
360 3936 454 4013 Quod
481 3956 556 4002 vero
584 3943 680 4000 totam
707 3937 830 4000 ltaliam
851 3938 964 4002 vestris
986 3939 1108 4003 colonis
1131 3941 1290 4024 complere
1310 3943 1472 4020 voluistis,
1501 3944 1533 4008 id

212 4033 301 4096 cuius
324 4032 409 4097 modi
424 4038 523 4108 essct,
545 4033 744 4096 neminemne
759 4039 899 4096 nostrum
922 4031 1156 4098 intellecturum
1171 4033 1430 4101 existimavistis?
1453 4039 1534 4104 Scri-
1620 4085 1625 4093 -

277 4302 300 4353 4.
318 4303 413 4367 roserat
430 4305 460 4354 F:
483 4303 578 4368 deferat
597 4303 741 4358 EALEO.
769 4303 1122 4421 ct.g.⁴u.11.5.59¹.oe60.
1144 4330 1172 4344 -
1195 4306 1325 4374 mattos]
1342 4307 1427 4372 84444444
1442 4321 1483 4360 ors
1498 4311 1532 4370 1²3

210 4431 323 4484 similitor
337 4445 378 4484 nro
392 4433 422 4486 Ε.
443 4461 470 4469 -
489 4439 564 4497 moso
580 4447 641 4486 uos:
660 4437 735 4497 omos
749 4439 778 4486 ut
794 4437 835 4500 (cx
852 4434 1011 4500 glossemate
1028 4442 1116 4500 stou,
1135 4437 1168 4489 ct.
1186 4451 1212 4504 p.
1232 4439 1311 4492 caeo.
1331 4439 1354 4505 5.
1374 4439 1425 4505 98.)
1442 4441 1532 4503 FPT;

211 4509 283 4572 olom
297 4515 326 4560 ot
336 4509 370 4569 Ε;
388 4514 464 4572 atoue
477 4509 505 4559 to
517 4511 538 4560 A
547 4510 566 4559 L
576 4507 593 4564 8
602 4511 630 4560 0.
645 4535 671 4547 —
691 4510 716 4562 3.
728 4513 771 4562 sed
780 4509 853 4576 onos]
870 4512 911 4562 sed
920 4525 985 4562 unus
1001 4513 1081 4575 quus.
1094 4515 1123 4564 P.
1139 4540 1166 4548 -
1181 4515 1310 4582 privator]
1325 4515 1469 4579 prohibetur
1479 4528 1532 4580 mg·

212 4581 238 4636 ἓ.
258 4607 286 4619 -
307 4582 333 4635 4.
351 4584 379 4632 to
394 4595 448 4633 om.
467 4581 523 4637 bl.
543 4611 571 4620 —
589 4585 614 4634 5.
632 4585 761 4650 rests-ictor
778 4587 805 4636 L.
825 4611 852 4621 -
871 4586 895 4637 8.
908 4585 989 4652 rebus]
1004 4587 1144 4638 rationibus
1160 4589 1188 4640 L.
1209 4615 1237 4625 -
1255 4591 1296 4642 40.
1315 4596 1414 4654 optume
1430 4591 1484 4643 FP.
1505 4617 1532 4628 -

212 4657 345 4722 tticitor
360 4657 398 4709 E:
416 4670 475 4722 erpo
492 4659 622 4709 ceteri-
641 4660 719 4710 ndens
736 4659 826 4712 FP.-
844 4660 921 4725 scotto
936 4663 1025 4716 EF.—
1045 4663 1085 4714 48.
1104 4665 1293 4728 qooo--qooc
1309 4667 1456 4719 EFPFA:
1476 4680 1536 4730 coos

211 4758 227 4770 -
240 4757 255 4770 ·
270 4743 333 4795 quos
354 4745 416 4784 cum
433 4733 476 4783 ed.
495 4731 587 4784 Aldine
603 4732 649 4788 LF
659 4735 688 4786 0.
708 4761 735 4773 -
755 4735 795 4787 43.
814 4742 935 4800 qooolom
950 4739 980 4789 E.
1003 4763 1029 4774 —
1059 4738 1099 4788 ts.
1117 4738 1170 4804 ttbr]
1193 4738 1272 4804 tetur
1287 4741 1317 4792 Ε.
1341 4769 1369 4779 -
1395 4741 1427 4808 et]
1448 4743 1537 4793 eboba

212 4809 240 4858 1..
260 4833 288 4844 -
311 4808 351 4858 46.
369 4809 520 4871 aequitatem
536 4809 588 4860 etro
603 4809 632 4860 E.
652 4837 680 4848 -
704 4811 745 4862 47.
763 4811 835 4878 idone]
852 4812 879 4863 td
894 4814 929 4874 T;
953 4826 1006 4865 om.
1025 4814 1052 4864 F.
1073 4839 1099 4851 -
1120 4814 1160 4864 48.
1176 4815 1308 4880 pamm
1322 4816 1385 4867 EF:
1402 4815 1537 4878 prospicua

211 4881 326 4936 Alto.
347 4907 374 4918 -
393 4883 434 4934 23.
453 4885 503 4951 dos]
520 4885 571 4936 dies
594 4883 692 4950 (littera
710 4888 719 4936 4
736 4889 878 4952 expuncta)
898 4889 927 4940 E.
948 4915 975 4926 -
998 4889 1039 4939 27.
1059 4888 1121 4954 Quo]
1140 4890 1205 4953 Quot
1225 4903 1288 4942 cum
1303 4887 1459 4941 Laurednno
1475 4889 1534 4940 LO.

214 4955 252 5006 ct.
271 4955 305 5006 de
323 4954 382 5020 lege
399 4969 453 5021 agr.
471 4959 502 5010 11.
522 4957 546 5024 g.
563 4957 603 5010 74.
624 4987 652 4998 -
670 4962 712 5013 28.
731 4963 816 5012 monto
830 4963 891 5014 boec
907 4964 934 5015 F.
955 4990 983 5001 —
1006 4963 1046 5014 34.
1064 4963 1170 5014 otocotts
1186 4965 1213 5017 F.
1233 4991 1261 5001 -
1280 4964 1320 5016 33.
1338 4977 1370 5017 oc
1385 4977 1439 5017 om.
1457 4964 1485 5015 F.
1506 4991 1535 5002 -

214 5030 255 5081 33.
273 5032 338 5099 Non]
354 5044 401 5082 cos
416 5033 443 5084 F.
465 5061 492 5071 -
511 5034 553 5085 36.
572 5035 637 5098 Qota
652 5037 739 5090 EFA.
762 5037 918 5089 Emendavit
933 5039 1079 5103 Naugerius
1095 5039 1122 5090 iu
1140 5039 1182 5091 ed.
1195 5039 1297 5094 Aldine.
1317 5067 1345 5078 —
1363 5039 1456 5091 cotoots
1472 5041 1537 5090 Leu-

213 5105 465 5238 mbffl'wssid
479 5109 594 5163 EFAL.
608 5135 635 5148 ·-
655 5111 695 5166 37.
713 5125 744 5166 oo
760 5119 873 5167 nostrum
888 5126 942 5168 om.
960 5113 990 5166 Τ.
1010 5141 1038 5152 -
1055 5115 1240 5168 eotsttmooirtts
1255 5116 1316 5169 EF:
1334 5113 1482 5169 wbbmottr
1497 5116 1534 5177 Α;

351 5194 373 5234 rs
465 5221 472 5235 .
