3638 5868
557 439 628 506 ms.
649 439 702 504 ιν.
730 437 804 506 cn.
825 439 952 505 1-n1.·
977 437 1035 525 ss.
1057 437 1163 506 r-o.
1463 442 1526 515 325

194 629 287 686 num,
310 609 450 694 denique
471 609 551 673 nihil
573 610 684 686 istum,
707 611 794 696 quod
817 609 858 674 ad
879 611 990 676 oculos
1009 611 1214 697 animumque
1229 614 1397 693 acciderit,
1419 637 1524 704 neque

193 705 307 790 privati
329 724 436 788 neque
457 704 576 788 publici
598 723 704 789 neque
725 704 849 789 profani
871 725 979 788 neque
994 706 1076 768 sacri
1090 712 1157 769 tota
1171 707 1205 769 in
1220 707 1332 772 Sicilia
1345 710 1524 796 reliquisse.

278 796 309 861 3.
331 799 423 862 Unde
444 798 542 881 igitur
560 799 669 882 potius
691 799 840 883 incipiam
863 819 959 884 quam
980 799 1020 862 ab
1042 819 1080 861 ea
1102 799 1245 876 civitate,
1275 823 1358 886 quae
1379 806 1438 868 tibi
1460 827 1525 872 una

193 895 228 958 in
256 911 363 957 amore
390 899 487 976 atque
516 893 551 954 in
576 892 701 957 deliciis
730 892 813 957 fuiti
844 901 899 957 aut
930 914 971 958 ex
994 915 1058 977 quo
1079 893 1188 976 potius
1209 916 1343 962 numero
1365 921 1461 985 quarn
1483 921 1525 965 ex

193 988 272 1072 ipsis
294 986 512 1051 laudatoribus
533 987 617 1050 tuis?
639 987 776 1052 Facilius
798 989 884 1051 enim
905 989 1132 1072 perspicietur,
1158 989 1263 1072 qualis
1283 992 1370 1075 apud
1385 1012 1441 1058 eos
1455 994 1549 1060 fue-e

193 1084 253 1157 ris,
283 1081 392 1167 quite
414 1080 567 1157 oderunt,
597 1081 653 1165 qui
681 1089 850 1156 accusant,
879 1082 935 1163 qui
967 1089 1219 1165 persequuntur,
1249 1103 1322 1147 cnm
1344 1087 1429 1169 apud
1450 1095 1524 1152 tuos

192 1176 398 1240 Mamertinos
419 1174 584 1240 inveniare
606 1175 843 1259 improbissima
864 1177 989 1240 ratione
1003 1195 1073 1240 esse
1095 1177 1274 1260 praedatus.
1311 1179 1350 1240 ll.
1375 1179 1409 1242 C.
1424 1179 1524 1245 Heius

193 1278 244 1335 est
255 1269 462 1336 Mamertinus
476 1301 519 1316 -
533 1289 644 1333 omnes
658 1269 720 1334 hoc
736 1271 815 1334 mihi
831 1271 888 1355 qui
904 1271 1084 1335 Messanam
1098 1280 1317 1348 accesserunt,
1338 1271 1434 1336 facile
1448 1293 1524 1337 con·

193 1365 366 1428 cedunt—
379 1364 526 1428 omnibus
547 1365 644 1428 rebus
664 1365 721 1428 illa
743 1366 777 1428 in
799 1365 926 1429 civitate
949 1364 1181 1429 ornatissimus.
1214 1365 1317 1430 Huius
1340 1367 1454 1431 domus
1475 1374 1525 1432 est

192 1458 244 1524 vel
266 1457 385 1543 optima
406 1459 587 1534 Messanae,
609 1459 776 1524 notissima
799 1459 929 1543 quidem
952 1465 1036 1522 certe
1052 1466 1084 1522 et
1102 1459 1220 1522 nostris
1234 1459 1417 1526 hominibus
1432 1481 1560 1546 apertu

192 1553 315 1618 tissima
336 1553 540 1635 maximeque
562 1551 741 1636 hospitalis.
773 1554 820 1616 Ea
842 1553 955 1617 domus
968 1560 1042 1617 ante
1057 1552 1150 1616 istius
1164 1554 1335 1618 adventum
1351 1563 1463 1618 ornata
1476 1557 1523 1619 sic

191 1649 268 1722 luit,
296 1655 333 1710 ut
359 1647 431 1710 urbi
460 1665 591 1731 quoque
612 1655 697 1710 esset
719 1653 916 1711 ornamento.
959 1648 1039 1710 Nam
1060 1648 1130 1730 ipsa
1151 1648 1315 1724 Messana,
1344 1652 1523 1735 quaesitu,

191 1740 359 1805 moenibus
379 1747 539 1826 portuque
562 1748 673 1804 ornata
693 1741 751 1816 sit,
774 1742 813 1804 ab
829 1741 880 1803 hia
894 1741 1007 1817 rebus,
1031 1741 1149 1826 quibus
1164 1743 1225 1805 iste
1240 1743 1423 1819 delectatur,
1446 1763 1522 1809 sane

190 1855 291 1900 vacua
312 1842 410 1919 atque
431 1835 517 1898 nuda
538 1841 597 1898 est
640 1832 670 1896 4.
692 1835 769 1898 Erat
782 1835 866 1918 apud
881 1834 1000 1898 Heium
1016 1835 1188 1900 sacrarium
1201 1855 1404 1920 magnacum
1420 1838 1523 1922 digni·

191 1938 256 1996 tate
277 1931 311 1994 in
333 1930 481 2003 aedibus,
503 1949 524 1992 a
544 1929 719 1993 maioribus
740 1929 905 2003 traditum,
931 1930 1175 2012 perantiquum,
1197 1931 1230 1994 in
1253 1951 1318 2016 quo
1341 1931 1431 2014 signa
1451 1932 1561 2015 pul-re

192 2023 348 2088 cherrima
369 2030 535 2107 quattuor,
566 2043 689 2086 summo
711 2020 862 2098 artificio,
884 2041 1008 2085 summa
1030 2023 1211 2098 nobilitate,
1234 2044 1317 2108 quae
1338 2043 1404 2088 non
1425 2025 1523 2090 modo

190 2117 287 2183 istum
308 2117 486 2193 hominem,
510 2119 711 2202 ingeniosum
735 2127 767 2182 et
788 2117 1036 2200 intelligentem,
1057 2135 1168 2181 verum
1190 2117 1286 2182 etiam
1302 2120 1447 2204 quemvis
1465 2140 1524 2184 no·

190 2219 304 2287 suurn,
334 2231 416 2296 quos
444 2213 505 2277 iste
534 2211 659 2276 idiotas
672 2213 831 2296 appellat,
863 2211 1021 2275 delectare
1047 2219 1197 2294 possent3
1226 2233 1326 2280 unum
1357 2214 1523 2297 Cupidinis

191 2326 401 2371 marmoreum
423 2306 589 2371 Praxiteli:
615 2339 652 2354 -··
684 2307 832 2369 nimirum
855 2304 953 2369 didici
976 2305 1089 2379 etiam,
1112 2305 1187 2368 dum
1209 2307 1243 2370 in
1264 2307 1360 2370 istum
1382 2308 1522 2392 inquiro,

190 2397 345 2466 artificum
365 2402 505 2464 nomina.
546 2398 650 2475 ldem,
674 2402 806 2483 opinor,
828 2399 945 2462 artilex
968 2398 1111 2462 eiusdem
1132 2400 1219 2462 modi
1236 2401 1425 2485 Cupidinem
1446 2402 1560 2474 iecitse

190 2497 297 2573 illum,
318 2496 374 2579 qui
396 2502 446 2558 est
467 2493 631 2579 Thespiis,
653 2502 785 2579 propter
808 2515 904 2579 quem
927 2493 1084 2577 Thespiae
1106 2493 1270 2571 visuntur;
1295 2515 1370 2560 nam
1391 2497 1454 2560 alia
1475 2497 1523 2560 vi·

190 2591 281 2656 seneli
302 2609 397 2653 causa
417 2588 508 2652 nulla
529 2596 587 2653 est.
630 2591 736 2674 Atque
757 2589 813 2653 ille
836 2591 871 2651 L.
895 2588 1085 2662 Mummius,
1110 2607 1181 2652 cum
1203 2590 1415 2674 Thespiadas,
1438 2609 1522 2675 quae

189 2685 231 2750 ad
258 2685 368 2750 aedem
398 2683 570 2747 Felicitatis
600 2689 691 2758 sunt,
718 2691 887 2768 ceteraque
908 2681 1043 2767 prolana
1064 2701 1106 2744 cx
1127 2682 1183 2745 illo
1206 2683 1326 2768 oppido
1348 2685 1440 2769 signa
1461 2685 1523 2749 tol·

189 2781 285 2854 leret,
307 2778 392 2842 hunc
415 2795 627 2844 marmoreum
650 2777 855 2861 Cupidinem,
879 2777 967 2861 quod
989 2784 1057 2840 erat
1077 2785 1298 2854 consecratus,
1319 2797 1386 2844 non
1406 2780 1522 2864 attigit.

189 2873 244 2936 lll.
266 2869 296 2936 5.
318 2872 436 2936 Verum
458 2879 494 2935 ut
515 2873 555 2936 ad
572 2871 653 2936 illud
668 2874 839 2936 sacrarium
854 2870 993 2946 redeam,
1015 2872 1142 2955 signum
1156 2878 1226 2936 erat
1238 2872 1310 2947 hoc,
1333 2873 1422 2958 quod
1435 2874 1561 2950 dicore

191 2966 356 3051 Cupidinis
379 2987 396 3030 e
418 2985 592 3031 marmore:
615 2986 657 3029 ex
678 2966 776 3030 altera
797 2973 887 3050 parte
905 2963 1078 3044 Hercules,
1101 2968 1229 3050 egregie
1248 2965 1351 3031 iamne
1374 2987 1415 3031 ex
1435 2987 1520 3034 aere.

189 3062 220 3124 ls
243 3060 409 3124 dicebatur
430 3081 501 3124 esse
523 3060 683 3145 Myronis,
703 3068 742 3124 ut
755 3062 885 3145 opinor,
909 3068 941 3124 et
955 3065 1051 3122 certe.¹
1081 3061 1159 3123 ltem
1174 3068 1250 3125 ante
1263 3061 1324 3126 hos
1339 3063 1416 3127 deos
1431 3071 1522 3128 erant

188 3156 312 3232 arulae,
335 3175 417 3240 quae
440 3155 540 3219 cuivis
561 3156 747 3238 religionem
771 3155 898 3220 sacrarii
919 3149 1097 3238 significare
1118 3161 1260 3238 possent
1301 3156 1401 3220 Erant
1421 3175 1521 3222 aenea

189 3253 253 3316 duo
283 3255 447 3333 praeterea
476 3249 583 3332 signa,
613 3269 678 3313 non
706 3251 859 3324 maxima,
887 3267 998 3312 verum
1026 3247 1144 3312 eximia
1167 3257 1350 3326 venustate,
1371 3251 1521 3336 virginali

120 3415 121 3418 Ἴ
188 3345 300 3409 habitu
321 3349 420 3428 atque
440 3343 575 3419 vestitu,
599 3361 682 3427 quae
705 3343 851 3406 manibus
873 3341 1005 3405 sublatis
1027 3359 1116 3404 sacra
1138 3342 1296 3426 quaedam
1318 3363 1406 3408 more
1423 3347 1557 3418 Athe-³0

188 3438 349 3504 niensium
370 3437 529 3522 virginum
550 3439 693 3521 reposita
713 3437 747 3500 in
770 3435 927 3522 capitibus
949 3436 1157 3502 sustinebant
1202 3436 1409 3522 Canephoroe
1430 3439 1520 3523 ipsae

255 3823 279 3874 4.
298 3833 378 3885 porro
400 3819 504 3884 dacique
523 3821 569 3872 Gl.
598 3847 625 3857 -
652 3819 715 3872 cibit
736 3833 789 3871 om.
813 3822 892 3885 Lagg.
915 3821 1023 3886 praeter
1043 3819 1090 3882 ²⁹3
1116 3819 1180 3872 nibil
1202 3821 1306 3884 totoue
1328 3822 1397 3874 conl.
1416 3822 1472 3876 Urs.
1492 3826 1519 3876 et

189 3897 374 3951 briusoha·
394 3897 513 3947 accidere
528 3897 565 3948 aa
577 3895 605 3956 E,
624 3895 640 3947 4
658 3895 736 3947 codd.
749 3893 861 3947 hamb:
879 3897 1020 3946 saccuderit
1030 3894 1106 3955 dett,
1125 3897 1170 3960 qul
1188 3897 1223 3947 cd
1239 3897 1363 3948 omittunt
1380 3898 1438 3962 (sed
1449 3898 1518 3964 Lglr

189 3973 330 4038 occedmtl.
358 3997 385 4010 -
414 3971 438 4024 l.
458 3978 533 4034 atque
549 3971 642 4022 delicus
658 3973 703 4022 Gt.
733 3997 761 4009 -
788 3985 865 4035 quam
882 3970 914 4021 ab
930 3971 990 4033 ipsis
1006 3971 1021 4020 3
1039 3972 1117 4034 Lagg.
1142 3997 1170 4006 -
1197 3972 1221 4020 7.
1239 3971 1423 4036 inprobismme
1438 3975 1467 4025 a.
1490 4001 1517 4011 -

189 4049 220 4100 G.
237 4049 313 4100 iletre
328 4049 361 4099 Gt
377 4047 393 4098 i
411 4050 438 4098 et
454 4049 492 4099 sic
509 4046 577 4098 alibi.
594 4076 621 4084 -
641 4047 665 4097 8.
685 4047 779 4110 quiid.
799 4051 967 4106 accesserunt,
984 4045 1004 4108 f.
1022 4046 1158 4095 concedunt
1173 4045 1209 4097 443
1221 4043 1238 4095 λ
1250 4047 1317 4111 Lgii
1336 4048 1447 4111 (sedhic
1458 4063 1520 4099 cou-

188 4125 293 4188 cedeutl:
311 4125 361 4180 fac.
380 4125 525 4187 succedent,
544 4123 587 4186 qui
603 4125 639 4174 Μ,
652 4137 705 4173 occ.
719 4122 783 4173 dett.
797 4123 826 4172 0.
842 4151 869 4159 -
889 4122 913 4172 9.
926 4121 972 4171 itta
988 4119 1074 4172 ioli-3:
1095 4121 1122 4170 io
1138 4121 1259 4173 illodett.
1272 4123 1302 4172 0.
1317 4148 1344 4160 -
1363 4124 1404 4176 40.
1417 4130 1521 4188 opauco

188 4203 218 4252 R.
240 4229 267 4237 -
286 4201 326 4250 44.
344 4199 458 4250 mamma
474 4199 649 4262 perboapiuclis
665 4200 727 4263 ng.
746 4201 854 4263 praeter
869 4197 910 4248 29.
939 4225 966 4236 -
992 4197 1064 4246 istim
1081 4197 1215 4247 aduentum
1230 4199 1250 4248 R
1263 4198 1299 4247 aa
1316 4196 1363 4248 Ld.
1382 4197 1427 4248 al:
1448 4199 1523 4249 buius

188 4277 246 4327 odo.
265 4275 318 4338 0⁴3
337 4277 394 4327 edo.
413 4277 453 4326 ist,
472 4273 536 4326 dett.
556 4276 585 4326 0.
607 4304 634 4312 -
653 4275 688 4324 sic
705 4279 797 4325 ornata
814 4273 879 4324 dett.
898 4273 927 4323 0.
943 4299 970 4309 —
991 4271 1030 4322 ti.
1049 4277 1224 4322 oruamentum
1241 4272 1319 4335 4399.
1340 4301 1367 4311 -
1387 4274 1428 4325 49.
1447 4275 1521 4326 abita

1368 4373 1370 4380 ,
1478 4355 1495 4391 o

188 4409 262 4464 rebec
277 4407 381 4468 mallm;
399 4409 426 4457 in
443 4408 476 4458 Gl
491 4407 507 4457 2
524 4409 567 4458 est
582 4407 643 4470 latr,
668 4409 700 4458 ut
715 4419 833 4472 semper.
854 4429 882 4442 -
908 4403 949 4455 44.
968 4415 1026 4454 uror
1040 4415 1138 4467 magro
1154 4402 1220 4455 dett.
1241 4429 1268 4440 -
1287 4405 1329 4456 lb.
1343 4407 1521 4470 pensaurum

188 4489 218 4538 a.
238 4511 266 4522 -
285 4484 326 4535 ld.
344 4482 473 4546 quattuor]
489 4482 537 4532 llll
552 4483 581 4534 li.
602 4509 629 4520 ·-
650 4482 690 4533 47.
708 4483 871 4546 iugenuam
887 4482 916 4532 a.
938 4507 965 4518 —
993 4484 1017 4530 et
1032 4480 1077 4530 iet.
1096 4481 1117 4529 li
1134 4481 1162 4530 et
1178 4479 1256 4531 codd.
1274 4479 1331 4532 rell.
1350 4483 1420 4534 uoti:
1444 4489 1522 4547 aque

188 4563 233 4611 tna.
252 4559 282 4608 0.
308 4559 338 4609 ln
354 4559 375 4609 lt
391 4561 481 4608 umen
497 4558 677 4623 ioutkpsotem
693 4558 821 4622 scriptum
839 4558 892 4619 est,
911 4558 939 4608 et
955 4556 994 4608 sic
1004 4567 1121 4620 semper,
1136 4581 1164 4593 -
1183 4555 1223 4606 48.
1243 4555 1388 4618 elpidium
1398 4556 1477 4622 ugia.
1490 4585 1518 4596 -

190 4636 229 4685 49.
247 4633 371 4684 Fructulo·
387 4634 407 4684 a
424 4645 450 4706 p,
469 4644 519 4683 m:
536 4635 663 4684 Proxime
679 4634 699 4684 a
717 4645 771 4684 see.
791 4645 838 4694 m,
857 4630 931 4683 lea.
951 4631 984 4682 et.
1005 4631 1029 4694 5.
1049 4631 1106 4689 ⁴23
1123 4631 1258 4682 hausti
1273 4630 1339 4683 dett.
1354 4634 1383 4684 0.
1397 4659 1426 4672 —-
1444 4635 1521 4686 elimo

188 4710 241 4760 iad
262 4709 286 4772 (l.
306 4721 331 4759 e.
348 4710 449 4771 iradicea)
466 4709 527 4758 drea
543 4709 619 4774 bgie.
640 4736 668 4747 -
694 4709 736 4759 20.
754 4710 893 4773 artificioso
908 4709 937 4759 a.
961 4735 988 4746 -
1015 4707 1057 4758 il.
1073 4707 1359 4772 proptor--oomaol
1377 4707 1412 4759 cli
1428 4707 1519 4760 Sidon.

189 4785 237 4849 Ep.
250 4784 292 4834 lV.
312 4785 352 4834 lb.
368 4809 396 4822 ·-
414 4785 456 4835 99.
474 4781 643 4846 coenat:
661 4786 749 4846 ersom
765 4782 873 4835 detto.
889 4809 916 4820 —
937 4781 1085 4846 lbuptodor
1100 4781 1245 4846 Ralbgw
1263 4783 1362 4847 turpius
1378 4783 1438 4846 Gli:
1459 4784 1521 4834 Tbe-

189 4859 275 4922 sptods
286 4857 351 4912 dett.
360 4885 388 4897 -
406 4859 448 4910 26.
461 4861 576 4924 egregiae
586 4861 616 4910 a.
631 4885 657 4898 -
675 4861 716 4912 27.
733 4861 802 4910 Fort.
814 4864 838 4910 et
847 4864 922 4910 recta.
934 4861 1005 4910 Bur.
1018 4883 1046 4894 -
1058 4859 1118 4909 tum
1128 4871 1182 4910 om.
1195 4859 1308 4923 Lgaa.-
1326 4859 1371 4910 bor
1380 4859 1431 4910 lta:
1449 4859 1520 4910 bosca

190 4935 255 4987 dett
268 4934 298 4984 ο.
311 4961 339 4972 -
352 4934 393 4985 28.
407 4934 497 4984 anuo
512 4934 549 4985 443
561 4935 591 4995 C,
609 4934 664 4985 duo
680 4933 831 4986 Memmiaoi
848 4945 892 4999 ap.
904 4933 1008 4984 bamba
1027 4931 1127 4984 mbsloe
1142 4933 1207 4985 dett
1223 4959 1252 4972 -
1269 4945 1336 4984 socr.
1346 4933 1418 4998 nep.
1437 4935 1516 4997 lagg.

189 5009 355 5076 presuras,
373 5010 402 5060 0.
415 5035 443 5048 -
461 5009 502 5061 29.
517 5015 652 5072 procurre
668 5011 717 5060 duo
733 5012 810 5074 legg.
829 5010 937 5074 praeter
952 5009 997 5070 29,
1016 5009 1046 5058 0.
1061 5035 1088 5048 -
1105 5009 1270 5061 muron.
1289 5035 1318 5048 -
1335 5008 1376 5060 39.
1394 5021 1518 5060 suoru--

190 5085 398 5148 mambres.
412 5087 446 5138 ll.
458 5098 485 5150 p.
497 5084 554 5136 25⁹.
567 5111 591 5124 -
612 5085 653 5136 34.
671 5085 830 5148 Canephoros
845 5083 924 5135 codd.
937 5083 1075 5148 plerique:
1093 5084 1226 5148 canosum
1236 5085 1286 5147 Gn
1305 5081 1515 5148 Coomborebdo

189 5165 214 5214 et
228 5161 325 5228 odota
340 5161 385 5215 Gi.
404 5160 439 5214 ct.
456 5159 544 5218 Sobel.
562 5161 643 5232 Cruq.
662 5160 697 5213 ed
713 5161 805 5214 floret.
822 5159 877 5211 su.
894 5160 927 5212 11.
944 5159 970 5223 8,
983 5158 1024 5211 43.
