3578 5862
573 457 646 523 en.
668 457 829 525 xxxvn.
859 455 916 543 ss.
937 454 1105 522 co-roa
1433 449 1495 521 sss

149 621 239 693 ¹lars
261 627 393 692 debetis.
437 626 767 704 Quemadmodum,
790 649 861 693 cum
883 629 1044 712 petebam,
1066 626 1147 692 nulli
1169 627 1330 692 merobis
1352 633 1495 692 auctores

172 721 299 806 generis
320 723 383 786 mei
399 721 675 798 commendarunt,
696 713 759 799 sic,
781 725 807 787 si
824 722 901 808 quid
917 722 1101 806 deliquero,
1123 722 1231 786 nullae
1244 728 1320 786 sunt
1332 721 1496 804 imagines,

173 835 257 902 quae
285 835 335 878 me
369 837 389 880 a
415 815 506 881 vobis
537 815 756 899 deprecentur.
799 819 960 881 XXXVII.
989 817 1095 892 Quare
1123 816 1218 880 modo
1246 817 1311 881 vita
1333 823 1496 900 suppetat,

173 931 268 995 quam
290 928 350 991 ego
373 911 502 974 summis
524 909 543 943 *
556 907 575 946 l
589 907 608 945 *
630 912 669 974 ab
691 912 825 975 istorum
847 912 967 975 scelere
987 910 1175 993 insidiisque
1197 903 1385 986 defendere,
1405 909 1497 995 polli-

172 1025 248 1068 ceor
268 1005 331 1068 boc
353 1004 460 1080 vobis,
483 1005 640 1081 Quirites,
661 1007 745 1068 bona
757 1005 841 1068 lide:
863 1003 1104 1089 rempublicam
1117 1002 1261 1086 vigilanti
1274 1003 1411 1080 bomini,
1432 1011 1521 1070 nont

171 1098 302 1172 timido,
336 1097 498 1180 diligenti,
534 1118 595 1162 con
626 1100 733 1181 Quoue
766 1100 977 1164 commisistis.
1027 1094 1098 1161 llll.
1131 1099 1198 1181 Ego
1227 1100 1254 1161 is
1282 1099 1408 1175 consul,
1441 1100 1495 1182 qui

172 1191 355 1255 contionem
377 1195 537 1256 metuam?
559 1193 613 1276 qui
629 1194 787 1257 tribunum
802 1195 905 1276 plebis
920 1193 1177 1276 perhorrescam?
1200 1193 1256 1275 qui
1273 1211 1367 1276 saepe
1382 1200 1415 1256 et
1428 1195 1497 1256 sine
1530 1222 1536 1236 =

172 1305 271 1349 causa
299 1285 497 1349 tumultuer‘l
512 1349 516 1355 ,
530 1287 584 1370 qui
613 1286 758 1364 timeam,
786 1309 827 1354 ue
859 1289 935 1352 mibi
957 1289 990 1352 in
1013 1307 1136 1353 carcere
1157 1286 1361 1351 habitandum
1384 1287 1441 1362 sit,
1470 1289 1498 1350 si

172 1381 319 1444 tribunus
347 1379 449 1463 plebis
477 1381 549 1444 duci
571 1381 724 1462 iusserit?
763 1383 830 1466 Ego
852 1384 935 1448 enirn
957 1384 1070 1447 vestris
1090 1381 1187 1444 armis
1208 1388 1346 1446 armatus
1366 1381 1498 1465 insigni·

172 1475 297 1558 busque
319 1473 522 1556 amplissimis
538 1483 728 1551 exornatus,
751 1477 894 1560 imperio,
917 1477 1114 1550 auctoritate,
1134 1495 1201 1539 non
1222 1475 1336 1538 horreo
1359 1476 1392 1540 in
1413 1478 1535 1542 bunc⁴⁰

174 1570 280 1632 locum
307 1567 455 1651 progredi
482 1569 635 1653 vobisque
662 1572 842 1636 auctoribus
872 1570 1064 1656 improbitati
1086 1570 1225 1634 hominis
1246 1571 1409 1645 resistere,
1438 1591 1497 1634 nec

174 1683 302 1739 vereor,
324 1683 365 1726 ne
386 1683 438 1728 res
459 1663 587 1746 publica
609 1665 704 1728 tantis
723 1667 842 1730 munita
863 1667 1029 1751 praesidiis
1050 1667 1090 1728 ab
1108 1664 1178 1728 istis
1194 1664 1276 1728 vinci
1291 1669 1346 1728 aut
1361 1663 1496 1748 opprimi

173 1757 284 1840 possit.
321 1757 354 1819 Si
377 1764 469 1820 antea
490 1758 682 1833 timuissem,
712 1767 817 1824 tamen
839 1761 899 1825 bac
921 1762 1084 1836 contione,
1106 1758 1167 1823 boc
1188 1758 1306 1843 populo
1328 1765 1413 1820 certe
1434 1778 1498 1820 non

173 1871 309 1914 vererer.
342 1851 421 1927 Quis
443 1854 528 1916 enim
549 1873 699 1937 umquam
721 1862 783 1917 tam
806 1855 947 1919 secunda
968 1856 1115 1918 contione
1137 1852 1240 1935 legem
1256 1852 1409 1934 agrariam
1427 1869 1499 1912 sua-

174 1945 217 2008 sit
244 1963 338 2027 quam
368 1965 427 2029 ego
457 1946 615 2010 dissuasit
645 1951 673 2012 si
700 1948 761 2012 boc
784 1948 966 2013 dissuadere
989 1955 1038 2012 est
1058 1969 1096 2012 ac
1117 1967 1182 2011 non
1204 1945 1381 2010 disturbare
1403 1948 1498 2026 atque
1508 1953 1536 2000 lt

174 2048 364 2121 pervertere.
407 2035 479 2104 402.
501 2042 550 2103 Ex
572 2062 636 2125 quo
658 2042 809 2125 intelligi,
832 2043 988 2118 Quirites,
1011 2050 1115 2125 potest
1135 2039 1214 2104 nibil
1236 2060 1306 2104 csse
1321 2046 1384 2104 tam
1399 2058 1500 2123 popu·

174 2132 241 2194 lare
263 2127 363 2216 ’([υωιι
391 2136 440 2212 id,
468 2136 553 2220 quod
583 2156 642 2219 ego
664 2137 752 2200 vobis
774 2137 808 2201 in
829 2136 914 2201 bunc
935 2156 1053 2201 annum
1074 2136 1185 2200 consul
1206 2133 1369 2218 popularis
1390 2133 1499 2208 affero,

174 2245 300 2309 pacem,
327 2229 604 2314 tranquillitatem,
628 2231 737 2294 otium.
774 2232 864 2308 Quae
887 2231 980 2294 nobis
1002 2229 1173 2314 designatis
1195 2228 1370 2301 timebatis,
1399 2247 1437 2290 ea
1458 2247 1498 2290 ns

175 2319 320 2384 accidere
340 2331 489 2404 possent,
516 2325 651 2388 consilio
674 2346 745 2417 meo
766 2346 803 2389 ac
824 2326 946 2390 ratione
967 2325 1096 2409 provisa
1117 2331 1200 2388 sunt.
1236 2323 1307 2385 Non
1327 2320 1423 2384 modo
1441 2341 1499 2384 vos

176 2414 263 2477 eritis
290 2415 324 2478 in
353 2417 436 2492 otio,
466 2419 521 2502 qui
550 2437 675 2501 semper
703 2437 772 2481 esse
794 2419 982 2493 volueratis,
1013 2417 1238 2482 verumetiam
1261 2417 1355 2491 istos,
1384 2415 1537 2499 quibusao

176 2509 251 2572 odio
274 2517 323 2574 est
344 2512 461 2588 otium,
483 2531 584 2597 aeque
608 2513 725 2576 otiosos
747 2513 888 2576 reddam.
920 2513 1045 2576 Etenim
1064 2512 1128 2576 illis
1141 2512 1297 2585 bonores,
1318 2514 1500 2592 potestates,

176 2603 305 2667 divitiae
335 2625 376 2668 ex
404 2606 538 2670 tumultu
568 2614 667 2691 atque
697 2626 737 2668 ex
766 2603 1017 2670 dissensionibus
1045 2604 1159 2669 civium
1187 2601 1359 2688 comparari
1380 2602 1499 2698 solent:

175 2718 249 2772 vos,
271 2718 406 2781 quorum
428 2701 528 2784 gratia
549 2704 584 2766 in
606 2700 764 2782 suffragiis
787 2701 945 2775 consistit,
975 2700 1104 2763 libertas
1125 2700 1158 2762 in
1180 2697 1320 2780 legibus,
1341 2694 1444 2759 bonos
1466 2696 1499 2760 in

174 2792 301 2856 iudiciis
323 2799 356 2858 et
376 2794 535 2878 aequitate
556 2795 811 2876 magistratuum,
840 2815 890 2858 res
911 2794 1076 2858 familiaris
1097 2795 1131 2857 in
1152 2811 1249 2876 pace,
1270 2789 1356 2854 omni
1377 2791 1499 2854 ratione

176 2886 274 2949 otium
303 2886 439 2952 retinere
469 2887 600 2952 debetis.
645 2883 716 2949 403.
739 2889 817 2951 Nam
847 2890 874 2952 si
900 2889 942 2964 ii,
973 2889 1027 2972 qui
1049 2893 1180 2971 propter
1202 2885 1355 2948 desidiam
1376 2884 1410 2947 in
1433 2887 1536 2949 otioas

175 2981 301 3058 vivrrnt,
323 2991 427 3048 tamen
449 2985 483 3046 in
506 3005 563 3048 sua
577 2984 662 3068 turpi
682 2982 797 3047 inertia
811 2981 940 3066 capiunt
953 2983 1146 3065 voluptatem
1161 3000 1202 3045 ex
1215 2980 1286 3064 ipso
1301 2979 1382 3054 otio,
1404 2999 1499 3063 quam

243 3357 267 3407 t.
285 3355 469 3407 debentEFP.
489 3380 517 3392 -
535 3356 561 3407 i.
579 3356 683 3406 sicem
703 3357 787 3406 EFP.
808 3380 836 3392 -
857 3355 1175 3418 siquis--sepreccsccr
1191 3355 1222 3403 l.
1241 3351 1337 3406 Gellius
1352 3355 1394 3418 VI.
1414 3357 1455 3418 lb,
1474 3359 1498 3409 7.

180 3459 206 3468 -
225 3431 249 3482 3.
269 3431 360 3495 Quare]
379 3432 461 3494 Quam
476 3443 529 3480 rem
546 3430 629 3480 EFP.
651 3457 678 3467 -
701 3433 774 3482 niodo
791 3443 853 3482 nos:
876 3431 949 3481 modo
965 3430 986 3480 si
1002 3431 1091 3492 EFP;
1109 3431 1182 3480 modo
1197 3434 1226 3480 ut
1242 3427 1390 3483 causo,
1410 3455 1438 3468 ·-
1457 3443 1512 3480 su-¹

173 3513 249 3572 peras
265 3509 292 3558 F.
313 3535 340 3544 -
358 3505 382 3558 l.
401 3517 479 3567 pacm
496 3517 540 3568 spo
556 3505 658 3554 scamis
674 3505 738 3556 EP:
761 3519 837 3568 wem
853 3519 898 3570 epo
913 3518 1023 3556 summus
1039 3505 1070 3566 F;
1093 3518 1171 3567 qaam
1192 3517 1237 3568 syo
1254 3517 1309 3554 aaa
1325 3505 1347 3554 ts
1363 3506 1397 3567 G;
1424 3519 1500 3569 quam

175 3582 438 3647 epcsumisqus'A:
457 3581 918 3646 qumcpccuntsquipossimm
942 3580 1501 3646 cumacucmsposumisquiccmpossim

178 3671 240 3709 eum
263 3656 306 3708 sd.
325 3656 489 3720 Hervagiana
505 3654 537 3716 s:
561 3668 639 3717 quam
657 3669 702 3720 cpe
723 3658 746 3706 si
768 3657 869 3720 puluere
891 3668 953 3707 cum
970 3657 1014 3706 ed.
1033 3655 1134 3707 luntina
1152 3656 1187 3716 03
1211 3667 1288 3717 qums
1304 3668 1349 3719 spo
1364 3656 1501 3720 sipcsaum

177 3731 300 3783 Klotzius.
311 3757 338 3767 -
357 3730 487 3794 desccdum
503 3729 536 3779 de
549 3743 597 3782 sua
611 3731 763 3782 coniectura
775 3731 837 3781 0.-
852 3731 975 3794 pollicear
985 3730 1005 3781 Ε
1015 3731 1042 3781 F.
1055 3759 1083 3769 -
1097 3731 1121 3781 5.
1135 3728 1213 3780 ὸοπαο
1227 3729 1285 3792 fidei
1300 3728 1387 3781 EFA.
1406 3731 1501 3783 Emen-

178 3805 250 3858 davit
261 3805 414 3870 llervegius.
429 3833 456 3843 -
470 3805 494 3855 6.
507 3818 558 3855 scu
567 3805 659 3869 ipoacc
671 3819 725 3858 cm.
738 3806 852 3857 EFPA.
865 3804 971 3857 Addidit
982 3806 1135 3876 flervagins.
1155 3805 1212 3870 (noo
1221 3803 1354 3871 metipsis
1364 3805 1500 3873 Halmius.)

180 3907 207 3916 —
219 3880 283 3946 Fae]
298 3882 367 3946 Frpo
384 3881 416 3938 F:
433 3881 503 3945 lirpo
518 3893 561 3930 ero
577 3880 607 3931 Ε.
622 3907 649 3916 -
667 3880 697 3946 is]
713 3883 751 3932 bis
767 3885 801 3943 P,
819 3881 866 3932 biis
881 3879 907 3933 F.
923 3910 950 3919 -
969 3883 994 3933 7.
1011 3883 1129 3947 outwm]
1147 3885 1318 3932 cocmtucm
1328 3880 1357 3931 Ε.
1373 3907 1400 3918 -
1418 3881 1500 3933 cibis·

177 3969 239 4007 uum
252 3956 287 4019 pl.
300 3957 335 4007 G:
354 3955 432 4020 impl.
446 3956 478 4015 F;
496 3954 607 4008 tribunos
618 3955 655 4019 pl.
668 3955 813 4011 ΕΑΕὲΟ.
828 3981 855 3992 -·
875 3955 900 4007 9.
912 3957 1011 4009 iusserit
1026 3957 1061 4009 E:
1078 3957 1186 4007 iussisset
1202 3950 1333 4008 besso·
1347 3979 1375 3993 -
1388 3957 1497 4009 mimti:

177 4045 234 4082 mun
250 4031 368 4094 EFPA,
394 4030 505 4082 coum
521 4043 582 4082 eum
600 4031 644 4082 ed.
661 4032 764 4082 Iuntina
779 4030 835 4086 bt.
855 4057 884 4068 -
912 4032 953 4082 40.
971 4035 1109 4084 ammaus
1124 4031 1186 4082 EF:
1213 4034 1317 4081 omaus
1336 4028 1451 4084 abbo.
1471 4060 1499 4070 -

178 4107 267 4157 torreo
283 4107 405 4158 EFGA:
423 4107 512 4158 comui
528 4118 590 4158 cum
607 4106 650 4157 ed.
669 4108 770 4158 Iuntina
787 4103 870 4158 neo.
885 4134 913 4144 -
932 4109 972 4160 ll.
986 4107 1108 4172 propredi
1123 4105 1283 4158 Lambinus:
1298 4105 1418 4169 properti
1431 4120 1503 4169 posse

179 4182 264 4231 EFA.
284 4207 312 4217 -
329 4193 361 4231 ne
374 4194 465 4233 uscos·
481 4181 515 4241 Ε;
533 4194 564 4231 ue
579 4193 669 4232 uersor
685 4181 715 4242 F;
735 4188 787 4235 teve
802 4197 889 4235 uereor
906 4187 938 4244 Ρ;
956 4197 1023 4234 nunc
1037 4195 1127 4233 uerear
1144 4195 1206 4234 cum
1222 4181 1264 4231 ed.
1283 4180 1385 4230 Iuntina
1403 4180 1456 4236 bt.
1471 4209 1499 4218 -

180 4256 219 4305 li.
236 4268 277 4307 res
288 4255 328 4321 p.]
342 4270 371 4320 p.
389 4270 412 4306 r.
431 4256 459 4306 F.
479 4282 508 4294 -
526 4256 567 4307 43.
582 4261 665 4319 posset
680 4259 737 4309 EF.
758 4285 786 4296 —
804 4265 888 4310 lamec
904 4271 966 4310 cum
982 4260 1010 4308 P.
1029 4257 1144 4311 llanutic
1160 4269 1214 4308 orn.
1233 4253 1286 4307 bil.
1307 4280 1335 4291 -
1352 4254 1400 4305 buc
1415 4257 1502 4307 emedi-

178 4329 243 4379 ticnc
258 4330 343 4381 EFP.
364 4359 392 4368 -
411 4330 452 4382 tl.
470 4331 556 4396 besa]
574 4332 659 4397 legam
674 4334 758 4384 EFP.
779 4361 806 4371 -
826 4336 866 4386 45.
885 4331 1032 4397 dbtwbcrs]
1047 4331 1197 4395 pecccare
1212 4331 1241 4382 Ε.
1256 4356 1283 4366 -
1302 4333 1377 4392 otum
1391 4331 1452 4381 EF:
1471 4345 1503 4382 cc
1567 4376 1569 4378 .

178 4402 235 4458 Ab.
255 4433 283 4441 —
301 4405 343 4456 2⁰.
360 4406 487 4456 commitis
503 4407 566 4465 GO:
583 4407 695 4458 calceus
705 4407 806 4474 Ussing.
821 4437 847 4446 -
867 4409 955 4472 pasibm
970 4407 1026 4458 odic
1043 4413 1079 4457 est
1094 4409 1183 4468 ocimu,
1202 4418 1279 4468 cepae
1295 4403 1385 4454 otiosos
1395 4403 1499 4468 Ussing:

180 4480 266 4543 quibus
281 4482 356 4533 ociosi
371 4483 453 4532 ocima
467 4483 607 4546 [scissurae
623 4483 773 4547 (sumsimus
789 4484 816 4546 Ρ)
834 4490 909 4547 atquc
921 4484 1018 4543 ¹ociosos
1034 4483 1154 4542 sium
1172 4481 1260 4545 quibus
1275 4479 1350 4532 ociod
1365 4481 1448 4530 ociasm
1463 4482 1502 4545 se-

179 4556 305 4606 cissccuss:
324 4561 399 4620 acque
415 4556 576 4607 ccmsusimcs
585 4559 620 4617 A:
639 4558 727 4620 quibus
742 4559 813 4609 otiosi
828 4558 954 4624 aspectum
968 4558 1121 4621 sscummsss,
1141 4556 1297 4607 ssessstmos
1308 4567 1370 4606 cum
1383 4555 1425 4605 ed.
1438 4556 1502 4607 ller-

179 4631 289 4693 vegisna
305 4628 336 4690 a:
355 4630 443 4694 cuibus
458 4631 529 4681 otiosi
545 4633 670 4696 negotium
685 4633 842 4697 sucessimus,
861 4633 1017 4684 otiosissimos
1033 4634 1094 4693 LO:
1121 4633 1208 4696 quibus
1224 4631 1295 4682 otiosi
1311 4629 1390 4680 etiarm
1403 4631 1502 4694 fecisse-

179 4717 246 4767 mus,
269 4717 347 4766 acque
363 4705 452 4756 otiosos
468 4703 596 4768 dictales:
620 4708 709 4770 cubus
724 4709 780 4760 edic
795 4713 830 4759 cst
846 4709 937 4770 otim,
961 4709 1213 4772 possessionesque
1229 4705 1386 4758 otiosiuimcs
1401 4707 1503 4760 iladvi-

181 4781 237 4844 gius
253 4780 337 4831 Philet.
356 4781 505 4833 &taddeo
523 4783 555 4833 ll.
573 4795 600 4848 p.
613 4782 669 4835 lta.
684 4811 711 4820 —
730 4783 770 4834 23.
789 4784 872 4849 bonos]
889 4784 932 4835 bes
947 4785 1062 4836 EFGP.
1079 4812 1107 4820 -
1125 4784 1167 4837 si.
1184 4783 1387 4848 conbustum,
1405 4795 1445 4833 rss
1458 4785 1503 4848 sc-

179 4854 287 4905 mutasse
310 4856 494 4910 Lauredanus:
520 4871 625 4923 mapsam
645 4859 745 4911 ammes
762 4859 901 4923 fcmibcres
919 4859 1040 4920 nien:
1066 4873 1170 4925 mopsos
1190 4861 1296 4915 ὴοηονσε,
1313 4853 1452 4917 scrutares
1468 4861 1500 4919 P:

180 4929 343 4994 mapsam
358 4937 382 4984 st
397 4945 438 4984 res
453 4933 592 4998 smuiticrss
608 4946 668 4985 cum
686 4933 729 4984 ed.
748 4933 912 4998 llervagiana
927 4932 958 4995 23
980 4934 1187 4999 mapbtrctmms,
1208 4945 1249 4984 rss
1266 4929 1407 4995 {animes
1423 4932 1452 4982 0.
1472 4960 1498 4969 -

180 5007 454 5060 sarciemus:
480 5007 690 5062 uumebbto.
711 5037 739 5046 -
756 5010 824 5060 Num
839 5010 861 5060 st
876 5011 896 5060 s·
911 5008 1072 5060 Lambinus:
1092 5010 1153 5062 Fuci
1168 5010 1213 5062 sisi
1228 5009 1248 5059 ii
1263 5005 1297 5065 Ε;
1315 5008 1412 5057 unes:
1428 5009 1451 5060 si
1467 5011 1500 5071 Pi

182 5081 243 5132 Fam
259 5082 419 5144 stbiisiF3
437 5084 603 5136 Naracuiet
620 5087 653 5146 G,
670 5084 799 5136 Ncmetst
815 5085 885 5146 ΕΜ
903 5085 1043 5136 mossitt
1060 5086 1104 5138 ed.
1122 5086 1276 5138 Iuntina·
1294 5079 1336 5131 26.
1353 5081 1381 5133 ic
1397 5087 1458 5136 ante
1474 5099 1501 5138 v.

181 5169 227 5210 suc
243 5169 296 5210 ons.
314 5157 372 5213 EF.
392 5182 420 5198 -
437 5171 471 5212 ccc
486 5157 630 5225 Madvigius
647 5159 740 5225 (Philet.
752 5158 902 5217 Scbuctm
914 5160 947 5213 11.
964 5171 990 5228 p.
1004 5157 1085 5226 ΗΕ).
1102 5159 1144 5215 scd
1160 5159 1248 5222 sin:
1266 5155 1311 5212 sub
1325 5157 1418 5224 Aio:
1435 5159 1500 5215 sil..
