3648 5888
458 454 528 520 un.
549 452 574 518 1.
604 449 679 518 on.
699 445 993 516 xxvm-xxx.
1024 441 1079 530 se.
1101 439 1249 510 7i-7r.
1453 437 1515 508 444

194 646 287 703 4444,
308 643 390 711 quos
412 625 496 688 Nero
520 641 629 687 omncs
650 623 684 685 in
706 620 875 686 consilium
896 618 1042 683 vomuit:
1065 623 1132 681 erat
1152 616 1185 680 in
1202 613 1338 680 consilio
1353 613 1449 678 etiam
1463 632 1516 676 ae-

193 721 367 809 quissimus
390 719 488 784 iudex
502 718 570 802 ipse
585 718 716 781 Verres:
740 722 830 779 erant
843 713 989 777 nonnulli
1005 713 1104 795 togati
1118 711 1291 775 creditores
1312 707 1516 781 Graecorum,

149 834 152 840 ·
194 816 311 902 quibus
344 814 384 878 ad
415 813 586 896 exigendas
613 810 765 895 pecunias
793 807 1020 892 improbissimi
1050 807 1204 891 cuiusque
1227 803 1322 886 legati
1345 800 1525 884 plurimum⁴

192 910 324 996 prodest
355 907 466 991 gratia.
509 902 560 968 ti.
592 904 650 967 Ille
677 904 775 968 miser
803 902 1003 966 defensorem
1031 899 1189 963 neminem
1217 897 1357 982 reperire
1381 901 1518 979 poterat.
1656 975 1660 985 Ι

182 997 274 1090 (Quis
303 1003 387 1064 enim
417 1008 502 1065 esset
522 1006 578 1064 aut
599 1005 741 1088 togatus,
770 997 826 1082 qui
847 994 1032 1060 Dolabellae
1054 995 1172 1077 gratia,
1201 999 1256 1056 aut
1277 991 1431 1063 Graecus,
1460 987 1542 1072 quis
1616 971 1686 1050 6⁴³

192 1097 335 1160 eiusdem
356 1095 388 1160 vi
411 1079 598 1178 efiiriperic
621 1111 686 1155 non
708 1081 927 1154 movereturil
945 1089 1118 1153 Accusator
1132 1093 1237 1152 autem
1252 1085 1426 1170 apponitur
1439 1082 1518 1146 ciris

192 1193 353 1255 Romanus
375 1189 415 1252 de
436 1187 645 1252 creditoribus
660 1187 965 1268 Lampsacenorum,
990 1183 1047 1268 qui
1071 1183 1098 1246 si
1121 1182 1255 1244 dixisset
1276 1180 1363 1265 quod
1378 1180 1438 1243 iste
1454 1179 1519 1241 ius·

193 1286 302 1359 sisset,
331 1303 390 1366 per
418 1283 560 1346 eiusdem
588 1280 681 1343 istius
710 1279 837 1342 lictores
859 1297 879 1342 a
899 1278 1020 1362 populo
1049 1277 1216 1361 pecuniam
1245 1281 1356 1358 posset
1382 1273 1519 1356 exigere.

194 1380 273 1443 Cum
293 1377 373 1441 haec
395 1377 501 1440 omnia
522 1381 611 1439 tanta
632 1373 851 1447 contentione,
882 1373 977 1448 tantis
1000 1371 1101 1455 copiis
1124 1375 1307 1452 agerentur;
1334 1367 1519 1433 camillum

193 1474 344 1538 miserum
366 1470 458 1532 multi
480 1455 682 1542 accusarent,
705 1485 799 1530 nemo
815 1465 1015 1542 defenderet;
1037 1484 1174 1550 cumque
1188 1463 1353 1527 Dolabella
1366 1484 1438 1528 cum
1454 1465 1558 1529 suisti

193 1566 362 1652 praefectis
383 1569 541 1647 pugnaret
562 1563 596 1625 in
618 1560 770 1636 consilio,
799 1561 913 1624 Verres
934 1559 1079 1623 fortunas
1100 1559 1151 1642 agi
1173 1578 1246 1622 suas
1269 1559 1406 1633 diceret,
1435 1557 1519 1622 idem

194 1658 412 1725 testimonium
435 1658 572 1731 diceret,
594 1657 678 1720 idem
701 1662 787 1720 esset
806 1655 840 1717 in
855 1653 1008 1730 consilio,
1031 1655 1116 1718 idem
1131 1659 1346 1717 accusatorem
1360 1660 1521 1739 parasset3

192 1755 272 1818 baec
294 1772 367 1816 cum
389 1751 497 1814 omnia
518 1746 631 1814 fierent
651 1757 683 1812 et
697 1769 769 1813 curn
782 1747 946 1811 bominem
961 1755 1121 1812 constaret
1135 1733 1420 1816 occisum:(tamen
1435 1753 1522 1811 tanta

193 1849 242 1912 vis
264 1847 356 1910 istius
379 1844 535 1918 iniuriae,
556 1849 645 1908 tauta
665 1843 698 1906 in
720 1843 782 1906 isto
803 1841 990 1925 improbitas
1013 1843 1201 1926 putabatur,
1223 1849 1260 1906 ut
1281 1843 1320 1906 de
1334 1842 1521 1906 Philodamo
1625 1849 1689 1921 ,aa

193 1957 330 2007 suumve
352 1935 635 2039 pronuntiaretur.)
665 1937 768 1999 XXX.
791 1933 842 2000 75.
867 1936 953 2012 Quid
976 1957 1035 2022 ego
1057 1957 1143 2001 nunc
1163 1937 1197 1999 in
1212 1937 1311 2001 altera
1324 1937 1449 2000 actione
1465 1935 1559 2001 (ints
1818 1933 1819 2004 4

193 2032 378 2099 Dolabellae
411 2032 560 2115 spiritus,
591 2031 667 2116 quid
695 2030 791 2095 huius
820 2034 966 2098 lacrimas
993 2038 1026 2095 44
1053 2031 1313 2095 concursationes
1340 2030 1535 2114 proferam‘i'

194 2129 273 2216 quid
304 2126 337 2189 C.
359 2125 512 2199 Neronis,
544 2125 604 2188 viri
633 2125 746 2212 optimi
767 2134 864 2212 atque
884 2127 1153 2201 innocentissimi,
1186 2125 1350 2189 nonnullis
1371 2125 1405 2187 in
1426 2126 1522 2188 rebus
1640 2127 1683 2226 ί

194 2223 335 2288 animum
367 2219 500 2283 nimium
528 2215 673 2282 timidum
702 2227 798 2305 atque
820 2222 1015 2306 demissum?
1049 2221 1104 2306 qui
1131 2220 1165 2283 in
1187 2219 1242 2283 illa
1262 2240 1297 2282 re
1319 2220 1397 2304 quid
1418 2219 1522 2283 facere

193 2316 337 2404 potuerit
360 2333 427 2377 non
447 2314 599 2389 habebat,
627 2313 690 2377 nisi
711 2313 810 2390 forte,
836 2316 870 2379 id
893 2315 979 2399 quod
1002 2335 1112 2378 omnes
1134 2321 1201 2377 tium
1224 2313 1465 2390 desiderabant,
1487 2319 1523 2376 ut

196 2417 305 2497 ageret
327 2428 396 2472 eam
418 2428 484 2471 rem
507 2408 578 2471 sine
599 2409 697 2471 Verre
720 2414 753 2470 et
773 2410 842 2472 sine
863 2409 1038 2476 Dolabella.
1083 2408 1247 2494 Quidquid
1275 2415 1360 2472 esset
1382 2409 1451 2471 sine
1471 2407 1560 2471 histo

196 2513 318 2579 actum,
351 2521 461 2567 omnes
489 2501 678 2585 probarent:
710 2510 777 2566 tum
806 2525 881 2568 vero
913 2504 999 2588 quod
1020 2503 1261 2587 pronuntiatum
1283 2509 1347 2578 est,
1379 2521 1445 2565 non
1466 2521 1523 2584 per

194 2604 350 2665 Neronem
379 2595 555 2659 iudicatum
584 2597 640 2660 sed
669 2615 727 2680 per
756 2598 952 2662 Dolabellam
983 2604 1126 2681 ereptum
1148 2596 1397 2661 existimabatur.
1420 2586 1524 2678 (Con-

196 2696 361 2788 demnaiur
389 2691 475 2754 enim
502 2691 670 2774 perpaucis
699 2693 864 2756 sententiis
892 2689 1097 2755 Philodamus
1125 2698 1158 2754 et
1186 2691 1255 2754 eius
1277 2682 1394 2790 iiius.)
1415 2689 1523 2766 Adest,
1596 2663 1702 2777 (ᾖ

193 2784 307 2863 instat,
340 2793 433 2870 urget
458 2785 645 2860 Dolabella,
677 2794 715 2850 ut
737 2785 992 2871 quamprimum
1014 2785 1117 2849 securi
1139 2784 1307 2860 feriantur,
1341 2805 1405 2870 quo
1428 2803 1523 2870 quam

196 2883 326 2947 minime
348 2880 441 2944 multi
464 2899 504 2942 ex
527 2878 591 2942 illis
614 2880 653 2944 de
676 2881 768 2944 istius
790 2880 912 2944 nefario
935 2879 1055 2944 scelere
1076 2879 1187 2944 audire
1201 2885 1342 2963 possent.
1374 2876 1424 2942 76.
1442 2878 1561 2941 eon-ss

195 2976 339 3042 stituitur
369 2975 404 3038 in
430 2973 501 3037 foro
529 2972 706 3039 Laodiceae
735 2974 950 3059 spectaculum
979 2974 1127 3038 acerbum
1150 2981 1183 3038 et
1203 2973 1354 3038 miserum
1376 2980 1409 3036 et
1429 2992 1524 3056 graue

195 3071 256 3135 toti
278 3069 374 3133 Asiae
396 3068 595 3152 provinciae:
627 3069 755 3152 mandis
776 3075 854 3132 natu
874 3087 990 3152 parens
1012 3068 1170 3131 adductus
1192 3068 1232 3132 ad
1254 3068 1461 3152 supplicium,
1484 3087 1524 3132 ex

196 3166 297 3231 altera
318 3171 410 3248 parte
431 3159 534 3240 filius;
567 3163 640 3238 ille,
673 3165 760 3249 quod
788 3162 974 3246 pudicitiam
999 3162 1189 3238 liberorum,
1222 3163 1290 3238 bic,
1319 3161 1406 3247 quod
1426 3162 1523 3226 ιίῐιιιιι
1748 3199 1761 3230 κ

197 3261 297 3344 patris
319 3258 501 3340 famamque
524 3258 642 3320 sororis
666 3257 858 3322 defenderat
901 3257 1012 3320 Flebat
1032 3263 1183 3340 uterque,
1211 3275 1277 3319 non
1307 3256 1346 3319 de
1368 3275 1427 3320 suo
1450 3276 1525 3341 sup-

192 3354 311 3438 plicio,
337 3352 393 3415 sed
416 3358 507 3434 pater
528 3351 567 3414 de
586 3347 643 3413 filii
659 3357 777 3427 morte,
798 3352 837 3414 de
859 3351 958 3435 patris
979 3346 1073 3414 filius.
1103 3351 1189 3428 Quid
1204 3350 1405 3415 lacrimarum
1419 3353 1561 3434 ipsunao

193 3451 355 3512 Neronem
389 3445 509 3530 putatis
541 3445 747 3528 profudisset
781 3465 876 3530 quem
906 3446 1014 3508 fletum
1035 3445 1134 3509 totius
1156 3445 1250 3509 Asiae
1272 3443 1395 3508 fuisset
1429 3467 1524 3529 quem

84 3605 87 3610 ,
193 3543 316 3605 luctum
339 3547 371 3603 et
393 3540 546 3623 gemitum
568 3541 884 3623 Lampsacenorum?
908 3539 1010 3602 securi
1034 3559 1104 3603 esse
1125 3558 1294 3622 percussos
1316 3541 1461 3606 homines
1476 3543 1525 3606 in·

193 3643 348 3701 nocentes
369 3634 495 3699 nobiles
505 3653 517 3709 ,·
537 3635 643 3698 socios
665 3635 779 3719 populi
801 3633 935 3698 Romani
957 3639 1055 3718 atque
1076 3634 1210 3708 amicos,
1232 3641 1364 3718 propter
1384 3635 1524 3700 hominis

194 3730 434 3815 flagitiosissimi
465 3729 659 3810 singularem
690 3729 865 3814 nequitiam
893 3735 989 3812 atque
1011 3727 1277 3812 improbissimam
1300 3729 1523 3813 cupiditatem!

194 3823 245 3888 77.
267 3826 333 3888 Iam
356 3823 435 3899 iam,
457 3822 637 3899 Dolabella,
658 3844 764 3908 neque
786 3844 837 3887 me
859 3824 906 3888 tui
928 3841 1034 3906 neque
1057 3829 1185 3885 tuorum
1206 3823 1360 3898 liberum,
1385 3844 1466 3909 quos
1488 3833 1564 3889 tuso

194 3921 328 3984 miseros
350 3920 384 3982 in
407 3923 548 4000 egestate
569 3924 666 4002 atque
688 3919 722 3982 in
744 3918 917 3982 solitudine
938 3917 1112 4001 reliquisti,
1133 3917 1276 3981 misereri
1298 3925 1413 4001 potest.
1445 3920 1524 3984 Ver·

259 4199 284 4252 4.
308 4199 356 4264 das.
380 4211 445 4251 4444.
468 4211 523 4262 rep.
549 4195 636 4260 Gtic
657 4199 730 4248 Parr.
749 4196 892 4264 Dczdet.
915 4211 970 4260 rep.
994 4209 1059 4248 4444.
1078 4195 1126 4249 dtt.
1145 4197 1174 4248 0.
1194 4223 1222 4234 -
1244 4199 1268 4249 7.
1286 4203 1311 4250 st
1331 4199 1466 4250 44444444.
1492 4202 1522 4264 A,

194 4276 268 4342 quod
283 4289 337 4328 non
353 4287 464 4342 prorsus
482 4275 641 4340 spreverim.
660 4273 693 4325 ct.
706 4273 783 4326 Hand
800 4274 876 4325 Turs.
888 4274 918 4325 ii.
937 4286 965 4339 p.
978 4272 1035 4325 447.
1050 4299 1078 4309 -
1097 4274 1138 4323 ti.
1153 4279 1261 4336 4444444
1276 4274 1313 4324 Gi
1324 4270 1371 4324 ud.
1388 4300 1415 4311 -
1434 4273 1474 4326 44.
1487 4275 1526 4325 44-

193 4353 276 4404 iuricc
290 4352 362 4403 444444
373 4365 398 4414 ς.
415 4378 442 4388 -
460 4349 566 4413 improb.
579 4363 630 4400 csse
642 4354 698 4412 pat.
712 4349 740 4400 i..
757 4375 784 4386 -
803 4349 844 4398 ia.
862 4348 890 4398 in
906 4348 987 4398 444444
1006 4347 1103 4398 actioso
1113 4348 1146 4397 64
1158 4348 1174 4399 i
1185 4351 1224 4400 A:
1241 4349 1269 4398 44
1285 4347 1393 4400 alteram
1404 4349 1526 4400 4444444444

114 4483 115 4486 ,
194 4429 242 4480 dtt.
254 4455 282 4463 -
302 4429 342 4479 t8.
360 4426 467 4476 44444444
479 4426 511 4476 64
524 4425 540 4476 i
549 4439 567 4486 ς
582 4423 687 4489 pleriq:
706 4423 781 4474 444444
797 4423 817 4473 0
834 4423 895 4488 post
910 4424 1023 4486 Nauger.
1042 4449 1069 4460 -
1087 4422 1180 4487 4444444
1196 4421 1239 4475 vel
1255 4424 1338 4488 [44444
1350 4430 1433 4487 posset
1449 4438 1523 4491 susp.

194 4505 256 4556 Ern.
274 4502 412 4568 Zumptius
429 4499 506 4551 alieri
523 4498 632 4564 quidem
644 4497 765 4549 Coelium
779 4511 822 4562 ap.
835 4494 940 4558 Quintil.
953 4497 995 4548 Vi.
1009 4498 1034 4560 3,
1051 4496 1102 4560 44,
1120 4496 1170 4548 sed
1186 4499 1214 4549 h.
1227 4497 1245 4550 l.
1263 4500 1446 4553 coniunctivae
1463 4516 1526 4567 pen-

193 4581 255 4633 tecti
271 4576 352 4629 violat
367 4576 440 4640 leges
457 4575 589 4626 sermonis
606 4571 726 4624 Tulliani.
754 4571 879 4624 Similiter
894 4574 1035 4637 peccatum
1052 4574 1095 4624 est
1110 4573 1141 4624 il.
1156 4573 1179 4638 5.
1193 4575 1234 4625 so.
1248 4578 1325 4638 erin,
1344 4578 1390 4628 ubi
1407 4591 1440 4629 ex
1456 4577 1525 4642 Lgii

194 4670 221 4722 p.
234 4667 282 4714 m,
302 4653 329 4703 44
340 4653 382 4702 iv.
395 4651 419 4716 5.
434 4651 484 4713 46.,
503 4649 549 4700 ubi
562 4663 595 4700 ex
605 4650 663 4700 vat.
678 4647 787 4700 undem
797 4660 861 4698 vera
880 4646 960 4698 lectio
971 4649 1092 4700 restituta
1105 4651 1187 4700 est-
1205 4650 1246 4702 it.
1260 4664 1316 4702 cem
1331 4665 1386 4704 rein
1395 4679 1409 4690 -
1418 4679 1432 4690 -
1443 4667 1526 4704 444444

195 4743 249 4781 om.
269 4726 315 4778 oi.
336 4753 363 4763 —
386 4726 440 4776 sins
455 4725 512 4776 Dol.
531 4726 564 4775 64
579 4725 691 4789 cisti:
717 4723 769 4774 4444
793 4735 847 4773 om.
865 4721 914 4773 dtt.
934 4723 962 4773 0.
984 4749 1010 4760 -
1029 4723 1071 4775 ii.
1091 4725 1156 4787 quod
1173 4725 1291 4788 44444444
1307 4741 1340 4788 ς;
1368 4729 1527 4792 quodquam

195 4805 257 4857 (iti
275 4801 325 4854 dit.
344 4829 372 4839 -
390 4802 431 4853 ao.
454 4801 586 4851 Laodiciae
602 4798 721 4864 isigii
739 4797 772 4849 al.
794 4824 821 4833 -
846 4801 869 4848 44
891 4809 969 4862 grace
986 4809 1038 4849 cm.
1058 4798 1163 4860 Quintil.
1181 4800 1223 4850 iii.
1243 4801 1267 4863 3,
1287 4801 1343 4852 tii.
1364 4829 1392 4838 -
1410 4801 1451 4852 27.
1470 4803 1526 4853 linc

193 4879 300 4947 grandis
315 4879 343 4928 i..
362 4875 477 4942 improb.
496 4876 567 4927 Bake
584 4876 617 4927 ad
635 4879 713 4940 legg.
733 4887 760 4941 p.
779 4875 837 4926 aas.
859 4899 884 4912 -
905 4875 946 4924 ie.
964 4875 1032 4938 flacit
1048 4875 1093 4925 64.
1109 4901 1137 4911 -
1155 4875 1195 4926 34.
1214 4867 1309 4926 tactam
1324 4880 1348 4928 44
1364 4889 1418 4928 οιιι.
1437 4879 1483 4928 Gi.
1496 4904 1521 4916 -

194 4955 235 5008 ³5.
254 4955 308 5005 4444
323 4953 377 5003 iem
392 4953 479 5014 Quint.
498 4951 540 5002 us.
560 4953 585 5014 4,
604 4953 644 5002 ti.
662 4954 723 5002 isc.
742 4950 777 5003 ad
796 4949 883 5001 Divin.
903 4949 926 5014 ἓ.
945 4947 987 5001 ii.
1007 4963 1032 5015 p.
1051 4951 1108 5001 4444.
1127 4953 1154 5001 44
1171 4950 1249 5002 codd.
1269 4951 1324 5003 iere
1342 4965 1454 5005 omnes:
1472 4954 1526 5004 iam

193 5046 219 5094 ς.
240 5059 268 5068 -
286 5041 365 5093 nsque
380 5041 421 5079 444
436 5028 473 5078 444
490 5029 523 5078 64
535 5027 577 5089 ig
594 5027 680 5088 Quint.
699 5028 727 5078 et
743 5029 804 5078 Asc.
824 5027 852 5076 et
868 5023 946 5075 codd.
965 5024 1021 5076 tere
1040 5037 1150 5079 omnes:
1168 5040 1208 5078 me
1223 5039 1303 5090 44444
1318 5029 1356 5078 tui
1371 5029 1400 5079 i..
1414 5041 1429 5079 4
1445 5027 1523 5080 codd.

193 5106 313 5167 hlamma
331 5117 372 5155 444
387 5116 441 5154 om.
455 5102 484 5154 0.
496 5128 526 5139 -
544 5102 649 5153 liberum
666 5101 752 5162 Quint.
771 5106 831 5154 Asc.
851 5104 879 5154 44
896 5101 975 5154 codd.
988 5100 1123 5169 plerique:
1144 5103 1279 5155 liberorum
1295 5105 1328 5154 64
1339 5117 1365 5167 ς.
1380 5129 1407 5139 -
1427 5101 1467 5153 36.
1479 5103 1526 5154 444-

192 5192 273 5232 serm
289 5181 322 5242 i.;
339 5179 438 5231 44444444
456 5179 518 5244 (om.
534 5176 622 5242 potest)
639 5179 700 5230 Asc.
720 5174 737 5228 l.
756 5174 773 5229 l.
1304 5195 1311 5210 ·
