3642 5862
300 447 364 514 388
670 447 712 512 IN
733 447 901 514 VERREM
921 447 1044 514 ACTIO
1066 447 1249 514 sacuam

297 616 496 704 imperatoris
518 635 594 680 sano
609 615 776 700 diligenter
801 617 1001 682 retinendum
1023 623 1055 682 et
1070 613 1331 689 conservandum,
1353 634 1482 698 quaeso,
1506 635 1630 700 cogno-

299 715 389 778 scite.
420 708 471 775 26.
493 712 644 775 itinerum
666 712 800 796 primum
821 710 971 786 laborem,
993 711 1048 794 qui
1072 710 1296 774 relmaximus
1318 716 1368 772 est
1388 709 1421 772 in
1434 729 1469 774 re
1484 711 1627 785 militari,

296 806 433 880 iudices,
464 811 496 869 et
524 807 558 868 in
580 805 688 869 Sicilia
717 805 854 868 maxime
881 805 1094 878 necessarius,
1124 803 1257 886 accipite
1285 821 1380 886 quam
1407 801 1533 868 facilem
1559 805 1625 868 sibi

297 902 357 965 iste
387 908 419 964 et
446 899 616 964 iucundum
644 901 766 964 ratione
795 899 994 983 consilioque
1021 896 1202 962 reddiderit.
1251 896 1389 960 Primum
1425 898 1624 982 temporibus

217 995 438 1095 qrhmernis
466 995 506 1058 ad
533 993 780 1078 magnitudinem
808 993 960 1077 frigorum
990 1000 1022 1055 et
1050 998 1271 1075 tempestatum
1299 991 1361 1054 vim
1389 1010 1426 1056 ac
1455 991 1623 1055 fluminum

212 1079 492 1173 ¹.''praeclarum
520 1088 582 1151 hoc
609 1086 671 1150 sibi
697 1087 871 1151 remedium
892 1095 1103 1169 compararat.
1136 1084 1246 1148 urbem
1275 1084 1443 1170 Syracusas
1472 1085 1622 1167 elegerat,

297 1172 460 1267 cniudhic
483 1184 563 1246 situs
585 1190 681 1265 atque
707 1181 784 1244 baec
807 1189 919 1244 natura
948 1199 1017 1244 esse
1040 1179 1101 1242 loci
1122 1178 1265 1260 caelique
1288 1151 1419 1287 dicitur)
1449 1185 1485 1242 ut
1512 1180 1621 1243 nullus

197 1291 209 1327 s
295 1294 445 1362 umquam
467 1275 537 1338 dies
557 1283 621 1338 tam
649 1265 763 1357 magna
792 1295 827 1338 ac
857 1272 1039 1338 turbulenta
1069 1279 1254 1355 tempestate
1275 1272 1386 1347 suerit,
1414 1274 1492 1358 quin
1512 1274 1620 1359 aliquo

294 1380 437 1456 tempore
459 1370 528 1432 eius
549 1369 614 1433 diei
636 1369 737 1432 solem
758 1369 906 1432 homines
928 1368 1073 1431 viderint.
1116 1366 1177 1429 Hic
1204 1367 1248 1430 ita
1277 1366 1403 1430 virebat
1428 1369 1489 1432 iste
1516 1368 1619 1432 bonus

258 1473 286 1520 ⁴⁰
294 1467 466 1548 imperator
486 1463 627 1529 hibernis
650 1463 823 1539 mensibus,
844 1471 879 1526 nt
900 1483 972 1526 eum
994 1481 1058 1525 non
1079 1459 1172 1524 facile
1194 1481 1260 1525 non
1278 1462 1373 1526 modo
1387 1471 1478 1527 extra
1491 1471 1617 1539 tectum,

295 1560 351 1623 sed
373 1579 413 1622 ne
435 1565 526 1622 extra
547 1557 664 1622 lectum
686 1557 816 1640 quidem
845 1556 1012 1640 quisquam
1034 1555 1165 1619 rideret.
1208 1555 1255 1619 lta
1268 1549 1349 1629 (diei
1378 1557 1514 1622 brevitas
1542 1576 1619 1620 con·

138 1641 229 1738 (J
292 1654 396 1728 viriis,
417 1651 520 1716 noctis
540 1649 707 1734 longitudo
730 1651 847 1732 stupris
870 1655 903 1712 ct
923 1647 1048 1732 llagitiis
1070 1639 1303 1740 continebatur)
1340 1646 1390 1713 27.
1414 1650 1492 1714 Cum
1513 1659 1618 1714 autem

293 1766 349 1810 ver
376 1766 446 1810 esse
474 1753 636 1828 coeperat,
666 1745 755 1809 cuius
783 1744 908 1808 initium
938 1743 998 1806 iste
1026 1765 1092 1808 non
1119 1744 1299 1808 aFavonio
1320 1763 1425 1829 neque
1447 1745 1486 1808 ab
1508 1743 1617 1828 aliquo

292 1848 377 1904 astro
405 1839 552 1914 notabat,
585 1838 642 1902 sed
673 1859 746 1902 cum
774 1857 878 1902 rosam
907 1836 1043 1912 viderat,
1074 1846 1139 1900 tum
1162 1837 1302 1920 incipere
1324 1858 1379 1902 ver
1400 1839 1617 1912 arbitrabatur,

165 1991 169 2000 .
255 1933 388 1997 ltdabat
408 1955 443 1998 se
465 1933 566 1999 labori
586 1941 680 2016 atque
702 1931 879 2004 itineribus,
901 1931 935 1992 in
954 1931 1069 2015 quibus
1085 1951 1123 1994 eo
1139 1952 1241 2015 usque
1257 1951 1291 1994 se
1305 1933 1478 2015 praebebat
1492 1931 1616 2017 patien-

291 2035 355 2090 tem
377 2037 474 2112 atque
495 2027 681 2111 impigrum,
706 2034 742 2088 ut
763 2047 834 2088 eum
855 2044 949 2087 nemo
973 2045 1123 2108 umquam
1144 2025 1176 2088 in
1199 2044 1281 2108 equo
1304 2023 1468 2090 sedentem
1488 2024 1614 2089 viderit.

290 2123 346 2186 xl.
374 2123 471 2198 Nam,
498 2129 534 2184 nt
562 2140 629 2184 mos
657 2119 719 2184 suit
746 2117 914 2202 Bithyniae
942 2119 1085 2201 regibus,
1118 2118 1231 2182 lectica
1251 2119 1424 2205 octopboro
1446 2119 1616 2192 serebatur,

289 2216 323 2280 in
353 2237 417 2301 qna
444 2216 593 2300 pulvinus
625 2223 693 2278 erat
724 2213 905 2299 perlucidus
937 2213 1128 2288 Melitensis,
1161 2233 1235 2277 rosa
1261 2212 1379 2277 fartus:
1414 2213 1483 2299 ipse
1512 2223 1617 2279 autem

290 2330 440 2376 coronam
460 2311 597 2374 babebat
618 2329 713 2372 unam
736 2309 770 2372 in
792 2309 905 2390 capite,
926 2307 1058 2371 alteram
1079 2306 1113 2370 in
1128 2307 1209 2371 collo
1224 2307 1454 2390 reticulumque
1469 2307 1509 2372 ad
1524 2327 1616 2371 nares

251 2405 351 2470 asini
379 2404 583 2478 admovebat,
612 2403 798 2467 tenuissimo
827 2401 910 2476 lino,
938 2403 1066 2465 minutis
1092 2401 1240 2477 maculis,
1266 2399 1396 2485 plenum
1419 2423 1520 2466 rosae.
1563 2401 1617 2466 Sic

289 2499 433 2564 conlecto
454 2499 570 2562 itinere
592 2518 662 2560 cum
685 2497 724 2561 ad
747 2497 878 2580 aliquod
899 2496 1051 2581 oppidum
1072 2504 1219 2571 venerat,
1248 2496 1359 2560 eadem
1380 2496 1495 2560 lectica
1514 2513 1616 2579 usquo

288 2593 322 2654 in
344 2591 523 2655 cubiculum
545 2590 754 2655 deserebatur.
797 2592 844 2654 Eo
866 2591 1037 2654 veniebant
1059 2589 1236 2653 Siculorum
1258 2589 1476 2672 magistratus,
1508 2589 1615 2654 venio·

288 2685 364 2748 bant
386 2684 510 2768 equites
532 2685 681 2759 Romani,
709 2685 742 2746 id
765 2685 852 2768 quod
874 2703 915 2746 ex
937 2685 1043 2747 multis
1065 2683 1174 2747 iuratis
1196 2681 1348 2746 audistis:
1380 2683 1613 2747 controversiae

289 2785 410 2842 secreto
433 2777 670 2852 deferebantur,
705 2775 799 2860 paulo
830 2783 903 2858 post
929 2776 1032 2860 palam
1062 2778 1187 2842 decreta
1216 2776 1447 2840 auferebantur.
1492 2777 1613 2841 lleinde

251 2871 344 2935 abubi
365 2872 526 2956 paulisper
547 2871 581 2934 in
603 2871 750 2934 cubiculo
772 2870 886 2953 pretio,
908 2891 973 2932 non
995 2873 1154 2955 aequitate
1169 2871 1240 2934 iura
1254 2871 1471 2954 descripserat,
1493 2869 1609 2937 Veneri

288 2966 350 3029 iam
373 2972 406 3027 et
425 2965 539 3029 Libero
561 2964 719 3049 reliquum
741 2971 864 3048 tempus
890 2963 998 3027 deberi
1020 2965 1238 3030 arbitrabatur.
1281 2961 1332 3027 48.
1364 2965 1435 3040 Quo
1457 2965 1526 3030 loco
1548 2986 1612 3030 non

288 3058 366 3123 mibi
386 3057 664 3142 praetermittenda
694 3057 818 3122 videtur
843 3057 996 3141 praeclari
1018 3058 1216 3144 imperatoris
1239 3060 1365 3142 egregia
1385 3078 1423 3122 ac
1445 3059 1612 3143 singularis

287 3151 461 3236 diligentia.
504 3152 582 3218 Nam
611 3151 725 3216 scitote
755 3151 905 3236 oppidum
933 3173 1003 3216 csse
1025 3153 1058 3215 in
1081 3153 1190 3217 Sicilia
1211 3151 1332 3216 nullum
1354 3172 1395 3216 ex
1416 3153 1456 3218 iis
1478 3154 1612 3239 oppidis,

286 3245 321 3308 in
343 3247 459 3331 quibus
481 3247 652 3311 consistere
680 3255 839 3331 praetores
870 3255 902 3310 et
930 3254 1119 3311 conventum
1142 3267 1235 3329 agere
1258 3247 1390 3321 soleant,
1413 3268 1476 3333 quo
1498 3247 1532 3312 in
1554 3268 1613 3330 op-

249 3337 364 3424 topido
385 3360 451 3403 non
471 3341 525 3404 isti
547 3361 587 3404 ex
608 3341 715 3424 aliqua
735 3340 854 3404 familia
876 3361 939 3404 non
963 3340 1094 3424 ignobili
1117 3335 1239 3404 delecta
1260 3338 1301 3403 ad
1316 3338 1479 3404 libidinem
1494 3339 1613 3404 mulier

288 3443 382 3498 esset.
416 3434 527 3521 ltaque
549 3435 720 3500 nonnullae
742 3455 783 3498 ox
805 3453 843 3498 eo
858 3455 990 3498 numero
1006 3435 1038 3497 in
1054 3434 1231 3498 convivium
1247 3433 1476 3498 adhibebantur
1489 3435 1611 3517 palam:

353 3651 377 3700 4.
394 3649 575 3712 imperatam
591 3647 692 3710 aliquot
709 3649 770 3699 edd.
788 3652 853 3701 vett.
872 3651 900 3700 el
916 3650 944 3700 0.
965 3675 992 3684 —
1011 3647 1174 3712 retinendum]
1196 3645 1381 3711 intedigendam
1402 3647 1479 3712 ngat.
1500 3672 1527 3683 -
1546 3649 1570 3698 44.
1588 3652 1612 3698 et

286 3729 360 3786 taop.
378 3723 415 3774 443
432 3719 462 3772 l:
489 3728 513 3773 et
535 3724 569 3773 ed
585 3727 659 3786 ternp.
683 3721 748 3774 dett.
771 3724 800 3773 0.
821 3751 848 3762 -
867 3724 891 3774 6.
915 3724 960 3773 sibi
985 3725 1029 3774 boc
1050 3723 1115 3774 dett.
1138 3725 1167 3773 0.
1187 3748 1214 3758 -
1233 3727 1397 3785 compererat
1419 3721 1478 3774 cod.
1502 3723 1609 3774 Franc:

286 3803 417 3863 comparat
433 3799 469 3850 443
486 3798 551 3848 dett.
571 3824 598 3833 -
618 3797 642 3847 8.
661 3797 850 3861 turbulentaque
866 3797 931 3848 dett.
950 3799 978 3849 0.
994 3826 1020 3835 -
1040 3797 1064 3848 9.
1082 3798 1157 3847 solem
1173 3797 1225 3847 eius
1241 3797 1289 3848 diei
1305 3798 1383 3861 Lagg.
1402 3799 1509 3862 praeter
1524 3797 1565 3848 49.
1580 3821 1607 3832 -

285 3874 392 3923 videriat
407 3873 444 3922 443
461 3869 477 3922 4
495 3871 590 3935 (Madv.
609 3885 635 3936 p.
647 3872 728 3935 404.);
746 3873 856 3924 viduant
873 3873 936 3926 dett.
955 3875 984 3924 0.
999 3901 1025 3910 -
1047 3874 1086 3924 44.
1104 3873 1170 3937 long.
1188 3875 1267 3924 noctis
1282 3871 1298 3922 4
1315 3873 1361 3930 443.
1381 3873 1441 3936 (non
1459 3871 1498 3936 44.)
1512 3899 1540 3908 -
1553 3885 1611 3922 cen·

286 3947 412 3998 4444444444
429 3947 493 3998 dett.
511 3945 540 3996 0.
561 3972 588 3981 -
608 3945 647 3995 43.
667 3947 751 4009 utiquo
768 3949 845 4014 ostro]
868 3949 906 4000 sic
923 3949 976 3999 iam
996 3949 1021 3998 in
1040 3961 1123 4012 marg.
1142 3951 1202 3999 Aac.
1221 3949 1300 3999 toll:
1326 3949 1412 4011 obpro
1428 3951 1514 3998 curbo
1530 3946 1609 3998 codd.

286 4023 352 4084 noti,
370 4022 422 4072 ctio
438 4025 507 4070 caeo
524 4021 585 4070 Ern.
605 4033 696 4071 errore
714 4025 816 4087 typogr.
835 4027 863 4074 et
878 4026 917 4075 sic
934 4024 963 4075 0.
979 4051 1006 4060 —
1021 4021 1060 4074 tl.
1079 4025 1141 4075 Post
1156 4023 1260 4074 normae
1276 4022 1349 4074 addit
1366 4021 1426 4074 cod.
1444 4021 1542 4074 omini:
1559 4021 1611 4072 Nec

286 4097 351 4146 euim
367 4094 538 4159 egrediebatur
554 4097 629 4158 tecm,
650 4100 678 4145 ut
693 4095 732 4146 oei
747 4103 832 4146 oeulos
847 4099 937 4149 sentire
951 4098 990 4148 oei
1005 4111 1106 4149 camon
1121 4099 1205 4148 444444
1216 4105 1307 4162 posset.
1327 4125 1354 4134 -
1372 4098 1466 4148 uideret
1481 4096 1560 4161 agae.
1578 4121 1607 4134 -·

286 4176 338 4221 tum
355 4171 403 4222 aa:
431 4175 490 4220 tuac
506 4169 571 4220 dett.
590 4170 619 4221 0.
640 4195 666 4205 -
687 4171 727 4221 lo.
745 4185 823 4235 usqae
839 4186 866 4224 eo
886 4172 951 4223 dett.
970 4173 999 4223 0.
1021 4200 1048 4209 -
1067 4173 1105 4222 46.
1125 4173 1215 4223 viderit
1232 4170 1267 4223 443
1285 4171 1353 4236 4349
1372 4171 1466 4236 (liade.
1484 4184 1511 4237 p.
1530 4169 1608 4236 40444

284 4245 378 4296 videret
398 4244 462 4295 dett.
484 4247 514 4296 0.
540 4272 567 4281 -
591 4245 631 4296 44.
656 4245 722 4296 Nam
741 4261 795 4298 aaa
816 4249 884 4298 4444
904 4261 958 4298 mos
983 4253 1017 4298 eat
1043 4247 1175 4310 Bitirpeiee
1198 4248 1297 4314 regtbru
1314 4248 1369 4300 vett
1391 4249 1489 4312 kctiec,
1516 4247 1543 4298 id
1564 4252 1609 4310 ert,

286 4319 418 4382 octoplroro
435 4318 584 4386 [vehebatur]
603 4318 689 4370 Schol.
702 4321 797 4373 iuven.
815 4336 842 4387 p.
856 4323 896 4373 39.
915 4321 957 4374 ed.
977 4323 1107 4384 Cramer„
1125 4322 1196 4373 unde
1213 4322 1363 4374 Schefferns
1382 4321 1489 4386 (ibidem
1501 4335 1527 4388 p.
1541 4322 1609 4386 oar.)

286 4395 368 4446 coni:
395 4395 462 4446 nun
477 4409 555 4458 unes,
577 4400 605 4445 ut
620 4409 674 4446 moa
690 4402 724 4446 est
740 4398 804 4448 44444.
822 4412 876 4463 req.
895 4411 954 4463 sqq.
969 4423 997 4434 -
1016 4399 1150 4460 octaphoro
1167 4399 1195 4450 44.
1215 4425 1242 4435 -
1263 4400 1302 4450 t8.
1319 4403 1465 4449 resuecrtra
1481 4396 1514 4462 (Ε
1529 4410 1563 4446 er
1578 4397 1610 4462 F}

285 4471 319 4530 a,
336 4482 411 4519 rorce
426 4475 512 4520 metra
529 4470 592 4519 Gt
576 4469 606 4502 0·
600 4483 755 4527 ,roscercee
770 4472 858 4523 Ld—
878 4473 919 4522 40
937 4472 1083 4523 admovebat
1099 4473 1149 4534 443,
1168 4475 1311 4538 Noniusp.
1329 4473 1387 4526 340.
1405 4471 1462 4524 444.
1478 4472 1535 4524 444.
1548 4471 1607 4523 444.

285 4545 326 4608 (in
348 4556 400 4606 quo
422 4547 463 4594 est
483 4545 517 4594 ed
540 4505 642 4608 4444444
673 4545 812 4608 apparebat
833 4549 912 4612 Lugg.
940 4547 994 4612 [sibi
1016 4549 1051 4598 ad
1071 4561 1146 4600 ocrea
1165 4549 1310 4600 admoveo
1330 4549 1429 4600 luctor
1448 4550 1565 4600 incertus
1581 4547 1609 4599 ln

283 4617 426 4669 Anecdotis
450 4617 532 4668 Paris.
553 4619 616 4681 pti.
641 4617 683 4668 ed.
707 4619 811 4683 Eclst.,
841 4621 886 4673 ubi
910 4622 1006 4674 deinde
1029 4627 1082 4675 est:
1112 4626 1282 4678 minutissimis
1301 4625 1476 4692 moratica-J
1499 4625 1609 4674 4444444444

202 4731 204 4734 .
283 4693 410 4756 agae.-
383 4693 473 4742 -.44
494 4693 521 4741 in
539 4691 616 4742 cubic
638 4693 683 4744 443
706 4694 799 4758 (Madv.
821 4711 847 4762 p.
868 4698 949 4762 4034ε
974 4698 1009 4747 od
1027 4699 1104 4750 44444.
1127 4700 1191 4750 dett.
1212 4701 1300 4750 0.-
1326 4699 1456 4750 recubent
1474 4697 1607 4764 posterius

283 4780 337 4817 om.
355 4763 481 4816 aaa·
500 4765 541 4817 43.
561 4766 667 4817 audietis
683 4767 795 4819 dett.-
815 4771 855 4821 40.
873 4773 976 4822 relicum
997 4774 1075 4838 apr.
1094 4787 1178 4825 m.-
1198 4773 1287 4825 arbitr.
1311 4775 1393 4825 444444
1413 4773 1538 4838 4344-
1556 4787 1608 4824 ooo

283 4841 344 4890 mitt
357 4839 504 4905 praetem]
527 4855 578 4892 ooo
589 4847 716 4904 praelum
731 4845 792 4895 miti
808 4853 945 4909 praetem.
963 4849 997 4908 44;
1020 4863 1070 4899 noe
1081 4847 1158 4913 pratri
1177 4850 1309 4914 (44444444-
1326 4849 1375 4912 04,
1394 4853 1533 4912 vexatur
1548 4846 1605 4912 bd.)

281 4913 345 4965 miti
359 4921 497 4978 praetem.
517 4917 570 4978 03;
596 4932 647 4968 eoa
664 4926 800 4984 praelarus
821 4923 882 4972 miti
902 4935 987 4986 marg.
1008 4922 1100 4974 Lamb.
1119 4922 1195 4986 4444;
1221 4924 1282 4976 mibi
1302 4939 1353 4974 rien
1369 4930 1507 4987 prauum.
1525 4924 1603 4974 0.-

282 4990 323 5041 48.
341 5004 391 5042 esse
407 4991 526 5054 oppidum
542 4991 607 5042 dett.
627 4993 703 5044 0.-
676 4996 938 5061 -eatisatgia
957 4997 1059 5062 4444404
1075 5011 1183 5064 semper
1199 4999 1300 5061 443-4
1319 4999 1359 5050 49.
1373 5004 1458 5062 praet
1475 4998 1607 5048 combure

281 5065 545 5194 paggeplettqu-(l
518 5067 654 5119 —roleaot
669 5070 705 5120 443
724 5071 817 5134 (Madv.
836 5084 863 5137 p.
881 5073 947 5136 444·
965 5073 1043 5126 retem
1059 5073 1214 5127 dett0.-
1227 5074 1268 5126 30.
1286 5071 1503 5140 tremebiiiie-
1475 5072 1606 5125 -citecce
