3578 5862
314 419 377 487 oto
705 423 759 488 llll
781 423 887 489 LEGE
908 422 1087 490 AGRARIA
1109 425 1228 492 LIBER
1248 425 1287 490 11.

313 593 360 660 ita
378 590 516 669 lecistis,
538 611 603 677 quo
624 591 719 657 modo
741 595 834 678 pauci
855 595 977 660 nobiles
998 596 1033 659 in
1053 595 1113 660 bac
1134 595 1260 660 civitate
1283 593 1429 658 consules
1452 591 1529 658 iacti
1551 601 1656 670 sunt,

314 708 416 754 nortus
438 693 511 752 ante
532 706 583 750 me
603 707 707 752 nemo.
750 691 790 752 ll.
812 691 892 754 Nam
913 689 1056 773 proiecto
1078 690 1105 754 si
1125 689 1282 754 recordari
1297 689 1462 754 volueritis
1483 689 1523 754 de
1546 689 1657 754 novis

313 782 510 859 bominibus,
530 783 695 865 reperietis
717 802 783 860 eos,
805 785 860 869 qui
882 784 950 848 sine
972 785 1098 868 repulsa
1116 784 1263 848 consules
1284 783 1358 848 facti
1374 792 1465 862 sunt,
1487 785 1657 848 diuturno

315 875 424 940 labore
445 883 541 961 atque
563 875 670 960 aliqua
691 877 858 941 occasione
880 897 950 942 osse
971 877 1087 955 factos,
1116 900 1187 943 cum
1208 879 1313 943 multis
1334 878 1426 943 annis
1447 886 1521 962 post
1540 877 1657 962 petis-

292 975 402 1046 ⁵sent,
432 989 528 1054 quam
556 975 715 1054 praetores
739 970 890 1049 fuissent,
919 972 1082 1058 aliquanto
1105 973 1220 1048 serius,
1249 992 1343 1056 quam
1365 993 1424 1057 per
1444 977 1583 1036 aetatem
1604 990 1654 1034 ac

315 1084 372 1150 per
392 1065 479 1148 leges
500 1063 626 1128 liceret:
648 1065 704 1148 qui
728 1061 856 1149 [autem]
880 1086 964 1130 anno
986 1086 1044 1129 suo
1066 1066 1233 1150 petierint,
1256 1067 1323 1130 sine
1344 1066 1473 1150 repulsa
1486 1085 1551 1130 non
1569 1083 1654 1128 esse

315 1159 432 1224 iactos:
460 1179 511 1222 me
541 1179 611 1222 esse
638 1179 738 1222 unum
760 1180 800 1223 ex
822 1160 967 1225 omnibus
989 1159 1080 1224 novis
1100 1159 1300 1235 bominibus,
1330 1159 1369 1224 de
1392 1160 1507 1244 quibus
1529 1159 1654 1224 memi-

315 1253 402 1318 nisse
424 1253 599 1338 possimus,
623 1253 679 1336 qui
700 1253 898 1319 consulatum
919 1253 1081 1337 petierim,
1104 1253 1331 1337 cumprimum
1353 1254 1473 1320 licitum
1487 1255 1543 1330 sit,
1565 1273 1654 1317 con-

316 1347 366 1412 sul
386 1347 487 1411 lactus
512 1346 587 1422 sim,
609 1367 681 1410 cum
702 1349 838 1432 primum
857 1347 1017 1432 petierim,
1038 1356 1076 1412 ut
1096 1356 1201 1413 vester
1220 1349 1324 1412 honos
1345 1348 1384 1412 ad
1407 1351 1469 1414 mei
1490 1348 1652 1433 temporis

278 1452 307 1500 so
316 1441 400 1506 diem
420 1442 557 1527 petitus,
578 1460 643 1504 uon
664 1441 705 1503 ad
726 1440 848 1505 alienae
871 1441 1034 1526 petitionis
1056 1442 1253 1506 occasionem
1274 1442 1467 1525 interceptus
1489 1462 1549 1506 nec
1571 1441 1653 1503 diu·

315 1537 416 1600 turnis
438 1535 585 1619 precibus
607 1533 811 1617 efflagitatus,
833 1533 889 1599 sed
904 1535 1056 1618 dignitate
1069 1536 1255 1619 impetratus
1271 1555 1340 1600 esse
1355 1537 1508 1600 videatur.
1538 1531 1568 1597 l.
1583 1533 1652 1597 Est

314 1630 394 1696 illud
415 1629 660 1716 amplissimum,
688 1629 774 1714 quod
795 1629 892 1713 paulo
914 1637 986 1694 ante
1008 1629 1264 1706 commemorari,
1287 1630 1445 1708 Quirites,
1468 1629 1556 1714 quod
1576 1628 1647 1692 boc

314 1725 438 1790 bonore
459 1743 501 1786 ex
522 1723 613 1788 novis
633 1723 816 1786 bominibus
838 1724 975 1807 primum
988 1743 1039 1787 mc
1054 1723 1161 1788 multis
1173 1733 1244 1809 post
1259 1725 1350 1790 annis
1364 1726 1529 1800 affecistis,
1552 1721 1648 1809 qnod

315 1820 418 1904 prima
438 1817 608 1902 petitione,
630 1815 717 1901 quod
739 1837 823 1882 anno
846 1838 934 1894 meo,
957 1818 1013 1882 sed
1036 1825 1140 1882 tamen
1163 1816 1414 1902 magnificentius
1436 1827 1533 1904 atque
1548 1837 1649 1883 orna-

279 1924 307 1970 ⁴⁵
317 1915 381 1978 tius
410 1933 481 1978 esse
507 1911 563 1976 illo
590 1911 671 1974 nibil
699 1918 821 1994 potest,
851 1913 938 1997 quod
968 1912 1048 1976 meis
1070 1912 1205 1976 comitiis
1227 1933 1292 1976 non
1313 1912 1461 1976 tabellam
1482 1911 1649 1976 vindicem

165 2017 185 2127 q
316 2007 431 2073 tacitae
459 2005 630 2082 libertatis,
660 2006 716 2070 sed
743 2027 855 2070 vocem
875 2006 979 2072 rivam
1005 2026 1081 2091 praa
1103 2006 1192 2070 vobis
1214 2005 1352 2070 indicem
1372 2013 1545 2072 vestrarum
1568 2025 1649 2090 erga

316 2121 368 2166 me
396 2101 595 2168 voluntatum
625 2119 662 2164 ac
691 2098 868 2165 studiorum
895 2101 1022 2166 tulistis.
1065 2101 1256 2184 ltaque(me
1284 2121 1349 2164 non
1381 2091 1520 2165 extrema
1540 2085 1665 2180 tribus}

316 2187 633 2281 suffragiorum,(sed
655 2195 749 2278 primi
771 2195 817 2258 illi
837 2195 934 2259 vestri
950 2193 1269 2289 concursusqnequo
1284 2194 1426 2278 singulae
1440 2187 1648 2278 voceslprae-

124 2285 218 2424 ,Uis
317 2311 451 2367 conum,
468 2283 626 2378 (sedltna
647 2309 724 2353 voce
745 2287 1072 2384 universus(populus
1093 2291 1254 2352 Romanus
1276 2288 1437 2352 consulem
1459 2277 1653 2388 declaravitb

278 2383 348 2449 roo.
369 2386 440 2449 Hoc
467 2404 526 2469 ego
557 2389 622 2448 tam
650 2383 793 2467 insigne,
821 2390 886 2447 tam
908 2383 1229 2467 singularevestrum
1250 2379 1455 2456 beneficium,
1485 2382 1646 2457 Quirites,

317 2499 390 2544 cum
412 2476 452 2542 ad
474 2477 571 2542 animi
592 2477 654 2540 mei
674 2476 812 2542 lructum
833 2467 930 2562 atque
951 2478 1103 2543 laetitiam
1124 2476 1206 2540 duco
1230 2497 1299 2541 esse
1326 2495 1546 2563 permagnum,
1575 2481 1646 2537 tum

317 2574 358 2639 ad
379 2592 487 2637 curam
509 2569 821 2655 sollicitudinemque
844 2572 943 2635 multo
966 2572 1077 2635 maius.
1112 2571 1287 2635 Versantur
1308 2571 1408 2645 enim,
1430 2569 1585 2646 Quirites,
1607 2567 1645 2630 in

318 2669 424 2732 animo
446 2685 517 2730 meo
539 2663 658 2727 multae
679 2671 711 2728 et
734 2684 845 2746 graves
866 2667 1092 2748 cogitationes,
1115 2684 1196 2749 quae
1219 2664 1295 2727 mibi
1317 2663 1437 2728 nullam
1452 2670 1572 2748 partem
1586 2681 1645 2724 ne-

318 2781 382 2847 quo
404 2760 536 2825 diurnae
557 2777 662 2842 neque
685 2765 856 2822 nocturnae
878 2759 994 2842 quietis
1016 2759 1215 2843 impertiunt:
1238 2760 1374 2842 primum
1396 2756 1505 2821 tuendi
1527 2775 1643 2821 consu·

280 2855 418 2931 solatus,
447 2871 530 2939 quae
559 2871 630 2914 cnm
659 2851 806 2916 omnibus
836 2858 884 2916 est
905 2851 1043 2918 difficilis
1065 2863 1096 2918 et
1116 2875 1230 2940 magna
1250 2857 1348 2932 ratio,
1377 2863 1444 2919 tum
1466 2875 1541 2920 vero
1563 2852 1642 2917 mibi

317 2957 444 3033 praeter
464 2945 717 3025 ceteros,(cuius
739 2953 822 3011 errat
863 2946 951 3010 nulla
971 2949 1083 3024 venia,
1111 2958 1195 3013 recte
1217 2950 1300 3016 lacto
1323 2951 1437 3034 exigua
1458 2949 1528 3012 laus
1550 2954 1581 3011 et
1601 2947 1641 3009 ab

138 3107 140 3116 Ι
163 3066 173 3094 a
280 3110 282 3135 Ι
317 3044 423 3109 inritis
446 3059 596 3127 expressa
616 2967 907 3201 proponiturqipon
922 3041 1076 3106 dubitanti
1090 3040 1183 3108 fidele
1199 3043 1384 3120 consilium,
1406 3063 1472 3108 uon
1486 3041 1640 3106 laboranti

112 3098 186 3172 ‘k‘
279 3144 440 3214 icarium
461 3135 639 3202 subsidium
660 3137 819 3202 nobilitati
858 3117 1050 3226 ostendimrl
1086 3138 1140 3200 ΙΙΙ.
1162 3135 1192 3200 6.
1215 3139 1309 3214 Quod
1331 3139 1358 3201 si
1381 3137 1466 3201 solus
1486 3138 1519 3200 in
1534 3135 1642 3199 discri-

318 3253 392 3298 men
413 3229 542 3318 aliquod
564 3230 755 3308 adducerer,
776 3231 909 3306 ferrem,
931 3231 1089 3308 Quirites,
1111 3233 1216 3296 animo
1238 3232 1407 3317 aequiore,
1429 3229 1485 3294 sed
1503 3228 1581 3292 mibi
1594 3229 1642 3293 vi·

280 3329 435 3392 edentur
455 3325 533 3390 certi
553 3324 717 3402 homines,
741 3327 768 3390 si
789 3347 853 3410 qua
873 3327 908 3390 in
930 3344 965 3389 re
986 3345 1036 3390 me
1057 3346 1122 3390 non
1137 3326 1233 3390 modo
1249 3325 1399 3401 consilio,
1422 3322 1641 3388 verumetiam

318 3443 394 3488 casu
414 3421 538 3506 lapsum
560 3439 631 3484 esse
653 3420 903 3497 arbitrabuntur,
925 3439 982 3485 vos
1004 3421 1184 3495 universos,
1207 3419 1262 3503 qui
1284 3438 1335 3482 me
1355 3415 1564 3482 antetuleritis
1583 3435 1641 3478 no-

317 3515 444 3590 bilitati,
466 3513 685 3596 vituperaturi.
727 3513 808 3579 Mihi
829 3522 954 3588 autem,
983 3512 1142 3588 Quirites,
1173 3513 1280 3576 omnia
1307 3513 1414 3596 potius
1435 3508 1641 3596 perpetienda

318 3630 389 3676 esse
417 3608 516 3684 duco,
548 3627 644 3692 quam
672 3628 737 3673 non
764 3608 809 3672 ita
835 3608 1007 3691 gerendum
1035 3607 1248 3683 consulatum,
1265 3603 1372 3695 (utlin
1393 3605 1541 3671 omnibus
1561 3603 1640 3667 meis

133 3704 192 3794 ,4
317 3704 406 3769 factis
428 3709 525 3788 atque
547 3701 688 3766 consiliis
695 3699 849 3770 ivestnrm
871 3701 911 3764 de
928 3720 979 3764 me
993 3698 1111 3764 factum
1124 3701 1357 3785 consiliumque
1371 3691 1642 3796 laudeturl(dcce-

153 3780 215 3920 ἐχ.
260 3732 366 3890 (milit
387 3799 481 3862 etiam
501 3796 556 3860 ille
577 3795 654 3860 mibi
676 3816 818 3860 summus
840 3796 931 3860 labor
951 3816 988 3860 ac
1008 3794 1193 3860 difficillima
1208 3795 1288 3860 ratio
1304 3795 1492 3951 consulatu}
1500 3793 1642 3878 gerendi,

182 3894 206 3916 ’”
319 3889 406 3976 quod
436 3909 501 3954 non
528 3887 639 3954 eadem
667 3889 745 3953 mibi
776 3910 839 3974 qua
868 3889 1083 3975 superioribus
1106 3889 1287 3954 consulibus
1308 3888 1379 3972 lege
1401 3893 1434 3951 et
1453 3907 1471 3951 c
1493 3887 1641 3951 udicione

318 3983 471 4048 utendum
500 4002 570 4047 esse
597 3984 741 4059 decrevi,
771 3985 827 4068 qui
853 3984 973 4048 aditum
1000 3982 1095 4046 buius
1122 3984 1185 4048 loci
1214 3989 1482 4068 conspectumque
1502 3986 1640 4046 restrium

317 4078 432 4163 partim
453 4096 567 4162 magno
589 4096 685 4162 opere
707 4076 872 4161 ingerunt,
893 4079 1007 4164 partim
1027 4097 1093 4140 non
1113 4076 1318 4142 vehementer
1339 4077 1440 4140 secuti
1460 4083 1543 4141 mant
1571 4076 1639 4157 Ego

318 4179 425 4238 autom
446 4189 513 4235 non
534 4169 638 4235 solum
659 4169 720 4235 boc
741 4171 775 4235 in
797 4171 867 4237 loco
890 4173 1008 4250 dicam,
1029 4171 1084 4236 ubi
1107 4180 1155 4236 est
1177 4167 1232 4256 [id]
1257 4169 1342 4235 dictu
1362 4169 1564 4247 tacsslimum,
1584 4169 1639 4236 sed

383 4395 535 4446 ameum.
553 4394 624 4445 F.-
642 4395 850 4457 stnws.-
870 4395 895 4446 3.
913 4395 1259 4448 alateumErnestioO.-
1278 4396 1303 4446 5.
1322 4394 1361 4460 ac]
1380 4396 1541 4457 unuss-
1559 4394 1639 4446 Μυ-

317 4474 366 4520 tem
382 4482 435 4521 om.
448 4469 479 4521 E.
499 4495 527 4507 —
541 4468 666 4534 camut]
680 4469 798 4532 pettsscat
814 4470 886 4521 E.-
905 4471 930 4522 8.
944 4467 1213 4534 possessum.-
1233 4470 1273 4522 ta.
1292 4469 1338 4520 boc
1350 4481 1403 4520 om.
1416 4469 1444 4520 F.
1459 4496 1486 4506 -
1506 4469 1640 4521 tumulas

315 4549 371 4609 post
387 4543 540 4605 ancolim
556 4545 843 4608 postumianensem
860 4542 1270 4610 namprossimalus·
1290 4543 1432 4608 aspona
1447 4543 1596 4608 oppetitione
1610 4545 1638 4595 E.

319 4645 347 4657 -
366 4620 407 4672 tt.
424 4619 531 4671 ludicen
546 4620 596 4670 ΡΑ
611 4621 640 4670 et
656 4632 748 4671 errore
764 4622 868 4685 typogr.
887 4621 914 4671 t.
929 4646 957 4656 —
977 4621 1016 4673 tc.
1033 4621 1128 4688 oleam]
1144 4633 1223 4671 caasa
1238 4619 1351 4671 EFPT.
1366 4645 1393 4657 —
1411 4619 1533 4670 dmiccc
1550 4630 1638 4670 errore

317 4695 422 4759 typogr.
440 4694 469 4746 L.
494 4719 521 4730 -
543 4699 653 4746 vestm
668 4696 704 4758 E;
723 4701 837 4747 nostum
853 4695 879 4746 F.
903 4721 930 4732 -
956 4696 996 4747 tt.
1018 4701 1145 4749 eostrcnce
1160 4695 1300 4748 Ferratius.
1325 4719 1354 4732 -
1381 4695 1422 4746 ts.
1439 4695 1552 4746 ostwrss·
1566 4694 1594 4745 P.
1610 4694 1637 4744 a.

317 4767 403 4820 EFP.
421 4793 450 4806 -
474 4767 516 4821 ἢ.
535 4769 728 4835 οιόήωεΜΡ.
752 4797 780 4810 ·-
804 4771 845 4822 tt.
863 4772 1184 4835 crstcacnquortEFP.
1209 4799 1242 4810 -
1263 4771 1394 4823 muron.
1412 4769 1442 4822 E.
1463 4795 1491 4806 -
1513 4769 1639 4820 tomen

317 4843 436 4895 EFPT:
454 4856 512 4895 aaa
527 4845 564 4905 A;
581 4844 623 4896 cist
639 4843 752 4899 Gillo.
767 4871 794 4884 -
815 4849 882 4897 recto
898 4847 983 4899 EFP.
1003 4873 1031 4884 -
1049 4848 1090 4899 at.
1106 4848 1272 4911 praepositus·
1288 4846 1344 4898 EF.
1360 4871 1388 4881 -
1406 4843 1446 4895 33.
1463 4843 1637 4909 emma.

320 4945 348 4955 -
366 4916 407 4970 3l.
424 4917 609 4985 cocsltiwnqae]
634 4924 710 4983 atque
730 4919 859 4971 σοωίιίιηη
874 4921 905 4972 Ε.
929 4947 957 4957 -
979 4920 1019 4973 36.
1037 4922 1123 4972 ecdem
1143 4921 1203 4972 mitt
1220 4933 1272 4986 qna
1286 4916 1639 4984 metensomatosis

318 4991 379 5043 FP:
397 4993 974 5060 mmmmmwmauttbuanm
991 4992 1639 5060 wammampsssaoemosuo.-ss.pw

318 5065 497 5130 stupea·
514 5069 822 5136 mfflropcreEFALll.
842 5099 869 5110 -
893 5071 933 5123 39.
950 5069 1397 5138 boclnlocolinboctocoF;boo
1414 5064 1637 5134 [omtctocoll.

321 5166 348 5180 -
367 5142 395 5194 tat
410 5143 487 5210 dem]
503 5145 571 5200 dmm
585 5145 613 5198 u
627 5145 662 5210 E;
679 5145 708 5200 id
722 5147 843 5213 spurium
858 5146 972 5201 videtur.
