3642 5868
458 440 525 506 m.
546 441 585 506 n.
609 439 682 506 cu».
703 437 994 504 xxx-xxxii.
1022 435 1079 523 ss.
1099 433 1257 502 ra-m.
1460 429 1518 500 aot

208 617 337 688 teretur,
358 613 402 675 ita
422 629 596 696 properans
619 609 658 674 de
680 609 758 674 sella
781 608 903 672 exsilit:
924 607 1087 672 bominem
1099 608 1311 681 innocentem,
1332 605 1399 670 aC.
1415 605 1526 669 Sacer-

209 706 280 770 dote
301 706 488 780 absolutum,
509 704 627 768 indicta
648 714 743 768 causa
765 704 805 766 de
826 702 983 766 sententia
1004 703 1134 778 scribae,
1156 702 1269 784 medici
1283 699 1525 784 haruspicisque

210 800 409 865 condemnat.
475 857 478 862 Α

182 950 185 955 .
292 895 410 957 XXXI.
438 892 489 957 76.
511 895 670 968 Retinete,
691 893 824 957 retinete
845 890 1005 955 bominem
1028 892 1062 954 in
1084 891 1224 964 civitate,
1245 889 1382 953 iudices:
1404 887 1524 971 parcite

211 997 243 1054 et
264 996 463 1064 conservate,
491 996 528 1052 ut
548 988 590 1051 sit
610 988 666 1071 qui
686 987 850 1051 vobiscum
871 1005 923 1048 res
944 985 1078 1059 iudicet,
1107 985 1162 1069 qui
1183 985 1217 1047 in
1238 989 1350 1048 senatu
1372 983 1439 1045 sine
1460 980 1549 1046 udat

210 1083 381 1169 cupiditate
403 1082 549 1146 debello
572 1089 604 1145 et
625 1099 702 1164 pace
724 1079 913 1144 sententiam
935 1079 1025 1142 ierat.
1058 1079 1194 1141 Tametsi
1216 1079 1320 1140 minus
1342 1076 1374 1139 id
1397 1073 1526 1158 quidem

210 1177 317 1250 nobis,
348 1177 451 1240 minus
481 1176 598 1261 populo
625 1178 768 1238 Romano
797 1174 1003 1244 laborandum
1031 1182 1094 1248 est,
1123 1173 1225 1256 qualis
1246 1173 1339 1235 istius
1359 1171 1393 1232 in
1414 1173 1527 1232 senatu

210 1272 367 1336 sententia
389 1271 494 1334 lutura
517 1270 567 1333 sit.
596 1260 702 1359 (Quae
723 1270 808 1332 enim
830 1268 899 1331 eius
921 1268 1092 1331 auotoritas
1113 1267 1194 1329 erit'l
1225 1265 1353 1351 quando
1374 1266 1434 1328 iste
1456 1281 1528 1326 sen·
1606 1261 1686 1363 1-4

210 1365 339 1428 tentiam
362 1363 466 1429 dicere
489 1364 620 1428 audebit
640 1353 695 1426 aul
716 1353 1004 1446 poteritilquando
1022 1369 1126 1424 autem
1141 1361 1235 1424 bomo
1257 1366 1362 1423 tantae
1382 1356 1528 1421 luxuriae

209 1466 306 1544 atque
328 1456 470 1522 desidiae
492 1458 554 1520 nisi
576 1457 748 1520 Februario
771 1475 878 1520 mense
900 1455 1118 1539 adspirabitin
1134 1456 1272 1518 curiam‘i
1293 1455 1409 1518 Verum
1423 1451 1565 1517 reniatto

210 1571 303 1616 sane:
333 1553 483 1616 decernat
502 1551 623 1614 bellum
654 1550 872 1625 Cretensibus,
902 1550 1015 1612 liberet
1042 1550 1228 1634 Byzantios,
1254 1567 1362 1633 regem
1390 1543 1529 1628 appellet

209 1648 443 1721 Ptolemaeum,
473 1665 555 1729 quae
577 1645 646 1708 ruit
665 1645 854 1708 Hortensius
879 1644 985 1707 omnia
1006 1644 1090 1707 dicat
1111 1650 1143 1707 et
1164 1643 1291 1707 sentiat:
1319 1642 1422 1705 minus
1450 1640 1528 1703 baec

210 1743 250 1806 ad
273 1762 343 1816 nos,
365 1741 469 1803 minus
492 1739 637 1804 advitae
659 1745 784 1802 nostrae
806 1737 986 1813 discrimen,
1008 1739 1113 1801 minus
1134 1739 1174 1801 ad
1195 1737 1392 1801 fortunarum
1406 1739 1529 1799 nostra·

209 1857 280 1902 mm
303 1834 479 1919 periculum
499 1834 669 1918 pertinent.

293 1926 345 1991 77.
366 1926 448 1990 illud
471 1935 518 1991 est
539 1925 690 2011 capitale,
711 1925 790 1989 illud
813 1926 1063 2001 formidolosum,
1084 1926 1164 1991 illud
1186 1927 1304 2011 optimo
1326 1925 1442 2009 cuique
1463 1935 1567 1986 me-to

209 2022 374 2096 tuendum,
397 2022 483 2105 quod
505 2019 576 2094 iste,
598 2020 624 2082 si
647 2039 688 2082 ex
708 2018 768 2082 boc
789 2019 908 2082 iudicio
931 2020 1040 2106 aliqua
1060 2021 1091 2083 vi
1114 2042 1148 2083 se
1171 2021 1340 2104 eripuerit,
1362 2019 1396 2082 in
1417 2017 1530 2081 indici·

106 2175 108 2180 .
210 2120 269 2182 bus
292 2117 334 2180 sit
354 2134 482 2179 necesse
505 2121 569 2190 est;
593 2112 778 2177 sententiam
801 2103 965 2198 decapite
988 2115 1066 2178 civis
1086 2115 1220 2179 Romani
1240 2115 1335 2190 ierat3
1358 2113 1446 2176 sitin
1460 2111 1530 2174 eius

211 2210 355 2276 exercitu
384 2208 530 2291 signiter,
562 2208 616 2291 qni
646 2207 814 2290 imperium
845 2208 1035 2273 iudiciorum
1057 2217 1163 2273 tenere
1185 2210 1262 2273 vult.
1304 2209 1373 2272 Hoc
1394 2206 1530 2292 populus

210 2307 372 2369 Romanus
388 2309 521 2377 recusat,
543 2302 605 2365 hoo
627 2303 709 2365 terre
730 2321 794 2365 non
816 2310 935 2387 potest:
958 2304 1072 2368 elamat
1092 2305 1310 2389 permittitque
1331 2304 1421 2367 vobis
1436 2309 1480 2376 ut,
1503 2301 1530 2363 si

211 2399 281 2462 istis
302 2396 484 2459 bominibus
508 2395 724 2470 delectemini,
754 2396 782 2459 si
804 2398 926 2461 existo
948 2417 1063 2480 genere
1085 2398 1287 2481 splendorem
1309 2398 1412 2461 ordini
1433 2404 1567 2480 atquett

213 2497 430 2557 ornamentum
458 2491 563 2554 curiae
593 2490 784 2554 constituere
813 2492 934 2566 velitis,
969 2491 1110 2555 babeatis
1140 2512 1216 2555 sane
1245 2493 1340 2556 isium
1367 2492 1530 2556 vobiscum

212 2594 407 2651 senatorem:
431 2585 524 2648 eiiam
548 2586 587 2648 de
608 2585 696 2648 vobis
718 2585 873 2660 iudicem,
896 2586 922 2649 si
945 2586 1055 2661 vultis,
1077 2586 1235 2650 babeatis:
1258 2587 1297 2649 'de
1319 2607 1353 2650 se
1374 2585 1530 2660 homines,

212 2681 317 2767 siqui
339 2683 428 2743 extra
449 2679 544 2741 istum
567 2678 709 2742 ordinem
732 2685 824 2752 sunt,
855 2679 969 2762 quibus
996 2701 1036 2742 ne
1058 2680 1221 2744 reiiciendi
1243 2681 1372 2765 quidem
1394 2678 1530 2762 amplius

212 2797 308 2862 quarn
331 2775 426 2837 trium
448 2773 590 2836 iudicum
611 2773 791 2856 praeclarae
813 2773 899 2855 leges
915 2773 1079 2837 Corneliae
1094 2774 1214 2838 iaciunt
1228 2765 1425 2859 potestatem,
1446 2774 1530 2836 buno

211 2870 372 2935 h'ominem
394 2875 458 2930 tam
479 2867 658 2943 crudelem,
681 2874 745 2930 tam
767 2866 963 2944 sceleratum,
985 2875 1048 2932 tum
1070 2868 1225 2932 netarium
1247 2869 1360 2933 nolunt
1379 2869 1569 2933 iudicarent

212 2965 345 3029 xxxii.
367 2951 434 3051 78(
441 2962 567 3025 Etenim
590 2961 616 3023 si
639 2960 718 3024 illud
741 2969 789 3024 est
809 2962 1017 3045 flagitiosum,
1047 2963 1133 3046 quod
1161 2963 1240 3026 mibi
1264 2963 1404 3027 omnium
1426 2983 1530 3026 rerum
1606 3029 1619 3044 ,

211 3059 431 3142 turpissimum
452 3056 654 3140 maximeque
676 3055 832 3120 netarium
846 3056 986 3131 videtur,
1009 3057 1131 3120 obrem
1148 3058 1349 3122 iudicandam
1364 3057 1531 3141 pecuniam
1615 2961 1722 3148 W

211 3141 380 3242 accipere)
388 3151 489 3233 pretio
511 3148 627 3212 habere
650 3148 808 3211 addictam
829 3149 925 3213 fidem
948 3159 979 3214 et
993 3147 1336 3236 religionemzlquanto
1350 3151 1430 3215 illud
1445 3150 1533 3234 dagi-

210 3244 345 3344 tiosins,)
357 3244 542 3327 improbius,
564 3242 737 3325 indignius,
759 3262 841 3318 eum,
857 3263 876 3305 a
891 3264 954 3328 quo
968 3245 1135 3329 pecuniam
1150 3245 1190 3308 ob
1203 3245 1429 3309 absolvendum
1443 3263 1532 3308 aocc-

211 3339 314 3424 peris,
344 3338 571 3412 condemnare,
600 3345 635 3400 ut
656 3356 697 3399 ne
718 3336 913 3420 praedonum
937 3336 1066 3422 quidem
1087 3347 1211 3423 praetor
1231 3339 1265 3401 in
1286 3337 1347 3403 fide
1368 3339 1569 3402 retinendam

213 3430 473 3497 consuetudinem
496 3433 683 3495 conservet?
716 3430 825 3494 Scelus
847 3439 895 3494 est
916 3432 1057 3516 accipere
1079 3433 1118 3495 ab
1139 3453 1209 3497 reo:
1232 3443 1349 3516 quanto
1371 3433 1471 3496 maius
1493 3434 1532 3497 ab

212 3526 417 3589 accusatore?
429 3531 548 3608 quanto
563 3525 658 3588 etiam
673 3523 857 3588 sceleratius
871 3526 910 3588 ab
923 3528 1081 3610 utroquei
1102 3525 1212 3589 Fidem
1227 3547 1297 3590 cum
1312 3528 1533 3612 proposuisses

212 3619 357 3683 venalem
378 3619 412 3680 in
433 3619 610 3703 provincia,
639 3619 739 3682 valuit
766 3620 849 3703 apud
877 3627 909 3683 te
931 3620 1003 3703 plus
1029 3620 1073 3695 is,
1102 3621 1157 3705 qui
1187 3621 1353 3705 pecuniam
1381 3621 1532 3687 maiorem

214 3713 311 3778 dedit
355 3712 520 3776 Concedo:
549 3713 682 3777 forsitan
704 3713 820 3797 aliquis
849 3714 1020 3799 aliquando
1044 3716 1201 3778 eiusmodi
1226 3715 1392 3801 quidpiam
1411 3715 1531 3780 fecerit.

167 3809 170 3814 ’
215 3810 292 3874 Cum
316 3827 391 3872 vero
413 3807 509 3872 fidem
531 3828 567 3872 ac
589 3808 775 3890 religionem
797 3815 883 3871 tuam
898 3809 960 3872 iam
979 3810 1069 3873 alteri
1086 3810 1244 3874 addictam
1257 3811 1391 3894 pecunia
1405 3819 1570 3895 acceptato

212 3903 377 3978 habueris,
407 3910 481 3986 post
501 3903 634 3967 eandem
655 3903 835 3967 adversario
857 3904 1024 3968 tradideris
1045 3905 1163 3969 maiore
1184 3905 1335 3989 pecnnia:
1362 3912 1533 3991 utrumque

278 4173 302 4223 i.
328 4174 411 4223 mollit
426 4187 462 4236 φτ
485 4173 556 4224 acilii
576 4172 645 4237 igit
663 4186 690 4238 p.
709 4187 762 4234 m.;
786 4173 887 4224 sorduit
904 4175 949 4225 ott.
968 4175 997 4226 0.
1018 4199 1046 4210 -
1064 4173 1091 4225 C.
1110 4175 1167 4225 Soc.
1191 4173 1260 4239 1.ng
1276 4187 1302 4240 p.
1321 4187 1358 4226 m.
1376 4175 1408 4226 F:
1432 4175 1459 4226 G.
1477 4188 1531 4227 om.

213 4249 259 4299 ott.
277 4249 305 4299 0.
326 4275 354 4285 -
373 4246 397 4298 3.
416 4249 564 4316 coqdomoot
580 4248 648 4311 Lgiil
660 4247 691 4300 li
704 4249 723 4298 Β
735 4249 770 4297 N:
794 4251 965 4300 cocdcnmuott
981 4252 1027 4301 ott.
1046 4251 1076 4299 0.
1096 4275 1125 4286 -
1143 4249 1167 4300 b.
1184 4250 1311 4300 oobbmm
1326 4249 1419 4316 pleriq.
1438 4250 1531 4302 codd:

212 4323 338 4374 cobbcum
354 4323 421 4387 Lgb,
440 4322 488 4374 Lb.
502 4321 574 4373 lost.
596 4349 623 4359 -
642 4323 666 4374 9,
685 4327 771 4373 tentus
787 4323 906 4375 lucrer-luo
922 4329 997 4387 utque
1013 4325 1121 4374 deddtco
1137 4323 1205 4388 ogia
1222 4337 1248 4388 p.
1267 4337 1318 4376 m.:
1338 4330 1409 4376 tento
1429 4325 1535 4376 loowlc

212 4405 286 4462 utque
302 4399 398 4449 desidio
415 4401 461 4450 ott.
475 4399 503 4448 0.
514 4424 541 4434 -
555 4398 594 4448 io.
611 4399 646 4447 ud
656 4389 755 4449 noviom
766 4401 839 4450 serv.
853 4401 887 4450 ad
897 4401 962 4451 lien.
975 4401 1029 4451 Xii.
1043 4400 1099 4450 otu.
1115 4427 1142 4437 -
1156 4401 1195 4450 to.
1208 4401 1271 4452 ilhtd
1281 4399 1349 4465 Lglb
1362 4414 1387 4466 p.
1400 4411 1437 4451 m.
1450 4401 1475 4460 d,
1488 4398 1531 4450 ὁδε

212 4475 282 4536 wod,
300 4475 362 4524 tttud
373 4475 419 4525 ott.
433 4474 462 4525 0.
476 4501 498 4510 -
515 4473 577 4522 illud
592 4473 666 4536 lom.
679 4474 834 4540 saislep:
853 4477 915 4526 titud
931 4482 966 4526 est
980 4477 1053 4540 imm.
1068 4477 1113 4526 ott.
1127 4477 1190 4527 0.-
1204 4477 1243 4527 to.
1262 4477 1283 4526 st
1300 4490 1333 4526 ec
1349 4477 1373 4525 b.
1385 4476 1438 4526 iud.
1450 4474 1532 4539 ogia:

212 4563 246 4600 cor
261 4549 285 4598 t.
298 4549 384 4598 iudai
401 4551 447 4598 ott.
460 4549 489 4599 0.
504 4571 532 4585 ·-
545 4549 586 4598 ao.
609 4549 656 4598 teto
673 4547 700 4600 l:
718 4561 747 4599 co
764 4551 794 4611 F;
816 4551 861 4600 boc
877 4553 922 4602 cti.
936 4553 965 4602 0.
980 4577 1009 4588 -
1025 4552 1067 4601 it.
1085 4550 1219 4602 babemus
1235 4551 1340 4616 Lglip.
1354 4563 1390 4601 m.
1410 4575 1438 4588 -
1460 4551 1535 4601 maort

211 4623 336 4674 scobem
352 4624 385 4674 F:
403 4625 478 4674 istum
494 4623 619 4674 uobiscum
637 4623 704 4688 igit
721 4638 747 4689 p.
766 4637 818 4686 m.;
841 4625 966 4676 oobbcrsm
981 4628 1056 4677 istum
1071 4625 1164 4691 pleriq.
1183 4627 1277 4685 codd.;
1299 4627 1368 4677 cobis
1381 4628 1456 4678 totum
1472 4626 1531 4676 cod.

213 4699 273 4749 ilci.
286 4698 348 4748 0.-
365 4697 406 4750 tt.
418 4699 493 4748 etium
505 4697 573 4762 igit
585 4711 611 4762 p.
620 4711 656 4750 m.
671 4701 701 4750 F:
720 4701 795 4750 triton
805 4701 881 4750 ctiam
892 4702 950 4759 N03
967 4703 1042 4750 istem
1052 4699 1109 4751 rell.
1122 4701 1201 4765 Lagg.
1211 4727 1237 4738 -
1250 4702 1280 4751 de
1289 4701 1360 4752 uobis
1376 4700 1443 4766 Lgii
1455 4714 1481 4766 p.
1495 4713 1532 4751 m.

216 4799 244 4809 -
261 4773 441 4824 nicodemum.
460 4775 491 4824 ri.
512 4797 539 4810 -
564 4775 604 4824 td.
623 4775 644 4823 st
661 4775 703 4836 qui
720 4773 798 4825 codd.
817 4776 925 4839 praeter
941 4775 1000 4826 cod.
1020 4776 1089 4838 liot,
1107 4774 1134 4826 in
1150 4788 1204 4839 quo
1220 4775 1242 4825 ri
1258 4787 1312 4826 om.
1336 4776 1411 4827 Idem
1428 4775 1462 4826 de
1478 4777 1533 4827 sois

213 4847 304 4897 narrat
316 4845 422 4898 callem.
438 4875 465 4885 -
483 4849 610 4899 mdctmdt
626 4849 687 4914 Lgt,
698 4849 743 4902 lt:
761 4851 893 4901 mttoiucdt
910 4852 954 4900 ott.
968 4851 997 4901 0.
1012 4877 1040 4886 ·-
1057 4849 1098 4902 il.
1111 4863 1190 4913 ptum
1204 4848 1317 4902 librariis
1333 4849 1427 4902 deberi
1443 4853 1535 4902 censet

214 4921 290 4973 iinnd
302 4923 376 4973 Ture.
389 4924 409 4974 i.
424 4936 449 4989 p.
462 4923 519 4974 289.
535 4949 562 4962 -
575 4923 616 4975 26.
628 4928 689 4991 μου.
703 4925 813 4990 igion:
833 4929 885 4975 tom
895 4929 956 4992 pop.
969 4924 1063 4990 pleriq.
1076 4924 1165 4986 codd,
1183 4926 1238 4976 tum
1246 4927 1307 4991 μορ.
1321 4927 1389 4977 coni.
1402 4923 1488 4976 Orelli.
1503 4951 1531 4960 -

213 4998 254 5049 m.
275 5011 407 5060 acceperas
428 4999 509 5050 Prisc.
528 4999 547 5050 i.
570 5013 596 5064 p.
616 5000 672 5052 too.
693 5024 722 5038 -
741 5002 781 5051 3⁴.
803 5005 928 5052 suosmet
945 4999 1012 5065 igit
1030 5013 1055 5064 p.
1074 5013 1128 5052 m.:
1148 5005 1307 5052 renumeret
1329 5001 1374 5050 cit.
1393 4999 1422 5049 0.
1444 5021 1471 5034 -
1490 4999 1530 5050 35.

213 5073 266 5123 tum
282 5073 350 5138 Lgli
367 5076 436 5136 No:
460 5086 514 5124 om.
534 5073 591 5126 rell.
615 5074 692 5126 codd.
719 5103 747 5113 -
765 5077 875 5139 paucio
896 5079 999 5138 eccepto
1015 5087 1068 5126 om.
1086 5077 1117 5126 N.
1139 5099 1165 5115 ·
1192 5075 1232 5126 36.
1250 5073 1396 5126 odoarmrio
1413 5071 1529 5138 [stips

214 5148 366 5202 omasum
382 5151 427 5202 ott.
447 5149 524 5204 codd.
543 5152 606 5204 noti.
627 5175 655 5188 -
673 5152 807 5204 credideris
823 5151 872 5206 dtt.
892 5177 920 5188 -
937 5149 1030 5203 maiori
1045 5150 1115 5218 bgii
1131 5163 1159 5218 p.
1176 5163 1215 5203 m.
