3648 5888
531 437 602 500 Lm.
624 435 649 498 l.
680 433 754 498 Car.
775 429 968 496 LlI-LIV.
995 427 1052 512 55.
1075 425 1264 494 434-444.
1497 415 1552 486 474

236 625 306 668 cum
338 604 400 667 isto
434 603 603 688 diligenter
635 602 937 668 sermocinatumm:
968 600 1084 664 reverti
1114 599 1210 663 iubet.
1264 601 1345 661 Tum
1371 595 1558 660 discedunt:

235 699 388 782 postridie
417 707 627 764 revertuntur.
669 701 771 781 Negat
797 695 854 758 illa
879 713 975 777 posse
996 694 1157 758 hominem
1179 695 1324 758 exorari:
1354 707 1557 774 permagnam

236 812 308 856 eum
337 793 443 858 dicere
471 813 512 856 ex
539 793 595 856 illa
622 812 658 856 re
679 792 848 874 pecuniam
870 785 982 852 confici
1013 807 1117 871 posse.
1161 788 1241 850 Llll.
1262 789 1383 852 Vereor
1409 804 1450 848 oe
1483 781 1557 866 quis

233 887 316 950 iorte
338 888 378 952 de
401 889 537 972 populo,
560 888 616 972 qui
637 887 745 970 priore
766 886 891 950 actione
913 902 978 947 non
999 881 1117 956 adluit,
1141 881 1237 957 haec,
1260 881 1336 966 quia
1357 884 1489 963 propter
1509 877 1558 938 in-

235 982 356 1064 signem
378 983 606 1066 turpitudinem
628 987 703 1044 suot
723 977 941 1053 incredibilia,
962 977 1040 1058 fingi
1062 997 1081 1040 a
1103 997 1154 1038 me
1169 977 1356 1040 arbitretur:
1378 993 1417 1038 ea
1430 993 1487 1036 vos
1501 985 1582 1034 ειη-4

236 1082 303 1151 tea,
335 1077 475 1152 iudices,
507 1076 713 1158 cognovistis.
757 1069 828 1136 439.
856 1073 946 1136 Dixit
973 1073 1096 1136 iuratus
1125 1073 1158 1134 Ρ.
1182 1072 1297 1146 Titius,
1328 1077 1415 1134 tutor
1442 1065 1559 1150 pupilli

235 1170 338 1232 lunii:
362 1169 444 1233 dixit
464 1172 506 1234 ld.
522 1171 632 1233 lunius
655 1176 742 1234 tutor
756 1175 788 1230 et
801 1176 954 1251 patruus:
975 1165 1112 1229 Mustius
1128 1165 1279 1240 dixisset,
1302 1166 1329 1229 si
1343 1161 1478 1240 uiueret:
1502 1159 1559 1224 sed

234 1265 353 1330 recenti
375 1285 410 1328 re
434 1263 473 1327 de
496 1263 614 1328 Mustio
635 1251 779 1326 auditum
801 1269 867 1326 est:
891 1261 972 1324 dixit
993 1261 1028 1322 L.
1043 1260 1219 1336 Domitius:
1241 1261 1297 1344 qui
1313 1281 1386 1325 cum
1400 1260 1495 1324 sciret
1508 1275 1560 1319 me

235 1381 275 1426 ex
297 1361 415 1424 ldustio
437 1361 511 1424 rivo
534 1360 676 1434 audisse,
699 1359 786 1442 quod
802 1377 839 1419 eo
862 1375 933 1419 sum
947 1375 1024 1420 usus
1039 1354 1230 1436 plurimum,
1253 1352 1381 1436 (etenim
1396 1352 1559 1424 iudicium,

236 1455 323 1540 quod
355 1473 456 1538 prope
484 1454 627 1517 omnium
654 1451 853 1515 fortunarum
883 1469 1013 1513 suarum
1044 1451 1076 1512 C.
1097 1451 1234 1514 Mustius
1261 1451 1389 1526 babuit,
1422 1469 1473 1512 mc
1494 1458 1598 1510 unoto

236 1548 425 1614 defendente
455 1545 559 1629 vicit,)
591 1566 663 1610 cum
689 1547 766 1621 hoc,
795 1553 832 1608 ut
851 1545 940 1619 dico,
970 1544 1065 1608 sciret
1085 1543 1121 1607 L.
1144 1546 1318 1620 Domitius,
1347 1566 1397 1610 me
1418 1545 1498 1608 scire
1519 1540 1560 1604 ad

236 1661 308 1707 eum
331 1662 382 1706 res
405 1662 517 1705 omnes
539 1643 688 1706 Mustium
711 1640 841 1703 solitum
863 1659 933 1702 esso
955 1639 1095 1715 deleme,
1116 1647 1221 1703 tamen
1236 1642 1276 1703 de
1291 1640 1465 1704 Chelidone
1487 1637 1563 1700 reti-

237 1737 315 1812 cuit,
338 1737 445 1820 qudem
469 1737 589 1819 potuit:
619 1735 682 1798 alio
704 1733 945 1818 responsionem
967 1753 1057 1800 suam
1080 1735 1244 1798 derivarit.
1289 1738 1408 1797 Tantus
1428 1735 1464 1796 in
1484 1730 1563 1794 ado·

236 1830 375 1894 lescente
391 1831 566 1894 clarissimo
581 1849 618 1893 ac
633 1829 778 1912 principe
792 1829 966 1892 iuventutis
981 1828 1175 1911 pudorluit,
1197 1837 1235 1893 ut
1247 1831 1388 1914 aliquam
1403 1828 1468 1902 diu,
1490 1843 1562 1890 cum

237 1945 328 1989 ame
349 1931 562 2008 premeretur,
599 1924 706 1986 omnia
726 1923 834 2006 potius
855 1923 1079 2006 responderet,
1112 1943 1209 2007 quam
1232 1923 1438 1989 Chelidonem
1459 1920 1600 1986 nomi-rs

236 2027 337 2084 naret.
370 2019 486 2108 ¹Primo
508 2018 705 2081 necessarios
727 2018 820 2080 istius
848 2017 889 2078 ad
911 2033 984 2078 eum
1006 2016 1160 2099 allegatos
1183 2037 1254 2081 esse
1275 2018 1419 2082 dicebat:
1447 2016 1563 2080 deinde

236 2113 409 2198 aliquando
433 2117 562 2174 coactus
585 2111 791 2175 Chelidonem
813 2111 999 2175 nominavit
1043 2105 1114 2172 ltu.
1147 2113 1219 2176 Non
1241 2119 1272 2176 te
1294 2113 1409 2196 pudet,
1438 2113 1563 2182 Verres,

237 2208 306 2271 eius
328 2206 470 2270 mulieris
492 2205 645 2268 arbitratu
668 2205 805 2288 gessisse
829 2211 1023 2288 praeturam,
1046 2225 1143 2289 quam
1165 2207 1200 2270 L.
1222 2209 1381 2271 Domitius
1402 2208 1442 2270 ab
1457 2226 1492 2270 se
1506 2223 1565 2268 no·

236 2303 349 2366 minari
371 2301 426 2365 vix
447 2301 507 2363 sibi
529 2299 700 2363 honestum
723 2319 793 2363 esse
814 2299 1051 2363 arbitrabatur?
1093 2301 1171 2364 LlV.
1200 2302 1321 2366 Reiecti
1348 2321 1367 2365 a
1389 2299 1563 2365 Chelidone

237 2395 366 2478 capiunt
387 2394 556 2457 consilium
578 2394 811 2469 necessarium,
837 2401 875 2457 ut
901 2394 1079 2476 suscipiant
1099 2395 1162 2477 ipsi
1184 2396 1357 2480 negotium.
1401 2396 1480 2458 Cum
1500 2393 1601 2456 lla-ao

236 2490 336 2552 bonio
364 2494 486 2563 tutore,
521 2487 608 2571 quod
635 2495 703 2550 erat
729 2489 785 2550 vix
815 2489 875 2552 ils
898 2488 1108 2572 quadraginta
1129 2491 1269 2566 milium,
1302 2490 1483 2572 transigunt
1504 2485 1563 2552 He

240 2583 384 2646 ducentis
406 2577 543 2646 milibus.
577 2583 685 2646 Defert
706 2584 745 2646 ad
768 2583 864 2646 istum
886 2603 953 2646 rem
974 2583 1157 2647 Habonius:
1178 2591 1215 2647 ut
1229 2587 1289 2648 sibi
1304 2586 1465 2658 videatur,
1488 2581 1564 2645 satis

239 2677 387 2762 grandem
410 2677 579 2761 pecuniam
602 2683 635 2740 et
656 2678 731 2740 satis
754 2678 971 2760 impudentem
993 2695 1073 2740 esse.
1117 2679 1196 2754 lete,
1227 2680 1283 2766 qui
1305 2680 1470 2763 aliquanto
1491 2675 1564 2758 plus

238 2774 423 2855 cogitasset,
445 2770 527 2833 male
550 2771 666 2854 accipit
686 2771 791 2835 verbis
811 2771 1010 2835 Habonium:
1033 2779 1129 2855 negat
1149 2793 1221 2836 eum
1244 2774 1305 2838 sibi
1326 2774 1383 2838 illa
1403 2772 1564 2836 decisione

237 2867 312 2930 satis
326 2866 430 2929 facere
451 2883 567 2948 posse:
590 2883 630 2928 ne
653 2865 768 2941 multa,
790 2865 967 2930 locabrrum
990 2885 1024 2928 se
1040 2885 1110 2929 esse
1126 2867 1300 2932 confirmat.
1337 2863 1408 2930 444.
1431 2867 1601 2929 Tutorestc

235 2960 297 3023 boc
322 2960 490 3023 nesciunt:
525 2959 613 3043 quod
641 2965 747 3022 actum
776 2965 845 3023 erat
865 2979 938 3021 curn
959 2959 1123 3034 Habonio,
1146 2968 1260 3043 putant
1280 2960 1313 3024 id
1336 2979 1405 3024 esse
1427 2957 1565 3022 certissi-

236 3073 341 3117 mum:
376 3053 498 3116 nullam
525 3055 678 3117 maiorem
707 3053 831 3137 pupillo
864 3059 1009 3116 metuunt
1041 3054 1260 3118 calamitatem.
1304 3057 1367 3120 lste
1396 3073 1471 3118 vero
1499 3071 1565 3116 non

234 3147 468 3232 procrastinat:
490 3147 596 3210 locare
618 3149 733 3232 incipit
753 3167 817 3210 non
839 3148 1017 3229 proscripta
1038 3165 1144 3230 neque
1163 3147 1268 3212 edicta
1283 3151 1348 3225 die,
1370 3147 1564 3213 alienissimo

236 3251 397 3322 tempore,
419 3240 504 3303 ludis
526 3242 606 3324 ipsis
628 3243 792 3318 Romanis,
822 3240 894 3303 iuro
916 3247 1038 3303 ornato.
1084 3242 1196 3325 ltaque
1217 3245 1380 3306 renuntiat
1400 3241 1565 3306 Habonius

237 3335 323 3398 illam
346 3334 542 3397 decisionem
564 3336 731 3398 tutoribus.
758 3339 954 3400 ,Accununt
973 3341 1078 3397 tamen
1101 3336 1141 3397 ad
1163 3342 1289 3420 tempus
1311 3345 1452 3401 tutores:
1486 3335 1602 3416 4434-44

238 3437 305 3492 tum
326 3427 412 3491 tollit
432 3429 543 3490 lunius
558 3435 700 3512 patruus.
712 3418 728 3508 ζ
738 3430 793 3493 lsti
811 3429 901 3492 color
914 3429 1098 3492 immutatus
1113 3436 1182 3492 est:
1205 3429 1327 3506 vultus,
1350 3431 1462 3505 oratio,
1476 3449 1565 3493 mens

239 3523 379 3605 denique
402 3513 548 3609 excidit.)
570 3523 655 3598 Quid
677 3531 801 3605 ageret,
823 3521 930 3606 coepit
951 3523 1110 3606 cogitare:
1134 3522 1161 3586 si
1184 3543 1265 3607 opus
1287 3526 1411 3609 pupillo
1430 3524 1566 3587 redime·
1671 3525 1723 3590 -.”·“
1741 3519 1746 3526 ’

238 3623 341 3689 retur,
364 3614 391 3678 si
413 3607 471 3678 re'su
486 3615 586 3678 abiret
607 3617 647 3678 ab
669 3636 708 3680 eo
730 3617 890 3699 mancipe,
913 3635 1008 3700 quern
1031 3616 1100 3698 ipse
1122 3618 1340 3714 apposuisset,
1362 3621 1423 3683 sibi
1445 3619 1565 3685 nullam

238 3709 388 3794 praedam
411 3727 490 3771 esse.
533 3710 643 3792 Itaque
666 3712 841 3794 excogitat,
865 3711 968 3794 quidl
1000 3710 1087 3772 Nihil
1108 3711 1288 3793 ingeniose,
1311 3714 1406 3790 nihil,
1429 3722 1465 3778 ut
1479 3714 1567 3798 quis-

240 3824 335 3889 quarn
357 3807 467 3886 posset
488 3801 611 3877 dicere,
644 3803 824 3887 «improbe,
854 3824 965 3868 verum
988 3803 1142 3866 callidem>
1173 3804 1254 3868 nihil
1283 3806 1322 3869 ab
1348 3807 1410 3872 isto
1432 3807 1599 3881 salmam

238 3898 319 3962 nibil
340 3896 566 3962 veteratorium
588 3897 865 3980 exspectaveritis:
889 3897 996 3962 omnia
1010 3905 1137 3980 aperta,
1160 3899 1267 3963 omnia
1286 3902 1458 3985 perspicua
1474 3921 1565 3983 repe-

237 3994 375 4068 rientur,
396 3991 611 4074 impudentia,
633 3995 788 4070 amentia,
810 3995 953 4058 audacia.
983 3988 1055 4054 lli.
1080 3992 1132 4054 «Si
1154 3993 1278 4075 pupillo
1293 4015 1375 4077 opus
1389 3996 1565 4069 redimitur,

239 4086 316 4148 mihi
347 4084 467 4169 praeda
496 4086 535 4149 de
562 4087 709 4150 manibus
731 4088 873 4171 eripitur.
898 4085 1013 4176 (Quod
1036 4094 1085 4151 est
1106 4087 1205 4170 igilur
1225 4088 1427 4152 remediuml
1455 4088 1564 4173 quedl

238 4182 283 4244 Ne
304 4179 400 4244 liceat
419 4181 541 4264 pupillo
563 4174 769 4266 redimere»)
794 4181 852 4245 Ubi
880 4180 935 4244 illa
964 4171 1160 4244 consuetudo
1194 4181 1227 4244 in
1250 4171 1371 4259 bonis,
1393 4181 1565 4266 praedibus

238 4409 263 4447 :c
280 4395 357 4460 4349.
382 4395 420 4458 (re
434 4393 494 4444 lort.
513 4392 667 4446 delendum.
687 4395 778 4458 Hecu.)
804 4421 831 4432 -
855 4393 879 4445 l.
895 4395 982 4457 potore
997 4395 1032 4456 V,
1055 4396 1116 4457 433.
1135 4395 1243 4458 praeter
1258 4393 1291 4446 44
1307 4395 1362 4447 la:
1382 4396 1466 4460 priori
1483 4393 1516 4446 al.
1534 4395 1563 4446 0.

239 4495 267 4508 -
287 4472 310 4521 6.
331 4471 407 4520 litio:
424 4469 457 4518 V:
487 4469 576 4520 Tettius
592 4470 675 4532 4349;
698 4470 801 4520 Potitius
817 4469 864 4519 dtt.
883 4470 913 4520 0.
937 4497 965 4508 -
990 4469 1014 4518 7.
1033 4469 1089 4519 luat
1105 4468 1136 4518 V.
1158 4493 1185 4506 -
1211 4470 1332 4534 minem,
1350 4476 1417 4522 nator
1434 4471 1514 4522 Prisc.
1533 4472 1564 4521 ll.

238 4561 265 4612 p.
285 4547 340 4596 453.
365 4573 393 4583 -
412 4545 456 4595 sed
470 4555 521 4594 rec.
538 4556 567 4593 rc
583 4544 613 4593 dc
629 4544 664 4593 ll.
684 4545 798 4594 oudttum
813 4549 848 4594 cst
863 4545 901 4594 V:
928 4545 970 4594 :ed
985 4557 1034 4606 pro
1051 4545 1144 4594 Mustio
1162 4557 1214 4594 rec.
1232 4557 1260 4594 rc
1283 4545 1312 4596 do
1331 4547 1366 4596 ll.
1386 4545 1499 4596 auditum
1519 4546 1564 4595 cll.

238 4623 267 4673 0.
283 4647 309 4658 -
328 4621 352 4672 9.
371 4623 400 4671 4.
419 4619 492 4670 Dom.
512 4619 551 4668 eV
567 4621 595 4668 et
611 4617 689 4682 vulgo
705 4621 766 4683 poet
782 4621 879 4682 Naug:
903 4619 929 4668 T.
947 4620 1021 4670 Dom.
1041 4621 1086 4669 ctt.
1108 4646 1135 4656 -
1153 4632 1194 4670 mc
1209 4625 1233 4670 ct
1249 4633 1282 4670 ec
1297 4621 1328 4671 V.
1351 4647 1379 4658 —
1405 4622 1429 4672 9.
1447 4621 1567 4672 turibium

236 4696 336 4759 444349
353 4694 402 4746 al:
420 4695 448 4744 in
463 4695 515 4743 444.
529 4692 635 4744 lcodd.
649 4693 711 4754 dtt.;
730 4695 757 4744 id
772 4695 824 4744 tud.
837 4695 866 4744 0.
882 4719 909 4730 -
928 4695 969 4744 44.
983 4698 1075 4744 tutum
1092 4695 1161 4744 coni.
1174 4695 1293 4746 Mensrd.
1309 4722 1336 4732 -
1354 4695 1395 4745 44.
1409 4696 1486 4759 desert
1497 4694 1565 4757 4349

237 4771 279 4823 49.
298 4770 331 4822 cl.
343 4770 374 4821 V.
388 4769 413 4834 fl.
427 4770 495 4819 loo:
512 4768 589 4831 refert
605 4768 651 4818 dtt.
671 4769 700 4819 0.
721 4795 748 4806 -
766 4769 882 4818 uideatur
898 4768 967 4818 coni.
991 4770 1068 4820 Ern:
1086 4769 1217 4820 uidebatur
1232 4769 1310 4820 codd.
1331 4797 1359 4807 -
1377 4769 1418 4820 46.
1436 4770 1481 4819 boc
1497 4768 1565 4831 4349

238 4849 277 4899 ll:
296 4845 356 4895 boec
372 4843 420 4894 dtt.
439 4845 467 4894 0.
486 4869 512 4880 -
531 4843 572 4893 94.
591 4845 701 4908 cogitur:
717 4847 796 4908 coepit
812 4845 893 4896 Prisc.
912 4845 943 4893 11.
962 4858 988 4909 p.
1009 4845 1064 4896 tta.
1088 4871 1115 4880 —
1134 4844 1174 4896 34.
1192 4851 1221 4896 ut
1236 4847 1368 4908 catumeum
1382 4851 1462 4907 postu
1477 4844 1563 4906 bgitl:

238 4922 318 4984 quoq.
334 4920 412 4982 possit
427 4919 443 4970 8
460 4918 519 4978 dtt.;
541 4920 607 4979 qood
623 4921 701 4982 quisq.
716 4921 794 4981 possit
810 4917 843 4969 u.
862 4919 892 4969 Ο.
913 4945 941 4954 -
960 4920 999 4971 944.
1017 4920 1120 4982 carnem
1136 4921 1205 4970 coni.
1224 4920 1310 4971 lladv.
1330 4918 1363 4969 de
1380 4923 1439 4970 Aac.
1460 4930 1485 4981 p.
1506 4917 1563 4968 443.

208 4999 213 5010 ”
238 4999 304 5046 not:
322 4994 423 5058 sobmon
439 4995 473 5052 A:
490 5005 578 5043 cenem
595 4995 647 5057 433
663 4995 687 5044 5.
706 4995 747 5044 47.
765 4994 806 5044 49.
820 4993 861 5045 44.
875 4994 910 5054 ll:
929 4998 1018 5044 tectum
1034 4993 1091 5057 alii,
1109 4995 1144 5055 0;
1163 4995 1196 5044 cl.
1210 4997 1265 5044 Rau
1283 4997 1312 5044 11.
1330 5007 1357 5058 p.
1370 4993 1426 5044 444.
1448 4991 1522 5055 Voscr
1538 4992 1566 5040 et

238 5073 364 5120 coarctor
379 5069 418 5119 sic
434 5069 577 5132 iunguntur
593 5069 640 5119 ou.
660 5071 701 5120 lll.
721 5069 745 5133 5.
764 5071 805 5122 57.
824 5071 888 5134 ltep.
907 5071 947 5120 lll.
970 5083 1012 5134 cp.
1031 5072 1096 5120 Non.
1115 5084 1141 5135 p.
1161 5071 1201 5122 49.
1221 5097 1249 5106 -
1275 5070 1315 5121 34.
1331 5069 1423 5134 populo
1440 5066 1524 5122 buliu.
1542 5067 1563 5120 l.

239 5145 280 5196 44.
297 5169 326 5180 -
344 5142 385 5194 49.
403 5142 473 5194 bont:
487 5144 620 5196 immerito
637 5148 791 5212 suspectum
809 5145 937 5200 Ernesto.
964 5145 998 5199 cl.
1016 5145 1102 5200 Madv.
1120 5146 1141 5196 l.
1157 5158 1185 5216 p.
1203 5143 1260 5200 344.

1660 4074 1731 4165 44⁹
