3642 5868
475 434 544 499 m.
565 433 605 497 n.
634 431 708 499 co.
730 429 1017 496 444.-4444.
1043 427 1099 516 §t-
1122 425 1311 496 tro-rvr.
1496 425 1558 504 aaa

236 608 353 672 dicium
381 604 562 671 adduceret
602 604 644 668 At
671 622 809 688 quorum
835 601 955 666 iudicio
983 603 1250 667 condemnatum?
1287 601 1409 686 Nempe
1438 622 1559 682 eorum,

234 721 316 787 quoe
337 701 377 777 ii,
400 699 456 783 qni
478 699 638 763 severiora
658 697 778 761 iudicia
799 696 996 771 desiderant,
1019 697 1210 762 arbitrantur
1231 718 1283 762 res
1305 698 1446 763 iudicare
1465 717 1560 783 opor-

232 804 321 871 tere,
348 793 592 878 publicanorum
614 791 755 867 iudicio;
788 810 870 876 quos
900 789 1050 854 videlicet
1069 811 1156 855 nunc
1177 793 1318 875 populus
1346 792 1470 856 iudices
1502 813 1560 877 po-

232 892 309 966 scit,
333 889 373 954 de
395 889 527 974 quibus,
548 895 586 951 ut
606 907 661 951 eos
682 887 807 950 iudices
820 885 1010 959 habeamus,
1034 885 1137 968 legem
1159 887 1198 949 ab
1220 887 1350 951 homine
1370 905 1437 950 non
1459 887 1560 950 nostri

232 985 375 1069 generis,
404 1004 470 1048 uon
499 1003 541 1047 ex
568 982 709 1067 equestri
739 981 811 1044 loco
839 978 1000 1064 proiecto,
1030 979 1085 1043 sed
1108 979 1306 1068 nobilissimo
1328 981 1585 1065 promulgatams

231 1079 387 1144 videmus.
430 1074 501 1142 t75.
523 1077 716 1150 Decumani,
737 1076 801 1139 boc
823 1081 887 1149 est,
916 1075 1079 1156 principes
1102 1080 1135 1138 et
1159 1075 1250 1158 quasi
1272 1083 1435 1139 senatores
1456 1076 1563 1158 publi·

233 1193 402 1248 canorum,
434 1171 643 1236 removendas
666 1171 705 1233 de
728 1169 835 1232 medio
857 1168 979 1231 litteras
1003 1176 1204 1232 censuerunt.
1246 1169 1357 1235 liabeo
1379 1171 1482 1233 exiis
1506 1169 1562 1254 qui
1694 1239 1723 1276 f

232 1268 419 1341 adfuerunt,
443 1287 525 1351 quos
547 1264 738 1348 producam,
762 1263 878 1348 quibus
899 1262 962 1326 boc
977 1262 1186 1338 committam,
1208 1263 1355 1328 homiues
1374 1264 1563 1328 honestissi-
1676 1277 1698 1334 εἰ

233 1384 303 1429 mos
325 1382 362 1427 ao
383 1360 670 1444 locupletissimos,
691 1360 770 1422 istos
791 1352 1244 1442 ipsos(principes)equestris
1262 1355 1563 1443 ordinis,(quorum

233 1455 422 1542 splendore)
437 1456 488 1521 vel
517 1453 655 1519 maxime
684 1441 882 1536 istiuss'q'ui
903 1451 1006 1535 legem
1028 1449 1390 1535 promulgavit,(oratio
1413 1458 1446 1516 et
1466 1471 1600 1524 caueam
1636 1455 1716 1537 ,ἀὲ

233 1549 375 1633 nititur.)
400 1551 538 1614 Venient
558 1549 594 1612 in
615 1548 773 1611 medium:
796 1547 920 1620 dicent,
942 1544 1021 1630 quid
1043 1545 1221 1610 statuerint.
1242 1545 1406 1620 Profecto,
1429 1545 1563 1610 sirecte

235 1645 382 1713 homines
404 1643 498 1718 novi,
520 1662 587 1707 non
608 1641 817 1717 mentientur;
839 1640 960 1704 litteras
983 1639 1067 1702 enim
1086 1659 1270 1705 communes
1285 1640 1444 1704 demedio
1459 1659 1564 1705 remo·

231 1761 307 1806 vere
329 1743 525 1824 potueruut:
547 1734 642 1801 tidem
664 1755 753 1799 suam
776 1741 808 1799 et
828 1735 1017 1818 religionem
1030 1754 1194 1799 removere
1215 1755 1281 1798 nou
1303 1743 1449 1825 possunt.
1479 1736 1563 1818 Ergo

234 1834 359 1918 equites
379 1832 533 1906 Romani,
557 1831 612 1915 qui
634 1837 666 1894 te
688 1849 746 1894 suo
769 1830 889 1893 iudicio
912 1829 1179 1905 condemnarunt,
1207 1830 1322 1894 borum
1344 1829 1465 1896 iudicio
1488 1851 1564 1895 cou-

235 1928 378 1992 demnari
407 1928 597 1992 noluerunt:
624 1945 682 1992 vos
713 1945 815 2000 nunc,
841 1931 949 1988 uuum
977 1922 1105 1988 illorum
1128 1925 1282 1990 iudicium
1304 1945 1345 1989 an
1366 1925 1602 1995 voluntatemne

234 2023 327 2106 sequi
349 2022 484 2096 malitis,
507 2020 716 2084 considerate.

300 2117 446 2180 ,Lxxla
469 2111 563 2201 4764
571 2117 616 2180 do
645 2114 736 2190 vide,
768 2111 845 2198 quid
876 2119 907 2175 te
936 2113 1111 2178 amicorum
1138 2120 1267 2178 tuorum
1298 2115 1454 2192 studium,
1485 2114 1564 2201 quid

234 2223 326 2280 tuum
356 2210 541 2284 consilium,
573 2210 650 2294 quid
673 2209 833 2272 sociorum
854 2206 1003 2272 voluntas
1025 2201 1179 2306 adiuvet.)
1206 2211 1317 2274 Dicam
1337 2211 1435 2295 paulo
1457 2229 1565 2293 prom·
1633 2195 1736 2288 sik

234 2308 338 2392 ptius3
360 2325 465 2389 neque
489 2308 574 2370 euim
596 2309 660 2371 iam
681 2325 808 2381 vereor,
830 2325 872 2368 ne
895 2306 967 2389 quis
988 2304 1050 2368 boo
1072 2323 1123 2366 me
1141 2306 1242 2388 magis
1256 2305 1453 2370 accusatorie
1468 2323 1564 2388 quam

234 2402 334 2465 libere
356 2398 476 2464 dixisse
497 2401 676 2464 arbitretur.
715 2399 749 2462 Si
771 2401 848 2463 istas
870 2400 992 2462 litteras
1013 2417 1079 2460 non
1092 2397 1220 2463 decreto
1236 2399 1485 2464 decumanorum
1498 2418 1602 2471 mat-so

236 2497 324 2582 gistri
347 2497 572 2570 removissent,
604 2502 727 2558 tantum
749 2512 876 2577 possem
898 2493 932 2555 in
954 2499 986 2555 te
1001 2491 1126 2567 dicere,
1149 2494 1358 2575 quantumin
1379 2494 1493 2557 litteris
1515 2493 1565 2556 iu·

235 2591 409 2656 venissem:
436 2610 521 2654 nunc
551 2592 679 2654 decreto
701 2589 763 2653 isto
785 2588 869 2650 tacto
891 2585 1071 2669 litterisque
1092 2586 1224 2650 remotis
1245 2592 1371 2652 tautum
1393 2587 1470 2651 mibi
1490 2588 1566 2652 licet

236 2686 357 2760 dicere,
380 2691 533 2768 quantum
556 2705 707 2769 possum;
729 2691 852 2748 tantum
874 2681 971 2744 iudici
994 2681 1166 2765 suspicari,
1190 2688 1343 2765 quantum
1366 2682 1453 2748 velit
1483 2683 1563 2745 Dico

235 2791 266 2848 te
288 2781 463 2844 maximum
484 2781 613 2862 pondus
635 2779 719 2855 auri,
748 2777 885 2862 argenti,
909 2775 1028 2850 eboris,
1054 2793 1231 2859 purpurae,
1253 2776 1423 2862 plurimam
1443 2783 1564 2842 vestem
1706 2840 1729 2854 ..

234 2875 452 2950 Melitensem,
480 2875 651 2966 plurimam
674 2873 862 2958 stragulam,
887 2871 1018 2934 multam
1039 2870 1201 2934 Deliacam
1223 2872 1472 2954 supellectilem,
1494 2871 1602 2957 plu-ss
1701 2855 1730 2923 ..l

234 2971 314 3034 rima
335 2988 411 3034 vasa
434 2957 614 3044 Corinthia,
637 2989 787 3052 magnum
808 2986 976 3032 numerum
997 2964 1162 3055 immenti,
1184 2965 1249 3030 vim
1268 2966 1372 3030 mellis
1393 2967 1566 3031 maximam

236 3065 402 3150 Syracusis
432 3070 640 3146 exportasse:
670 3061 720 3125 bis
747 3081 806 3144 pro
828 3061 923 3124 rebus
945 3059 1032 3143 quod
1054 3060 1231 3143 portorium
1252 3081 1318 3124 non
1340 3069 1425 3128 esset
1445 3060 1565 3138 datum,

235 3159 356 3224 litteras
379 3160 420 3223 ad
440 3158 548 3221 'socios
571 3158 696 3221 misisse
718 3157 754 3218 L.
778 3154 981 3230 Canuleium,
1005 3145 1116 3239 quiin
1138 3161 1233 3237 portu
1255 3175 1369 3239 operas
1391 3157 1490 3220 daret.

321 3247 394 3314 477.
418 3252 542 3315 Satisne
564 3272 713 3336 magnum
736 3251 854 3314 crimen
876 3249 938 3312 hoc
953 3248 1104 3312 videtur?
1128 3248 1276 3325 Nullum,
1300 3251 1430 3334 opinor,
1453 3251 1565 3314 maius.

237 3346 301 3423 Qui
322 3346 356 3408 id
378 3343 528 3409 detondet
549 3347 762 3410 Hortensius?
790 3342 980 3428 postulabit,
1009 3349 1045 3406 ut
1073 3341 1195 3405 litteras
1218 3342 1362 3407 Canuleii
1383 3344 1603 3428 proferamtac

236 3441 357 3504 crimen
380 3440 451 3503 eins
477 3440 581 3515 modi,
607 3441 670 3505 nisi
692 3441 806 3504 litteris
829 3434 1046 3512 confirmetur,
1068 3437 1164 3500 inane
1187 3457 1257 3501 esse
1280 3438 1386 3503 dicet?
1416 3439 1566 3504 Clamabo

235 3535 358 3598 litteras
379 3540 525 3598 remotas
541 3553 611 3598 esse
633 3533 673 3598 de
695 3533 817 3609 medio,
841 3533 970 3596 decreto
993 3531 1153 3595 sociomm
1168 3537 1278 3626 erepta
1295 3533 1374 3597 mibi
1389 3554 1460 3599 esse
1474 3534 1566 3599 istius
1667 3553 1695 3634 g

235 3629 358 3695 indicia
380 3647 416 3692 ac
439 3636 646 3693 monumenta
666 3628 834 3693 furtorum.
877 3629 941 3691 dut
961 3627 1023 3690 boo
1040 3627 1213 3690 contendat
1233 3646 1408 3712 numquam
1430 3647 1500 3692 esse
1521 3627 1568 3693 ia·
1664 3638 1668 3646 '

238 3732 324 3790 ctum
346 3728 402 3788 aut
423 3724 565 3787 omnium
587 3723 652 3787 tela
674 3723 813 3805 excipiat
833 3741 964 3786 necesse
987 3728 1044 3784 est.
1075 3722 1178 3805 Negas
1201 3741 1272 3785 esse
1293 3721 1434 3786 iactum?
1460 3723 1569 3786 Placet

236 3817 314 3881 mibi
335 3817 399 3881 ista
421 3816 584 3881 defensio:
608 3813 913 3902 descendo;(aequa
934 3816 1019 3880 enim
1041 3816 1224 3892 contentio,
1245 3837 1386 3902 aequum
1408 3825 1606 3891 certamencr
1676 3799 1694 3856 ³

160 3995 164 4000 Ι
236 3909 452 4000 3443434444.)
472 3912 649 3977 Producam
672 3919 769 3978 testes
791 3919 823 3976 et
843 3911 1018 3997 producam
1039 3910 1148 3994 plures
1163 3911 1277 3977 eodem
1297 3918 1462 3995 tempore:
1485 3930 1567 3996 quo-
1627 3921 1695 4016 ὦ

301 4109 327 4159 4.
346 4108 659 4171 ueterano-oportere
674 4106 827 4172 4344Μφε
850 4105 1024 4158 mucescere
1045 4105 1201 4156 4444444444
1221 4119 1263 4158 ree
1284 4106 1394 4157 44444444
1410 4119 1450 4169 op.
1469 4105 1517 4156 444.
1538 4131 1565 4141 -

237 4185 262 4237 8.
285 4183 373 4247 qubus
391 4184 437 4235 444
457 4185 610 4235 4444444444
625 4182 738 4246 talne
756 4181 808 4235 Pel.
827 4195 897 4234 sec:
923 4182 1011 4246 444044
1033 4183 1079 4232 boc
1096 4183 1241 4245 producam
1257 4182 1306 4234 444.
1327 4209 1354 4220 -
1378 4181 1402 4231 9.
1421 4181 1481 4231 totos
1503 4181 1569 4244 ipsos

236 4258 337 4325 434444
356 4258 397 4322 (cl.
417 4259 442 4323 5.
457 4260 537 4323 470.);
559 4260 624 4322 44444
641 4271 694 4311 om.
714 4259 771 4317 otta
788 4260 847 4308 istos
863 4257 969 4309 seclo.
988 4257 1066 4324 prob.
1080 4259 1144 4308 Gar.
1158 4259 1189 4308 11.
1209 4257 1369 4324 [nobisque]
1389 4284 1417 4294 -
1436 4258 1477 4308 40.
1495 4269 1567 4308 mcc.

235 4335 303 4386 444444
318 4335 386 4386 coni.
404 4334 510 4385 Scbtttz.
531 4334 584 4384 Sed
601 4345 663 4384 cum
675 4335 778 4395 Cicero,
796 4334 877 4386 bomo
894 4336 1057 4398 senatorius,
1076 4336 1230 4398 equestrem
1247 4334 1369 4385 ordinem
1389 4335 1417 4385 et
1432 4330 1569 4384 Aurelium

237 4412 342 4463 Cottam
352 4411 379 4460 in
391 4422 472 4461 causa
487 4408 530 4460 illa
542 4409 677 4460 iudiciaria
694 4409 808 4461 haberet
823 4411 991 4463 adversarios
1002 4412 1048 4474 (4),
1066 4412 1139 4461 recte
1156 4411 1314 4474 pronomine
1331 4410 1390 4471 4444,
1408 4411 1439 4460 ut
1455 4406 1516 4460 alibl
1533 4407 1568 4459 de

236 4488 334 4549 Verre,
357 4485 448 4536 utitur.
470 4510 497 4522 -
518 4486 558 4536 44.
576 4487 666 4536 44444444
681 4485 824 4551 4344440,
843 4486 903 4537 cod.
921 4487 996 4537 liot:
1020 4487 1113 4536 citetur
1129 4488 1174 4536 444.
1195 4512 1223 4522 -
1245 4485 1330 4535 diasat
1345 4483 1459 4550 egeam
1483 4484 1570 4533 (444444

236 4560 306 4628 4344
322 4575 349 4627 p.
369 4574 405 4613 m.
427 4589 454 4599 -
471 4565 613 4612 4444444444
627 4559 697 4625 4344
714 4574 741 4626 p.
760 4573 796 4612 m.
821 4589 848 4599 -
868 4560 908 4613 44.
926 4562 1123 4613 condemnem
1139 4559 1208 4626 4344
1225 4574 1251 4626 p.
1265 4573 1302 4612 m.
1318 4574 1355 4623 cp:
1373 4559 1570 4610 encaemorum

236 4641 272 4700 N;
290 4639 397 4688 44444444
413 4641 436 4688 te
451 4649 496 4686 444
512 4636 604 4687 4444444
621 4637 782 4688 4444444444
797 4649 893 4687 mance
911 4636 989 4688 codd.
1002 4639 1110 4704 praeter
1125 4636 1194 4702 4344
1210 4650 1238 4703 p.
1252 4649 1288 4688 m.
1300 4637 1364 4699 Νφ.
1378 4661 1407 4670 -
1426 4635 1468 4684 te.
1485 4634 1570 4684 44444-

235 4718 297 4766 aas
312 4713 369 4775 Νφ
385 4711 444 4762 alii:
461 4711 594 4763 4444444444
609 4711 703 4777 43044
712 4711 753 4764 ta.
768 4739 794 4750 -
814 4726 858 4763 uos
874 4725 927 4764 om.
946 4710 1015 4778 4344
1031 4725 1058 4778 p.
1071 4725 1107 4765 m.
1127 4739 1156 4751 -
1175 4713 1215 4764 tv.
1234 4726 1266 4762 44
1281 4710 1368 4777 43444
1386 4715 1413 4761 ot
1430 4709 1475 4760 444.
1493 4711 1523 4760 0.
1538 4735 1566 4746 -

235 4791 316 4842 uidete
325 4787 394 4853 4344
411 4801 436 4854 p.
451 4800 487 4839 m.
500 4815 528 4825 -
547 4787 586 4839 48.
601 4789 743 4852 4444444444
759 4785 828 4853 4344
837 4789 855 4838 F
864 4788 920 4839 bill
931 4802 937 4836 :
956 4787 1063 4851 crepitus
1074 4789 1119 4839 444.
1135 4817 1162 4826 -
1182 4788 1224 4840 re.
1238 4787 1354 4851 paoem
1368 4783 1483 4849 44443444
1498 4781 1568 4847 4344

237 4880 264 4931 p.
277 4878 315 4918 m.
330 4893 358 4903 -
375 4865 418 4917 49.
436 4866 531 4916 earm
546 4866 591 4916 boo
607 4864 692 4931 Lglt:
710 4866 756 4916 444
771 4863 866 4916 almeo
883 4863 928 4913 ott.
947 4863 976 4912 0.
997 4889 1025 4900 —
1044 4862 1084 4915 30.
1101 4863 1144 4926 qao·
1159 4863 1186 4914 td
1202 4861 1271 4927 4344
1289 4861 1331 4927 (44.
1349 4863 1435 4926 lntpp.
1453 4856 1487 4908 ad
1504 4855 1566 4908 Sull.

238 4941 263 5007 5.
277 4940 342 5004 ⁴²·l2
361 4941 421 5003 quld
437 4941 482 4991 ott.
495 4940 524 4992 0.
541 4966 568 4977 -
587 4941 694 5005 44444444
709 4939 802 5004 pleriq.
816 4937 894 4988 codd.
907 4935 1016 5002 Vulgata
1035 4941 1076 4990 est
1092 4951 1108 4990 a
1125 4941 1206 5003 44443.
1226 4940 1254 4989 44
1269 4939 1296 4989 tu
1308 4933 1385 5001 4344.
1401 4960 1428 4972 -
1447 4932 1487 4984 34.
1506 4933 1570 4984 4444-

237 5017 306 5068 modt
322 5015 354 5068 l:
373 5016 512 5068 4444444444
528 5015 577 5067 dtt.
595 5015 624 5066 0.
646 5044 673 5053 -
691 5014 730 5067 34.
750 5015 861 5065 unnim
877 5011 945 5076 4344
962 5026 989 5078 p.
1008 5025 1044 5064 m.
1063 5013 1104 5065 u:
1126 5015 1211 5065 444444
1228 5014 1272 5065 444.
1292 5013 1321 5063 0.
1341 5037 1369 5048 —
1388 5009 1428 5061 34.
1446 5007 1568 5057 consuto

238 5091 308 5158 4344
325 5106 352 5158 p.
370 5105 407 5144 m.
424 5093 466 5146 u:
485 5091 592 5143 conditio
609 5092 654 5144 ott.
671 5092 700 5143 0.
723 5118 751 5126 —
770 5103 879 5153 aequaeva
894 5087 959 5151 lcp:
979 5101 1134 5153 4434444344
1150 5087 1199 5141 dtt.
1213 5115 1241 5128 -
1260 5087 1300 5142 40.
1319 5099 1347 5141 44
1363 5089 1472 5150 ternpore
1487 5078 1566 5152 4344.
1632 5131 1637 5144 ,

240 5165 327 5234 [deest
341 5179 418 5232 vera,
436 5169 467 5220 ut
481 5165 601 5234 videtur,
621 5163 699 5220 lectio
715 5165 786 5235 apud
803 5165 842 5232 z.]
