3648 5888
673 440 746 506 cn.
768 437 927 506 v-vn.
955 434 1013 521 §a
1035 432 1189 502 ra-rs.
1554 433 1596 501 m

273 633 343 679 mus
352 589 376 698 t)
393 612 525 696 perinde
554 631 591 676 ac
606 634 614 706 fi
619 611 645 676 si
677 611 710 675 in
738 611 820 674 hano
842 609 1011 674 formulam
1033 607 1139 671 omnia
1160 605 1280 670 iudicia
1301 605 1455 688 legitima,
1489 606 1596 670 omnia

272 708 402 773 arbitria
422 707 606 782 honoraria,
629 707 736 770 omnia
758 703 862 769 officia
881 703 1054 768 domestica
1069 701 1218 766 conclusa
1233 708 1265 764 et
1278 702 1507 784 comprehensa
1523 695 1611 782 sint)
1676 722 1697 762 a

271 803 404 886 perinde
425 803 575 865 dicemus.
618 800 677 864 llla
698 801 844 884 superior
865 799 925 864 fuit
947 799 1048 862 oratio
1070 796 1265 872 necessaria,
1294 793 1373 859 haec
1400 799 1462 861 erit
1482 791 1597 862 volun·

271 897 368 972 taria;
401 896 456 960 illa
483 896 522 959 ad
549 896 705 971 iudicem,
737 895 818 959 haec
848 895 888 958 ad
920 892 953 955 C.
975 893 1140 968 Pisonem
1173 891 1228 954 illa
1250 911 1309 974 pro
1331 911 1403 966 reo,
1435 894 1514 958 haec
1537 914 1595 977 pro

270 991 404 1066 Rosci03
425 991 482 1054 illa
502 991 671 1066 victoriae,
692 989 772 1052 haec
794 990 897 1052 bonae
919 987 1164 1052 existimationis
1187 1006 1283 1051 causa
1303 998 1494 1070 comparata.
1619 1006 1634 1053 o

354 1085 407 1147 Vl.
430 1080 480 1147 16.
502 1085 673 1150 Pecuniam
694 1083 792 1167 petis,
814 1083 929 1159 Fanni,
952 1102 971 1146 a
992 1084 1118 1146 Roscio.
1156 1082 1285 1158 Quam?
1317 1083 1375 1145 Dic
1396 1086 1546 1148 audacter
1566 1091 1598 1147 et

271 1185 388 1263 aperte.
432 1180 543 1243 Utrum
570 1199 653 1263 quae
682 1179 739 1242 tibi
767 1198 807 1242 ex
834 1177 985 1241 societate
1007 1177 1160 1241 debeatur
1179 1197 1221 1240 an
1243 1197 1326 1260 quac
1348 1197 1388 1241 ex
1409 1177 1598 1242 liberalitate

270 1275 366 1339 huius
386 1275 545 1357 promissa
566 1275 610 1336 sit
629 1280 661 1336 et
684 1275 860 1336 ostentata?
884 1293 1022 1356 quorum
1043 1273 1179 1335 alterum
1193 1279 1242 1335 est
1255 1272 1381 1355 gravius
1396 1279 1429 1336 et
1442 1271 1598 1347 odiosius,

270 1371 405 1434 alterum
426 1369 527 1432 levius
550 1375 582 1431 et
602 1366 738 1432 facilius.
776 1367 867 1443 Quae
889 1387 930 1431 ex
944 1368 1095 1432 societate
1110 1367 1286 1431 debeatur?
1320 1367 1404 1443 Quid
1427 1368 1500 1431 aisi
1528 1367 1598 1430 Hoc

270 1466 334 1541 iam
354 1484 461 1548 neque
482 1463 596 1527 leviter
615 1461 782 1526 ferendum
805 1468 853 1525 est
873 1481 979 1546 neque
993 1461 1189 1543 negligenter
1203 1460 1447 1525 defendendum.
1484 1461 1636 1545 Siquam

271 1559 356 1623 enim
379 1565 454 1621 sunt
474 1557 599 1640 privata
621 1556 739 1619 iudicia
761 1575 902 1619 summae
925 1556 1169 1619 existimationis
1185 1563 1218 1619 et
1238 1575 1339 1638 paene
1357 1557 1460 1620 dicam
1475 1554 1598 1640 capitis,

271 1654 332 1717 tria
354 1652 434 1716 haec
456 1657 548 1727 sunt,
569 1647 723 1724 fiduciae,
745 1648 880 1728 tutelae,
903 1650 1073 1713 societatis.
1105 1651 1219 1734 Aeque
1241 1650 1327 1712 euim
1348 1649 1554 1733 perfidiosum
1568 1656 1600 1715 et

272 1748 429 1812 nefarium
450 1752 500 1809 est
521 1741 616 1808 [idem
636 1744 799 1828 frangere,
821 1763 904 1829 quae
926 1743 1069 1807 continet
1088 1746 1202 1819 vitam,
1225 1751 1257 1808 et
1271 1745 1429 1828 pupillum
1443 1746 1600 1822 fraudare,
1654 1807 1656 1815 .

274 1843 330 1928 qui
351 1843 386 1904 in
408 1839 540 1904 ortelam
560 1839 722 1923 pervenit,
745 1846 778 1902 et
798 1840 920 1902 socium
941 1838 1067 1913 fallere,
1092 1840 1148 1925 qui
1172 1861 1206 1904 se
1227 1841 1261 1903 in
1279 1841 1408 1922 negotio
1424 1841 1599 1905 coniunxit.

274 1932 326 2000 t7.
349 1936 438 2012 Quae
460 1953 531 1997 cum
553 1934 598 1997 ita
619 1933 699 2008 sint,
722 1933 795 2017 quis
817 1933 873 2008 sit,
896 1933 952 2017 qui
974 1933 1097 1996 socium
1118 1932 1273 1998 fraudarit
1294 1942 1326 1997 et
1339 1933 1502 2010 fefellerit,
1525 1949 1638 1999 con-to

275 2029 461 2094 sideremus.
505 2028 600 2092 Dabit
622 2028 707 2094 enim
728 2029 820 2091 nobis
842 2029 908 2092 iam
927 2029 1021 2091 tacite
1042 2028 1108 2091 vita
1129 2036 1199 2092 acta
1220 2030 1254 2091 in
1275 2029 1458 2092 alterutram
1479 2037 1600 2111 partem

274 2122 399 2188 firmum
421 2130 453 2187 et
473 2143 567 2206 grave
590 2122 815 2188 testimonium.
850 2122 888 2198 Q.
910 2123 1066 2186 Roscius?
1104 2123 1189 2199 Quid
1212 2124 1282 2187 aist
1309 2124 1440 2198 Nonne,
1461 2130 1498 2186 ut
1518 2124 1602 2206 ignis

275 2220 309 2282 in
335 2238 451 2302 aquam
480 2219 643 2281 coniectus
672 2218 824 2281 continuo
846 2216 1054 2299 restinguitur
1074 2223 1107 2279 et
1127 2216 1346 2300 refrigeratur,
1375 2219 1420 2281 sic
1441 2219 1601 2284 refervens

274 2311 390 2377 falsum
412 2311 530 2375 crimen
552 2313 586 2374 in
607 2311 808 2394 purissimam
830 2318 863 2373 et
877 2309 1087 2374 castissimam
1108 2313 1205 2374 vitam
1227 2312 1377 2375 collatum
1399 2313 1504 2377 statim
1527 2334 1603 2378 con·

275 2409 352 2472 cidit
384 2415 416 2471 et
450 2405 687 2489 exstinguitur?
729 2406 862 2468 Roscius
892 2405 1014 2468 socium
1045 2405 1227 2470 fraudavit‘l
1268 2407 1376 2471 Potest
1395 2408 1458 2473 hoc
1478 2409 1641 2474 hominito

273 2503 349 2567 huic
369 2503 501 2567 haerere
522 2504 715 2584 peccatum?
737 2499 794 2584 qui
815 2497 1033 2564 mediusfidius
1050 2497 1211 2582 (audacter
1226 2499 1308 2584 dico)
1329 2502 1402 2584 plus
1416 2499 1491 2568 fidei
1507 2523 1603 2588 quam

274 2600 366 2674 artis,
387 2597 459 2681 plus
481 2596 623 2660 veritadis
646 2616 742 2680 quam
763 2595 951 2677 disciplinae
972 2595 1117 2678 possidet
1137 2596 1171 2660 in
1193 2615 1245 2672 se3
1268 2615 1363 2679 quem
1385 2598 1525 2680 populus
1538 2599 1603 2661 Ro·

274 2711 386 2756 manus
407 2690 574 2754 meliorem
594 2690 699 2754 virum
721 2711 817 2774 quam
838 2689 1028 2752 histrionem
1051 2709 1121 2753 esse
1139 2690 1323 2766 arbitratum
1347 2691 1402 2775 qui
1424 2692 1469 2756 ita
1483 2691 1603 2776 dignis·

275 2787 373 2850 simus
406 2794 455 2849 est
482 2805 597 2848 scaena
623 2792 755 2868 propter
783 2779 966 2858 artificium,
999 2791 1035 2848 ut
1063 2783 1269 2867 dignissimus
1299 2784 1341 2849 sit
1362 2785 1451 2850 curia
1471 2793 1604 2870 propter

274 2881 508 2945 abstinentiam.
552 2875 602 2941 l8.
626 2879 689 2942 Sed
712 2879 792 2963 quid
815 2899 873 2962 ego
894 2881 1022 2962 ineptus
1044 2879 1084 2941 dc
1106 2880 1223 2943 Roscio
1242 2877 1328 2962 apud
1343 2881 1492 2944 Pisonem
1506 2881 1641 2946 dicore

274 2973 423 3056 Ignotum
443 2973 607 3037 hominem
629 2972 751 3036 scilicet
775 2973 919 3055 pluribus
941 2973 1046 3037 verbis
1068 2975 1272 3038 commendo:
1311 2975 1410 3039 Estne
1432 2977 1603 3060 quisquam

275 3068 417 3132 omnium
439 3067 639 3142 mortalium,
662 3067 702 3131 de
727 3086 792 3151 quo
815 3067 928 3129 melius
944 3067 1108 3131 existimes
1130 3071 1191 3131 tui
1222 3069 1321 3132 Estne
1335 3068 1521 3154 quisquam,
1546 3070 1602 3155 qui

275 3165 333 3228 tibi
348 3164 468 3247 purior,
486 3161 669 3245 pudentior,
683 3160 864 3236 humanior,
879 3156 1054 3224 officiosior
1066 3161 1292 3247 liberaliorque
1306 3163 1473 3228 videatur?
1496 3165 1602 3242 Quidr

276 3266 328 3334 tu,
350 3259 472 3332 Saturi,
496 3256 552 3341 qui
569 3262 680 3320 contra
695 3254 781 3320 hunc
795 3255 904 3328 venis,
926 3253 1089 3317 existimas
1105 3253 1218 3318 aliter‘l
1244 3257 1372 3332 Nonne,
1389 3259 1603 3342 quotiescum·
1687 3257 1695 3273 '

277 3373 339 3438 que
371 3354 406 3416 in
432 3371 528 3415 causa
555 3351 589 3413 in
619 3369 736 3414 nomen
765 3349 861 3413 huius
889 3346 1046 3422 incidisti,
1080 3349 1176 3413 toties
1197 3350 1284 3414 hunc
1305 3358 1337 3416 et
1357 3354 1461 3417 virum
1483 3354 1641 3418 bonumao

277 3468 348 3512 esse
370 3447 480 3510 dixisti
501 3453 533 3508 et
553 3445 687 3510 honoris
710 3464 805 3508 causa
827 3441 1019 3526 appellasti?
1049 3445 1137 3528 quod
1167 3464 1261 3509 nemo
1284 3446 1346 3509 nisi
1369 3453 1425 3510 aut
1444 3447 1604 3512 honestis·

277 3543 358 3606 simo
387 3548 443 3606 aut
469 3539 662 3604 amicissimo
687 3538 792 3603 facere
814 3537 990 3602 consuevit.
1035 3534 1094 3601 tt..
1109 3539 1181 3615 Qua
1202 3541 1237 3603 in
1257 3561 1291 3604 re
1314 3541 1391 3605 mihi
1413 3543 1548 3607 ridicule
1570 3564 1604 3608 es

276 3636 364 3702 visus
386 3655 458 3700 esse
479 3633 682 3709 inconstans,
716 3633 772 3717 qui
802 3633 939 3696 eundem
967 3636 1000 3694 et
1028 3633 1171 3698 laederes
1201 3641 1233 3700 et
1253 3636 1416 3712 laudares,
1447 3643 1480 3700 et
1500 3637 1605 3701 virum

277 3731 433 3814 optimum
462 3735 495 3793 ct
523 3730 686 3793 hominem
708 3728 979 3812 improbissimum
1002 3748 1073 3791 esse
1094 3728 1226 3792 diceres.
1270 3730 1416 3794 Eundem
1436 3737 1472 3793 tu
1494 3739 1526 3795 et
1546 3730 1605 3795 ho·

277 3827 364 3890 noris
386 3844 482 3890 causa
503 3824 685 3908 appellabas
707 3829 740 3886 et
760 3824 864 3886 virum
885 3821 1071 3905 primarium
1093 3823 1165 3885 esse
1187 3822 1315 3887 dicebas
1338 3830 1370 3886 et
1383 3825 1505 3888 socium
1519 3826 1642 3890 frau-ae

278 3923 370 3986 dasse
385 3919 549 4003 arguebas.
583 3919 661 3993 Sed,
683 3925 720 3980 ut
735 3918 866 4000 opinor,
883 3917 1010 3980 laudem
1023 3917 1148 3980 veritati
1164 3916 1336 3994 tribuebas,
1352 3919 1470 3983 crimen
1485 3921 1605 4004 gratiae

278 4013 492 4089 concedebas;
514 4014 553 4076 de
567 4013 643 4088 hoc,
665 4021 702 4077 ut
716 4011 929 4086 existimabas,
950 4011 1172 4100 praedicabas,
1190 4011 1349 4078 Chaereae
1364 4014 1517 4079 arbitratu
1531 4036 1605 4079 cau-

278 4129 345 4175 sam
359 4107 484 4192 a'gebas.
514 4107 582 4170 Vll.
596 4106 768 4170 Fraudavit
782 4106 925 4169 Roscius.
947 4105 1005 4167 Est
1018 4103 1079 4170 hoc
1095 4107 1225 4190 quidem
1239 4108 1378 4191 primum
1392 4110 1522 4174 auribus
1537 4110 1605 4175 ani-

277 4206 401 4288 misque
423 4201 566 4264 omnium
587 4200 770 4265 absurdum.
809 4201 915 4276 Quid‘l
938 4201 965 4262 si
987 4201 1114 4263 tandem
1136 4200 1276 4285 aliquem
1298 4201 1428 4267 divitem
1449 4204 1605 4278 timidum,

277 4300 471 4384 dementem,
494 4297 629 4361 inertem
650 4303 762 4361 nactus
785 4301 885 4370 esset,
909 4293 965 4378 qui
987 4293 1125 4376 experiri
1141 4315 1208 4358 non
1229 4302 1356 4378 posset,
1378 4303 1486 4361 mmen
1503 4298 1643 4364 incre-to

341 4494 366 4544 l.
380 4493 408 4543 et
423 4491 447 4542 3.
463 4490 570 4554 prolude
585 4491 614 4540 h.
635 4516 663 4525 -
680 4491 705 4541 1.
726 4503 766 4540 «v.
780 4501 804 4540 c.
823 4499 984 4551 comprensos
1002 4501 1056 4552 mg.
1069 4485 1096 4542 2.
1117 4515 1144 4524 -
1164 4491 1187 4540 b.
1207 4489 1387 4541 aestimationis
1402 4492 1433 4542 A.
1453 4518 1481 4528 -
1499 4493 1524 4543 1.
1543 4503 1606 4555 quoe

278 4569 338 4619 ante
349 4579 375 4617 v.
388 4565 432 4616 tibi
442 4577 495 4616 om.
510 4565 632 4616 atilli.
650 4564 697 4616 Est
713 4565 766 4615 iam
778 4565 805 4615 in
816 4564 928 4615 Iuntina.
944 4589 971 4599 -
990 4562 1030 4614 to.
1043 4563 1097 4614 tom
1112 4577 1157 4614 nec
1167 4565 1232 4626 us,
1250 4566 1364 4616 tcroooc
1375 4578 1439 4619 cum
1449 4567 1564 4620 llanutio
1576 4567 1605 4617 L.

281 4640 581 4706 -ll.oegottterhl.-
596 4639 635 4690 ⁴5.
655 4641 752 4702 wirot
767 4640 833 4691 FG:
851 4639 953 4702 grddsit
968 4640 1066 4702 alte,
1085 4640 1129 4702 qut
1144 4639 1271 4695 sento.
1286 4667 1315 4679 —
1335 4642 1375 4694 17.
1389 4643 1418 4706 Q.
1431 4643 1530 4694 ltoscit:
1547 4639 1607 4704 preld

278 4719 309 4771 1.
323 4744 351 4754 -
365 4717 405 4769 18.
416 4715 541 4780 refouere
552 4726 605 4766 om.
619 4714 647 4765 1..
660 4742 687 4754 -
706 4715 906 4778 supremam
923 4712 1009 4767 (113.
1030 4713 1204 4778 (11311.-
1218 4729 1265 4780 aare
1282 4717 1522 4769 cumluntinaom.
1535 4717 1563 4767 1..
1577 4739 1604 4750 -

280 4791 364 4859 Quid?
380 4792 513 4844 tonarius
526 4791 585 4842 Ver.
598 4791 664 4841 lect.
676 4791 708 4840 11.
722 4803 749 4855 p.
763 4790 830 4841 sse:
850 4790 952 4852 Quidtu
963 4788 1071 4844 1130.
1087 4816 1114 4824 -
1134 4791 1174 4842 30.
1187 4805 1291 4842 emmam
1301 4793 1330 4843 l.
1347 4818 1375 4829 -
1393 4791 1433 4843 31.
1446 4795 1491 4841 out
1507 4791 1568 4840 ante
1580 4801 1606 4840 v.

278 4869 445 4922 bonutiartmo
458 4879 512 4918 om.
525 4881 554 4917 α.
567 4892 594 4900 -
609 4865 650 4917 33.
669 4869 693 4918 et
707 4866 799 4928 otmar]
812 4865 915 4917 audem
925 4869 949 4914 et
963 4865 1047 4914 einer
1057 4865 1086 4916 l..
1101 4892 1129 4902 —
1148 4865 1188 4918 33.
1210 4867 1309 4930 quidem
1320 4868 1433 4931 privam
1449 4879 1482 4916 c:
1495 4865 1608 4928 meren

280 4947 379 5010 pedem
398 4945 432 5003 ῦς
450 4954 503 4993 om.
522 4938 759 5004 primumhhto.
773 4966 802 4976 -
821 4940 862 4991 39.
875 4940 985 5002 aliquem
1001 4940 1100 4991 dicituro
1116 4942 1243 5006 mssa,
1261 4939 1605 5004 montemtremitum:

279 5023 389 5084 uttam
400 5019 499 5070 dicim
509 5017 562 5068 tim.
575 5017 638 5067 den.
649 5017 749 5067 11νί11111
763 5017 868 5068 merten
878 5031 907 5077 α,
925 5015 1034 5079 dtqocm
1045 5015 1098 5066 tim.
1112 5017 1174 5068 der.
1188 5019 1288 5070 daiam
1303 5019 1408 5070 meme
1419 5011 1548 5076 311113,
1561 5012 1609 5063 alt-

281 5109 353 5159 paem
363 5093 478 5145 muer
488 5093 597 5154 avom,
615 5091 757 5154 martam,
775 5092 879 5142 twtera
889 5088 1004 5143 Klotzius
1016 5090 1058 5142 ed.
1072 5089 1128 5155 alt,
1146 5094 1236 5145 nescio
1247 5092 1327 5143 unde.
1343 5117 1370 5130 ··
1383 5090 1424 5140 39.
1437 5087 1548 5140 mam
1558 5088 1605 5140 Th.

280 5172 442 5226 Mommsen:
455 5167 656 5223 mmmemcum
664 5165 801 5221 codicibus
809 5166 900 5222 ahto.
911 5189 940 5204 —
950 5165 992 5218 tt.
1002 5167 1118 5232 emese
1128 5169 1195 5223 attat
1204 5169 1268 5234 (tna
1276 5177 1411 5232 superscr.
1422 5177 1459 5218 m.
1469 5175 1525 5218 sec.
1534 5163 1607 5229 ηὀν).
