3648 5888
305 415 366 486 lea
485 418 530 485 ns
549 415 719 486 mansu
738 416 860 484 sono
882 415 1008 484 rama
1036 415 1111 484 cn.
1126 417 1240 484 xvm.
1261 414 1318 504 eg.
1333 413 1467 484 ὕει-54.

389 589 502 654 XVIII.
524 564 676 668 tatuini
699 596 818 654 certum
840 595 888 654 est
909 609 974 653 non
993 588 1202 665 committere,
1224 595 1261 652 ut
1282 588 1316 652 in
1337 587 1397 653 hae
1420 608 1516 654 causa
1537 609 1631 675 prae·

114 719 130 734 =
230 680 236 686 ’
304 692 355 748 tor
375 684 468 748 nobis
490 684 724 769 consiliumque
746 679 911 780 mutetur.)
936 685 1007 748 Non
1028 683 1133 766 patiar
1154 702 1220 746 rem
1242 683 1275 746 in
1297 683 1331 746 id
1354 691 1480 767 tempus
1502 681 1631 760 adduci,

304 785 355 854 ut,
385 799 466 864 quos
494 778 598 843 adhuc
627 779 709 843 servi
732 777 967 860 designatorum
989 777 1156 841 consulum
1178 797 1244 840 non
1265 786 1449 856 moverunt,
1480 799 1552 843 cum
1574 799 1631 844 eos

302 893 388 937 novo
410 875 557 958 exemplo
578 874 744 938 universos
767 881 978 950 arcesserent,
1001 894 1056 938 eos
1078 880 1145 938 tum
1167 872 1295 936 lictores
1317 873 1484 937 consulum
1498 875 1629 938 vocent:

175 933 190 1039 b
279 974 338 1031 tut
358 966 505 1032 homines
526 967 650 1044 miseri,
679 975 772 1032 antea
793 967 872 1058 socii
895 976 991 1052 atque
1013 968 1106 1031 amici
1127 966 1239 1051 populi
1263 969 1415 1044 Romani,
1437 987 1524 1033 nunc
1546 970 1629 1052 sergi

145 1071 192 1152 3„
302 1081 340 1126 ac
367 1062 544 1147 supplices,
573 1083 639 1126 non
667 1060 762 1125 modo
791 1063 842 1124 ius
871 1082 964 1147 suum
990 1061 1201 1145 fortunasque
1229 1081 1339 1125 omnes
1362 1081 1473 1126 eorum
1495 1063 1629 1147 imperio

301 1159 464 1233 amittant,
496 1179 606 1223 verum
639 1157 732 1221 etiam
763 1143 952 1240 deplorandi
984 1155 1062 1219 iuris
1096 1155 1145 1219 sui
1173 1162 1363 1239 potestatem
1396 1175 1462 1219 non
1482 1158 1628 1222 habeant.

301 1248 352 1314 tl.
374 1253 446 1315 Non
468 1253 569 1318 sinam
590 1252 732 1337 proiecto
754 1271 892 1315 causan
913 1271 963 1314 me
985 1256 1146 1334 perorata,
1169 1251 1378 1334 quadraginta
1398 1251 1511 1315 diebus
1532 1252 1630 1317 inter·
1816 1277 1817 1282 ¹

299 1345 429 1430 positis,
450 1353 518 1412 tum
539 1348 631 1412 nohis
654 1346 793 1430 denique
815 1345 1019 1428 responderi,
1041 1365 1113 1406 cum
1135 1346 1295 1408 accusatio
1318 1353 1427 1409 nostra
1446 1346 1480 1408 in
1496 1345 1630 1410 oblivio-

263 1449 373 1506 tonem
395 1442 612 1506 diuturnitatis
633 1441 771 1506 adducta
792 1441 851 1516 sit;
873 1459 938 1502 non
961 1439 1170 1514 committam,
1193 1446 1228 1502 ut
1248 1446 1316 1502 tum
1337 1439 1416 1503 haec
1437 1459 1489 1503 res
1510 1438 1630 1504 iudice-

299 1544 365 1612 tur,
390 1557 462 1600 cum
481 1535 560 1601 haee
581 1535 761 1621 frequentia
782 1535 881 1598 totius
902 1533 1013 1596 ltaliae
1035 1533 1135 1596 Roma
1156 1532 1355 1609 discesserit,
1378 1554 1461 1617 quae
1480 1535 1628 1599 convenit

297 1651 364 1695 uno
385 1637 528 1715 tempore
550 1628 694 1714 undique
717 1627 935 1704 comitiorum,
965 1627 1114 1692 ludorum
1143 1627 1360 1714 censendique
1383 1649 1489 1693 causa.
1524 1629 1627 1692 Huius

298 1725 410 1789 iudicii
432 1735 465 1790 et
485 1724 590 1789 laudis
611 1724 749 1787 fructum
771 1727 804 1786 et
823 1721 1010 1785 offensionis
1032 1720 1210 1805 perieulum
1224 1729 1381 1798 vestrum,
1403 1722 1546 1788 laborem
1565 1723 1627 1788 sol·

147 1843 181 1891 ῃ.
297 1817 560 1904 licitudinemque
582 1825 741 1905 nostram,
764 1817 947 1892 scientiam,
970 1817 1046 1902 quid
1069 1825 1196 1899 agatur,
1219 1818 1487 1903 memoriamque,
1510 1819 1628 1904 quida

260 1921 429 1998 ltquoque
456 1913 575 1977 dietum
605 1915 661 1989 sit,
689 1911 831 1976 omnium
858 1918 936 1994 puto
959 1931 1029 1975 esse
1057 1919 1216 1994 oportere.
1259 1907 1310 1973 55.
1332 1911 1458 1974 Faciam
1479 1912 1541 1976 hoc
1562 1933 1627 1976 non

297 2029 434 2084 norum,
465 2009 520 2072 sed
543 2008 582 2071 ab
604 2007 662 2081 iis,
691 2005 747 2090 qui
769 2025 853 2068 nunc
875 2005 1037 2088 principes
1059 2011 1187 2068 nostrae
1210 2004 1346 2069 civitatis
1369 2012 1459 2079 sunt,
1486 2013 1559 2071 ante
1581 2006 1627 2069 la·

297 2110 398 2181 etum,
419 2110 456 2168 ut
477 2103 612 2168 testibus
634 2109 707 2164 utar
727 2099 848 2163 statim:
881 2098 961 2163 illud
983 2118 1003 2163 a
1024 2119 1075 2163 me
1097 2119 1232 2175 novum,
1255 2099 1393 2177 iudices,
1417 2102 1626 2184 cognoscetis,

296 2199 383 2283 quod
405 2198 451 2262 ita
473 2202 569 2262 testes
591 2195 799 2268 constituam,
822 2199 859 2256 ut
881 2193 999 2256 crimen
1021 2200 1123 2258 totum
1146 2193 1320 2278 explicem3
1349 2193 1403 2258 ubi
1424 2195 1458 2260 id
1482 2191 1627 2282 [interro-

296 2286 429 2376 gando,]
452 2291 646 2376 argumentis
668 2297 765 2374 atque
787 2289 931 2353 oratione
953 2286 1120 2353 firmavero
1132 2335 1142 2366 ,
1164 2295 1232 2352 tum
1253 2294 1350 2353 testes
1372 2290 1412 2353 ad
1435 2291 1554 2355 crimen
1575 2309 1627 2355 ac-

258 2385 512 2463 aocommodem3
542 2392 578 2449 ut
598 2384 680 2449 nihil
702 2385 786 2448 inter
810 2383 898 2447 illam
919 2383 1067 2446 usitatam
1090 2382 1325 2447 accusationem
1346 2389 1442 2468 atque
1464 2383 1547 2448 hane
1569 2404 1627 2449 no·

295 2501 367 2546 vam
388 2480 527 2555 intersit,
549 2480 612 2544 nisi
627 2478 715 2563 quod
735 2479 768 2541 in
783 2478 838 2541 illa
854 2485 946 2553 tuno,
969 2499 1041 2541 oum
1056 2478 1163 2541 omnia
1178 2476 1261 2541 dicta
1277 2483 1366 2554 sunt,
1389 2485 1487 2544 testes
1503 2481 1626 2557 dantur,

294 2574 346 2639 hic
367 2573 401 2638 in
423 2574 564 2657 singulas
587 2595 637 2637 res
650 2574 827 2648 dabuntur,
849 2579 884 2636 ut
899 2571 962 2635 illis
979 2593 1110 2658 quoque
1127 2571 1237 2635 eadem
1252 2572 1468 2656 interrogandi
1482 2574 1625 2650 facultas,

294 2667 536 2751 argumentandi
569 2667 760 2752 dicendique
789 2669 839 2730 sit.
884 2668 917 2731 Si
945 2669 1018 2752 quis
1047 2667 1124 2742 erit,
1161 2667 1216 2752 qui
1242 2675 1429 2751 perpetuam
1451 2671 1625 2733 orationem

295 2761 593 2847 accusationemque
610 2762 785 2836 desideret,
807 2761 905 2825 altera
921 2762 1045 2824 actione
1060 2759 1185 2825 audiet:
1206 2760 1356 2837 nuncid,
1380 2761 1467 2847 quod
1483 2763 1624 2840 iacimus,

257 2855 345 2942 talea
365 2855 488 2920 ratione
509 2855 658 2930 facimus,
680 2861 716 2918 ut
737 2853 874 2919 malitiae
895 2855 1024 2918 illorum
1046 2855 1179 2919 consilio
1202 2863 1312 2918 nostro
1335 2855 1548 2940 occurramus)
1570 2879 1625 2923 ne-

295 2952 434 3016 cessario
464 2947 531 3014 lieri
559 2949 725 3032 intelliget.
769 2933 929 3036 diffluae
957 2951 1077 3033 primae
1100 2950 1233 3014 actionis
1257 2950 1317 3013 erit
1338 2953 1508 3017 accusatio.
1525 2936 1625 3018 >biei-

294 3068 365 3111 mus
389 3046 422 3110 C.
444 3046 591 3121 Verrem,
613 3064 685 3107 cum
707 3043 807 3107 multa
828 3043 1014 3119 libidinose,
1037 3044 1137 3107 multa
1158 3043 1330 3107 crudeliter
1349 3044 1383 3108 in
1406 3046 1491 3110 cives
1510 3048 1625 3114 Roma-

294 3163 353 3206 nos
375 3149 474 3227 atque
496 3141 617 3214 socios,
640 3137 739 3201 multa
761 3139 794 3200 in
817 3136 894 3201 deos
915 3137 1128 3223 hominesque
1150 3137 1270 3202 nefarie
1292 3139 1419 3216 iecerit,
1445 3148 1512 3206 tum
1533 3165 1625 3228 prae-

295 3245 382 3302 terea
411 3233 668 3321 quadringenties
697 3232 878 3296 sestertium
901 3251 942 3295 ex
964 3233 1071 3296 Sicilia
1094 3240 1204 3296 eontra
1225 3233 1312 3316 leges
1334 3234 1514 3301 abstulisse.
1555 3239 1624 3304 Hoc

257 3331 443 3406 ³⁰testibus,
465 3330 527 3395 hoc
548 3327 665 3392 tabulis
685 3327 818 3412 privatis
841 3325 1042 3409 publicisque
1066 3327 1305 3390 auetoritatibus
1327 3327 1372 3390 ita
1385 3329 1475 3395 vobis
1494 3333 1624 3417 planum

294 3423 464 3501 iaciemus,
493 3432 530 3488 ut
548 3424 610 3488 hoc
633 3423 793 3498 statuatis,
824 3419 968 3485 etiamsi
991 3420 1128 3502 spatium
1150 3421 1190 3483 ad
1214 3419 1385 3483 dicendum
1406 3433 1517 3489 nostro
1540 3447 1624 3491 eom-

295 3518 390 3581 modo
423 3536 607 3602 vacuosque
641 3515 710 3580 dies
741 3515 980 3593 habuissemus,
1012 3524 1119 3581 tamen
1149 3518 1292 3582 oratione
1323 3517 1419 3602 longa
1440 3519 1522 3583 nihil
1543 3541 1623 3606 opus

293 3611 404 3676 luisse.
434 3611 517 3676 Dixi.
1468 3622 1474 3636 '

362 3845 386 3896 3.
404 3850 447 3908 ct,
466 3857 527 3908 pam
544 3843 613 3895 coni.
631 3840 719 3894 hladv.
737 3844 757 3894 l.
775 3856 802 3908 p.
816 3843 881 3895 ala:
899 3849 928 3895 et
943 3845 1035 3909 Sindi,
1054 3859 1116 3909 quos
1132 3846 1211 3899 codd.
1226 3873 1254 3884 -
1272 3849 1296 3900 8.
1315 3849 1421 3914 atomo
1436 3849 1486 3904 dtt.
1500 3879 1529 3890 ·-
1547 3853 1572 3904 9.
1584 3864 1624 3904 ra·

293 3920 409 3984 sponderi
425 3921 462 3970 L:
483 3919 631 3982 respondere
647 3917 727 3980 (5³53
748 3919 913 3982 respondeant
929 3920 976 3972 dtt.
996 3922 1025 3972 0.
1046 3948 1071 3958 -
1093 3922 1133 3973 40.
1152 3923 1325 3974 dimumttotts
1341 3924 1435 3976 codd:
1460 3926 1624 3979 dunstato

295 3994 357 4046 edd.
374 3996 438 4046 vett.
459 4021 486 4030 -
509 3995 569 4044 hoec
590 4005 630 4042 raa
647 3993 679 4042 Gl
692 3991 733 4054 2ς
749 3992 794 4056 hg.
807 3993 849 4044 29,
862 3993 911 4047 li:
936 4009 977 4047 res
993 3995 1041 4047 dtl.
1060 3996 1090 4048 0.
1111 4025 1139 4034 —
1164 3999 1204 4048 lt.
1224 3999 1298 4049 lotias
1312 3999 1403 4051 ltaliae
1419 4011 1472 4052 om.
1490 4003 1568 4053 Aras.
1586 4001 1621 4053 lt.

295 4083 321 4136 p.
339 4070 397 4122 224.
418 4097 446 4106 -
465 4070 505 4122 42.
527 4069 644 4119 ledones
666 4069 736 4119 coni.
754 4070 824 4122 blan.
843 4083 875 4121 er
895 4073 971 4124 Asc:
994 4073 1145 4125 tedmarum
1161 4075 1239 4126 oodd.
1260 4101 1283 4111 -
1311 4077 1351 4127 48.
1368 4081 1397 4127 at
1412 4077 1455 4128 obt
1470 4077 1498 4128 td
1513 4080 1544 4130 Α.
1562 4081 1623 4130 lan-

294 4148 365 4196 noct.
386 4171 413 4182 -
430 4145 609 4209 tutmogoodo
626 4141 698 4196 delet
713 4143 799 4196 Madv.
812 4146 832 4195 l.
850 4159 878 4210 p.
891 4147 948 4199 ³35.
966 4148 1149 4202 Probabiliter.
1164 4178 1192 4186 -
1211 4150 1252 4202 24.
1271 4152 1395 4204 desim
1410 4153 1471 4204 042
1489 4155 1578 4219 lhgg.
1591 4181 1620 4192 —

294 4221 336 4272 244.
354 4232 386 4270 ea
401 4232 455 4271 om.
468 4221 513 4270 04.
528 4245 556 4258 -
576 4221 688 4270 crottam
705 4219 751 4270 ct.
764 4246 791 4257 —
808 4221 916 4284 sommus
931 4236 985 4274 om.
1004 4224 1039 4275 da
1050 4227 1111 4276 Aac.
1125 4227 1193 4277 coni.
1207 4225 1300 4278 hamb.
1315 4255 1343 4264 -
1362 4228 1403 4278 26.
1422 4217 1541 4294 Μαι
1551 4231 1621 4281 conl.

295 4294 440 4345 Fritzsche:
457 4294 580 4358 inultique
591 4295 652 4344 042
669 4291 702 4344 al.
714 4295 748 4354 03
766 4295 907 4360 intelligant
922 4299 984 4362 ng.
997 4311 1101 4351 omnes.
1115 4327 1143 4336 -
1162 4301 1202 4352 28.
1221 4303 1299 4353 socios
1311 4303 1372 4366 03ς
1388 4305 1451 4368 ng.
1468 4303 1578 4370 pleriq:
1595 4306 1623 4356 tn

294 4371 376 4497 εοοιόἷΙ
388 4368 437 4420 dtt.
450 4371 479 4421 0.
492 4397 526 4497 l—
544 4371 645 4434 nesam
661 4371 694 4420 Gt
706 4370 755 4432 2ς.
776 4397 804 4406 -
822 4371 945 4424 290000
960 4374 992 4424 04
1009 4375 1070 4438 ng.
1084 4388 1181 4437 uonn.;
1200 4377 1304 4430 000044
1314 4379 1360 4430 Gt.
1375 4401 1403 4414 -
1423 4378 1464 4431 3³.
1483 4379 1540 4432 diet
1551 4381 1583 4431 Gt
1595 4379 1620 4431 2.

293 4447 330 4494 A:
377 4445 433 4496 neb
449 4445 555 4498 incasit
570 4447 600 4499 0.
