3610 5860
715 1067 757 1160 II.
784 1067 926 1163 TULLII
952 1065 1180 1161 CICERONIS

392 1315 631 1407 ORATIO
659 1317 789 1408 PRO
818 1321 876 1408 A.
907 1314 1231 1408 OLUENTIO
1260 1315 1502 1407 ΗΑΒΙΤΟ

782 1559 848 1623 ΔΙ)
880 1556 1112 1622 IUDICES.

805 1823 819 1834 .
846 1790 1049 1844 uscouuovii

647 1989 707 2052 10.
729 1989 970 2054 deonotus
996 1989 1247 2053 uetustius.

723 2403 907 2483 uousnuu
925 2380 1167 2482 sxrnlusmo.

230 2560 247 2596 ν
287 2577 307 2627 P
324 2601 350 2624 ι
367 2573 554 2640 Palimpsestus
571 2573 738 2625 laurinensis
755 2573 826 2638 apud
842 2576 993 2637 Peyronum
1010 2573 1055 2637 (lt.
1075 2573 1147 2624 Tullii
1158 2573 1282 2624 cecam
1297 2573 1438 2624 cratim
1450 2587 1478 2637 ρ.
1496 2575 1608 2639 Sem,

272 2641 310 2670 *¹⁴
365 2664 393 2716 ρ.
407 2651 484 2701 Tullio
501 2653 523 2700 et
539 2650 566 2698 ia
583 2649 694 2700 Clodium
708 2649 852 2713 traaameta
867 2650 961 2699 inedita
975 2650 1036 2710 cet.)
1051 2662 1077 2713 p.
1091 2649 1138 2699 485
1149 2661 1209 2712 sqq.
1223 2651 1360 2700 continens
1372 2649 1453 2700 verba
1471 2649 1513 2714 55.
1526 2651 1608 2700 l—t:

367 2724 537 2777 Animadverti
561 2723 653 2774 iudices
669 2737 766 2774 meacm
780 2750 821 2762 --
833 2751 848 2762 -
864 2735 940 2786 queam
962 2737 1048 2773 aeceom
1064 2725 1190 2774 iudiciuae.
1227 2724 1267 2789 55.
1286 2721 1410 2776 ts-si:
1429 2725 1501 2776 taire
1517 2725 1610 2788 opaci-

367 2801 450 2851 mendi
459 2811 538 2850 caesa
547 2824 562 2836 -
573 2825 588 2836 -
599 2823 614 2835 -
623 2799 746 2848 homiaem
757 2812 788 2848 aa
798 2799 880 2848 minu.
908 2797 949 2862 55.
961 2797 1081 2848 32-38:
1102 2799 1200 2860 Quanta
1212 2805 1247 2850 est
1260 2800 1411 2861 Oppiam
1420 2826 1433 2836 -
1442 2825 1479 2837 -·
1489 2801 1610 2851 batatoir

368 2875 527 2924 constituunt.
562 2873 602 2938 55.
622 2872 742 2925 tt-is:
773 2873 916 2924 ..tiebatur
937 2873 1011 2936 facite
1028 2874 1164 2924 caecutias
1180 2899 1194 2912 -
1205 2899 1220 2912 ·
1230 2899 1245 2912 -
1261 2875 1319 2925 aliis
1332 2875 1456 2926 nonnullis
1471 2889 1513 2926 sus
1522 2913 1608 2928 .....

327 2965 334 2977 ’
369 2950 410 3014 55.
429 2948 550 3000 st-et:
579 2950 699 3000 ...cestio
720 2948 880 3000 indicabatur
896 2975 935 2986 --
948 2975 963 2986 -
976 2949 1004 2999 ia
1026 2949 1108 3012 fausto
1129 2955 1220 3000 tomen
1255 2950 1295 3015 55.
1315 2951 1467 3002 lot-ios:
1492 2957 1610 3016 susceptu

367 3026 430 3076 sices
445 3025 472 3075 ie
487 3025 575 3075 statuis
672 3025 814 3075 adduam
829 3037 879 3074 aaa
895 3024 987 3074 iudicia
1002 3024 1090 3075 mut..
1126 3025 1166 3089 55.
1185 3025 1340 3076 las-iti:
1367 3026 1504 3091 mominis
1519 3039 1610 3090 cams-

367 3113 445 3162 quaos
460 3101 661 3164 -·-praeditis
682 3105 748 3151 certe
769 3099 946 3163 probavisse..
980 3099 1021 3164 55.
1040 3099 1192 3152 lto-itt:
1213 3115 1279 3152 ..ae
1294 3102 1346 3166 leae
1361 3103 1524 3165 sapasim
1539 3129 1610 3142 --·

367 3176 448 3240 leuem
462 3176 567 3240 bupalo
584 3181 607 3226 et
619 3177 783 3239 prmwripto.

321 3277 346 3300 ¹·
368 3259 472 3311 «Codex
490 3258 553 3311 elim
569 3259 725 3325 salisburgi,
744 3273 814 3311 nunc
831 3261 857 3310 ln
874 3257 1033 3310 bibliotheca
1044 3261 1116 3324 regia
1128 3261 1278 3312 Monacensl
1289 3259 1339 3312 sub
1351 3273 1394 3312 no.
1408 3262 1463 3312 ss·
1473 3267 1606 3328 servatus,

366 3333 456 3386 seculo
474 3335 529 3387 lere
547 3335 651 3387 decimo
668 3337 759 3401 quinto
777 3334 970 3400 elegantissima
981 3347 1061 3386 manu
1073 3337 1100 3387 in
1111 3335 1274 3386 membranis
1284 3335 1385 3387 lormee
1397 3337 1528 3388 maximae
1539 3351 1609 3389 oan-

365 3413 488 3476 scriptus.
523 3410 676 3464 Cluentiana
697 3412 780 3462 oratio
802 3411 870 3462 inter
890 3411 995 3474 triginta
1016 3410 1082 3462 duas
1102 3410 1190 3462 locum
1208 3411 1364 3462 vicesimum
1386 3410 1498 3464 altorum
1514 3416 1604 3464 tanet:

366 3486 415 3538 sed
436 3500 470 3538 ex
491 3485 598 3551 reliquis
615 3485 753 3548 omnibus,
777 3487 904 3550 wantum
921 3483 1007 3538 obiter
1024 3499 1071 3538 eos
1088 3485 1269 3550 percurrendo
1286 3485 1414 3548 intellexi,
1437 3487 1480 3537 vix
1495 3485 1547 3538 ulla
1564 3489 1608 3540 in·

367 3563 470 3626 signem
490 3563 644 3613 varietatem
664 3561 801 3627 praebet.»
821 3562 940 3612 Cnsssss.
974 3563 1021 3624 (lt.
1047 3562 1072 3612 T.
1096 3562 1123 3612 C.
1147 3575 1186 3613 or.
1200 3573 1229 3624 ρ.
1247 3561 1276 3614 Δ.
1295 3562 1330 3612 ct.
1348 3563 1437 3614 Habito
1456 3575 1547 3614 meas.
1565 3565 1603 3616 la.

367 3637 474 3688 cimae.
496 3638 602 3689 Bennae
620 3637 702 3700 4834.)
728 3636 868 3698 codicem,
892 3637 937 3701 qui
959 3635 1030 3688 idem
1048 3638 1089 3688 est
1105 3649 1186 3701 quem
1203 3650 1283 3704 supra
1303 3639 1330 3690 in
1347 3651 1387 3690 er.
1404 3651 1432 3704 p.
1449 3639 1525 3690 Rosa.
1543 3641 1605 3692 Am.

366 3713 436 3778 etp.
455 3711 529 3764 font.
546 3711 730 3774 adhibuimus,
748 3712 845 3763 iterum
863 3709 972 3762 eontulit
988 3713 1109 3763 theurus.

324 3817 350 3839 =
368 3794 478 3846 «Codex
502 3797 724 3848 membranaceus
750 3796 833 3848 lorma
858 3795 883 3847 4.
902 3796 976 3858 mat,
1001 3798 1028 3847 in
1049 3795 1207 3848 bibliotheca
1228 3797 1400 3849 Laurentisne
1420 3813 1447 3850 n.
1466 3801 1505 3851 lt.
1523 3798 1607 3866 plutei

366 3871 486 3934 invni,
508 3873 615 3937 Legum.
633 3885 659 3923 n.
679 3873 719 3923 lt.
754 3873 861 3924 Praeter
883 3873 1001 3922 nostram
1024 3870 1142 3923 sedecim
1165 3873 1298 3924 Ciceronis
1323 3875 1456 3927 orationes
1472 3876 1604 3938 eontinet,

367 3945 416 3998 sed
436 3945 534 3998 nullam
555 3949 705 3999 ceterarum
721 3944 887 3998 memorabili
909 3945 1022 3998 lectione
1039 3948 1177 4010 insignem.
1212 3949 1287 4000 Hunc
1303 3948 1423 4000 codicem
1440 3949 1607 4013 Lagomarsl-

367 4023 426 4074 nius
443 4037 467 4073 a.
487 4021 559 4074 4748.
577 4021 603 4072 (4.
622 4022 687 4086 Aug.
705 4023 745 4074 it.
764 4020 886 4084 contulit,
914 4021 987 4087 quod
1004 4023 1060 4087 ipsc
1078 4027 1138 4073 nota
1155 4024 1182 4074 in
1198 4022 1259 4074 libri
1275 4023 1360 4075 fronte
1377 4025 1508 4090 appositu,
1532 4027 1561 4075 ut
1579 4025 1606 4076 in

368 4095 492 4149 omnihus
514 4097 602 4149 lacere
625 4098 773 4160 consuevit,
799 4099 935 4148 testatur.»
953 4098 1072 4148 Cisseus.
1101 4100 1138 4149 Ex
1161 4099 1257 4149 eodem
1279 4111 1332 4162 qua
1349 4099 1366 4150 S
1383 4099 1453 4151 tonte
1471 4098 1607 4153 derivatus

367 4177 422 4236 est,
440 4174 489 4226 sed
505 4173 547 4226 ille
565 4173 718 4226 mendosius
735 4174 850 4238 scriptus
866 4175 893 4224 et
912 4175 1143 4239 praetermissione
1162 4173 1324 4239 singularum
1340 4187 1436 4226 vocum
1453 4175 1569 4237 insignis.

322 4271 348 4292 Ε
365 4259 455 4310 Codex
472 4257 535 4310 olim
552 4257 726 4310 bibliothecae
744 4259 769 4310 S.
782 4256 975 4310 Bartholomaei
987 4256 1101 4310 Faesulis
1117 4261 1186 4309 inter
1200 4257 1357 4310 Faesulanus
1368 4258 1439 4324 apud
1450 4258 1607 4311 Beudiniunn

367 4348 393 4385 n.
412 4335 479 4397 itt,
497 4335 603 4398 Legum.
623 4334 658 4397 l.,
676 4333 898 4385 membranaceus
915 4347 969 4384 sec.
989 4332 1085 4384 decimi
1103 4335 1199 4398 quina,
1217 4333 1372 4386 lacunarum
1388 4335 1522 4386 immunis.

141 4470 149 4497 a
246 4439 253 4462 ι
324 4433 349 4453 =
368 4403 573 4470 «Laurentianus
589 4416 654 4483 plut.
666 4419 706 4468 Ll.
726 4431 752 4469 n.
766 4417 820 4479 tu,
839 4419 945 4481 Legem.
965 4416 1017 4481 bi„
1035 4417 1257 4469 membranaceus
1274 4417 1357 4469 seculi
1373 4418 1520 4483 undecimi,
1539 4419 1606 4471 chn-

367 4493 515 4546 racterlhus
531 4492 749 4558 langobardicis,
768 4493 851 4545 torma
869 4492 893 4545 4.
923 4496 1031 4545 Praeter
1047 4495 1080 4545 bl.
1099 4495 1213 4546 Terentii
1227 4496 1351 4546 Varronis
1368 4493 1449 4547 libros
1466 4495 1500 4546 dc
1517 4494 1606 4559 lingua

367 4571 456 4621 Laina
474 4569 609 4621 ciceronis
626 4569 771 4621 oraticnem
789 4567 971 4620 Cluentianam
989 4571 1016 4620 et
1031 4569 1170 4621 Rhetorica
1187 4569 1221 4620 ad
1238 4570 1399 4622 Herennium
1411 4571 1534 4622 continet.
1557 4571 1607 4622 llic

367 4641 435 4695 liber
450 4647 569 4696 omnium
585 4645 781 4711 antiquissimus
797 4643 869 4694 haud
885 4643 965 4694 dubie
982 4656 1032 4709 pro
1049 4642 1119 4694 tonte
1136 4644 1275 4697 habendus
1290 4647 1332 4698 est
1341 4659 1451 4710 eorum,
1469 4641 1494 4697 in'
1506 4645 1606 4711 quibem

369 4719 481 4772 eaedem
498 4718 607 4771 lacunae
626 4719 688 4783 [vid.
706 4719 731 4784 5.
750 4719 806 4769 los.
825 4720 881 4769 itt.
900 4718 956 4770 sia.
976 4719 1043 4782 ita]
1061 4723 1214 4784 apparent.»
1231 4721 1352 4796 limeseia

287 4807 375 4859 ilani
393 4821 418 4842 =·
436 4806 522 4857 curae
539 4805 673 4856 secundae
690 4805 768 4869 Gasp.
787 4803 918 4853 Garatonii
935 4801 1058 4854 ineditae.
1077 4833 1084 4846 ·

351 4891 391 4942 lle
406 4887 553 4945 litterarum
569 4885 733 4943 tassio
750 4888 938 4953 significatione
954 4887 1015 4938 vide
1032 4899 1112 4954 supra
1128 4901 1155 4955 p.
1173 4889 1231 4942 ost.

841 5151 1047 5170 m
