3684 5862
313 453 356 522 22
512 523 522 538 ,
715 455 865 523 ORATIO
887 456 967 523 PRO
988 457 1023 522 P.
1045 453 1239 535 QUINCTIO

316 627 420 706 Quid,
442 628 486 704 si,
508 627 628 713 inquit,
650 627 749 692 babes
771 627 927 692 eiusmodi
949 645 1093 702 oausam,
1115 631 1152 691 ut
1171 627 1233 692 boc
1248 627 1306 692 tibi
1320 627 1451 713 planum
1470 627 1511 692 sit
1524 627 1643 694 iacien-

317 724 407 798 dum,
429 724 588 788 neminem
611 743 699 799 esse,
731 723 786 807 qui
811 723 915 806 possit
934 721 1033 786 biduo
1055 728 1110 786 aut
1131 743 1288 787 summum
1311 723 1418 788 triduo
1441 725 1644 809 septingenta

316 818 404 882 milia
424 838 576 903 passuum
598 819 776 893 ambulare,
810 825 958 882 tamenne
987 816 1122 891 vereris,
1151 822 1187 880 ut
1212 817 1316 901 possis
1345 817 1407 882 boc
1430 824 1541 883 contra
1561 819 1644 884 llor-

316 913 453 977 tensium
482 913 766 978 contenderet-
790 912 937 985 Minime,
969 910 1111 995 inquam.
1155 907 1206 974 79.
1237 911 1299 974 Sed
1321 912 1400 996 quid
1431 911 1465 976 id
1486 912 1527 976 ad
1548 917 1643 978 remi

293 1017 358 1063 5-
379 1007 550 1081 Nimirum,
574 1006 696 1090 inquit,
718 1007 751 1070 in
773 1025 812 1070 eo
835 1024 931 1069 causa
952 1005 1108 1070 consistit.
1128 1037 1170 1053 -
1193 1006 1385 1082 Quomodo?
1407 1038 1449 1054 -
1470 1007 1571 1071 Docet
1592 1029 1642 1072 me

317 1099 474 1163 eiusmodi
496 1121 564 1164 rem
586 1107 619 1164 et
638 1099 756 1164 iactum
778 1099 871 1162 simul
893 1100 966 1162 Sex.
986 1101 1114 1175 Naevii,
1145 1101 1231 1184 quod
1262 1102 1288 1164 si
1312 1103 1415 1166 solum
1437 1103 1641 1185 proferretur,

317 1193 394 1257 satis
420 1213 490 1258 esse
519 1194 658 1258 deberet.
702 1193 798 1269 Quod
828 1193 884 1256 abs
906 1202 952 1270 te,
988 1195 1021 1258 C.
1042 1195 1168 1278 Aquili,
1200 1202 1232 1258 et
1253 1215 1273 1259 a
1293 1196 1401 1271 vobis,
1431 1195 1487 1281 qui
1510 1196 1586 1259 estis
1608 1197 1643 1259 in

318 1288 467 1362 consilio,
497 1307 617 1373 quam
644 1293 680 1350 ut
705 1288 873 1371 diligenter
893 1290 1073 1354 attendatis.
1109 1290 1253 1354 Profecto
1275 1290 1476 1374 intelligetis,
1499 1291 1586 1354 illinc
1602 1291 1642 1354 ab

317 1382 410 1446 initio
439 1383 644 1465 cupiditatem
676 1400 835 1466 pugnasse
858 1391 894 1446 et
915 1384 1098 1459 audaciam,
1131 1384 1206 1447 bino
1229 1385 1393 1448 veritatem
1415 1391 1448 1448 et
1469 1384 1641 1468 pudorem,

281 1491 308 1538 sc
318 1477 424 1562 quoad
446 1478 601 1559 potuerit,
623 1476 789 1540 restitisse.
820 1479 908 1540 Bona
928 1477 1081 1560 postulas,
1103 1486 1139 1541 ut
1160 1498 1200 1542 ex
1223 1479 1328 1542 edicto
1351 1479 1516 1562 possidere
1537 1480 1641 1544 liceat.

319 1572 391 1647 Quo
415 1573 490 1635 diet
520 1574 564 1635 Te
586 1572 709 1654 ipsum,
731 1572 845 1646 Naevi,
867 1572 940 1636 volo
957 1571 1084 1648 audire;
1107 1573 1179 1636 volo
1195 1573 1375 1637 inauditum
1388 1573 1513 1639 lacinus
1526 1575 1640 1658 ipsius,

319 1667 374 1751 qui
397 1666 430 1730 id
453 1666 624 1742 commisit,
647 1687 725 1730 voce
749 1667 904 1730 convinci.
936 1667 1010 1740 Dic,
1032 1669 1147 1743 Naevi,
1170 1667 1265 1731 diem.
1280 1700 1322 1714 -
1343 1670 1424 1732 Ante
1441 1667 1526 1732 diem
1542 1691 1563 1732 v
1578 1671 1641 1733 Ka·

318 1760 403 1824 lend.
425 1761 637 1825 intercalares.
652 1794 694 1808 -
717 1764 803 1825 Bene
825 1760 881 1824 ais.
916 1760 1018 1836 Quam
1040 1761 1135 1843 longe
1157 1768 1205 1824 est
1224 1761 1301 1825 binc
1322 1763 1354 1825 iu
1371 1763 1486 1826 saltum
1501 1771 1640 1828 restrum

319 1854 541 1918 Gallicanum?
562 1855 677 1929 Naevi,
700 1862 732 1919 te
753 1874 843 1938 rogo.
860 1889 901 1902 -
923 1875 980 1918 nce
1005 1855 1091 1918 milia
1105 1875 1266 1938 passuum.
1281 1889 1323 1904 -
1338 1856 1475 1940 Optime.
1497 1859 1544 1922 lle
1560 1858 1640 1922 saltu

282 1949 467 2014 sedeiieitur
498 1950 679 2025 Quinctius.
723 1950 795 2026 Quo
828 1949 903 2013 diet
935 1952 1106 2014 Possumus
1134 1951 1196 2013 hoc
1223 1971 1352 2036 quoque
1380 1972 1420 2015 ex
1449 1959 1480 2015 te
1509 1953 1641 2016 audiret

319 2043 404 2120 Quid
426 2046 537 2108 taces?
579 2045 653 2118 llio,
682 2044 834 2128 iuquam,
861 2044 954 2107 diem.
997 2043 1099 2107 Pudet
1121 2043 1237 2108 dicere.
1282 2046 1447 2130 Intelligo;
1478 2054 1641 2111 serumst

319 2159 389 2203 sero
412 2148 445 2204 et
466 2138 661 2223 nequiquam
684 2139 792 2222 pudet.
824 2139 980 2203 Deiioitur
1001 2138 1041 2202 de
1063 2140 1166 2213 saltu,
1189 2139 1222 2204 C.
1242 2141 1367 2224 Aquili,
1390 2141 1492 2226 pridie
1507 2141 1640 2206 Kalend.

318 2236 530 2300 intercalares.
573 2233 675 2298 Biduo
698 2242 771 2317 post
792 2241 863 2309 aut,
885 2235 1048 2297 utstatim
1070 2233 1110 2296 de
1133 2236 1202 2296 iure
1225 2234 1342 2318 aliquis
1364 2237 1552 2313 cucurrerit,
1574 2258 1639 2301 nou

319 2337 387 2394 toto
409 2329 515 2392 triduo
539 2345 598 2392 nce
622 2327 710 2390 milia
731 2348 881 2410 passuum
903 2325 1121 2392 conficiuntur.
1159 2325 1209 2390 80.
1232 2329 1341 2393 Orem
1361 2330 1596 2396 incredibilem!
1619 2352 1639 2396 o

282 2422 527 2506 ncupidtutem
555 2422 838 2487 inconsiderataml
866 2443 885 2486 o
907 2424 1053 2487 nuntium
1075 2423 1253 2485 volucrem!
1286 2423 1472 2487 Administri
1494 2433 1526 2489 et
1547 2426 1641 2490 satel-

235 2541 238 2546 ·
319 2519 392 2582 lites
415 2518 488 2580 Sex.
511 2517 621 2581 Naevii
643 2518 743 2582 lioma
764 2526 850 2582 trans
871 2518 967 2601 Alpes
990 2521 1023 2581 in
1046 2518 1236 2601 Segusiavos
1257 2518 1356 2582 biduo
1371 2520 1513 2585 veniunt.
1542 2522 1641 2587 Obo-

216 2598 220 2610 ’
319 2612 438 2675 minem
469 2609 681 2686 fortunatum,
715 2614 770 2696 qui
801 2612 957 2676 eiusmodi
983 2614 1113 2676 nuntios
1144 2633 1200 2675 seu
1222 2615 1329 2696 potius
1351 2616 1487 2698 Pegasos
1508 2617 1639 2681 babeat!

319 2706 434 2770 XXVI.
456 2706 516 2768 llic
539 2725 616 2789 ego,
639 2707 666 2769 si
691 2708 793 2771 Crassi
817 2727 927 2771 omnes
949 2727 1021 2770 cum
1035 2707 1183 2770 Antoniis
1205 2708 1374 2785 exsistant,
1398 2711 1424 2772 si
1447 2719 1496 2787 tu,
1520 2712 1554 2774 L.
1568 2712 1640 2774 Pbi-

208 2789 223 2802 ”
320 2801 422 2885 lippe,
446 2800 501 2886 qui
523 2801 700 2865 interillos
722 2802 873 2876 florebas,
895 2801 976 2864 bunc
999 2821 1125 2864 causam
1147 2801 1235 2864 voles
1250 2823 1321 2865 cum
1337 2803 1508 2869 Hortensio
1524 2806 1639 2881 dicere,

282 2904 424 2960 numen
457 2895 604 2978 superior
636 2896 696 2960 sim
728 2916 858 2960 necesse
887 2903 944 2960 est.
988 2897 1058 2958 Non
1087 2896 1186 2969 enim,
1219 2896 1484 2978 quemadmodum
1504 2899 1638 2984 putatis,

320 2992 426 3056 omnia
447 2997 522 3055 sunt
543 2990 577 3054 in
599 2992 800 3075 eloquentia:
823 2999 871 3054 est
894 2991 1050 3076 quaedam
1073 2999 1178 3054 tamen
1200 2991 1244 3054 ita
1264 2993 1432 3074 perspicua
1450 2995 1581 3069 veritas,
1602 3005 1640 3060 ut

318 3105 388 3150 eam
410 3082 567 3150 infirmare
590 3087 677 3150 nulla
698 3106 750 3150 res
772 3086 883 3169 possit.
926 3079 977 3147 8l.
1000 3087 1049 3148 An
1071 3091 1145 3148 ante
1168 3105 1262 3168 quam
1285 3087 1470 3168 postulasti,
1499 3097 1535 3151 ut
1554 3089 1640 3154 bona

317 3181 514 3265 possideres,
536 3183 667 3258 misisti,
691 3183 746 3266 qui
769 3187 911 3255 curaret,
932 3187 969 3244 ut
989 3180 1138 3244 dominus
1161 3179 1200 3242 de
1222 3201 1280 3244 suo
1299 3180 1398 3245 fundo
1413 3202 1432 3245 a
1447 3203 1504 3246 sua
1517 3183 1639 3248 familia

317 3277 348 3340 vi
371 3276 586 3342 deiicereturi
629 3277 820 3341 Utrumlibet
842 3277 943 3360 elige:
977 3275 1109 3338 alterum
1131 3274 1318 3337 incredibile
1341 3283 1402 3350 est,
1426 3277 1562 3342 alterum
1584 3300 1639 3344 ne-

380 3519 405 3570 t.
429 3519 482 3581 mm
505 3519 539 3568 od
561 3517 628 3569 Gal
646 3520 674 3569 et
690 3517 753 3580 At,
781 3523 827 3568 «m
842 3515 884 3567 vel
902 3519 954 3566 od»
974 3529 1026 3580 mg.
1045 3515 1066 3576 l,
1093 3521 1138 3566 out
1154 3517 1187 3566 od
1204 3529 1230 3567 m
1248 3517 1275 3566 et
1291 3529 1359 3567 corr.
1379 3517 1442 3581 (sec.
1462 3521 1508 3583 m.)
1526 3534 1550 3571 e.
1577 3521 1635 3574 vid.

314 3595 464 3660 Zumptium
476 3593 510 3644 ad
523 3593 597 3643 verr.
610 3593 636 3652 ἰ,
651 3593 692 3652 52,
707 3593 763 3644 ⁴29.
783 3621 805 3630 -
824 3593 848 3643 3.
862 3592 985 3653 sunnone]
997 3589 1169 3640 tumneislm.
1187 3619 1213 3628 -
1226 3593 1339 3642 uereurts
1354 3593 1379 3644 k.
1395 3619 1421 3630 -
1440 3593 1485 3644 boc
1501 3593 1637 3662 bcigbk

314 3669 362 3722 lu:
381 3671 441 3720 boec
453 3668 542 3724 Auso.
558 3693 584 3705 -
603 3669 628 3719 5.
646 3669 758 3718 Nimtssm
769 3668 795 3718 in
806 3680 926 3718 mensem
938 3671 958 3718 A
971 3665 1027 3728 (sal.
1041 3667 1174 3717 nimirum·
1193 3668 1219 3718 iu
1231 3668 1366 3729 margine).
1382 3695 1409 3706 -
1428 3671 1452 3721 7.
1471 3673 1526 3724 estis
1542 3687 1557 3724 e
1575 3687 1637 3726 cum

314 3747 438 3809 quattuor
449 3743 641 3796 oxoniensibus
653 3746 680 3795 et
690 3746 724 3795 A:
743 3744 833 3794 udmts's
844 3756 905 3794 cum
917 3741 1024 3805 reliquls
1036 3740 1171 3792 codicibus
1183 3743 1201 3792 L
1211 3741 1227 3796 t
1237 3743 1266 3792 0.
1286 3742 1324 3794 ci.
1339 3742 1362 3808 s.
1376 3743 1401 3795 4.
1415 3745 1455 3796 36.
1469 3746 1509 3798 94.
1524 3773 1549 3784 -
1571 3748 1595 3799 8.
1608 3750 1638 3800 il·

313 3819 370 3886 linc]
388 3820 459 3870 idum
475 3819 608 3870 Gbcde
627 3820 661 3882 (in
677 3821 778 3884 rasum)
797 3818 949 3882 lgbimn
967 3819 1040 3878 etA,
1058 3818 1138 3880 tpmm
1155 3815 1202 3880 lsi,
1221 3819 1318 3869 illude.
1334 3845 1360 3854 -
1380 3820 1404 3870 9.
1423 3822 1557 3884 cupiditate
1574 3823 1636 3876 elrl

314 3901 341 3946 et
354 3897 382 3946 A.
398 3922 424 3933 -
443 3896 552 3946 onducto
563 3898 593 3948 A.
608 3922 634 3932 -
654 3896 718 3960 binc]
729 3896 786 3946 tute
802 3893 916 3957 bodltl
930 3893 941 3944 4
950 3895 985 3943 ils
1002 3897 1029 3944 et
1041 3895 1070 3953 A,
1088 3892 1184 3956 busci,
1204 3896 1248 3958 qui
1260 3896 1387 3960 deinceps
1400 3896 1481 3948 babet
1491 3901 1597 3951 ueritate
1608 3903 1636 3952 et

309 3971 415 4034 pudore.
427 3998 454 4006 —
469 3971 509 4021 40.
524 3969 572 4021 eal.
586 3971 725 4033 potuerint»
739 3983 791 4033 mg.
802 3967 828 4023 P.
839 3994 864 4005 -
880 3970 920 4018 ti.
931 3970 957 4019 id
968 3981 1021 4020 om.
1032 3971 1062 4019 A.
1074 3995 1100 4006 -
1114 3970 1177 4020 diem
1189 3973 1248 4035 post
1259 3985 1283 4020 v.
1293 3971 1355 4022 Ante
1366 3985 1418 4024 om.
1432 3974 1637 4040 Bodegbikl

314 4050 341 4096 et
357 4047 387 4096 A.
407 4047 513 4106 ursone
524 4046 555 4096 A.
567 4047 600 4096 D.
619 4059 700 4109 saepe
718 4048 858 4109 corruptae
876 4049 938 4095 sunt
955 4046 980 4094 in
992 4046 1026 4095 od
1042 4042 1083 4094 vel
1101 4050 1172 4106 ann,
1191 4047 1289 4097 omisso
1301 4047 1390 4097 diem·
1407 4050 1461 4110 οι.)
1477 4073 1503 4088 ·-
1523 4053 1636 4114 quintum

312 4135 326 4171 c
371 4134 410 4171 rer
426 4121 451 4171 ir.
473 4147 499 4156 -
519 4119 558 4171 43.
578 4121 617 4170 uis
634 4121 787 4170 Garatouius
805 4119 838 4170 ad
857 4121 930 4172 Verr.
949 4119 978 4179 3,
996 4119 1037 4180 59,
1051 4120 1107 4171 435.
1127 4123 1154 4171 et
1170 4121 1194 4182 3,
1209 4123 1249 4182 62,
1270 4122 1330 4173 tib:
1349 4123 1404 4188 opis
1421 4138 1483 4177 eum
1500 4127 1636 4182 codicibus

312 4198 343 4247 A¹
372 4194 426 4250 ΕΟ.
453 4195 491 4246 Gi.
510 4207 565 4245 var.
584 4193 644 4246 lect.
664 4209 689 4260 p.
709 4193 779 4244 Sulla
797 4194 820 4259 5.
840 4195 880 4246 ts.
900 4195 933 4246 de
952 4197 1016 4259 imp.
1037 4197 1084 4246 Cn.
1103 4199 1193 4261 Pomp.
1213 4195 1236 4260 ἓ.
1252 4199 1292 4248 se.
1312 4198 1385 4249 Catil.
1405 4201 1433 4259 4,
1452 4201 1480 4264 7,
1499 4203 1537 4254 48.
1557 4205 1634 4256 Tusc.

312 4272 337 4333 d,
356 4270 397 4332 34,
415 4271 455 4322 88.
481 4271 568 4322 Horat.
588 4271 642 4321 Sat.
662 4271 686 4330 4,
705 4271 728 4330 9,
749 4270 789 4320 60.
810 4271 872 4335 Epp.
892 4272 916 4328 2,
930 4272 953 4332 t,
968 4271 1007 4320 30.
1029 4297 1056 4307 -
1075 4271 1114 4323 44.
1133 4271 1239 4322 millibus
1255 4275 1284 4323 A.
1306 4300 1332 4308 —
1352 4275 1393 4324 47.
1410 4283 1516 4338 praetor
1529 4279 1585 4328 lini.
1599 4280 1637 4328 in·

312 4345 477 4396 torcularibus
494 4358 508 4395 e
527 4347 588 4406 (see.
604 4345 664 4408 m),
682 4351 739 4408 post
755 4345 812 4396 Kcl.
831 4346 991 4396 intercalares
1007 4347 1036 4396 A.
1052 4373 1078 4382 -
1099 4347 1138 4398 48.
1157 4349 1311 4399 concurrerit
1325 4351 1355 4400 A.
1370 4375 1398 4386 -
1418 4352 1458 4402 49.
1477 4353 1637 4418 Septinpentu

311 4419 384 4472 milio
396 4433 517 4483 passuum
533 4419 606 4470 biduo
623 4433 698 4470 cursa
709 4425 774 4470 sunt.
793 4434 872 4470 orem
883 4448 897 4458 -
908 4450 923 4460 -
934 4449 949 4459 ·
959 4423 1099 4474 volucrem!
1118 4423 1163 4474 lul.
1178 4425 1335 4476 Severianus
1347 4427 1421 4477 libet.
1435 4438 1462 4490 p.
1476 4426 1531 4478 ³38.
1552 4431 1634 4494 Cepp.

314 4523 341 4532 -
359 4496 401 4547 20.
419 4501 447 4545 ut
461 4497 570 4545 ministri
587 4495 866 4558 BGabeilslmu,
885 4512 916 4547 cc
932 4499 1100 4556 ministricb,
1118 4505 1146 4547 nt
1160 4501 1268 4550 ministrs·
1285 4501 1301 4549 i.
1317 4527 1343 4535 —·
1363 4501 1403 4551 st.
1417 4502 1633 4564 transatpisem.

313 4598 341 4609 -
360 4571 508 4634 Sequsiuvos
531 4584 594 4622 nos:
625 4571 777 4634 ffloquinos
798 4583 820 4622 s.
838 4572 990 4637 Sebnpinnos
1009 4585 1030 4624 s.
1050 4573 1202 4638 Sebuqinnos
1224 4573 1324 4625 Babl
1334 4575 1350 4624 b
1362 4577 1369 4624 i
1382 4589 1410 4636 n,
1438 4575 1587 4640 Sebuqmnes
1604 4581 1633 4641 G,

310 4647 463 4712 Sebuqunios
474 4660 502 4706 c,
521 4647 670 4711 Sebuqinnes
682 4661 722 4704 m,
740 4647 899 4712 Sebuqrunos
910 4661 925 4698 e
938 4652 965 4699 et
977 4651 1007 4710 A,
1026 4649 1178 4713 Seboquus'os
1188 4663 1212 4713 g,
1232 4649 1383 4714 Sebuqndics
1393 4651 1420 4710 k,
1440 4651 1594 4716 Sobuqlrmos
1609 4666 1631 4703 s.

309 4723 471 4788 Sobcprunos
487 4722 517 4784 d,
535 4723 683 4772 Sebusiunos
699 4721 758 4782 Le,
777 4723 925 4786 Sepustnnos
942 4723 961 4772 Ο
979 4736 1040 4774 cum
1059 4723 1141 4787 mul!
1159 4727 1186 4774 et
1203 4724 1260 4775 tort.
1281 4723 1301 4779 l.
1322 4725 1355 4776 de
1367 4739 1419 4790 quo
1434 4725 1552 4778 Kellerus
1563 4727 1630 4779 silet.

309 4797 367 4848 vid.
380 4797 534 4862 Nipperdey
545 4796 580 4847 ed
591 4798 711 4848 Caesaris
729 4797 791 4848 edit.
806 4799 866 4849 mei.
881 4813 906 4864 p.
921 4799 976 4848 792.
996 4799 1107 4861 (omisso
1120 4797 1207 4862 populi
1221 4799 1327 4850 nomine
1340 4801 1512 4852 Severianusr
1530 4803 1633 4854 lidorum

309 4882 381 4927 bons
396 4874 465 4936 Alpis
481 4873 554 4924 biduo
570 4874 679 4924 veniunt.
711 4873 731 4922 0
747 4873 868 4924 bominem
884 4875 1051 4936 fortunatum.
1070 4875 1112 4935 qui
1129 4874 1245 4924 eimnmdi
1262 4876 1361 4925 nuntios
1376 4889 1419 4926 seu
1431 4878 1515 4939 petisse
1529 4878 1634 4942 Pedasos

309 4951 423 5016 bubeutl)
443 4977 470 4986 -
489 4950 572 5000 triduo
589 4948 614 5000 lr.
629 4976 655 4985 —
674 4947 714 4999 il.
732 4950 791 4998 ostis
803 4950 829 4999 l..
846 4977 873 4987 -
893 4951 933 4999 26.
945 4955 1032 5000 temen
1049 4951 1172 5010 quaedum
1189 4953 1221 5000 Μ.
1237 4977 1264 4989 -
1284 4952 1328 5016 itu]
1346 4952 1430 5008 uus.
1447 4981 1474 4990 -
1493 4954 1534 5004 27.
1549 4959 1634 5016 postu-

310 5025 375 5090 insn]
391 5025 532 5090 postulares
549 5037 573 5075 e.
596 5050 620 5062 -
641 5024 681 5076 28.
698 5025 835 5086 possideres
850 5025 915 5076 bonu
931 5025 957 5075 k.
979 5051 1005 5060 -
1023 5031 1124 5075 cureret
1141 5025 1540 5092 ucuabcdrguilmn:
1560 5043 1634 5079 curu-

309 5107 365 5152 rent
381 5114 396 5152 e
414 5105 440 5153 et
456 5099 575 5160 ALPO,
599 5103 766 5163 procurarent
784 5101 922 5165 (expuncta
939 5100 1141 5166 praepositione)
1159 5102 1184 5151 ir.
1210 5102 1283 5154 Conl.
1303 5103 1327 5168 ἓ.
1346 5104 1393 5155 83:
1420 5117 1551 5157 revocares
1567 5119 1631 5168 eum,

311 5188 383 5238 quem
398 5177 425 5226 in
442 5176 472 5228 G.
490 5175 602 5226 miserm.
626 5201 647 5212 ·
671 5187 688 5226 u
705 5186 758 5224 osu.
777 5176 868 5227 litem
886 5177 913 5225 et
928 5179 958 5228 A.
973 5202 1000 5211 -
1020 5175 1060 5226 29.
1079 5177 1246 5234 dicessuri.
