3684 5862
178 910 187 943 l

207 1269 220 1306 4

326 349 367 422 lb
565 365 569 380 '
726 365 878 436 ORATIO
899 369 976 437 PRO
999 371 1032 439 1³.
1055 374 1247 453 QUINCTIO

323 529 419 592 rediit
440 528 624 609 Quinctius,
648 555 712 620 quo
734 538 786 602 die
810 541 910 606 Roma
930 545 964 606 in
986 544 1119 610 Galliam
1140 547 1302 632 proiectus
1324 552 1380 629 sit:
1404 553 1443 617 ad
1465 554 1642 639 ephemeri·

322 624 394 687 dem
409 627 592 690 revertitur:
614 631 775 698 invenitur
789 635 857 700 dies
872 638 1097 720 profectionis,
1120 643 1223 726 pridie
1237 645 1307 709 Kal.
1322 647 1518 716 Februarias.
1540 654 1640 719 Nonis

320 718 499 784 Februariis
521 723 547 785 si
570 725 689 789 Romae
710 727 785 804 init,
815 750 929 796 causae
951 733 1031 798 nihil
1054 736 1206 815 dicimus,
1236 741 1313 824 quin
1345 742 1401 806 tibi
1423 747 1639 812 vadimonium

318 816 511 898 promiserit.
554 816 604 882 58.
629 821 737 897 Quid‘l
768 824 829 888 boc
851 827 988 892 inveniri
1011 831 1066 914 qui
1088 838 1219 915 potest‘l
1261 835 1425 926 Proiectus
1448 849 1496 905 est
1516 863 1581 907 una
1602 844 1638 908 L.

187 986 192 997 1
293 908 443 987 sAlbius,
465 910 562 998 bomo
584 936 656 979 cum
678 919 788 1001 primis
810 918 981 1000 honestus3
1016 925 1099 989 dicet
1120 929 1346 994 testimonium.
1379 935 1542 1000 Prosecuti
1564 946 1639 1003 sunt

315 1004 487 1071 familiares
509 994 542 1072 et
554 1010 681 1074 Albium
705 1020 737 1076 et
751 1014 954 1094 Quinctium
977 1017 1083 1083 dicent
1102 1020 1136 1083 hi
1160 1043 1290 1107 quoque
1313 1028 1538 1095 testimonium.
1572 1034 1637 1096 Lit-

315 1110 401 1166 terac
423 1104 456 1165 P.
474 1103 631 1182 Quinctii,
661 1115 757 1172 testes
780 1115 842 1186 tot,
873 1101 1159 1194 quibusiomnibus
1182 1137 1277 1183 causa
1298 1121 1471 1188 iustissima
1493 1135 1558 1203 est,
1581 1109 1658 1202 curi

315 1196 396 1260 scire
417 1194 722 1280 potuerint,(nulla,
745 1202 1031 1284 curlmentiantur,
1054 1230 1125 1274 cum
1148 1212 1376 1295 adstipulatore
1401 1225 1456 1281 tuo
1474 1240 1636 1306 compara·

313 1290 442 1356 buntur.
474 1290 526 1357 59.
548 1295 588 1358 Et
607 1295 641 1359 in
662 1297 721 1360 hac
744 1299 900 1363 eiusmodi
924 1323 1019 1368 causa
1041 1306 1074 1367 P.
1091 1306 1260 1382 Quinctius
1282 1310 1438 1376 laborabit
1460 1324 1491 1379 et
1515 1317 1634 1380 diutius

276 1379 457 1451 tointanto
478 1395 564 1452 metu
586 1391 682 1454 miser
703 1392 910 1478 periculoque
932 1399 1135 1466 versabitur?
1158 1410 1189 1465 et
1205 1404 1424 1471 vehementius
1448 1428 1520 1472 enm
1535 1411 1635 1494 gratia

312 1484 483 1549 adversarii
504 1488 709 1571 perterrebit,
733 1509 827 1572 quam
849 1489 927 1556 fides
949 1494 1064 1559 iudicis
1085 1498 1324 1564 consolabitur?
1351 1503 1439 1566 Vixit
1453 1505 1537 1567 enim
1553 1525 1634 1569 sem·

310 1597 369 1660 per
389 1578 508 1644 inculte
530 1590 627 1668 atque
648 1583 796 1661 borride3
819 1594 932 1653 natura
953 1589 1036 1652 tristi
1058 1609 1094 1653 ac
1115 1593 1280 1656 recondita
1301 1593 1377 1672 iuit;
1399 1616 1465 1661 non
1487 1599 1528 1662 ad
1549 1599 1634 1664 sola·

310 1676 407 1751 44444,
429 1697 495 1740 444
516 1678 549 1740 in
572 1699 698 1763 campo,
721 1701 786 1744 non
808 1682 842 1745 iu
864 1683 1019 1746 conviviis
1040 1691 1183 1748 versatus
1205 1692 1268 1762 est;
1301 1689 1334 1752 id
1358 1690 1437 1773 egit,
1458 1699 1495 1756 ut
1514 1694 1632 1758 amicos

309 1771 524 1848 observantia,
546 1793 613 1838 rem
635 1775 831 1859 parsimonia
852 1777 1019 1854 retineret;
1041 1782 1204 1864 antiquam
1227 1779 1323 1846 officii
1337 1785 1494 1850 rationem
1508 1788 1631 1866 dilexit,

271 1866 398 1930 tbcuius
420 1869 572 1950 splendor
593 1870 697 1933 omnis
718 1870 769 1934 bis
790 1871 932 1936 moribus
955 1874 1121 1938 obsolevit.
1157 1879 1214 1952 At,
1236 1877 1263 1940 si
1284 1877 1319 1940 in
1335 1899 1430 1944 causa
1444 1882 1514 1964 pari
1530 1883 1631 1946 disce·

307 1960 381 2024 dere
409 1962 542 2028 inferior
570 1964 746 2041 videretur,
779 1975 886 2030 tamen
914 1976 998 2031 esset
1027 1989 1092 2033 non
1119 1971 1322 2037 mediocriter
1350 1979 1629 2060 conquerendum:

305 2075 389 2119 nunc
423 2057 457 2120 in
486 2079 581 2124 causa
608 2060 772 2144 superiore
799 2081 839 2124 ne
872 2069 909 2124 ut
935 2081 994 2145 par
1021 2063 1150 2146 quidem
1178 2065 1221 2129 sit
1256 2069 1410 2150 postulat,
1446 2070 1628 2136 inferiorem

305 2171 374 2216 esse
396 2171 431 2214 se
452 2154 590 2236 patitur,
619 2156 784 2219 dumtaxat
811 2175 912 2240 usque
942 2176 995 2233 eo,
1025 2177 1066 2221 ne
1088 2177 1161 2220 oum
1181 2160 1291 2237 bonis,
1321 2163 1405 2228 lama
1425 2164 1628 2252 fortunisque

304 2248 450 2311 omnibus
474 2249 547 2313 Sex.
561 2250 673 2314 Naevii
694 2250 859 2334 cupiditati
881 2252 1123 2337 crudelitatique
1146 2252 1288 2320 dedatur.

264 2347 292 2398 44
365 2341 452 2407 XIX.
483 2341 533 2407 60.
563 2346 681 2421 Docni,
711 2345 798 2430 qnod
825 2346 962 2428 primurn
983 2346 1146 2430 pollicitus
1167 2369 1252 2425 sum,
1287 2351 1321 2416 C.
1342 2353 1466 2439 Aquili,
1500 2377 1627 2422 eausam

302 2439 448 2515 omnino,
472 2461 528 2503 cur
549 2441 738 2524 postularet,
761 2459 825 2504 non
847 2440 962 2516 fuisse,
993 2441 1080 2525 quod
1102 2461 1207 2527 neque
1228 2447 1365 2528 pecunia
1390 2451 1565 2516 debebatur
1585 2461 1625 2530 et,

302 2533 329 2596 si
351 2535 488 2598 maxime
511 2535 693 2611 deberetur,
716 2535 1022 2600 commissum'nihil
1045 2546 1142 2613 esset,
1172 2559 1271 2623 quare
1293 2543 1333 2606 ad
1355 2544 1447 2609 istam
1468 2547 1624 2613 rationem

299 2628 529 2713 perveniretur.
572 2630 708 2693 Attende
730 2651 829 2706 nunc,
859 2650 900 2693 ex
921 2630 1025 2694 edicto
1047 2634 1205 2716 praetoris
1226 2635 1311 2701 bona
1332 2640 1365 2700 P.
1389 2640 1529 2716 Quinctii
1550 2661 1624 2724 pos·

300 2724 396 2787 sideri
425 2724 514 2786 nullo
542 2724 637 2788 modo
665 2725 819 2808 potuisse.
862 2727 976 2788 Tracta
1006 2726 1163 2790 edictum:
1193 2749 1248 2803 ovs
1273 2749 1503 2798 rnavoarronrs
1526 2754 1623 2800 causa

260 2821 478 2882 4444444444.
506 2821 578 2883 Non
601 2819 697 2882 estis
720 2817 905 2894 Quinctius,
927 2820 989 2883 nisi
1013 2819 1039 2883 si
1062 2820 1202 2897 latitant,
1227 2825 1283 2908 qni
1298 2827 1338 2888 ad
1353 2829 1515 2912 negotium
1530 2851 1622 2894 suum

296 2898 407 2980 relicto
429 2923 635 3000 procuratore
656 2911 910 2998 proficiscuntur.
954 2935 1006 2978 cvr
1031 2935 1133 2980 44444
1154 2937 1216 2982 ror
1236 2938 1401 2986 nxsranrr.
1433 2926 1479 2988 Ne
1501 2925 1529 2989 is
1551 2925 1622 3010 qui·

296 3011 379 3076 dem.
415 3031 469 3088 cvr
490 3029 610 3075 nxsrffl
632 3031 729 3075 causa
751 3029 853 3074 sonvu
873 3027 1041 3075 vnnrnnrr.
1086 3009 1167 3096 [Dici
1188 3013 1250 3078 boc
1272 3015 1311 3080 de
1333 3017 1366 3080 P.
1383 3017 1532 3096 Quinctio
1554 3041 1620 3085 nnn

358 3227 383 3280 4.
398 3226 482 3289 pridie
497 3225 565 3292 4444]
582 3227 634 3278 Aut
650 3225 718 3278 haec
735 3227 781 3276 ant
797 3237 865 3291 quae
883 3238 963 3292 supra
980 3225 1004 3289 5.
1017 3224 1058 3277 44.
1072 3225 1171 3292 scripta
1188 3230 1261 3289 sunt,
1278 3231 1404 3296 corrupta
1422 3245 1482 3286 esse
1493 3237 1616 3300 apparet:

293 3303 364 3352 certa
382 3301 487 3354 medela
504 3301 622 3353 nondum
639 3303 745 3367 reperta
758 3303 807 3353 est.
823 3327 851 3338 -
869 3301 1001 3352 Februarii
1018 3303 1073 3362 ek:
1091 3302 1118 3352 in
1130 3303 1226 3356 ceteris
1237 3309 1298 3356 sunt
1309 3307 1475 3372 compendia.
1489 3335 1518 3347 -
1537 3309 1561 3360 3.
1574 3310 1618 3360 lie·

291 3377 403 3429 brueriis
418 3380 452 3428 G:
471 3378 603 3429 Februarii
620 3379 676 3439 ak3
694 3378 721 3429 in
732 3377 829 3430 4444444
840 3380 902 3430 4444
913 3377 1078 3441 compendia.
1094 3404 1122 3413 -
1139 3379 1380 3446 dampnabilis
1394 3383 1574 3446 4444444444,
1587 3411 1614 3421 ..

290 3453 350 3504 dicit
366 3452 637 3518 abcdigblklm,
660 3453 720 3503 diets
741 3466 768 3503 u.
789 3480 817 3492 -
837 3453 943 3517 profecti
963 3451 1276 3520 Babcdlgtriklmn
1299 3458 1326 3507 44
1341 3455 1401 3520 Ab,
1422 3459 1497 3509 444444
1513 3472 1537 3511 e.
1557 3457 1614 3524 (sal.

287 3531 426 3594 prosecuti,
445 3529 487 3580 vel
505 3529 548 3581 dic
564 3529 628 3579 44444
643 3533 666 3579 44
683 3529 802 3592 Quintiis
821 3541 874 3592 mg.
893 3527 920 3592 l.)
941 3555 968 3564 -
988 3530 1012 3579 8.
1029 3528 1092 3592 som.
1110 3529 1175 3580 44444
1191 3536 1214 3581 44
1231 3531 1325 3594 (4444444
1342 3545 1369 3594 4,
1394 3532 1456 3596 som.
1475 3537 1498 3584 ct
1512 3532 1577 3585 Atbii
1592 3539 1616 3585 44

291 3606 385 3669 Quincti
400 3605 516 3656 lthilrn
535 3607 563 3657 et
577 3603 662 3658 ALP.
682 3628 710 3641 -
729 3605 764 3654 bii
781 3602 894 3667 adigi,
921 3603 941 3652 ii
956 3603 1018 3654 km.
1039 3631 1067 3640 -
1085 3604 1110 3655 8.
1128 3605 1350 3668 comparabuntur.
1368 3607 1401 3658 lit
1416 3606 1498 3664 Abi:
1515 3621 1615 3672 compo·

288 3679 435 3732 444444444
451 3681 484 3732 st
500 3682 529 3732 0.
544 3707 572 3716 -
591 3679 615 3730 9.
633 3680 666 3730 Et
682 3679 779 3735 44444.
800 3705 828 3714 -
847 3680 888 3729 44.
906 3678 970 3744 aaa]
988 3679 1081 3730 cumk.
1096 3707 1124 3715 -
1141 3681 1237 3748 444444]
1254 3695 1368 3735 causae.
1384 3709 1411 3720 -
1431 3682 1471 3733 44.
1484 3683 1523 3748 uc]
1540 3689 1615 3746 utque

290 3756 321 3808 el
339 3759 406 3808 444.
422 3783 449 3792 -
470 3757 509 3808 lb.
523 3755 611 3821 444444]
623 3755 734 3806 omuibus
745 3755 796 3805 (44.
811 3781 839 3790 -
858 3754 898 3804 47.
911 3753 1062 3820 inferiorem
1081 3755 1198 3820 inferiore
1208 3770 1233 3808 4.
1249 3783 1274 3796 -
1296 3759 1336 3809 48.
1351 3770 1437 3810 cussa
1448 3759 1610 3820 4444444404

288 3847 338 3885 esse
351 3835 451 3897 patitur
467 3829 781 3896 Gabcdelghilmn
798 3831 826 3881 et
841 3829 875 3892 A,
894 3843 920 3880 44
935 3830 1096 3892 4444444444
1111 3832 1205 3884 ketl..
1220 3857 1254 3890 ·-,
1268 3832 1309 3884 44.
1328 3833 1469 3897 4444444444]
1486 3834 1614 3886 deberem

288 3909 315 3961 L.
328 3937 356 3948 —
369 3911 410 3960 44.
423 3905 808 3972 esseBGabcdeglklrnn
821 3904 915 3958 4448.
928 3932 955 3942 -
968 3905 1009 3956 48.
1022 3917 1119 3956 eccm
1132 3907 1158 3958 k.
1178 3906 1216 3958 Ci.
1229 3906 1353 3974 adpli.
1368 3909 1429 3961 44.
1443 3935 1472 3948 -
1487 3911 1613 3973 possiam

287 3985 436 4039 llbedei
440 3982 517 4050 giril
533 3983 655 4037 44448.
671 4011 698 4020 -
715 3981 756 4034 44.
772 3979 964 4033 Practolldina
976 3982 1004 4032 et
1015 3981 1201 4033 Cratandrina:
1220 3988 1314 4033 tractat
1330 3983 1441 4036 8444444
1452 3987 1479 4035 44
1492 3987 1548 4048 vd,
1567 3989 1612 4039 444-

286 4063 441 4117 citatio.
473 4062 511 4114 Cl.
530 4058 634 4112 Tuscul.
653 4058 677 4120 4,
695 4057 737 4120 44,
755 4058 795 4109 ba.
817 4085 843 4093 -
862 4060 904 4110 48.
922 4059 1100 4118 4444444Βί4,
1127 4071 1181 4108 om.
1208 4057 1511 4122 Gllabcdelgklm
1536 4064 1608 4122 444,

285 4143 393 4194 witarit
410 4155 462 4206 mg.
481 4138 499 4191 l.
522 4138 641 4202 (latitabit
660 4137 707 4187 Th.
727 4136 874 4187 Mommsen
897 4135 1010 4185 Zaitrcbr.
1028 4134 1048 4196 Ι.
1066 4133 1246 4184 scarabaeo.
1266 4132 1338 4185 4844.
1358 4147 1385 4198 p.
1405 4134 1477 4186 4094,
1505 4137 1557 4187 Sed
1573 4137 1607 4188 cl.

286 4216 310 4281 5.
329 4217 379 4282 88.)
400 4245 426 4254 -
444 4215 493 4267 cisi
510 4215 611 4265 44444444
626 4214 651 4264 44
660 4225 674 4263 4
692 4214 720 4263 44
736 4211 795 4273 ne,
812 4211 861 4260 cisi
876 4211 896 4260 ti
911 4211 1013 4261 44444444
1029 4208 1113 4260 codex
1131 4209 1190 4260 Car.
1209 4209 1347 4273 Stephani,
1371 4209 1420 4259 4444
1436 4210 1457 4259 si
1473 4210 1609 4280 tctbcguat

284 4297 321 4354 Δ,
338 4293 387 4343 alsi
403 4293 424 4342 si
440 4291 549 4342 44444444
565 4287 665 4350 Gall,
682 4288 731 4338 4444
747 4287 854 4337 44444444
870 4299 905 4336 nr.
927 4313 955 4324 -
974 4287 1015 4337 48,
1030 4285 1232 4350 proficiscuntur]
1246 4283 1415 4347 proficiscitur
1430 4286 1464 4372 (4,
1481 4287 1609 4374 molestus

283 4373 319 4418 est
334 4367 359 4419 k.
376 4394 402 4404 -
421 4367 462 4417 47.
477 4377 605 4417 rsrrnrrr.
623 4364 681 4414 Dici
691 4363 758 4414 toc-
769 4389 784 4400 ·
796 4375 919 4414 -44444,
939 4363 992 4424 Quo
1004 4363 1056 4410 cet.
1070 4362 1098 4411 L:
1116 4361 1225 4412 4444444.
1245 4361 1298 4422 (tuo
1309 4361 1360 4410 444.
1376 4358 1479 4446 [medus
1491 4363 1605 4426 omissis)

284 4455 346 4496 cum
363 4443 436 4494 libris
453 4441 521 4492 notis
538 4438 661 4491 omnibus
678 4436 763 4492 480.
791 4439 959 4488 Hotomanus·
970 4449 1018 4486 «ex
1036 4435 1103 4487 libro
1115 4436 1294 4500 manuscripto
1305 4435 1477 4500 perantiquo»
1489 4437 1606 4526 scripse-

282 4522 338 4571 rat:
356 4519 466 4571 oertcrit.
484 4518 543 4568 Dici
558 4516 585 4566 td
599 4529 650 4565 444
662 4519 750 4577 pausa.
779 4515 827 4578 our
841 4525 936 4566 russas
952 4523 1049 4563 ruorcrc
1064 4523 1195 4563 narsrsus
1210 4523 1261 4562 ror
1275 4522 1375 4560 rcsnrr.
1401 4509 1439 4560 Nc
1454 4511 1602 4598 idtqordcm.

283 4596 336 4658 (444
353 4597 404 4645 cet.
431 4591 589 4645 Lambinus:
609 4590 793 4641 «Restituimus
810 4590 835 4640 in
853 4588 1039 4653 manuscriptis
1055 4589 1175 4653 reperta,
1194 4599 1282 4651 neque
1300 4589 1389 4672 tamen
1406 4598 1554 4672 reperimus
1572 4601 1602 4639 44

282 4671 416 4722 Ciceronis
432 4667 529 4730 verba,
548 4680 617 4732 quae
634 4668 746 4718 testatur
763 4665 927 4716 Hotomanus
943 4677 973 4716 sc
990 4676 1043 4714 uua
1060 4675 1124 4714 curn
1140 4660 1229 4712 verbis
1247 4660 1326 4712 edicti
1342 4673 1489 4726 repensae,
1512 4663 1604 4752 44444

280 4748 392 4810 quidam,
410 4758 499 4810 neque
515 4757 580 4795 vero
597 4744 659 4794 sunt
674 4741 852 4793 necessaria.»
877 4737 950 4792 Falso
967 4740 1045 4803 igitur
1061 4737 1146 4790 simile
1164 4738 1385 4801 additamentum,
1403 4738 1441 4788 Ne
1456 4739 1478 4788 ir
1494 4739 1600 4826 4444444,

278 4822 407 4874 Lambino
418 4821 542 4873 tribuitur
552 4820 579 4870 in
595 4831 649 4883 mg.
659 4815 687 4873 4.
705 4817 770 4868 vide
782 4816 890 4868 omnino
901 4813 1033 4866 Kellemm
1049 4826 1076 4879 p.
1089 4813 1121 4865 44
1133 4826 1192 4878 sqq.
1210 4813 1238 4864 44
1253 4825 1313 4876 sqq.
1332 4814 1360 4864 et
1376 4825 1390 4900 e
1408 4816 1538 4902 contrane
1553 4815 1599 4865 Tb.

279 4899 427 4950 Mommsen
443 4894 461 4948 l.
479 4894 523 4958 d.,
549 4895 594 4960 qui
611 4895 684 4946 omni
700 4891 884 4959 supplemento
901 4893 1001 4942 reiecto
1018 4888 1107 4940 locum
1123 4902 1217 4940 sanare
1235 4891 1346 4939 conatur
1361 4900 1400 4938 src
1417 4888 1600 4978 delinquendo

279 4973 306 5022 et
316 4972 475 5025 scribendo:
496 4981 624 5021 rsnrsnrr.
645 4969 698 5031 (tuo
709 4967 840 5031 4444444444
853 4994 880 5004 -
897 4966 1036 5017 limaturae
1047 4965 1195 5028 4444444444,
1212 4963 1307 5027 444444,
1325 4963 1447 5014 abessam
1459 4967 1601 5027 (4444444444

278 5048 381 5110 dolendi
406 5049 438 5099 ,44
454 5043 597 5110 quamdo?
622 5043 696 5105 Tum,
714 5057 772 5094 mam
784 5042 942 5107 4444444444,
959 5047 987 5092 ut
1003 5041 1069 5093 4444
1080 5041 1229 5105 possideres,
1247 5053 1318 5092 44444
1334 5039 1423 5102 addat.
1443 5038 1523 5125 ⁶¹2³·
1542 5039 1600 5090 Prel

276 5121 361 5175 Paitoi.
370 5122 547 5177 8444444444.
557 5119 600 5174 v1.
610 5133 637 5186 p.
647 5117 696 5172 444
706 5129 766 5184 sqq.
779 5117 896 5172 Eaedem
907 5129 975 5183 quac
983 5117 1011 5170 h.
1020 5115 1038 5170 l.
1049 5115 1162 5181 negandi
1170 5113 1297 5171 formulae
1306 5117 1424 5180 snutpro
1433 5111 1514 5164 ’444444
1523 5111 1597 5178 §.lc
