3644 5874
545 445 617 510 cn.
641 442 960 507 xxxv-xxxvi
986 438 1042 524 sp.
1065 435 1100 522 74
1113 438 1212 504 -rc
1476 427 1538 500 746

311 613 439 678 XXXV.
462 611 512 675 73.
535 611 553 646 s
569 609 617 646 *l
649 611 841 695 praelectum
869 611 992 674 fabrum
1022 610 1119 674 semel
1147 609 1250 673 locum
1278 609 1447 673 tribulibus
1476 608 1542 671 suis

227 710 372 774 dedisse:
400 708 475 791 quid
508 712 646 770 statuent
673 707 706 768 in
733 707 819 769 viros
847 707 1028 790 primarios,
1057 703 1167 789 quiin
1190 705 1375 768 circototas
1397 703 1545 766 tabernas

225 803 386 866 tribulium
415 821 511 864 causa
539 803 780 883 compararunt?
811 799 898 863 llaec
919 800 1027 863 omnia
1048 804 1257 872 sectatorum,
1280 797 1543 881 spectaculorum,

225 896 428 980 prandiorum
456 895 531 958 item
563 894 693 957 crimina
725 913 744 956 a
772 892 974 957 multitudine
1003 892 1036 956 in
1063 900 1150 958 tuam
1177 891 1307 955 nimiam
1337 891 1543 974 diligentiam,

228 989 335 1062 Servi,
364 989 504 1052 coniecta
533 996 621 1052 sunt:
650 986 821 1072 inquibus
852 995 956 1051 tamen
977 988 1110 1050 ldurena
1131 991 1259 1049 senatus
1281 987 1467 1049 auctoritate
1489 984 1567 1046 ‹lo-o

226 1081 374 1145 tenditur.
404 1082 488 1157 Quid
503 1083 612 1145 enimi
633 1088 760 1145 senatus
782 1101 858 1144 nnm
880 1081 1005 1144 obviam
1027 1079 1154 1164 prodire
1169 1078 1288 1144 crimen
1304 1081 1421 1161 putati
1446 1079 1544 1152 cNon,

226 1176 283 1239 sed
304 1175 475 1239 mercedes
512 1175 679 1239 Convince.
717 1177 798 1239 Num
818 1175 931 1238 sectari
953 1174 1091 1238 multost
1126 1175 1239 1248 «Non,
1261 1172 1318 1236 sed
1341 1171 1543 1236 conductos.»

227 1271 322 1333 Doce.
365 1270 446 1332 Num
481 1269 585 1332 locum
613 1269 652 1331 ad
684 1268 890 1351 spectandum
919 1267 1019 1331 daret
1052 1275 1107 1331 aut
1135 1267 1174 1330 ad
1203 1265 1368 1350 prandium
1390 1265 1546 1329 invitarat

230 1362 397 1436 cllinime,
426 1361 482 1425 sed
503 1362 600 1444 vulgo
624 1357 793 1445 [passimlm
819 1360 904 1437 Quid
927 1369 975 1425 est
995 1361 1111 1445 vulqo‘l
1146 1360 1362 1423 «Universos»
1395 1361 1466 1422 Non
1488 1357 1547 1440 igi-

226 1465 292 1531 tur,
315 1457 342 1520 si
363 1457 397 1518 L.
419 1458 522 1530 Natta,
544 1475 666 1519 summo
688 1457 759 1520 loco
781 1456 978 1541 adolescens,
1000 1455 1057 1548 qui
1080 1463 1112 1518 et
1132 1475 1196 1538 quo
1218 1455 1321 1518 animo
1345 1447 1431 1537 [iam]
1454 1451 1495 1515 sit
1516 1455 1587 1514 etto
1601 1417 1648 1523 ί,
1674 1412 1721 1504 a?

227 1551 330 1634 qualis
358 1551 407 1614 vir
435 1549 559 1613 moerus
589 1549 630 1612 sit
657 1549 817 1624 videmus,
846 1552 878 1613 in
902 1551 1044 1635 equitum
1066 1550 1217 1614 centuriis
1239 1548 1431 1612 voluitesse
1453 1543 1546 1609 etad

226 1643 287 1708 boc
308 1642 447 1707 officium
469 1643 710 1706 necessitudinis
732 1651 765 1706 et
785 1644 825 1707 ad
846 1644 1005 1728 reliquum
1020 1653 1144 1727 tempus
1158 1642 1333 1727 gratiosus,
1354 1640 1388 1703 id
1404 1640 1464 1704 erit
1477 1639 1546 1701 eius

227 1737 338 1800 vitrico
359 1737 463 1801 baudi
484 1744 540 1800 aut
567 1737 709 1800 crimini:
736 1757 811 1812 nec,
839 1739 865 1801 si
891 1737 980 1821 virgo
1001 1739 1155 1812 Vestalis,
1184 1738 1279 1802 huius
1307 1736 1489 1820 propinqua
1516 1737 1547 1795 et

228 1832 423 1906 necessaria,
457 1830 562 1894 locum
592 1851 683 1894 sunm
713 1829 931 1914 gladiatorium
958 1833 1113 1896 concessit
1134 1832 1224 1907 buic,
1257 1851 1321 1894 non
1352 1836 1384 1892 et
1411 1827 1467 1890 illa
1495 1825 1547 1909 pie

227 1925 315 2000 iecit,
346 1933 378 1989 et
404 1925 456 1989 bic
478 1944 498 1987 a
519 1924 613 2007 culpa
634 1933 682 1990 est
702 1932 850 1989 remotus.
894 1925 1010 1989 Omnia
1032 1925 1112 1989 baec
1135 1933 1209 1989 sunt
1228 1921 1332 1989 officia
1354 1922 1586 1988 necessario-tt

227 2040 313 2093 rum,
336 2019 499 2083 commoda
520 2018 713 2093 tenuiorum,
736 2019 842 2082 munia
864 2019 1111 2084 candidatorum.

311 2107 362 2175 74.
384 2113 424 2175 dt
445 2113 527 2176 enim
550 2112 616 2195 agit
637 2132 759 2176 mecum
781 2121 905 2177 austere
928 2121 960 2176 et
981 2112 1080 2177 stoice
1104 2113 1190 2176 Cato.
1233 2115 1333 2196 Negat
1352 2130 1461 2175 verum
1479 2127 1548 2172 esse

227 2206 312 2270 allici
346 2206 601 2271 benevolentiam
634 2207 722 2280 cibo;
754 2213 848 2290 negat
876 2207 1028 2270 iudicium
1055 2206 1220 2270 bominum
1251 2207 1285 2269 in
1314 2201 1548 2288 magistratibus

229 2299 415 2365 mandandis
444 2301 604 2383 corrumpi
632 2301 847 2384 voluptatibus
875 2307 1031 2383 oportere.
1072 2302 1155 2382 Ergo
1184 2298 1224 2364 ad
1252 2318 1362 2363 cenam
1383 2295 1548 2381 petitionis

228 2415 321 2459 causa
343 2395 369 2457 si
391 2393 465 2476 quis
486 2401 596 2469 vocat,
619 2393 856 2458 condemnetur.
902 2394 1062 2478 «Quippe,
1086 2395 1206 2478 inquit;
1236 2400 1271 2457 tu
1293 2393 1370 2456 mibi
1392 2405 1586 2455 summumne
1636 2376 1691 2480 ᾖ,

228 2489 413 2572 imperium,
435 2497 470 2552 tu
492 2507 645 2551 summam
668 2487 901 2562 auctoritatem,
929 2494 963 2551 tu
992 2488 1204 2570 gubernacula
1225 2488 1271 2552 rei
1292 2485 1438 2571 publicae
1460 2490 1549 2567 petas

229 2581 374 2646 fovendis
395 2581 560 2644 hominum
582 2581 727 2646 sensibus
750 2586 781 2642 et
802 2579 997 2644 deleniendis
1019 2582 1135 2645 animis
1157 2590 1189 2645 et
1205 2579 1393 2645 adhibendis
1406 2579 1549 2660 volupta-

230 2676 340 2739 tibust
371 2675 479 2738 Utrum
500 2673 711 2748 lenocinium,
741 2673 861 2757 inquit,
882 2695 901 2737 a
922 2694 1016 2758 grege
1038 2674 1189 2740 delicatae
1210 2674 1383 2740 iuventutis
1402 2694 1443 2737 an
1462 2671 1550 2736 orbis

228 2777 381 2832 terrarum
412 2768 581 2853 imperium
603 2788 623 2832 a
650 2768 771 2852 populo
799 2768 941 2832 Romano
962 2770 1138 2853 petebastn
1169 2769 1336 2834 llorribilis
1357 2768 1471 2841 oratio,
1493 2765 1549 2829 sed

217 2861 303 2941 (eam
327 2883 419 2938 usus,
441 2863 523 2938 vita,
546 2882 667 2937 mores,
689 2861 800 2925 civitas
821 2860 889 2944 ipsa
902 2849 1039 2957 respuit)
1054 2863 1167 2947 Neque
1181 2871 1283 2927 tamen
1298 2858 1587 2934 Lacedaemoniim
1652 2826 1757 2946 mi„

228 2965 374 3021 auctores
402 2957 493 3021 istius
522 2957 605 3021 vitae
634 2964 729 3041 atque
761 2955 930 3030 orationis,
959 2957 1014 3040 qui
1037 2957 1232 3040 quotidianis
1260 2957 1362 3042 epulis
1382 2957 1415 3020 in
1436 2954 1550 3018 robore

230 3051 437 3125 accumbunt,
459 3071 565 3135 neque
585 3070 661 3115 vero
678 3051 803 3124 Cretes,
825 3070 961 3132 quorum
982 3071 1075 3115 nemo
1096 3053 1232 3134 gustavit
1252 3070 1401 3135 umquam
1424 3048 1551 3124 cubans,

229 3144 341 3208 melius
363 3164 458 3228 quam
479 3144 613 3209 ltomani
634 3144 798 3220 homines,
819 3143 875 3227 qui
894 3150 1037 3228 tempora
1051 3145 1222 3228 voluptatis
1235 3144 1417 3227 laborisque
1432 3142 1551 3226 disper·

228 3239 326 3312 liunt,
354 3258 405 3300 res
427 3238 570 3320 publicas
593 3258 666 3302 suas
688 3239 903 3322 retinnefflpt:
938 3259 1073 3322 quornm
1095 3239 1185 3302 alteri
1206 3258 1271 3303 uno
1293 3236 1430 3302 adventu
1451 3235 1551 3300 nostri
1682 3217 1711 3296 ἶ.

230 3332 389 3396 exercitus
418 3330 513 3394 deleti
543 3339 634 3407 sunt,
664 3331 755 3397 alteri
784 3331 883 3394 nostri
910 3331 1036 3415 imperii
1058 3331 1219 3416 pracsidio
1241 3331 1440 3416 disciplinam
1462 3345 1588 3397 suamet

228 3426 378 3509 legesque
398 3432 595 3488 conservant.
646 3425 790 3489 XXXVl.
804 3421 856 3488 75.
880 3424 986 3502 Quare
1008 3425 1088 3501 noli,
1111 3426 1207 3502 Cato,
1229 3426 1381 3490 maiorum
1395 3425 1552 3500 instituta,

294 3800 317 3849 4.
335 3797 426 3861 facum
440 3796 542 3862 [obium
559 3798 595 3856 6;
617 3798 766 3860 prasertim
780 3799 876 3863 robiaco
892 3813 909 3850 v
927 3802 954 3850 et
969 3800 1027 3849 vat.
1047 3798 1119 3850 anta.
1138 3801 1206 3851 teste
1229 3798 1371 3850 Niebuhrio
1395 3798 1552 3861 (promtior

228 3873 309 3925 babet
326 3874 405 3924 etiarn
417 3873 456 3936 Τ).
467 3907 469 3912 .
481 3875 553 3933 Quae
571 3872 614 3923 bic
631 3873 800 3934 excidenmt,
819 3888 850 3924 ea
868 3874 1041 3927 Mommsenio
1058 3876 1088 3925 de
1099 3875 1211 3939 60444946
1221 3876 1272 3925 cet.
1290 3888 1317 3939 p.
1330 3875 1371 3925 66.
1388 3875 1424 3925 ita
1440 3874 1551 3924 tortasse

228 3947 357 4014 explenda
375 3948 512 3998 videnlur:
532 3948 607 4010 [quod
622 3949 644 3998 ai
660 3949 820 4001 ammorreo
835 3951 934 4000 viduor
943 3949 1053 4000 oodcsm
1064 3950 1188 4012 quosdam
1198 3948 1327 4014 numm]
1339 3950 1495 4014 preelectus
1508 3948 1552 4012 [α-

228 4025 300 4074 mum
316 4023 388 4074 umet
404 4021 484 4072 locum
501 4021 632 4074 montom
646 4025 698 4074 aaa
713 4026 823 4083 Musa,
841 4025 902 4088 quid
916 4027 1100 4075 stotmturcet
1117 4051 1144 4062 -
1162 4025 1187 4075 2.
1200 4027 1373 4086 macone,
1390 4025 1550 4087 statuerint.

230 4127 255 4138 -
276 4099 300 4148 3.
318 4095 445 4148 mibutm
461 4097 522 4146 Gv:
550 4096 669 4149 mommo
684 4099 876 4164 Eldclquu.
901 4125 929 4136 ·-
953 4099 1052 4150 estnec
1068 4104 1098 4150 6.
1118 4125 1145 4136 -
1172 4098 1196 4151 4.
1214 4099 1327 4162 uicum]
1344 4100 1456 4150 catomo
1472 4101 1501 4150 G.
1523 4125 1550 4136 -

227 4177 251 4224 6.
269 4175 491 4234 Μυνοηαρωαιω
507 4172 626 4224 Ernesti:
647 4186 755 4224 murano
770 4187 788 4224 o
804 4187 855 4224 sec.
873 4174 939 4234 Mu,
957 4174 1066 4225 Horcon
1082 4173 1114 4224 cb
1129 4185 1181 4224 m.
1199 4173 1315 4224 EGLO.
1334 4200 1362 4210 -
1381 4175 1405 4224 6.
1419 4177 1495 4236 pacta
1510 4174 1552 4222 sad

227 4263 276 4299 ooo
292 4261 368 4298 merc.
386 4247 415 4298 E.
440 4273 466 4283 -
491 4248 514 4296 7.
534 4248 652 4298 mmm.
675 4249 787 4300 llcrcede
808 4249 925 4299 conniccc
942 4247 976 4298 de
992 4249 1134 4300 Hotomani
1152 4249 1220 4300 conl.
1238 4250 1266 4300 L.
1288 4275 1314 4285 -
1337 4255 1432 4301 rectora
1448 4249 1551 4300 ECSl'

228 4326 255 4374 et
271 4323 296 4374 44
314 4335 349 4373 m.
363 4334 415 4387 pn,
433 4326 551 4372 actoru
567 4349 593 4358 -
612 4335 728 4374 nouom.
743 4325 771 4374 6.
786 4349 812 4360 -
832 4325 971 4374 conductos.
990 4325 1127 4376 conductor
1142 4325 1201 4375 doce
1218 4324 1251 4375 de
1268 4324 1373 4376 Hotom.
1392 4325 1459 4376 coni.
1478 4325 1506 4375 L.
1521 4349 1547 4360 -

227 4399 251 4449 8.
270 4401 315 4448 out
331 4397 366 4447 od
381 4397 414 4447 E:
433 4398 468 4446 cd
483 4409 539 4446 om.
559 4397 646 4448 Gllv.
662 4425 688 4435 -
708 4398 732 4448 9.
749 4398 822 4463 ootqo
839 4399 873 4450 ll.
888 4425 916 4438 -
932 4400 1028 4461 possim
1042 4401 1138 4451 merito
1155 4402 1184 4451 nt
1199 4398 1331 4464 glossema
1347 4401 1443 4452 Beclio
1459 4413 1552 4465 suspe-

227 4477 301 4523 ctum
319 4473 368 4524 est.
389 4498 417 4508 -
436 4471 681 4534 qaid-werimum
697 4473 775 4524 affert
791 4472 894 4534 Quintil.
913 4475 978 4524 1.0.
996 4475 1050 4526 vn.
1063 4475 1092 4537 8,
1106 4475 1146 4526 46.
1161 4499 1188 4510 -
1208 4475 1248 4524 ld.
1266 4480 1330 4525 coto
1345 4488 1376 4537 v,
1393 4479 1470 4525 nocto
1486 4476 1549 4534 644,

229 4549 245 4599 4
261 4551 336 4610 011..
353 4551 424 4598 cocto
439 4546 468 4597 E.
484 4573 510 4582 -
523 4546 577 4596 iem
593 4561 647 4598 om.
661 4551 690 4598 G.
705 4574 732 4585 -
748 4549 787 4599 48.
806 4551 853 4600 erit
869 4561 923 4600 om.
943 4552 971 4600 6.
984 4575 1011 4587 -
1026 4549 1066 4601 te.
1083 4549 1186 4600 ulctrico
1202 4548 1273 4613 Εψ,
1290 4549 1392 4600 vitricos
1408 4553 1465 4610 6χ.
1484 4551 1550 4600 lllnc

227 4624 354 4684 tortasse,
373 4633 435 4673 cum
455 4622 503 4672 ent
519 4620 545 4671 in
562 4623 584 4672 6
600 4621 684 4684 desit,
702 4621 875 4674 scribendum
892 4624 946 4673 est:
963 4623 1052 4674 vitrico
1063 4629 1106 4674 eat.
1119 4651 1145 4661 -
1156 4624 1210 4686 not]
1220 4629 1249 4674 ut
1259 4625 1293 4685 6,
1311 4629 1335 4675 et
1345 4625 1374 4674 E.
1387 4649 1413 4659 -
1425 4623 1465 4676 44.
1478 4637 1551 4674 mauu

227 4711 281 4749 om.
299 4713 327 4759 χ.
344 4699 560 4763 -ptudtotovium
576 4700 675 4761 44644,
694 4701 765 4751 Perr.
786 4703 813 4752 et
829 4701 1095 4765 orraqlcdtotomm
1111 4709 1176 4762 νψς
1193 4699 1376 4764 qtcdictcribns
1385 4698 1488 4760 bamb„
1506 4704 1551 4764 qui

227 4775 265 4824 sic
282 4786 311 4824 se
328 4773 354 4823 in
370 4774 433 4825 vett.
451 4772 526 4825 libris
543 4773 676 4826 invenisse
693 4775 771 4836 dicit,
790 4778 818 4826 at
833 4776 941 4832 Ursinus
959 4775 1145 4839 (exscriptum
1163 4775 1223 4826 cod.
1240 4775 1281 4827 sui
1296 4775 1411 4840 phdtct.)
1428 4777 1456 4826 et
1471 4776 1500 4826 0.
1521 4803 1549 4814 -

226 4862 308 4900 cocos
323 4863 377 4909 χν.
396 4851 453 4912 (coo
470 4849 563 4901 bamb.
581 4863 724 4916 perperam
740 4853 802 4902 anta
818 4863 862 4900 vv.
877 4856 912 4901 est
926 4855 1037 4902 runotm
1051 4850 1232 4915 transposuit.)
1250 4875 1280 4887 —
1297 4850 1338 4900 46.
1355 4849 1461 4900 nummo
1476 4849 1505 4899 E.
1520 4874 1547 4885 -

228 4927 267 4975 tl.
286 4925 349 4988 cpit]
365 4929 440 4988 ceput
456 4927 484 4974 6.
499 4949 526 4960 -
539 4925 579 4976 48.
598 4925 701 4977 cocu.
719 4926 840 4977 EGllv.
854 4951 881 4961 -
894 4927 934 4977 aa.
952 4937 1040 4977 ccccm
1056 4926 1124 4976 Ell:
1142 4939 1246 4977 menum
1262 4922 1406 4976 otc-20.
1423 4922 1548 4978 mibiom.

226 5014 252 5049 v.
268 5025 295 5038 -
308 5001 349 5050 st.
368 5005 395 5050 tu
412 5013 536 5051 menam
552 5001 707 5053 Lambinus:
734 5005 762 5050 tu
777 5012 831 5050 om.
850 5000 927 5052 codd.
940 5001 1019 5052 -22
1037 5013 1068 5050 cc
1084 5003 1113 5051 G.
1125 5024 1152 5038 -
1164 5000 1310 5052 munds
1326 5000 1390 5049 GL:
1407 4999 1550 5050 deltatmdtr

227 5075 314 5125 Eldv.
335 5101 361 5112 -
380 5075 422 5126 m.
441 5075 561 5126 omnam
576 5089 602 5127 v.
618 5103 644 5114 -
662 5076 704 5128 28.
724 5076 876 5140 dispartient
891 5076 1010 5133 lictl'l.
1023 5103 1049 5116 -
1068 5076 1109 5129 ³⁰.
1127 5090 1200 5134 moto
1216 5087 1269 5132 ont.
1287 5077 1317 5128 6.
1331 5097 1360 5112 -
1378 5073 1418 5124 3t.
1436 5074 1550 5132 4644448444

227 5151 352 5207 melmun
367 5151 395 5204 4.
