3644 5874
287 337 349 405 tio
679 337 831 403 ontrto
852 337 931 402 PRO
953 339 988 401 l..
1010 338 1176 402 nunant

288 509 371 585 Quid
393 511 480 572 tum?
502 509 578 570 lana
601 527 644 572 ιιι
665 526 727 570 sco
750 527 790 570 rs
812 527 854 569 ux
877 525 949 570 tvae
973 524 1085 569 ιιιιιιιι
1106 525 1287 570 coussrrru
1303 525 1393 571 roco.
1423 508 1513 585 Quid
1538 508 1626 572 huie

288 611 350 666 tem
372 601 547 684 loquaciter
566 601 706 684 litigioso
728 601 931 683 responderet
952 600 1021 673 ille,
1050 599 1133 663 unde
1164 601 1343 682 petebatur,
1372 620 1436 664 non
1458 601 1624 665 babebat.

287 695 412 758 Transit
433 694 516 758 idem
538 693 786 767 iureconsultus,
809 693 946 757 tibicinis
967 691 1070 755 Latini
1093 691 1204 756 modo:
1232 694 1321 756 Vane
1343 715 1384 756 rr
1405 716 1467 771 ars,
1488 695 1624 779 inquit,

287 809 329 850 ax
358 807 430 851 ιιιιι
453 807 563 850 utura
585 807 768 852 coussarrn
789 805 936 861 voctsrr,
968 806 1040 848 trus
1071 807 1115 849 ιιι
1145 805 1206 849 neo
1234 807 1273 850 re
1301 807 1434 851 revoco.
1475 789 1626 851 Praetor

263 883 405 945 sinterea
426 899 467 943 ne
487 881 652 965 pulchrum
674 901 708 944 se
733 901 770 944 ac
792 880 916 944 beatum
939 886 1064 962 putaret
1085 886 1180 962 atque
1202 879 1323 964 aliquid
1338 881 1408 963 ipse
1422 899 1479 944 sua
1493 887 1623 964 sponte

286 974 484 1058 loqueretur,
507 974 536 1035 ei
558 993 689 1057 quoque
711 993 837 1036 cannen
859 973 1066 1056 compositum
1089 981 1153 1047 est,
1176 993 1246 1035 cunr
1260 973 1371 1036 ceteris
1387 973 1481 1038 rebus
1495 975 1624 1036 absur-

286 1069 376 1141 dum,
398 1075 463 1129 tum
487 1067 616 1130 veroin
639 1067 709 1130 illo:
740 1067 811 1130 Svrs
831 1087 983 1140 massora
1006 1081 1239 1129 srrsrsrrrtsvs
1261 1085 1488 1130 rntsssnrrnvs
1512 1087 1621 1130 ternu

286 1179 365 1224 ιιιιιι
387 1179 475 1223 usco:
498 1179 550 1224 rra
573 1178 662 1223 vinu.
705 1160 833 1224 Praesto
855 1161 963 1223 aderat
984 1161 1109 1242 sepiens
1132 1159 1201 1234 ille,
1225 1161 1279 1242 qui
1301 1160 1487 1223 iniseriam
1511 1159 1622 1222 doce-

285 1261 341 1316 ret.
374 1255 494 1316 lisnrrn
517 1273 606 1316 vrtu.
641 1253 762 1316 Eodem
783 1252 863 1317 duce
884 1253 1038 1316 redibant.
1074 1253 1160 1315 Haec
1181 1256 1243 1316 iam
1265 1261 1330 1315 tum
1346 1252 1430 1336 apud
1446 1253 1522 1317 illos
1539 1254 1620 1316 bar-

249 1350 373 1412 tobatcs
403 1346 550 1422 ridicule,
579 1345 690 1420 credo,
723 1347 928 1410 videbantur:
961 1347 1122 1420 homines,
1155 1367 1224 1410 oum
1252 1355 1336 1410 recte
1357 1356 1455 1431 etque
1476 1348 1511 1409 in
1539 1347 1619 1410 loco

285 1440 513 1514 constitissent,
546 1439 647 1502 iuberi
670 1440 774 1514 abire,
808 1447 856 1513 ut,
889 1441 972 1502 unde
1002 1439 1159 1514 abissent,
1192 1441 1302 1504 eodem
1325 1441 1431 1504 statim
1452 1439 1619 1503 redirent.

284 1535 387 1597 isdem
409 1534 534 1616 ineptiis
555 1531 659 1596 inmte
681 1541 754 1595 sunt
776 1533 829 1596 illa
851 1535 972 1596 omnia:
1000 1533 1131 1609 Qvtnno
1153 1554 1193 1597 rr
1216 1554 1248 1596 ιι
1270 1553 1341 1596 tran
1365 1553 1551 1597 cossrrcro:
1585 1543 1622 1596 et

284 1628 377 1690 boec:
401 1623 489 1710 [San]
512 1646 593 1690 ιιιιιιι
616 1647 655 1689 rv
677 1646 774 1701 orcis,
797 1645 859 1700 ost
882 1647 925 1689 nx
947 1646 1042 1690 caess
1058 1630 1295 1690 vttiulctvttnsl
1317 1647 1400 1710 quae
1422 1627 1495 1690 dum
1516 1636 1620 1691 mant

284 1721 421 1794 occulta,
444 1719 621 1784 necessario
641 1719 760 1794 abeis,
782 1721 838 1804 qui
852 1740 890 1783 ea
905 1721 1068 1793 tenebant,
1091 1721 1293 1803 petebantur:
1315 1728 1426 1802 postea
1441 1743 1517 1785 vero
1534 1739 1618 1806 pro-

247 1815 421 1896 tcmulpata
442 1823 537 1898 atque
560 1813 593 1875 in
615 1813 760 1876 menibus
782 1815 896 1878 iactata
919 1823 950 1878 et
971 1834 1115 1886 excussa,
1142 1814 1326 1877 inanissima
1348 1814 1536 1898 prudentiae
1561 1837 1616 1878 re-

284 1915 373 1991 perte
401 1915 490 1980 sunt,
518 1906 638 1972 fraudis
667 1914 770 1970 autern
802 1917 833 1970 et
854 1907 1005 1971 stultitiae
1031 1907 1221 1988 plenissime.
1264 1904 1315 1970 27.
1340 1909 1418 1971 Nam
1439 1929 1512 1973 cum
1534 1929 1617 1994 per-

285 2001 381 2064 multa
409 2001 567 2083 praeclare
601 1999 724 2081 legibus
752 2009 859 2065 essent
887 2005 1075 2074 constitute,
1103 2019 1141 2062 en
1162 2000 1447 2064 iureconsultcrunr
1468 2003 1615 2086 ingeniis

284 2093 433 2178 pleraque
455 2101 603 2177 corrupta
624 2113 661 2155 ac
683 2092 852 2176 depravata
873 2101 955 2157 suut.
990 2093 1138 2156 Mulieres
1161 2114 1270 2157 omnes
1291 2103 1420 2178 propter
1440 2096 1614 2160 infirmite-

284 2197 346 2250 tem
369 2185 492 2248 ccnsilii
514 2187 649 2251 maiores
670 2187 703 2249 in
724 2195 861 2251 tutorum
884 2195 1039 2269 potestate
1061 2207 1131 2249 esse
1153 2186 1340 2250 voluerunt:
1362 2188 1395 2250 bi
1417 2191 1614 2254 invenerunt

246 2301 398 2366 oppenere
421 2289 576 2354 tutorum,
599 2299 680 2364 quae
702 2288 859 2365 potestate
881 2281 1048 2343 mulierum
1070 2282 1314 2344 continerentur.
1359 2281 1454 2347 Sacra
1475 2285 1612 2348 interire

283 2375 329 2439 illi
353 2374 537 2438 noluerunt:
559 2373 672 2437 horum
695 2374 824 2457 ingenio
846 2393 937 2437 senes
959 2374 999 2436 nd
1015 2375 1227 2457 coemptiones
1248 2373 1408 2440 faciendas
1422 2379 1611 2440 interimen-

283 2471 394 2532 dorum
416 2487 574 2532 sacrorum
597 2487 692 2530 causa
712 2468 828 2551 reperti
850 2475 933 2531 sunt.
969 2467 1004 2529 ln
1027 2469 1113 2531 omni
1135 2468 1273 2552 denique
1297 2470 1364 2532 iure
1387 2471 1472 2533 civili
1493 2472 1611 2556 aequi-

283 2571 378 2628 tatem
405 2563 618 2645 reliquerunt,
650 2561 745 2624 verba
773 2561 843 2644 ipse
869 2569 1056 2624 tenuerunt:
1088 2568 1138 2635 ut,
1171 2563 1246 2644 quie
1281 2563 1317 2627 in
1349 2563 1483 2628 alieuius
1515 2564 1609 2628 libris

348 2786 371 2835 i.
390 2784 433 2847 qui
449 2787 502 2832 iem
519 2781 581 2833 (ibi.
600 2809 626 2817 -
645 2781 702 2831 iude
718 2781 751 2830 toi
768 2781 816 2832 EG
829 2783 953 2844 liciis,
972 2785 1055 2840 Patr..
1075 2783 1164 2845 Lag.9
1182 2785 1209 2833 et
1225 2785 1239 2832 7
1257 2783 1314 2834 elii:
1333 2797 1386 2834 om.
1406 2785 1439 2834 ilii
1457 2787 1501 2835 ιν
1517 2791 1545 2838 et
1562 2787 1608 2837 eli-

281 2863 346 2924 qnot
362 2861 440 2922 legg.
461 2883 488 2893 —
506 2869 609 2906 mosten
626 2857 659 2916 t,
679 2858 707 2906 oi
722 2858 760 2907 sic
778 2858 857 2907 etiem
875 2859 940 2908 inira
958 2873 989 2907 ex
1006 2857 1086 2908 Gellio
1104 2859 1134 2907 N.
1154 2863 1183 2908 ti.
1203 2859 1256 2908 xx.
1276 2859 1320 2908 to:
1340 2873 1419 2910 mauu
1435 2862 1513 2912 codd.
1533 2865 1565 2913 0.
1577 2889 1605 2898 -

281 2935 341 2997 quid
356 2934 400 2983 boc
415 2947 443 2992 χ.
465 2955 492 2968 -
514 2932 539 2982 2.
558 2931 664 2994 liiipioso
683 2931 747 2982 Eli:
766 2932 901 2994 titipiomm
918 2935 938 2982 G
946 2947 964 2992 χ
975 2947 1004 2990 ιι,
1025 2933 1129 2996 litipioss
1146 2934 1166 2983 il
1177 2935 1238 2996 sap.
1259 2961 1285 2970 -
1312 2935 1336 2984 3.
1355 2938 1446 2986 tremit
1461 2939 1496 2986 ud
1511 2939 1606 2988 ml.

282 3009 324 3061 ed.
339 3009 415 3066 tuoe
434 3007 524 3056 transii
539 3005 622 3056 eodem
639 3003 719 3055 eltera
738 3006 829 3057 Lemb.
848 3020 921 3071 susp.
937 3034 963 3043 —
981 3008 1046 3056 iuris
1061 3008 1184 3058 consistitis
1202 3010 1262 3058 mci.
1278 3034 1305 3045 -
1324 3010 1402 3062 tctim
1413 3012 1433 3062 E
1443 3012 1472 3063 C.
1488 3039 1514 3048 -—
1533 3011 1560 3064 l.
1573 3027 1607 3062 ac

281 3087 336 3134 iure
352 3095 405 3133 om.
424 3089 459 3144 ψ.
481 3107 508 3116 -
526 3094 629 3130 monem
646 3083 681 3130 L:
699 3095 778 3131 manu
795 3081 872 3132 codd.
892 3084 921 3132 0.
941 3109 968 3118 -
986 3082 1020 3131 iii
1036 3096 1089 3133 om.
1110 3083 1137 3132 l..
1154 3108 1180 3118 -
1197 3090 1300 3144 practer
1317 3085 1376 3146 Eu,
1397 3088 1411 3136 6
1429 3087 1491 3137 Οιιιι.
1511 3087 1607 3151 parcior

280 3161 324 3221 ld.)
344 3185 370 3194 —-
390 3159 414 3209 t.
433 3169 463 3206 oc
480 3155 578 3207 beatum
593 3169 619 3206 ss
635 3170 660 3206 v.
682 3185 708 3192 -
728 3157 797 3206 uliud
813 3158 864 3222 ipse
879 3171 904 3208 ν.
926 3185 953 3192 -
978 3159 1033 3220 ipsa
1050 3160 1078 3207 G.
1101 3185 1126 3194 —
1152 3157 1176 3208 t.
1195 3159 1221 3207 iu
1238 3160 1279 3208 ilic
1296 3160 1353 3224 stis]
1372 3161 1410 3211 sic
1427 3171 1523 3225 χψιι,
1542 3165 1603 3213 Per.

281 3235 304 3286 l.
318 3236 342 3285 t.
356 3235 391 3294 3.,
411 3234 487 3296 Lugg.
501 3244 594 3282 omncs
612 3230 670 3295 (nisi
689 3230 760 3294 quod
772 3230 871 3294 aliquoi
888 3231 985 3282 habent
1001 3234 1027 3280 iu
1044 3233 1109 3292 idel:
1129 3233 1196 3282 eruto
1211 3235 1263 3282 suis
1279 3235 1313 3292 Ε;
1331 3237 1358 3284 iu
1374 3237 1422 3285 iilis
1437 3239 1488 3286 mis
1504 3239 1524 3286 G
1541 3238 1603 3287 tort.

280 3313 366 3368 recte;
389 3308 457 3358 ectio
473 3309 529 3356 oroi
546 3307 571 3357 nt
588 3309 615 3356 et
631 3308 690 3356 Per.
710 3307 733 3356 9.
756 3333 783 3342 -
806 3307 1015 3368 superstitionibus
1028 3308 1063 3363 ti.
1087 3307 1134 3356 sed
1152 3323 1184 3356 ou
1201 3311 1361 3371 punctatum.
1384 3337 1410 3346 -
1431 3312 1604 3374 praesentibus

280 3398 333 3436 out.
352 3399 385 3444 χ,
413 3385 441 3432 ui
457 3380 576 3431 voluerat
593 3382 772 3441 acuminum
798 3385 825 3431 at
841 3395 865 3431 v.
886 3383 990 3432 Festum
1007 3395 1033 3445 p.
1052 3381 1107 3432 305.
1128 3382 1169 3431 ed.
1190 3381 1290 3432 liiiller.
1312 3409 1336 3418 —
1357 3385 1381 3434 8.
1401 3385 1433 3434 ite
1447 3387 1516 3436 oium
1531 3389 1602 3436 Aru-

280 3464 369 3510 sianus
392 3458 471 3508 blesa.
490 3471 516 3520 p.
535 3456 593 3506 237.
611 3456 630 3505 l.
649 3456 676 3518 (it
691 3456 762 3506 iilum
779 3470 841 3506 rem.
860 3457 915 3506 Cic.
934 3468 961 3520 p.
980 3457 1045 3506 lior.
1064 3457 1096 3506 ito
1115 3459 1199 3518 cmm,
1224 3459 1301 3508 redite
1321 3460 1411 3518 cmm),
1437 3462 1543 3512 Servius
1567 3461 1602 3512 ad

280 3536 350 3598 Virg.
370 3536 433 3584 len.
452 3531 483 3580 V.
501 3531 543 3582 86.
563 3533 590 3580 et
607 3530 648 3579 tv.
668 3529 725 3581 l68.
754 3532 803 3594 (ire
826 3533 896 3580 oium
919 3531 1001 3580 veteri
1027 3531 1106 3582 modo
1131 3534 1202 3582 iuria
1226 3534 1278 3594 ius,
1307 3535 1335 3583 ut
1358 3535 1391 3584 ite
1414 3536 1497 3595 cmm,
1524 3539 1603 3588 rodite

279 3611 364 3672 ciem),
391 3607 472 3658 Prisc.
491 3605 579 3655 livill.
597 3605 629 3655 20
646 3608 674 3654 et
690 3603 730 3655 23.
749 3619 776 3668 p.
796 3605 843 3656 tis
865 3607 892 3654 ei
914 3603 969 3654 497.
989 3605 1032 3654 Κι.
1053 3603 1106 3667 (ubi
1123 3605 1164 3656 bis
1181 3605 1278 3656 hebet:
1305 3607 1369 3657 bunc
1390 3610 1458 3660 victu
1474 3611 1546 3662 dico:
1570 3613 1604 3661 its

278 3683 372 3744 curui:
394 3684 420 3731 iu
437 3686 460 3730 te
475 3679 544 3730 olom
561 3681 596 3742 C,
614 3679 674 3729 tuiis
688 3679 757 3728 oium
774 3677 829 3729 rell.
848 3679 925 3730 codd.
945 3680 998 3730 Cic.
1015 3683 1042 3730 et
1055 3682 1084 3731 0.
1107 3683 1163 3732 Non
1180 3681 1295 3732 dubitavi
1312 3683 1455 3733 vetustiore
1468 3697 1603 3746 gramma·

281 3761 392 3810 ticorum
413 3757 562 3807 testimonie
584 3755 662 3818 sequi
685 3754 709 3803 in
733 3755 864 3816 oratione,
887 3756 962 3804 cuius
984 3767 1036 3804 nou
1053 3755 1183 3806 hebemus
1206 3755 1313 3807 codices
1334 3755 1440 3808 saeculo
1461 3759 1514 3808 XV.
1533 3762 1602 3810 enb-

280 3835 387 3897 quiores
404 3843 553 3895 omnesque
570 3844 603 3880 ex
620 3843 672 3879 uno
689 3830 749 3880 cod.
767 3831 818 3881 iam
837 3829 912 3880 valde
931 3832 1055 3894 corrupto
1066 3830 1214 3890 derivatos,
1234 3833 1388 3895 praesertim
1407 3844 1469 3882 curu
1485 3845 1602 3897 aqueus

279 3909 343 3958 inire
358 3908 439 3965 oium,
463 3904 533 3968 quod
551 3919 580 3955 re
598 3904 734 3955 diversum
751 3907 805 3964 est,
824 3904 915 3957 ensem
934 3904 1140 3970 interpolationis
1157 3905 1339 3970 suppeditent.
1355 3929 1381 3942 ·-
1398 3912 1548 3968 prosam·-
1560 3911 1602 3958 do·

279 3989 343 4032 cerci
364 3980 445 4032 babet
461 3983 605 4032 Arusianus
626 3995 651 4045 p.
670 3981 728 4030 333.
752 4005 779 4016 -
807 3982 832 4030 9.
850 3981 931 4030 reduc
948 3981 980 4039 E;
1005 3981 1042 4029 irs
1059 3981 1086 4030 L.
1107 4005 1133 4014 —-
1162 3981 1222 4042 tum]
1240 3985 1275 4029 tot
1290 3980 1319 4030 E.
1340 4005 1366 4017 -
1393 3980 1509 4031 hailaim
1525 3983 1558 4043 E,
1577 3985 1600 4034 ll

279 4069 348 4106 corr.
367 4067 403 4105 m.
422 4067 463 4117 pr.
482 4058 509 4104 et
526 4055 586 4117 Lag.
600 4055 627 4104 9:
647 4053 923 4116 borbwosGllSTv,
942 4053 997 4103 rell.
1015 4055 1091 4117 legg.
1108 4081 1134 4090 -
1155 4055 1194 4105 tit.
1209 4055 1281 4118 recte]
1298 4055 1395 4105 rationo
1406 4069 1431 4105 v.
1446 4081 1472 4092 -
1491 4058 1532 4107 ll.
1543 4073 1602 4108 cotr-

277 4132 448 4183 stitutionem
464 4131 497 4180 u.
518 4155 544 4164 -
565 4131 605 4179 ta.
622 4129 712 4192 fucato
728 4128 771 4180 od.
790 4131 850 4180 Asc.
866 4131 924 4179 ibit
940 4143 946 4176 ι
963 4131 1052 4192 [upote
1071 4129 1314 4192 EGMClixtpv.
1331 4157 1356 4166 -
1374 4136 1431 4180 suat
1446 4131 1554 4183 ilicone.
1569 4136 1597 4184 G.

281 4235 307 4243 —
325 4207 448 4266 conspicio
465 4207 506 4254 sed
521 4205 581 4256 iace
596 4207 639 4256 ssd
655 4206 778 4264 ECHS,
797 4207 854 4254 Per.
867 4207 900 4264 83
919 4205 1054 4266 conspicios
1070 4209 1093 4254 et
1108 4205 1168 4254 iaec
1184 4206 1225 4254 sed
1236 4207 1257 4255 G
1268 4208 1293 4254 et
1311 4207 1368 4256 Per.
1382 4205 1410 4261 l;
1428 4208 1602 4270 conspicicscd

278 4285 317 4346 bl,
335 4281 397 4332 add.
416 4295 431 4330 a
448 4293 483 4330 m.
502 4291 568 4336 sec..
587 4283 615 4329 ut
632 4281 750 4338 ridetur,
772 4281 815 4328 scd
830 4279 872 4328 boc
889 4292 947 4342 sup.
967 4277 1029 4338 lin.;
1056 4279 1177 4340 conspicio
1194 4284 1217 4330 oi
1233 4280 1292 4329 buce
1309 4284 1332 4329 ct
1347 4281 1439 4330 diuite
1455 4283 1496 4332 sed
1512 4283 1557 4332 Τι’
1574 4285 1601 4332 et

278 4360 337 4408 Por.
356 4358 381 4406 3.
410 4353 539 4418 Equidem
562 4354 590 4405 in
612 4366 641 4403 ra
660 4355 758 4404 incerta
779 4355 821 4404 scd
837 4366 898 4402 cum
917 4352 1011 4404 Orellio
1028 4352 1134 4410 inclusi.
1153 4353 1225 4417 quod
1242 4354 1318 4404 deest
1333 4355 1360 4405 in
1378 4355 1400 4404 il
1417 4358 1444 4405 et
1460 4355 1502 4406 ad.
1520 4357 1599 4414 lunt.;

278 4429 368 4481 malim
385 4433 474 4480 tamen
491 4441 523 4478 ex
541 4428 655 4491 vestigiis
673 4427 733 4479 cod.
752 4427 929 4480 discribere:
954 4428 1132 4478 CONSPICIO:
1156 4433 1195 4478 st:
1217 4427 1308 4479 ANNE
1325 4433 1375 4480 cei.
1397 4457 1423 4466 -
1442 4431 1483 4480 43.
1500 4444 1552 4492 pua
1566 4444 1600 4480 ec

276 4506 362 4567 cotue]
380 4506 423 4567 poi
438 4517 516 4554 causo
533 4504 615 4554 EGtt
632 4517 693 4554 cum
711 4503 789 4553 codd.
809 4502 958 4567 plerisque;
977 4517 1041 4565 quot
1056 4517 1135 4554 cotue
1150 4517 1184 4564 κς
1211 4517 1314 4554 coctam
1330 4505 1373 4566 oui
1389 4505 1441 4555 Tv.
1466 4504 1599 4555 Emenda-

275 4581 375 4631 tionem
392 4577 570 4644 suppeditavit
587 4579 664 4628 Gaius
682 4578 723 4628 tv,
742 4577 765 4640 5.
782 4579 821 4626 to.
838 4604 864 4613 -
882 4578 1031 4628 iudicaretis
1047 4579 1195 4643 ECTipv.
1211 4605 1238 4614 —
1257 4577 1297 4631 tt.
1311 4579 1428 4643 probum
1444 4580 1475 4630 li.
1490 4606 1516 4616 -
1532 4595 1596 4644 pro-

275 4655 390 4719 muiputo
406 4655 439 4702 G:
456 4653 606 4715 peruuipotu
623 4652 772 4712 Eurum
791 4651 824 4702 cl.
836 4651 869 4702 ed
883 4665 908 4715 p.
922 4652 1031 4712 ittet.
1045 4678 1072 4689 —
1094 4654 1133 4704 tt.
1151 4654 1232 4704 mulio
1248 4655 1308 4705 2.-
1326 4655 1448 4705 iwecons.
1461 4655 1557 4704 Gllvz·
1572 4656 1599 4704 iu

275 4742 303 4779 rc
318 4741 384 4778 cour.
398 4729 432 4791 E;
450 4728 579 4777 iuriscous.
594 4728 621 4776 l..
634 4751 660 4762 -
682 4727 721 4777 to.
740 4741 790 4778 esse
806 4740 859 4777 om.
873 4729 902 4777 G.
917 4752 944 4764 -
964 4729 1004 4778 20.
1024 4740 1070 4788 quc
1086 4729 1112 4778 in
1127 4734 1247 4792 potestus
1257 4731 1294 4786 G;
1312 4743 1419 4792 peones
1432 4733 1551 4792 potestate
1567 4731 1596 4780 T.

278 4831 304 4841 -
322 4803 478 4854 commite
493 4803 547 4853 Tv.
568 4827 595 4838 -
613 4802 654 4852 23.
672 4801 709 4852 itti
725 4815 780 4854 om.
799 4805 827 4852 G.
848 4829 874 4838 -
894 4817 944 4852 uon
960 4804 1140 4866 muscentii,
1164 4805 1297 4856 uoluerunt
1313 4813 1375 4868 ψι.
1401 4833 1428 4842 -
1451 4806 1599 4858 immot-

275 4879 364 4928 dcrum
380 4877 441 4929 unt.
464 4905 490 4914 -
508 4877 548 4928 23.
568 4877 628 4940 ostio
644 4877 691 4925 (iv
709 4879 737 4927 et
753 4879 767 4928 3
785 4880 863 4941 legg.
885 4877 933 4940 (rt.
952 4878 993 4928 tt.
1012 4880 1077 4940 oe),
1103 4881 1131 4928 ut
1147 4879 1270 4930 videtur:
1297 4879 1353 4931 rell.
1378 4879 1456 4932 codd.
1479 4878 1596 4930 babent:

274 4953 334 5002 cuio
351 4953 401 5015 (E),
425 4954 484 5002 coio
501 4953 574 5016 (bap.
594 4951 644 5012 9.),
671 4965 747 5012 cura,
771 4954 855 5013 osuio,
877 4955 905 5002 iu
920 4955 1009 5013 curio,
1032 4953 1059 5002 itt
1075 4954 1149 5014 Coie,
1172 4967 1241 5016 ocu,
1265 4955 1324 5006 caio
1340 4956 1384 5018 qui
1399 4957 1425 5006 nt
1442 4955 1467 5020 (i.
1486 4967 1510 5004 a.
1528 4955 1596 5016 colo,

275 5038 409 5094 superscr.
428 5027 591 5079 correctione
608 5027 663 5090 qui)
681 5029 733 5079 cet.
