3642 5868
536 403 666 466 nau.
697 393 1249 482 c...x11-x1n.ss.ao-er.
1494 385 1555 455 rs:

237 572 269 636 C.
291 572 444 636 Fuficium
466 572 538 636 duci
558 573 648 636 iussit
667 573 847 664 petitfflem,
869 572 904 634 L.
926 571 1084 656 §notium
1105 571 1141 632 L.
1163 567 1325 656 Racilium.
1360 565 1479 630 Iudicia
1498 559 1556 626 hu·
1670 537 1705 634 ί

236 667 389 731 iusmodi:
419 667 481 743 Qui
503 669 586 730 cives
608 667 739 732 Romani
761 675 865 741 erant,
894 668 920 730 si
944 666 1039 729 Siculi
1061 672 1180 739 essent,
1210 684 1281 728 cum
1304 661 1426 726 Siculos
1448 677 1556 722 eorum

236 761 357 844 legibus
379 760 446 824 dari
467 767 640 844 oporteret:
658 762 722 845 =qui
745 762 856 836 Siculi,
885 762 912 824 si
940 761 1024 825 cives
1045 759 1175 823 Romani
1197 764 1313 821 essent
1357 753 1408 820 33.
1429 755 1556 826 Verum,

235 863 270 917 ut
290 862 389 918 totum
411 874 511 936 genus
532 854 761 937 amplectamini
782 855 985 929 iudiciorum,
1012 855 1097 939 prius
1127 855 1196 917 iura
1217 853 1412 926 Siculorum,
1441 845 1556 912 deinde

236 949 323 1012 istius
346 949 486 1012 instituta
507 950 694 1032 cognoscite.
730 950 815 1011 XIII.
839 947 936 1012 Siculi
956 948 1018 1012 hoc
1031 950 1098 1014 iure
1113 955 1201 1024 sunt,
1223 956 1272 1022 ut,
1295 946 1380 1032 quod
1395 944 1472 1008 civis
1487 955 1582 1005 cuma

236 1042 303 1106 cive
326 1050 413 1124 agat,
436 1041 522 1106 domi
544 1050 643 1106 certet
663 1044 727 1106 suis
749 1044 888 1125 legibus:
914 1042 999 1127 quod
1026 1042 1148 1106 Siculus
1170 1063 1240 1106 cum
1263 1042 1368 1106 Siculo
1389 1060 1454 1106 non
1476 1040 1559 1103 eius·

235 1137 308 1200 dem
330 1137 477 1210 civitatis,
507 1144 542 1200 ut
571 1136 611 1202 dc
634 1158 672 1200 eo
692 1145 817 1222 praetor
837 1137 956 1202 iudices
979 1139 1073 1216 ch.
1096 1138 1213 1223 Rupilii
1241 1138 1397 1215 decreto,
1412 1133 1498 1219 quod
1531 1134 1558 1196 is

236 1231 276 1297 dc
299 1231 408 1296 decem
429 1232 602 1314 legatorum
623 1233 778 1296 sententia
799 1233 920 1306 statuit,
951 1251 1044 1330 (Qui
1067 1233 1114 1294 illi
1134 1232 1237 1314 legem
1258 1231 1415 1316 Rupiliam
1437 1217 1577 1313 vocant.)
1640 1205 1736 1304 ‘'44-

235 1327 389 1391 scrtiatur.
434 1326 527 1402 Quod
555 1327 693 1410 privatus
720 1348 739 1391 a
764 1327 880 1410 populo
900 1328 979 1410 petit
998 1325 1052 1390 aut
1073 1327 1207 1411 populus
1229 1347 1247 1389 a
1267 1327 1404 1410 privato,
1432 1329 1559 1388 senatus

235 1421 402 1504 exaliqua
425 1421 547 1484 civitate
571 1422 624 1503 qni
647 1421 763 1483 iudicet
784 1420 889 1494 datur,
913 1441 983 1484 cum
1005 1421 1144 1486 alternae
1160 1421 1301 1484 civitates
1321 1422 1455 1484 reiectae
1477 1423 1597 1486 sunere

236 1516 329 1592 Quod
352 1517 427 1579 civis
449 1517 606 1578 Romanus
629 1535 648 1578 a
670 1514 774 1578 Siculo
796 1517 887 1598 petit,
910 1515 1034 1579 Siculus
1056 1516 1154 1579 iudex
1176 1514 1281 1578 datur:
1304 1515 1389 1597 quod
1403 1512 1561 1576 Siculusa

236 1611 294 1673 civi
316 1610 472 1682 Romano,
501 1609 577 1672 civis
609 1609 767 1672 Romanus
790 1608 897 1672 datur:
927 1617 1101 1674 ceterarum
1122 1629 1226 1674 rerum
1249 1609 1356 1672 selecti
1376 1607 1496 1672 iudices
1519 1625 1560 1668 ex

235 1711 392 1769 conventu
413 1704 528 1767 civium
549 1704 759 1766 Romanorum
781 1707 913 1787 proponi
942 1704 1053 1767 solent.
1097 1706 1183 1768 Inter
1203 1711 1340 1784 aratores
1362 1710 1394 1766 ct
1414 1701 1561 1764 decuma-

234 1819 293 1862 nos
314 1797 385 1880 legc
399 1797 616 1871 frumentaria,
640 1817 733 1880 quam
747 1797 945 1874 Hieronicam
959 1798 1133 1882 appellant,
1158 1798 1274 1862 iudicia
1288 1794 1374 1860 liunt.
1407 1791 1458 1858 33.
1473 1794 1561 1858 llaec

235 1895 341 1958 omnia
363 1893 423 1956 isto
444 1897 587 1976 praetore
609 1910 674 1954 non
694 1892 789 1956 modo
809 1893 1004 1977 perturbata,
1026 1892 1082 1956 scd
1106 1892 1200 1976 plane
1222 1900 1254 1956 et
1268 1891 1380 1956 Siculis
1395 1897 1427 1953 et
1440 1888 1559 1952 civibus
1569 1909 1597 1956 tt

235 1987 383 2050 Romanis
413 1989 520 2069 erepta
549 1994 637 2061 sunt:
666 1987 799 2068 primum
827 2007 902 2050 suae
929 1986 1037 2068 leges:
1068 1986 1153 2070 quod
1174 1987 1251 2050 civis
1271 2006 1342 2050 cum
1364 1985 1423 2048 civi
1444 1987 1560 2064 ageret,

235 2088 289 2144 aut
310 2102 382 2144 eum
403 2081 555 2154 iudicem,
584 2100 679 2165 quern
701 2081 897 2145 commodum
920 2088 1000 2155 erat,
1029 2101 1235 2164 praeconem,
1256 2078 1472 2162 haruspicem,
1494 2096 1561 2140 me·

236 2173 338 2237 dIcum
361 2195 452 2238 suum
473 2174 582 2249 dabat,
605 2181 672 2250 aut,
696 2176 722 2238 si
743 2175 865 2258 legibus
887 2183 953 2238 erat
973 2175 1124 2239 iudicium
1142 2177 1345 2248 constitutum
1359 2181 1391 2236 et
1405 2172 1444 2236 ad
1460 2172 1561 2236 civem

236 2289 327 2332 suum
349 2268 483 2332 iudicem
503 2277 670 2346 venerant,
698 2269 797 2334 libere
819 2272 878 2334 civi
902 2270 1039 2334 iudicare
1062 2290 1126 2334 non
1147 2269 1270 2332 licebat.
1310 2267 1455 2332 Edictum
1476 2266 1560 2328 enim

233 2363 370 2426 hominis
393 2365 588 2446 cognoscite,
612 2384 676 2447 quo
698 2364 800 2428 edicto
822 2365 929 2428 omnia
949 2363 1064 2428 iudicia
1084 2363 1249 2446 redegerat
1268 2363 1404 2428 insuam
1425 2367 1599 2446 potesta-ro

234 2465 315 2521 tem:
339 2477 367 2520 sr
390 2477 444 2532 cvr
465 2479 632 2522 renorma
654 2479 849 2534 rvnrcrssrr,
878 2479 913 2522 sn
937 2477 1153 2524 cooarrvavu:
1182 2478 1246 2522 cru
1272 2476 1463 2530 coenossrr,
1492 2473 1561 2518 aar·

234 2571 478 2617 uanvensvnvu.
521 2553 622 2637 quue
649 2575 719 2618 curn
748 2554 897 2630 faciebat,
926 2575 1020 2618 nemo
1043 2553 1218 2628 dubitabat,
1247 2555 1341 2638 quin,
1370 2573 1441 2616 cum
1463 2547 1562 2612 iudex

234 2647 329 2711 alium
357 2647 397 2710 de
425 2669 482 2712 suc
504 2648 620 2712 iudicio
642 2655 765 2733 putaret
788 2649 996 2715 iudicaturum
1018 2669 1117 2733 seque
1139 2649 1172 2711 in
1195 2669 1232 2712 eo
1255 2648 1365 2733 capitis
1387 2643 1560 2730 pericrdurn

235 2742 405 2816 adittuum,
428 2742 620 2806 voluntatem
643 2750 801 2826 spectaret
821 2745 904 2819 eius,
934 2765 1029 2827 quem
1050 2745 1153 2808 statim
1175 2744 1215 2806 de
1238 2745 1337 2827 capite
1360 2761 1416 2806 suo
1438 2741 1562 2823 putaret

234 2836 453 2900 iudicaturum.
497 2833 548 2900 tt.
572 2839 686 2901 Selecti
709 2859 749 2902 ex
771 2847 928 2903 conventu
950 2846 1005 2902 aut
1024 2841 1174 2924 propositi
1195 2859 1236 2902 ex
1258 2833 1501 2921 negotiatoribus
1514 2832 1600 2902 iu-as

236 2930 321 2994 dices
343 2931 433 2994 nulli.
465 2931 552 2994 llaec
573 2933 679 3015 copia,
702 2954 795 3016 quam
818 2933 904 3009 dico,
926 2934 1081 3008 iudicum,
1103 2934 1216 2998 cohors
1238 2953 1302 2997 non
1325 2933 1365 3008 Q.
1381 2924 1560 3004 Scaevolae,

237 3026 290 3109 qui
313 3032 417 3090 tamen
440 3025 480 3088 de
503 3026 630 3090 cohorte
654 3047 711 3090 sua
732 3027 807 3090 darc
828 3048 893 3091 non
916 3029 1053 3103 solebat,
1075 3028 1132 3091 sed
1155 3028 1189 3092 C.
1211 3029 1327 3092 Verris.
1363 3023 1561 3090 Cuiusmodi

236 3120 394 3183 cohortem
422 3119 537 3203 putatis
565 3119 626 3183 hoc
648 3121 789 3206 principe
809 3121 930 3186 luisset
959 3123 981 3203 †
1004 3123 1095 3186 sicuti
1116 3122 1227 3186 videtis
1250 3123 1402 3187 edictum:
1436 3140 1464 3183 si
1486 3138 1561 3193 ovio

235 3233 402 3278 renonum:
429 3233 590 3280 rvnrcsnrr
611 3235 756 3279 serarvs.
799 3217 879 3279 Eum
902 3237 1029 3301 quoquc
1047 3216 1225 3291 ostendam,
1248 3216 1276 3280 si
1299 3214 1425 3299 quando
1447 3215 1487 3277 sit
1507 3213 1562 3275 da-

235 3316 301 3384 tus,
324 3315 432 3374 coactu
454 3311 544 3374 istius
568 3310 653 3394 qnod
675 3329 739 3374 non
761 3312 895 3374 senserit
917 3311 1085 3374 iudicasse.
1128 3311 1178 3374 Ex
1198 3311 1269 3395 lege
1290 3309 1417 3394 Rupilia
1438 3307 1599 3374 sortitioao

1514 3457 1560 3470 q

303 3553 324 3602 t.
345 3552 476 3616 Sufficiam
493 3550 561 3616 Lgii
578 3566 604 3616 p.
617 3565 654 3603 m.
667 3555 698 3604 Α.
719 3582 745 3590 -
764 3555 792 3605 t.
805 3553 1004 3620 Accittamtglt
1021 3568 1048 3620 p.
1063 3567 1113 3614 m.;
1131 3555 1159 3605 I.
1173 3553 1279 3605 Aciliam
1289 3569 1321 3616 φ.
1345 3551 1464 3604 Turbent
1480 3551 1559 3603 codd.

234 3630 307 3680 vario
325 3629 351 3678 in
369 3627 410 3678 his
427 3625 588 3679 nominibus.
603 3655 631 3664 -
649 3629 674 3679 2.
692 3641 749 3679 carm
760 3655 796 3668 --
807 3629 939 3696 oporteret]
956 3631 995 3682 sic
1011 3631 1104 3682 hamb.
1123 3645 1156 3682 ex
1173 3632 1266 3682 Donat.
1285 3630 1319 3680 ad
1335 3629 1395 3680 Ter.
1408 3630 1515 3680 Phorm.
1529 3628 1559 3677 tI.

236 3705 261 3764 t,
279 3703 331 3766 att,
355 3705 401 3768 qni
423 3703 505 3754 habet
520 3707 573 3754 ron
592 3703 642 3754 Sic.
656 3710 840 3767 --operarra
858 3705 935 3770 prob.
954 3707 1040 3758 Masso
1058 3705 1074 3756 l.
1093 3705 1110 3757 l.
1129 3720 1155 3770 p.
1174 3707 1234 3758 aa:
1262 3711 1315 3756 tara
1331 3707 1352 3756 si
1368 3719 1454 3756 conae
1470 3705 1563 3768 leptim

235 3783 298 3832 dere
314 3779 345 3843 ts.
359 3779 427 3844 dori)
445 3783 568 3841 oporteret
584 3778 663 3830 codd.
683 3781 710 3831 ct
727 3784 786 3831 Asc.
806 3781 891 3843 (cuius
908 3781 969 3832 edd.
983 3794 1024 3846 pr.
1038 3784 1065 3833 ct
1081 3781 1183 3834 Beratd.
1197 3787 1293 3844 oportet
1304 3781 1451 3846 praebent.)
1468 3783 1559 3850 steph.

235 3857 275 3908 sic
292 3855 388 3906 edidit:
417 3855 465 3918 Qut
481 3855 528 3905 cio.
548 3855 575 3905 It.
594 3860 679 3917 ercet,
703 3857 781 3906 Sicuti
796 3863 886 3920 essent,
912 3871 969 3907 cam
985 3857 1077 3919 Sicuti,
1105 3870 1191 3908 eoram
1206 3857 1300 3922 legitor
1315 3858 1373 3907 dori
1389 3863 1513 3920 oporteret
1528 3872 1562 3909 ex

236 3931 295 3982 cod.
313 3933 355 3991 N..
375 3927 401 3981 id
419 3929 491 3995 qood
507 3929 613 3981 videtur
630 3929 714 3994 colligi
732 3945 811 3996 posse
829 3945 861 3981 cx
878 3931 953 3981 Varr.
968 3933 1049 3982 Lecti.
1068 3945 1094 3996 p.
1107 3931 1175 3994 686..
1193 3931 1240 3982 ubi
1256 3936 1395 3997 praeterea
1412 3933 1563 3998 suspicatur

234 4007 377 4071 legendum
399 4019 474 4058 esse:
499 4019 557 4056 com
577 4006 719 4056 stratorem
740 4007 833 4070 tepidos
849 4019 909 4071 sqq.
928 4006 1003 4057 Adde
1021 4009 1085 4060 Itan.
1103 4009 1134 4058 Il.
1154 4022 1180 4072 p.
1199 4008 1266 4071 tta,
1291 4009 1336 4072 qui
1353 4007 1436 4059 verba
1453 4013 1506 4058 tero
1521 4033 1562 4046 --

235 4088 358 4146 oporteret
373 4081 408 4132 ab
425 4084 570 4146 interprete
587 4083 704 4147 protecte
716 4095 776 4134 csse
789 4082 888 4134 statuit.
904 4107 930 4120 -
946 4083 970 4134 i.
984 4083 1275 4146 opportunissimum:
1293 4083 1560 4148 coapteetcoetaidsc.

235 4159 264 4209 0.
283 4157 316 4206 cl.
335 4157 355 4206 I.
374 4155 398 4220 ἓ.
412 4157 468 4207 loe.
484 4158 539 4208 iio.
560 4185 587 4196 -
606 4159 631 4208 5.
650 4171 707 4208 cum
723 4160 771 4208 civi
788 4159 815 4210 L.
837 4187 864 4196 —
884 4159 909 4210 8.
927 4159 964 4208 itti
980 4161 1058 4224 tegern
1074 4159 1142 4222 Lgte
1154 4173 1194 4222 cp:
1213 4160 1290 4224 tepere
1306 4159 1385 4210 Sicuti
1401 4159 1450 4210 dtl.
1468 4160 1505 4215 L:
1524 4159 1563 4208 st-

234 4231 283 4282 catt
300 4231 377 4296 tepere
394 4233 530 4296 egreia
557 4261 584 4270 -
608 4233 648 4284 te.
667 4233 715 4284 ciat
736 4233 804 4298 Lglh
822 4249 848 4299 p.
867 4249 904 4286 m.
923 4235 1004 4286 Prisc.
1023 4237 1043 4286 I.
1061 4249 1088 4300 p.
1107 4235 1174 4299 337„
1194 4248 1276 4300 quem
1292 4235 1370 4286 vide:
1396 4235 1449 4284 cive
1465 4233 1511 4283 ctt.
1532 4260 1560 4270 -

237 4346 242 4358 .
258 4321 353 4358 meac
368 4309 446 4359 datar
461 4309 491 4358 V.
508 4335 535 4346 -
552 4321 639 4360 reram
656 4321 709 4359 om.
728 4308 796 4372 egre
812 4322 840 4374 p.
853 4323 889 4360 m.
909 4311 940 4360 V.
961 4337 988 4348 -
1007 4309 1047 4360 t3.
1065 4312 1158 4361 avim
1173 4312 1203 4362 fl.
1222 4324 1255 4361 ea
1270 4315 1391 4362 renorma
1407 4309 1475 4361 coni.
1495 4309 1562 4358 Gro-

234 4396 294 4434 nov.
313 4384 441 4435 Obserrv.
461 4385 503 4434 III.
516 4385 557 4436 22.
583 4386 616 4434 a:
632 4383 666 4435 ct.
680 4385 767 4435 Garat.
786 4386 813 4434 et
829 4383 914 4435 Italm.
933 4385 967 4436 ed
978 4386 1063 4437 Vatia.
1082 4400 1108 4451 p.
1121 4388 1163 4438 28.
1179 4413 1203 4426 -
1226 4389 1267 4438 to.
1283 4399 1345 4438 scae
1360 4385 1439 4438 codd.
1454 4386 1562 4449 praeter

233 4460 275 4520 N„
294 4459 319 4510 in
337 4473 391 4524 quc
407 4461 482 4510 aciae
503 4487 531 4496 -
548 4460 598 4509 cici
615 4459 683 4523 egi:
699 4473 726 4525 p.
740 4461 815 4510 m.·N
827 4460 919 4510 Prisc:
938 4462 990 4511 ctae
1007 4463 1052 4511 cti.
1076 4463 1104 4513 In
1115 4462 1146 4512 V.
1161 4462 1292 4513 incertum
1308 4463 1361 4512 eive
1377 4473 1412 4512 an
1428 4462 1477 4512 ciet
1492 4459 1562 4524 lega·

233 4537 284 4584 tur.
300 4557 327 4570 -
348 4534 388 4583 io.
407 4536 442 4584 ed
457 4548 529 4584 meaa
546 4535 623 4584 civem
640 4535 688 4584 eV.
704 4561 731 4572 -
750 4535 791 4584 20.
810 4535 876 4597 qaod
892 4536 970 4586 edicto
987 4537 1017 4586 V.
1037 4562 1065 4574 ·-
1085 4537 1126 4588 il.
1144 4539 1166 4587 at
1182 4539 1226 4599 qai
1243 4537 1305 4590 lii:
1323 4539 1345 4588 si
1362 4538 1417 4600 quis
1432 4535 1465 4586 al.
1481 4561 1508 4571 —
1521 4549 1563 4586 co-

233 4613 360 4674 puoaceret
375 4607 444 4672 igit
460 4622 487 4674 p.
506 4623 558 4670 m.;
583 4611 733 4675 copaootreet
748 4611 779 4660 V.
800 4636 827 4646 -
846 4611 887 4660 22.
907 4613 936 4660 In
953 4611 975 4658 V
991 4609 1074 4662 verbe
1096 4625 1154 4663 cum
1174 4613 1283 4678 foetebat
1299 4616 1326 4664 et
1341 4612 1470 4663 dubitabat
1486 4609 1562 4661 oblIt·

234 4686 317 4736 terata
329 4688 431 4736 sont.-·
446 4683 486 4734 23.
499 4690 599 4747 poteret
609 4711 623 4723 —
632 4713 645 4724 ·
657 4691 821 4749 :partemin
829 4690 932 4748 pacaret
941 4686 1010 4748 agie
1019 4701 1059 4748 p:
1074 4693 1177 4749 poen:
1187 4715 1202 4726 -
1210 4715 1225 4727 -
1236 4693 1324 4751 spectet
1332 4689 1360 4753 (It
1372 4713 1407 4726 --
1416 4689 1517 4750 potaret
1526 4686 1558 4745 V;

230 4763 574 4823 puteo-specterum:
598 4763 643 4811 ott.
670 4787 697 4799 -
725 4760 806 4812 «Cod.
827 4759 969 4811 videbatur
993 4761 1093 4812 habere
1116 4763 1421 4812 atoe--iaaoerana-
1444 4763 1504 4812 blei.
1531 4787 1558 4798 -

234 4834 275 4884 25.
294 4847 328 4884 ce·
345 4839 466 4886 concordo
482 4833 550 4898 Lgli
563 4836 592 4884 ut
607 4849 687 4900 supra
699 4835 723 4899 §-
737 4836 791 4886 32:
811 4849 824 4886 c
839 4849 909 4886 eoric.
924 4840 967 4886 cit.
983 4839 1011 4887 0.
1031 4840 1157 4890 cetorum
1169 4838 1202 4889 ct.
1216 4837 1558 4900 contantinopoli:

236 4937 263 4949 -
283 4915 329 4960 aut
344 4924 378 4960 ee
395 4949 401 4960 .
417 4947 423 4961 .
439 4911 533 4974 periti
551 4948 557 4962 .
573 4949 578 4960 .
596 4917 677 4975 nepot.
696 4913 727 4962 V.
740 4939 767 4950 -
785 4913 827 4963 28.
846 4913 918 4963 droti
932 4913 1021 4964 videti:
1037 4915 1107 4979 sqq]
1125 4916 1210 4965 Locus
1226 4913 1357 4965 obscurus
1368 4912 1484 4964 necdum
1501 4924 1561 4976 per-

235 4989 352 5038 sonatus.
370 4986 470 5036 Thecd.
494 4986 698 5051 uommscntus,
722 5000 804 5050 qoem
821 4987 939 5041 Halmius
956 4989 1101 5059 cpnsutuit,
1127 4991 1166 5041 sic
1182 4989 1324 5055 legendum
1342 5001 1403 5040 esso
1419 4991 1559 5053 proponit:

233 5063 317 5128 scam,
335 5062 356 5111 ri
372 5061 410 5110 oti
419 5061 506 5112 mdetir
516 5062 622 5112 edictam
632 5067 681 5122 ert,
699 5063 732 5113 st
741 5064 796 5126 QVI
810 5065 897 5114 PERP.
915 5064 1095 5117 IVDICARIT?
1116 5067 1236 5118 &aotam
1247 5077 1344 5132 propte
1360 5064 1487 5119 aanor:
1497 5075 1558 5132 sqq.

237 5163 264 5175 ·-
282 5139 304 5188 ai
321 5137 365 5201 pai
380 5135 449 5202 egi:
466 5149 492 5203 p.
505 5149 543 5193 m.
563 5163 590 5174 -
609 5139 651 5189 29.
669 5143 705 5191 eat
720 5139 795 5189 dotus
811 5139 880 5190 cont.
899 5137 984 5190 Halm.
