3648 5888
531 463 600 526 ιιι
621 463 647 524 ι
677 461 750 526 crs.
773 460 912 526 rr-rv
938 457 994 543 §n
1017 455 1145 524 ι-ιι.
1480 452 1542 519 ras

216 633 328 724 giones
355 651 432 696 vero
463 631 740 716 caerimoniaeque
762 632 904 694 omnium
925 650 1087 695 sacrorum
1108 630 1321 713 fanorumque
1343 619 1545 716 violatae)s1
1635 607 1715 685 fill

216 713 421 811 mulacraque
445 725 592 800 deorum,
621 745 703 808 quae
726 745 791 789 non
819 726 915 791 modo
938 745 979 787 ex
1001 726 1068 788 suis
1090 724 1216 807 templis
1239 724 1343 786 ablata
1365 728 1456 794 sunt,
1486 719 1544 783 sed

216 821 312 886 etiam
343 820 449 883 iacent
480 821 514 883 in
542 821 681 884 tenebris
708 821 748 883 ab
777 820 839 884 isto
861 828 984 884 retrusa
1005 825 1102 902 atque
1123 816 1243 892 abdita,
1276 817 1451 879 consistere
1474 815 1543 876 eius

215 915 357 978 animum
379 914 448 978 sine
469 915 577 978 surore
599 921 696 999 atque
718 905 872 995 amentia(
879 935 943 977 non
965 913 1091 1018 sinunt)
1128 911 1158 975 8.
1181 915 1293 995 Neque
1315 911 1375 974 iste
1399 909 1477 972 mihi
1497 909 1569 970 vi·

215 1009 308 1072 detur
339 1028 375 1072 se
404 1009 444 1073 ad
471 1007 707 1074 damnationem
729 1008 833 1071 solum
856 1009 979 1081 offerre,
1002 1025 1107 1091 neque
1128 1007 1189 1070 hoc
1211 1003 1361 1068 avaritiae
1383 1001 1567 1086 supplicios

215 1101 376 1164 communi
404 1103 460 1188 qui
492 1123 526 1167 se
554 1109 603 1166 tot
624 1102 797 1174 sceleribus
820 1101 1024 1165 obstrinxerit
1046 1108 1214 1164 contentus
1237 1119 1323 1162 esse:
1351 1097 1544 1180 singularem
1692 1175 1702 1184 g

216 1196 376 1281 quondam
396 1219 533 1281 poenam
556 1197 650 1262 istius
671 1196 818 1282 immanis
840 1203 935 1280 atque
951 1195 1134 1276 importuna
1147 1201 1260 1257 natura
1275 1190 1443 1254 desiderat.
1472 1191 1544 1253 Non
1680 1181 1707 1252 A

215 1290 249 1353 id
271 1287 376 1352 solum
397 1292 577 1375 quaeritur,
599 1297 636 1353 ut
657 1277 719 1352 isto
742 1289 891 1352 damnato
906 1290 991 1352 bona
1009 1287 1237 1351 restituantur'
1228 1287 1283 1360 ris,
1306 1286 1421 1394 quibus
1436 1293 1546 1368 erepta

215 1392 305 1459 sunt,
327 1383 384 1449 sed
406 1375 632 1480 etlreligiones
655 1383 789 1448 deorum
810 1383 1035 1446 immortalium
1057 1381 1234 1465 expiandae
1256 1388 1288 1444 et
1301 1381 1417 1444 civium
1430 1381 1544 1442 Roma-

216 1502 329 1546 norum
351 1483 509 1545 cruciatus
520 1469 769 1562 maltorumque
792 1477 1010 1540 innocentium
1027 1478 1157 1564 sanguis
1176 1477 1267 1540 istius
1282 1476 1478 1559 supplicio
1454 1476 1545 1538 luen·
1554 1489 1582 1537 ro

216 1576 276 1638 dus
299 1567 416 1666 est.)ll.
430 1576 502 1637 Non
517 1573 602 1637 enim
616 1571 728 1645 furem,
744 1572 800 1635 sed
815 1579 1007 1654 ereptorem,
1029 1592 1095 1635 non
1109 1553 1298 1644 adrdterdm,
1312 1570 1368 1634 sed
1383 1591 1546 1654 expugna·

216 1676 318 1734 torem
339 1667 529 1752 pudicitiae,
557 1684 623 1730 non
646 1665 850 1749 sacrilegum,
873 1665 928 1728 sed
950 1665 1074 1728 bostem
1097 1685 1258 1729 sacrorum
1280 1664 1545 1749 religionumque,

216 1783 283 1827 non
312 1762 478 1836 sicarium,
500 1760 557 1825 sed
578 1759 830 1825 crudelissimum
853 1755 1031 1824 carnificem
1054 1760 1171 1824 civium
1194 1761 1418 1842 sociorumque
1440 1758 1473 1820 in
1491 1777 1547 1821 ve-

217 1866 318 1922 strum
339 1855 495 1920 iudicium
516 1853 725 1929 adduximus,
746 1861 783 1916 ut
804 1874 863 1937 ego
885 1854 969 1917 bunc
991 1874 1090 1917 unum
1113 1853 1270 1917 eiusmodi
1292 1874 1381 1916 reum
1402 1853 1547 1936 postho-

216 1952 338 2016 minum
360 1951 547 2014 memoriam
568 1949 667 2012 luisse
689 1949 838 2023 arbitrer,
861 1949 912 2012 oui
936 1948 1077 2011 damnari
1100 1946 1275 2031 expediret.
1556 1965 1584 2012 ιι

301 2045 354 2108 Ν.
376 2047 456 2108 Nam
478 2044 550 2128 quis
572 2043 634 2106 hoc
656 2063 720 2106 non
742 2043 908 2125 intelligit,
935 2045 1031 2106 istum
1062 2041 1242 2106 absolutum
1273 2043 1324 2106 dis
1349 2042 1548 2106 hominibus-

217 2161 282 2226 que
311 2139 420 2204 invitis
449 2147 554 2202 tamen
578 2158 619 2201 ex
639 2137 785 2201 manibus
807 2137 919 2220 populi
940 2139 1075 2200 Romani
1098 2138 1178 2220 eripi
1201 2137 1290 2201 nullo
1313 2136 1410 2200 modo
1431 2140 1549 2220 posset

126 2267 130 2276 ·
218 2236 299 2314 Quis
319 2235 382 2298 hoc
403 2253 468 2296 non
491 2233 657 2315 perspicit,
689 2231 850 2314 praeclare
874 2232 1038 2294 nobiscum
1062 2239 1167 2294 actum
1189 2233 1245 2307 iri,
1277 2233 1304 2320 ⁸¹]
1326 2232 1465 2317 populus
1487 2232 1550 2293 llo-

219 2349 332 2394 manus
354 2327 446 2391 istius
469 2328 563 2390 unius
586 2325 744 2409 supplicio
767 2333 936 2389 contentus
964 2325 1060 2388 luerit
1081 2346 1117 2388 ac
1139 2347 1204 2389 nou
1226 2327 1272 2390 sic
1295 2329 1455 2403 statuerit,
1484 2347 1549 2388 non

1652 1482 1742 1574 ml

219 2425 314 2489 istum
336 2421 439 2485 maius
461 2421 496 2484 in
518 2441 588 2484 sese
611 2419 715 2483 soclus
738 2421 940 2503 concepisse,
962 2441 1034 2484 cum
1055 2421 1130 2484 fana
1150 2421 1309 2504 spoliarit,
1332 2441 1405 2485 cum
1425 2428 1472 2484 tot
1492 2421 1586 2484 hon

219 2519 319 2580 mines
347 2516 535 2579 innocentes
563 2514 701 2587 necarit,
730 2533 802 2576 cum
834 2516 919 2577 cives
941 2516 1100 2579 Romanos
1122 2523 1240 2590 morte,
1271 2517 1425 2591 cruciatu,
1456 2535 1550 2580 cruce

218 2609 373 2685 affecerit,
401 2629 473 2672 cum
506 2609 706 2692 praedonum
728 2608 825 2670 duces
848 2616 979 2691 accepta
1000 2609 1136 2690 pecunia
1159 2608 1329 2684 dimiserit,
1358 2629 1454 2694 quem
1477 2629 1548 2686 eos,

217 2707 244 2770 si
267 2705 322 2788 qui
338 2704 434 2767 istum
449 2710 506 2779 tot,
529 2703 641 2777 tantis,
664 2709 728 2765 tam
746 2701 877 2764 nefariis
892 2703 1065 2765 sceleribus
1081 2709 1267 2785 coopertum
1282 2701 1375 2768 iurati
1392 2705 1550 2770 sententia

217 2819 275 2863 sua
297 2799 487 2862 liberarint?
524 2793 575 2860 ll).
597 2799 669 2860 Non
692 2803 757 2870 est,
780 2816 843 2859 non
867 2804 916 2860 est
936 2797 969 2862 in
991 2796 1051 2860 hoo
1072 2796 1202 2861 homine
1225 2798 1374 2882 cuiquam
1395 2799 1549 2883 peccandi

215 2892 322 2968 locus,
345 2890 485 2954 iudices:
508 2891 623 2954 nonis
646 2897 695 2954 est
715 2911 808 2964 reus,
830 2909 896 2953 non
918 2890 951 2952 id
974 2898 1116 2974 tempus,
1138 2911 1203 2955 non
1225 2892 1259 2955 id
1282 2894 1452 2958 consilium
1474 2893 1587 2977 (me-ad

216 2995 271 3052 tuo
294 3006 335 3050 ne
357 2984 436 3069 quid
458 2985 659 3068 arrogantius
683 2986 768 3068 apud
783 2984 863 3048 tales
877 2985 963 3048 viros
978 2985 1089 3049 videar
1104 2983 1238 3069 dicere),
1260 3008 1301 3051 ne
1316 2996 1405 3052 actor
1419 2988 1550 3073 quidem

216 3081 330 3154 estis,
353 3079 405 3143 cui
427 3100 501 3144 reus
523 3089 588 3144 tam
610 3100 747 3154 nocens,
777 3087 841 3142 tarn
864 3079 1024 3162 perditus,
1047 3087 1110 3164 tam
1132 3081 1235 3147 victus
1258 3089 1314 3145 aut
1334 3080 1458 3145 occulta
1481 3102 1550 3146 sur·

217 3177 280 3260 ripi
303 3182 359 3239 aut
379 3175 510 3257 impune
532 3173 613 3256 eripi
635 3173 747 3256 possit.
784 3173 842 3235 llis
865 3193 923 3255 ego
946 3173 1104 3238 iudicibus
1126 3196 1192 3239 non
1209 3177 1352 3259 probabo
1370 3176 1403 3240 C.
1418 3179 1550 3240 Verrem

217 3277 328 3335 contra
349 3268 435 3350 leges
458 3267 627 3350 pecuniam
649 3267 796 3349 cepisset
819 3268 1021 3332 sustinebunt
1042 3269 1123 3333 tales
1144 3270 1204 3332 viri
1226 3291 1260 3334 se
1275 3278 1324 3334 tot
1338 3271 1550 3346 senatoribus,

217 3371 265 3429 tot
287 3363 450 3448 equitibus
470 3361 639 3437 Romanis,
668 3369 716 3425 tot
746 3361 944 3437 civitatibus,
973 3370 1020 3426 tot
1049 3362 1233 3428 hominibus
1254 3365 1488 3428 honestissimis
1510 3380 1587 3428 exeo

217 3467 282 3523 tam
303 3456 421 3520 illustri
442 3456 625 3539 provincia,
657 3463 705 3520 tot
726 3457 919 3540 populorum
941 3457 1202 3541 privatorumque
1225 3460 1339 3524 litteris
1361 3479 1427 3523 non
1450 3458 1551 3522 credi·

218 3551 320 3626 disse,
342 3555 448 3614 tantae
471 3550 583 3633 populi
605 3551 740 3614 Romani
761 3551 918 3614 voluntati
941 3552 1118 3615 restitisset
1163 3548 1213 3616 ll.
1237 3553 1437 3618 Sustineant:
1460 3572 1551 3635 repe-

217 3649 356 3720 riemus,
379 3645 407 3708 si
429 3644 526 3708 istum
547 3645 656 3708 vivum
678 3645 718 3708 ad
740 3644 827 3709 aliud
845 3643 997 3707 indicium
1020 3647 1196 3729 perducere
1218 3649 1410 3730 poterimus,
1433 3646 1550 3730 quibus

217 3740 389 3825 probemus
418 3739 515 3802 istum
543 3739 578 3803 in
607 3746 778 3824 quaestura
806 3738 977 3822 pecuniam
1005 3739 1167 3822 publicam
1189 3741 1244 3804 Cn.
1269 3741 1405 3804 Carboni
1426 3740 1551 3804 consuli

218 3836 323 3900 datam
338 3833 506 3910 avertisse
523 3835 639 3917 quibus
652 3835 901 3917 persuadeamus
916 3834 1013 3896 istum
1028 3834 1133 3897 alieno
1148 3835 1278 3899 nomine
1293 3856 1312 3898 a
1327 3833 1550 3919 quaestoribus
1560 3852 1588 3900 ot

217 3929 364 4004 urbanis,
387 3930 474 4012 quod
489 3931 595 4013 priore
610 3930 736 3994 actione
752 3929 927 4005 didicistis,
949 3928 1118 4012 pecuniam
1133 3929 1313 3992 abstulisse.
1355 3930 1472 4003 Erunt,
1494 3927 1550 4012 qui

218 4023 304 4089 etin
326 4043 365 4087 eo
388 4043 520 4108 quoque
542 4025 708 4088 audaciam
731 4025 801 4088 eius
822 4024 1073 4106 reprehendant,
1103 4024 1191 4106 quod
1220 4022 1346 4108 aliquot
1367 4024 1550 4086 nominibus

217 4118 258 4182 de
286 4119 405 4201 capite,
438 4124 593 4202 quantum
622 4119 826 4182 commodum
850 4117 963 4193 luerit,
993 4118 1145 4181 frumenti
1175 4118 1344 4182 decumani
1367 4116 1550 4182 detraxerit.

283 4276 308 4325 5.
327 4275 408 4325 scirem
424 4277 515 4339 offerre
531 4275 564 4325 Gl
576 4276 634 4337 25:
654 4277 743 4338 offerre
759 4277 803 4324 rot.
817 4275 864 4325 dtt.
878 4277 907 4326 0.
924 4303 950 4311 -
970 4277 1010 4325 ιι.
1030 4281 1167 4338 ereptorem
1178 4275 1269 4336 codd,
1281 4274 1328 4325 lul.
1342 4276 1432 4340 Sever.
1451 4288 1477 4338 p.
1491 4274 1548 4325 343.

217 4349 283 4403 3ιιι
301 4355 430 4414 raperer
446 4350 525 4402 codd.
545 4363 627 4401 nonu.
646 4363 689 4416 ep.
709 4350 813 4411 Quintil.
832 4350 857 4411 8,
868 4349 893 4410 ι,
905 4351 930 4400 ι.
952 4375 978 4388 -
1000 4352 1039 4401 t7.
1055 4351 1150 4415 ,tament
1169 4365 1226 4402 enm
1242 4351 1274 4400 Gt
1288 4351 1329 4411 ις
1345 4349 1378 4401 al.
1396 4350 1435 4400 De
1448 4351 1509 4412 ng.
1524 4351 1551 4399 et

218 4427 264 4478 bd.
276 4427 389 4478 tacetur.
407 4424 517 4490 Vulgata
535 4427 577 4475 est
593 4439 608 4475 a
625 4427 720 4489 Noega
738 4431 822 4476 tmnen
838 4439 891 4476 om.
908 4428 937 4477 ι..
958 4453 985 4462 -
1004 4427 1073 4476 anm
1088 4428 1162 4478 oredo
1178 4426 1243 4489 err'pt
1254 4426 1299 4476 Gt.
1315 4451 1341 4464 -
1363 4426 1403 4477 79.
1420 4425 1497 4488 {neit
1513 4425 1550 4476 (33

217 4501 329 4566 elgitl.
347 4501 429 4552 Prisc.
447 4495 486 4552 11.
501 4513 528 4564 p.
548 4500 606 4550 460.
628 4498 675 4550 lul.
698 4501 759 4550 sev.
783 4513 810 4564 p.
829 4500 895 4552 343:
918 4503 965 4552 erit
985 4502 1034 4552 dtt.
1055 4527 1081 4538 ·-
1111 4516 1141 4552 ac
1164 4503 1255 4558 ιιιιοιι
1271 4505 1301 4551 rt.
1320 4503 1366 4551 (ιι.
1387 4527 1414 4534 -
1432 4499 1474 4549 30.
1492 4512 1551 4560 spo-

217 4578 450 4628 trare-meare
466 4573 515 4625 dtt.
533 4599 562 4610 -
581 4571 622 4623 22.
641 4587 698 4624 cum
711 4575 801 4636 proed.
814 4601 851 4612 --
863 4575 982 4626 dimersit
999 4591 1052 4627 οιιι.
1072 4577 1118 4628 Ga.
1134 4604 1161 4614 -
1180 4574 1221 4626 st.
1240 4573 1374 4626 liberarent
1390 4574 1438 4626 dtt.
1454 4599 1480 4608 --
1499 4586 1551 4623 oon

218 4657 253 4704 ee
269 4649 351 4701 altero
368 4647 429 4700 loco
446 4662 499 4699 οιιι.
518 4651 563 4700 Gt.
581 4651 726 4700 nepertia
741 4649 787 4700 boc
805 4651 927 4713 peccandi
942 4652 1011 4702 ιοοιιι
1028 4651 1104 4702 alfort
1120 4650 1167 4702 lul.
1187 4652 1246 4701 Sev.
1266 4664 1292 4715 p.
1311 4649 1368 4701 3l3.
1395 4647 1434 4700 Cl.
1454 4649 1548 4699 Donat.

218 4727 253 4779 ad
268 4725 375 4776 Terent.
392 4723 475 4775 Andr.
488 4723 508 4773 l.
526 4725 552 4784 2,
564 4724 605 4774 33.
621 4749 647 4762 -·
666 4724 707 4776 33.
725 4737 770 4776 nee
786 4729 858 4774 octor
874 4725 906 4774 Gt
923 4726 985 4788 ng.
1005 4725 1169 4790 (praeterit)
1188 4724 1237 4775 dtt.
1256 4723 1395 4788 Vulgatam
1411 4726 1501 4774 tuetur
1516 4725 1547 4773 Α.

220 4828 248 4840 -
267 4801 308 4852 39.
334 4803 424 4850 contro
444 4797 461 4848 t.
484 4798 618 4860 pecuniam
642 4799 678 4848 Ga
696 4799 824 4862 amnas:
848 4801 982 4862 pecuniam
1006 4815 1028 4850 c.
1047 4801 1065 4851 1.
1084 4802 1134 4860 (373
1161 4805 1252 4850 contro
1276 4800 1292 4849 t.
1309 4799 1431 4862 pecuniae
1450 4799 1498 4849 dtt.
1517 4799 1547 4848 0.

219 4874 258 4928 Cl.
277 4875 319 4924 111.
338 4873 363 4938 ἓ.
381 4874 439 4925 2⁴8.
459 4899 487 4909 -
505 4873 546 4924 30.
564 4875 681 4924 nomano
697 4887 751 4925 οιιι.
770 4875 815 4925 Gt.
842 4877 884 4925 Sic
901 4876 932 4925 ll.
951 4875 975 4938 ἓ.
995 4876 1052 4926 480.
1070 4876 1096 4926 ιιι
1114 4877 1215 4939 optimo
1233 4875 1340 4934 codice;
1366 4876 1408 4923 «at
1424 4873 1550 4923 Romanus

217 4953 254 5003 ita
275 4950 311 5001 ad
326 4949 434 5015 plenam
450 4951 530 5013 atque
546 4949 720 5001 honorificam
737 4951 826 5014 equitis
841 4949 1045 5014 appellationem
1062 4953 1186 5016 pertinet,
1204 4953 1234 5001 ut
1251 4953 1324 5001 certe
1341 4950 1367 4999 in
1384 4945 1548 4998 orationibus

217 5027 585 5088 vircmittaturumquam.
572 5025 689 5076 Kalrnt
705 5039 732 5090 p.
746 5027 786 5077 tt
805 5025 839 5077 cf.
857 5029 947 5076 actl
965 5026 1045 5091 §77
1064 5025 1109 5078 lth.
1125 5029 1145 5078 1.
1164 5027 1314 5091 §.tam
1333 5019 1456 5085 1755&
1475 5019 1546 5072 alibi.

220 5103 303 5156 -33.
317 5103 456 5168 peremne
466 5101 569 5161 Glic:
583 5101 738 5163 potnertmae
754 5101 845 5154 (ιιιξ-
864 5101 906 5153 37.
917 5106 988 5152 et·-
973 5116 1096 5167 -qnoqoo
1111 5093 1499 5168 suspectumhabetWeaenb.
1513 5095 1548 5146 ad

218 5180 287 5232 sest.
304 5191 332 5247 p.
345 5179 387 5232 2⁴.
406 5176 471 5232 ιιι.
