3644 5874
622 417 694 484 on.
717 419 871 484 x-x11.
899 418 956 505 ss.
979 418 1130 486 44-44.
1469 423 1530 490 744

216 595 315 662 artes,
337 605 417 671 quae
439 588 530 651 nobis
551 589 660 671 populi
674 589 804 652 Romani
820 590 923 653 studia
938 590 1124 664 conciliant,
1147 597 1179 654 et
1196 590 1414 657 admirabilem
1430 595 1531 678 digni-

216 689 312 752 tatem
342 689 373 744 et
402 687 579 764 pergratam
602 682 767 745 utilitatem
789 683 906 746 debent
926 683 1052 748 habere.
1095 685 1150 748 xl.
1173 680 1224 746 ri.
1247 685 1375 748 Summa
1396 687 1531 769 dignitas

216 776 318 840 estin
339 775 395 850 iis,
418 775 474 859 qui
496 776 623 839 militari
645 776 738 840 laude
760 776 969 852 antecellunt;
993 778 1099 840 omnia
1120 777 1219 851 enim,
1242 797 1323 861 quae
1339 786 1412 842 sunt
1426 781 1459 843 in
1474 781 1533 844 im·

215 869 304 952 perio
334 876 366 932 et
393 869 427 932 in
458 873 541 931 statu
570 868 719 944 civitatis,
748 870 786 931 ab
812 871 852 932 iis
873 868 1001 933 delendi
1023 877 1055 933 44
1075 870 1191 934 firmari
1213 879 1378 953 putantur:
1411 893 1532 936 summa

215 963 308 1026 etiam
330 961 458 1036 utilitas,
480 961 507 1023 si
523 962 649 1044 quidem
672 981 782 1026 eornm
804 963 935 1027 consilio
957 971 988 1026 et
1008 964 1150 1046 periculo
1172 984 1244 1027 cum
1264 985 1299 1027 re
1319 965 1444 1048 publica
1464 973 1555 1028 tumr

182 1124 189 1128 ,
215 1056 310 1118 etiam
337 1053 454 1118 nostris
482 1054 575 1117 rebus
607 1055 725 1137 perfrui
755 1077 933 1140 possumus.
977 1056 1086 1120 Gravis
1116 1058 1209 1120 etiam
1242 1058 1297 1121 illa
1317 1065 1365 1122 cst
1387 1065 1418 1121 et
1439 1059 1534 1142 plena

215 1149 374 1232 dignitatis
396 1148 522 1211 dicendi
544 1147 690 1222 facultas,
713 1169 796 1232 quae
817 1169 911 1232 saepe
924 1150 1025 1212 valuit
1038 1150 1072 1211 in
1086 1151 1217 1214 consule
1232 1151 1416 1234 deligendo,
1437 1171 1532 1235 posse

215 1243 349 1307 oonsilio
370 1250 466 1326 atque
489 1242 631 1306 oratione
654 1253 686 1305 et
706 1251 833 1306 senatus
856 1252 888 1305 44
909 1243 1019 1325 populi
1041 1250 1210 1317 eteorum,
1233 1245 1360 1328 quires
1383 1245 1531 1319 iudicant,

214 1343 335 1400 mentes
357 1355 551 1419 permovere.
593 1336 762 1411 Quaeritur
783 1337 911 1409 consul,
933 1337 989 1416 qui
1011 1335 1146 1399 dicendo
1168 1357 1232 1400 non
1254 1357 1425 1420 numquam
1448 1357 1532 1401 com·

214 1430 330 1513 primat
349 1429 535 1493 tribunicios
556 1428 695 1504 furores,
718 1431 774 1513 qui
789 1431 976 1494 concitatum
994 1429 1145 1513 populum
1160 1431 1280 1504 flectat,
1304 1431 1359 1514 qui
1373 1429 1530 1513 largitioni
1540 1449 1568 1494 44

214 1523 350 1588 resistat.
392 1514 466 1585 Non'
488 1522 617 1596 mirum,
647 1523 673 1585 si
696 1523 737 1586 oh
766 1522 847 1585 banc
868 1523 1047 1587 facultatem
1068 1523 1214 1586 homines
1236 1544 1331 1607 saepe
1352 1526 1446 1588 etiam
1467 1545 1531 1587 non

214 1616 335 1680 nobiles
358 1616 554 1679 consulatum
577 1617 738 1678 consecuti
762 1625 852 1691 sunt,
874 1617 1058 1698 praesertim
1080 1638 1151 1680 cum
1171 1617 1250 1680 haec
1272 1617 1381 1680 eadem
1396 1639 1446 1681 res
1460 1618 1532 1701 plu·

213 1711 309 1774 rimas
332 1709 467 1791 gratias,
494 1709 690 1773 firmissimas
712 1710 882 1784 amicitias,
904 1711 1040 1774 maxima
1062 1711 1166 1774 studia
1186 1714 1297 1794 pariat.
1333 1710 1475 1786 Quorum
1496 1713 1530 1774 iu

213 1806 275 1868 isto
296 1812 401 1868 vestro
422 1803 574 1877 artificio,
597 1803 735 1886 Sulpici,
757 1803 835 1866 nibil
858 1811 915 1866 est.
945 1801 996 1866 25.
1011 1805 1149 1867 Primum
1164 1805 1302 1886 dignitas
1316 1804 1350 1866 in
1365 1811 1429 1866 4444
1442 1806 1530 1868 tenui

214 1899 348 1963 scientia
368 1917 433 1961 non
454 1904 561 1981 potest
581 1917 668 1960 esse:
690 1917 741 1960 res
763 1899 847 1961 enim
870 1905 941 1960 sunt
954 1915 1087 1979 parvae,
1108 1917 1208 1981 prope
1223 1899 1257 1960 in
1271 1898 1403 1980 singulis
1418 1897 1568 1962 litteriolo

214 2000 308 2076 atque
330 1991 636 2075 interpunctionibus
651 1992 820 2056 verborum
834 2000 1015 2074 occupatae.
1044 1991 1181 2066 Deinde,
1205 1993 1299 2054 etiam
1314 1993 1341 2054 si
1356 1992 1433 2075 quid
1447 1993 1531 2075 apud

213 2086 348 2150 maiores
381 2092 506 2148 nostros
533 2085 593 2148 fuit
622 2086 654 2148 in
683 2088 744 2148 isto
773 2085 879 2148 studio
909 2084 1140 2159 admirationis,
1172 2085 1205 2146 id
1228 2085 1396 2148 enuntiatis
1417 2085 1531 2150 vestris

213 2178 369 2262 mysteriis
396 2185 496 2241 totum
526 2187 574 2242 est
601 2186 812 2263 contemptum
840 2185 873 2241 et
901 2178 1066 2242 abiectum.
1110 2181 1221 2243 Posset
1247 2180 1298 2261 aqi
1330 2178 1400 2261 lege
1421 2198 1530 2255 necne,

213 2273 305 2356 pauci
338 2273 497 2356 quondam
528 2273 687 2349 sciebant;
718 2271 816 2336 laetos
846 2272 929 2335 enim
957 2272 1051 2354 vulgo
1079 2292 1142 2335 nou
1170 2272 1338 2337 habebant.
1379 2272 1477 2335 Erant
1498 2273 1530 2335 in

213 2386 325 2448 magna
356 2366 496 2449 potentia
524 2369 580 2450 qni
609 2366 868 2440 consulebantur,
902 2387 921 2429 a
950 2367 1065 2450 quibus
1095 2367 1191 2430 etiam
1213 2367 1298 2442 dies,
1330 2372 1489 2449 tamquam
1512 2385 1567 2431 aro

214 2459 393 2536 Chaldaeis,
421 2461 619 2543 petebantur.
663 2459 824 2524 Inventus
843 2466 891 2523 est
923 2459 1025 2522 scriba
1046 2460 1193 2544 quidam,
1224 2460 1279 2523 Gn.
1300 2459 1444 2544 liberius,
1473 2460 1530 2544 qui

213 2553 372 2618 cornicum
403 2554 511 2618 oculos
540 2551 704 2617 confixerit
732 2560 764 2615 44
792 2553 926 2635 singulis
953 2552 1065 2615 diebus
1091 2552 1270 2617 ediscendis
1290 2552 1389 2617 fastos
1410 2555 1530 2637 popule

211 2649 413 2732 proposuerit
445 2655 477 2711 et
504 2649 542 2711 ab
577 2649 655 2731 ipsis
686 2647 789 2731 capsis
816 2645 1101 2710 iureconsultorum
1131 2647 1317 2730 sapientiam
1345 2649 1530 2732 compilarit.

212 2742 322 2826 ltaque
344 2741 415 2804 irati
437 2741 501 2816 illi,
523 2741 611 2825 quod
632 2748 707 2805 sunt
726 2741 836 2814 veriti,
858 2759 898 2802 ne
921 2740 1043 2803 dierum
1064 2741 1187 2803 ratione
1207 2740 1403 2823 promulgata
1425 2750 1456 2806 et
1476 2762 1530 2805 co-

213 2835 300 2918 gnita
320 2836 388 2899 sine
410 2855 467 2898 sua
490 2855 585 2920 opera
606 2836 676 2919 lege
698 2835 748 2918 aqi
771 2840 893 2917 posset,
921 2833 1016 2896 verba
1037 2833 1191 2916 quaedam
1213 2844 1473 2917 composuerunt,
1495 2844 1567 2900 uteo

213 2930 358 2993 omnibus
388 2929 422 2991 in
452 2928 546 2992 rebus
572 2931 634 3013 ipsi
661 2931 859 2992 interessent.
901 2923 1044 2990 xl1.26.
1067 2927 1145 2990 Cum
1173 2927 1234 2990 hoc
1262 2924 1330 2992 lieri
1357 2927 1529 2993 bellissime

212 3030 335 3106 posset:
360 3020 512 3085 «Fundus
534 3023 669 3086 Sabinus
698 3041 786 3084 meus
809 3028 897 3084 44444
923 3021 1044 3082 rimmo
1065 3039 1197 3083 meust»
1221 3019 1338 3084 deinde
1359 3022 1529 3087 iudicium:

212 3117 389 3179 noluerunt.
425 3115 563 3190 Fvunvs,
585 3117 706 3200 inquit,
729 3133 783 3190 Qvi
803 3135 861 3178 asr
882 3135 913 3178 nr
935 3133 1016 3178 aeno
1040 3133 1093 3188 cvr
1109 3113 1241 3176 Senmvs
1263 3133 1414 3179 vocam.
1447 3116 1529 3180 Satis

212 3210 360 3274 verbose:
383 3207 462 3273 cede
484 3208 562 3292 quid
583 3213 715 3292 postea‘l
747 3209 818 3272 Evu
840 3227 901 3273 noo
924 3229 967 3271 ex
987 3221 1059 3306 ipae
1080 3207 1252 3282 Qunrmvu
1270 3229 1361 3272 uavrr
1375 3229 1449 3272 ressa
1465 3205 1528 3274 aro.

276 3397 300 3444 4.
317 3394 386 3446 cebir
402 3395 431 3445 C.
447 3422 474 3431 -
492 3394 621 3444 occultem
636 3394 749 3444 Ernesti.
765 3419 791 3429 -
810 3395 834 3445 3.
852 3395 993 3444 44414444.
1013 3395 1068 3456 44444
1084 3407 1131 3456 444
1145 3393 1173 3442 ie
1187 3393 1240 3442 4444.
1254 3392 1293 3456 G.)
1308 3419 1335 3430 -
1353 3395 1381 3443 44
1397 3397 1457 3458 post
1473 3401 1530 3466 44444

212 3483 264 3522 om.
283 3471 337 3521 Eu.
352 3496 380 3506 -
399 3468 424 3520 4.
443 3469 475 3519 44
490 3470 528 3519 bis
543 3470 631 3520 Eblv.
646 3495 672 3505 -
693 3470 717 3519 6.
733 3469 855 3532 possimos
871 3482 899 3527 χ.
913 3493 941 3503 -
960 3473 983 3518 et
1000 3481 1092 3520 cmv.
1107 3495 1133 3506 -
1154 3468 1179 3518 4.
1198 3467 1320 3530 4444444444
1334 3467 1364 3518 C.
1379 3495 1407 3506 -
1425 3470 1465 3520 46.
1479 3470 1530 3520 444-

210 3545 298 3610 pilioni
314 3546 352 3597 bl:
371 3545 503 3609 4444444444
519 3545 697 3608 416οχ44.
717 3572 744 3580 -
765 3543 804 3594 43.
820 3545 899 3606 peric
915 3545 945 3593 G.
965 3571 992 3580 —
1012 3554 1232 3605 crememur.
1252 3565 1279 3576 -
1299 3541 1526 3595 4444444444.-

211 3619 313 3685 Seteia]
330 3621 435 3683 4444444444
450 3621 484 3672 44.
509 3647 536 3657 -
559 3621 622 3682 tom]
643 3633 764 3680 4444444.
791 3647 816 3657 -
841 3620 881 3670 lb.
899 3633 949 3669 444
966 3619 1062 3681 EGll,
1080 3620 1095 3669 44
1112 3620 1192 3678 orn,
1211 3618 1269 3667 Par.
1287 3613 1313 3667 4.
1330 3616 1356 3668 8.
1374 3618 1398 3668 9.
1415 3631 1446 3667 v:
1466 3633 1531 3682 quoe

211 3699 269 3748 Par.
288 3696 358 3759 444),
377 3697 406 3747 0.
424 3695 483 3760 (sed
500 3696 558 3746 Ev:
576 3708 626 3746 eree
640 3709 691 3746 444
706 3695 802 3758 petest.)
822 3721 850 3730 -
870 3707 949 3756 prope
964 3705 1017 3744 cm.
1035 3709 1064 3753 χ.
1085 3720 1111 3730 -
1137 3692 1177 3743 46.
1195 3692 1437 3754 intepretationem
1452 3706 1478 3744 v.
1498 3720 1527 3731 -

211 3770 251 3820 47.
268 3770 297 3820 44
311 3771 359 3820 4444
374 3771 455 3820 studio
470 3772 508 3822 ii:
526 3771 554 3820 44
568 3771 677 3822 44444444
693 3771 726 3830 Ε,
745 3771 772 3819 io
787 3769 909 3818 4444444444
926 3771 984 3820 Par.
1002 3768 1027 3819 i.
1045 3769 1075 3828 8;
1100 3768 1227 3818 4444444444
1242 3769 1304 3817 duos
1319 3769 1353 3829 6;
1370 3769 1397 3818 44
1412 3769 1459 3819 4444
1474 3769 1531 3821 lure

211 3859 242 3905 v3
267 3845 404 3896 4444444444
426 3846 468 3896 4444
488 3847 547 3896 Par.
565 3847 589 3895 7.
616 3871 643 3883 -
671 3845 855 3895 4444444αᾶ4444
877 3849 900 3895 et
922 3844 1072 3895 4444444444
1094 3845 1128 3904 444
1155 3842 1355 3893 domionis
1376 3843 1531 3896 (4444444444

209 3921 297 3971 4444444
311 3920 431 3971 4444444444
446 3923 475 3970 (i.
496 3947 523 3957 -
543 3921 583 3972 43.
601 3933 651 3970 esse
667 3921 733 3986 Ηψ,
748 3947 774 3956 -
794 3920 845 3983 lopo
861 3932 915 3969 om.
935 3921 963 3969 G.
978 3946 1005 3954 -
1024 3931 1069 3970 444
1085 3932 1111 3969 v.
1126 3945 1154 3955 -
1172 3918 1213 3967 444.
1230 3917 1303 3981 colec
1318 3917 1351 3968 bl.
1366 3944 1393 3955 ·-
1411 3918 1448 3984 44]
1463 3921 1529 3970 444444

209 3997 237 4045 44
253 3997 288 4056 6;
305 3997 325 4046 44
341 3997 369 4048 i..
382 4023 409 4033 -
427 3997 469 4047 44.
488 3997 579 4047 caldeis
594 3997 648 4047 Gr.
663 4021 690 4032 -
706 3995 875 4058 4444444414,
895 3995 951 4044 Par.
964 3993 989 4044 i.
1002 3995 1038 4055 4.,
1055 3992 1188 4056 petebatur
1204 4007 1232 4052 χ.
1260 3991 1298 4042 64.
1317 3989 1381 4042 Ρ444.
1393 3992 1453 4042 Not.
1465 3993 1528 4044 44444.

210 4071 319 4122 xxxiii.
331 4072 355 4122 4.
374 4071 397 4135 4.
412 4073 452 4123 44.
467 4098 495 4110 -
512 4071 553 4123 44.
572 4071 837 4130 4644444446448χι
856 4070 975 4120 disemis
991 4070 1149 4128 Steinmetz;
1167 4069 1293 4118 4444444444
1308 4066 1338 4127 Ε,
1356 4065 1467 4130 34444,
1484 4075 1527 4132 ψ;

210 4145 326 4209 4444444444
342 4146 375 4206 ῦς
393 4147 531 4197 ediscendas
546 4148 600 4198 vo.
617 4176 644 4185 -
660 4147 727 4210 44444
739 4149 768 4196 G.
783 4173 810 4182 -
828 4147 869 4199 43.
888 4149 968 4209 capsis
982 4147 1206 4197 iureconscltcnau
1221 4143 1366 4209 Madvigius
1377 4139 1482 4206 (Opusc.
1495 4144 1526 4195 44.

210 4232 236 4282 p.
249 4218 332 4281 34044
351 4221 434 4270 coeris
449 4222 512 4271 44444
527 4223 644 4272 coculis
659 4235 745 4272 444444
761 4222 857 4278 codd.;
876 4222 956 4271 444444
970 4220 1141 4271 iureconsultis
1156 4231 1242 4269 4444444
1257 4218 1286 4268 0.
1309 4219 1399 4281 (capsis
1413 4218 1530 4269 4444444-

209 4293 331 4344 4444444444
345 4294 372 4344 in
388 4296 479 4346 vetere
497 4295 588 4346 codice
605 4310 635 4347 44
652 4297 802 4361 repperisse
819 4299 931 4348 44444444
947 4297 984 4346 44.
1002 4293 1150 4344 sambucus
1165 4293 1230 4356 lipp.
1244 4293 1277 4343 od
1292 4293 1319 4343 P.
1333 4293 1468 4343 4444444444
1484 4292 1528 4346 ed.

210 4369 291 4420 bend.
305 4371 336 4421 11.
349 4383 375 4434 p.
389 4371 429 4421 66.
447 4371 527 4434 Bau.)
549 4399 576 4408 -
603 4371 644 4422 44.
660 4373 823 4436 4444444444
837 4373 859 4421 G
875 4374 903 4422 44
913 4370 973 4420 cod.
987 4371 1093 4421 Franc:
1109 4368 1261 4432 percotqoto
1272 4366 1350 4418 codd.
1362 4365 1418 4417 rell.
1431 4367 1485 4416 noti
1503 4369 1530 4417 et

211 4445 269 4504 LO,
288 4447 316 4493 ut
333 4447 375 4496 est
390 4445 423 4496 de
439 4447 508 4497 Orat.
521 4448 541 4497 4.
555 4447 579 4510 4.
593 4447 649 4498 486.
668 4449 701 4498 At
716 4461 742 4497 v.
755 4446 820 4497 inira
838 4448 862 4511 4.
875 4448 915 4498 46.
929 4459 951 4496 s.
963 4446 981 4497 4.
995 4447 1022 4495 44
1032 4443 1116 4495 Plinl.
1129 4445 1205 4494 cil.—
1231 4445 1272 4493 444.
1290 4443 1342 4507 4444
1357 4442 1401 4506 opi
1417 4441 1526 4506 scripsi:

210 4517 254 4580 444
269 4529 322 4568 om.
341 4518 419 4569 codd.
438 4521 491 4570 noti
509 4521 639 4584 (Etibiv,
658 4523 741 4582 Para,
759 4521 875 4584 bora.);
894 4522 919 4571 in
937 4520 1010 4571 editt.
1029 4521 1070 4570 esi
1086 4519 1129 4583 opi
1145 4521 1206 4583 post
1218 4522 1307 4582 posset.
1325 4544 1351 4553 —
1369 4521 1449 4581 posset
1466 4517 1526 4566 liv:

203 4592 285 4672 possit
295 4592 315 4642 E
324 4594 345 4642 G
353 4593 406 4644 llC
416 4595 438 4645 H
447 4610 465 4655 χ
473 4601 510 4660 ψ,
529 4597 544 4647 3
561 4598 633 4647 Parr.
649 4623 676 4632 —
693 4597 771 4648 verbe
786 4598 910 4658 quaedum
919 4595 1038 4647 Niebuhr
1054 4597 1081 4645 et
1092 4595 1234 4646 Steinmetz
1244 4608 1250 4643 :
1268 4607 1329 4644 4444
1345 4606 1376 4642 oc
1393 4593 1483 4642 aedom
1493 4593 1526 4652 li,

210 4667 225 4716 3
242 4668 326 4728 Pam,
344 4670 421 4732 lagg.
435 4669 554 4734 plerique
573 4669 626 4732 (aut
641 4683 699 4719 4444
716 4671 827 4731 4444444,
845 4673 875 4722 ut
885 4673 927 4722 est
937 4673 963 4722 in
975 4669 1108 4733 EClei
1125 4681 1185 4720 4444
1196 4683 1227 4719 oc
1237 4669 1323 4719 eodem
1334 4669 1397 4731 Lag.
1410 4667 1454 4726 sm
1471 4679 1529 4717 cere

209 4741 323 4791 44444444
333 4743 394 4806 Lag.
405 4743 450 4800 44;
467 4757 528 4794 cero
538 4746 600 4808 Lag.
614 4745 628 4794 9
641 4747 668 4794 44
677 4744 718 4805 46,
732 4745 749 4794 S
762 4745 818 4806 (sed
829 4746 890 4809 Lag.
900 4747 941 4797 46.
955 4757 1016 4796 cum
1027 4743 1145 4810 lacuna);
1164 4745 1281 4795 44444444
1292 4745 1313 4794 6
1325 4742 1404 4806 (unde
1415 4743 1528 4793 Momm·

210 4818 311 4868 senius:
331 4818 383 4882 4444
395 4823 477 4880 posset
492 4819 548 4883 opi,
567 4819 690 4880 44444444
706 4821 810 4882 ccorp.);
827 4825 899 4870 acics
915 4822 1037 4882 44444444
1050 4821 1111 4872 edd.
1130 4822 1232 4886 priores
1243 4822 1270 4870 et
1280 4820 1309 4869 0.
1324 4845 1352 4855 —
1369 4819 1411 4868 46.
1429 4819 1457 4866 io
1472 4829 1527 4866 444-

209 4891 281 4942 44644
295 4905 321 4942 v.
342 4919 368 4928 -
386 4893 427 4943 44.
442 4893 520 4955 possit
535 4909 563 4954 χ.
578 4920 604 4929 -
624 4895 665 4944 48.
682 4893 815 4943 4444444444
831 4895 896 4956 (iro.
916 4919 942 4929 -
961 4895 1066 4956 44444444
1082 4896 1109 4945 4..
1124 4921 1151 4931 -
1170 4895 1211 4946 49.
1228 4893 1328 4945 cerbere
1342 4905 1411 4942 44444
1426 4890 1526 4941 4444444.

209 4968 268 5018 cedo
284 4969 337 5020 44.
358 4993 385 5004 -
408 4983 466 5019 com
481 4984 526 5034 444
542 4971 663 5032 Μχψν.
679 4995 706 5006 -
725 4983 759 5020 ac
773 4970 829 5018 4444
845 4969 980 5031 0444444444
996 4968 1138 5021 Lambinus
1155 4970 1197 5034 444.
1211 4970 1302 5020 Gaium
1319 4967 1360 5018 IV.
1373 4965 1397 5030 4.
1410 4965 1476 5028 4644
1495 4977 1528 5016 ecc

209 5043 483 5110 toqueeucq,
502 5045 607 5096 iccdd.
620 5045 697 5108 Lea:
715 5057 748 5094 44
763 5044 818 5093 iere
834 5045 899 5106 qood
915 5058 933 5104 κ
947 5046 974 5093 44
990 5044 1051 5107 Lag.
1065 5044 1121 5105 43.;
1139 5059 1172 5095 ee
1187 5044 1243 5094 4444
1257 5041 1445 5106 autequam
1465 5041 1527 5105 Qui-

209 5118 296 5169 44444444
311 5131 365 5170 om.
383 5119 434 5172 Hs
450 5121 478 5172 44
493 5118 549 5171 rell.
564 5121 641 5185 legg.
663 5147 689 5158 -
708 5120 763 5170 cios
778 5121 812 5179 G;
831 5120 914 5170 444444
931 5121 1011 5180 Τχν.
