3578 5862
345 459 405 526 566
737 461 888 526 ORATIO
909 461 987 526 PRO
1010 462 1046 525 A.
1068 461 1269 526 CLUENTIO

344 633 470 708 babuit,
492 632 546 695 bic
566 607 700 706 rlullam,
722 629 876 713 profectio
898 632 998 713 ipsius
1020 629 1173 713 pecuniae
1186 633 1374 715 requiratur.
1408 628 1588 694 confecit
1611 629 1699 692 labn-

344 726 391 790 las
412 723 651 810 diligentissime
674 724 844 788 Cluentius.
887 725 974 789 Haec
1002 729 1104 789 alitem
1125 745 1176 788 ras
1197 724 1293 788 habet
1314 725 1372 787 boc
1395 731 1519 798 certe,
1554 729 1597 786 ut
1619 721 1698 786 nihil

343 821 569 904 possitneque
590 818 731 882 additum
752 837 857 902 neque
879 819 1051 883 detractum
1074 819 1113 882 de
1134 838 1169 882 re
1191 819 1338 882 familiari
1359 819 1480 882 latere.
1508 819 1610 881 Anni
1627 824 1699 881 sunt

343 921 429 988 octo,
451 934 521 976 cum
542 913 603 978 ista
624 931 719 976 causa
740 914 773 976 in
795 913 855 978 ista
874 913 1078 976 meditatione
1100 921 1259 988 versatur,
1281 933 1351 976 cum
1371 913 1513 988 omnia,
1543 932 1640 996 quae
1662 909 1700 974 ad

319 1021 412 1070 team
434 1025 501 1070 rem
522 1007 698 1089 pertinent,
722 1015 753 1070 et
774 1025 814 1069 ex
834 1006 928 1070 huius
950 1015 982 1070 et
1004 1027 1044 1069 ex
1059 1007 1193 1070 aliorum
1214 1007 1329 1072 tabulis
1350 1007 1509 1089 agitatis,
1538 1006 1700 1078 tractatis,

342 1101 522 1185 inquiritis=
544 1121 614 1163 cum
636 1101 759 1163 interea
774 1100 978 1164 Cluentianae
1000 1101 1154 1184 pecuniae
1172 1101 1340 1183 vestigium
1362 1099 1498 1164 nullum
1526 1099 1698 1162 invenitis.

343 1195 452 1271 Quint
473 1194 605 1258 Albiana
625 1194 761 1277 pecunia
782 1195 964 1277 vestigiisne
986 1195 1077 1258 nobis
1100 1193 1260 1258 odoranda
1283 1203 1332 1259 est
1356 1214 1397 1257 an
1419 1195 1465 1256 ad
1495 1193 1623 1276 ipsum
1646 1213 1699 1254 cu-

251 1355 259 1366 ,
340 1289 405 1352 bile
424 1290 515 1353 vobis
536 1287 670 1351 ducibus
690 1288 799 1350 venire
821 1291 1014 1372 possumus?
1051 1291 1212 1352 Tenentur
1232 1309 1296 1352 uno
1319 1289 1352 1351 in
1374 1289 1446 1352 loco
1476 1290 1554 1353 Hs
1582 1308 1695 1361 rocxs,

340 1390 487 1446 tenentur
506 1381 591 1465 apud
612 1381 771 1446 bominem
786 1382 1045 1457 audacissimum,
1067 1389 1213 1446 tenentur
1227 1381 1311 1466 apud
1326 1382 1479 1446 iudicem.
1528 1381 1592 1445 83.
1610 1383 1696 1459 Quid

303 1475 435 1540 sovultis
456 1476 615 1559 amplius?
648 1475 793 1538 atenim
816 1476 962 1539 Staienus
983 1495 1048 1539 non
1064 1475 1125 1538 luit
1142 1474 1181 1538 ab
1196 1475 1388 1559 Oppianico,
1410 1477 1469 1540 sed
1490 1497 1514 1540 a
1535 1477 1694 1540 Cluentio

339 1570 378 1633 ad
402 1569 551 1634 iudicium
566 1569 830 1651 corrumpendum
846 1571 1046 1632 constitutus.
1070 1561 1251 1648 (Curcum)
1272 1591 1342 1634 cum
1365 1571 1399 1632 in
1413 1570 1613 1634 consilium
1632 1570 1693 1631 ire·

175 1657 231 1754 C}
340 1670 405 1740 tur,
420 1663 600 1743 (Cluentius
630 1669 662 1727 et
684 1663 855 1728 Cannutius
877 1665 988 1727 abesse
1016 1649 1239 1762 patiebantur)
1270 1683 1417 1726 curcum
1439 1665 1475 1726 in
1505 1663 1691 1727 consilium

338 1761 520 1832 mittebant,
549 1757 711 1821 Staienum
740 1757 874 1821 iudicem
897 1759 952 1841 qui
982 1757 1149 1840 pecuniam
1173 1757 1326 1821 dederant
1347 1777 1412 1820 non
1433 1757 1689 1841 requirebant?

339 1853 533 1938 Oppianicus
555 1851 760 1935 querebatur,
795 1851 962 1927 Quinctius
988 1850 1166 1935 llagitabat;
1201 1853 1268 1914 sine
1292 1852 1419 1915 Staieno
1442 1872 1487 1914 ne
1515 1851 1557 1914 in
1585 1851 1692 1913 consi-

302 1945 413 2009 aalium
444 1945 558 2020 iretur,
590 1946 760 2009 tribunicia
788 1953 943 2029 potestate
976 1947 1120 2009 ellectum
1151 1952 1207 2008 est.
1244 1946 1285 2007 lt
1307 1945 1555 2008 condemnavit.
1597 1944 1687 2006 Hane

338 2041 421 2103 enim
444 2038 739 2103 condemnationem
761 2039 892 2103 dederat
907 2039 1051 2103 obsidem
1067 2039 1167 2102 Bulbo
1190 2048 1222 2102 et
1240 2039 1368 2114 ceteris,
1390 2047 1426 2102 ut
1440 2039 1635 2102 destitutus
1650 2037 1688 2098 ab

338 2134 513 2219 Oppianico
534 2134 704 2197 videretur.
735 2114 889 2210 Quareisi
911 2133 1004 2198 istinc
1019 2152 1113 2196 causa
1128 2133 1347 2217 corrumpendi
1369 2132 1502 2207 iudicii,
1531 2133 1564 2194 si
1590 2131 1685 2194 istinc

157 2230 217 2322 NJ.
336 2228 486 2311 pecunia,
519 2227 612 2291 istinc
639 2229 803 2302 Staienus,
836 2229 932 2291 istinc
958 2229 1095 2311 denique
1123 2228 1227 2290 omnis
1255 2227 1340 2291 l'raus
1368 2235 1400 2291 et
1432 2227 1584 2296 audacia
1620 2212 1685 2312 est)

188 2304 206 2335 ff
336 2321 410 2385 binc
439 2322 557 2404 pudor,
585 2320 719 2385 honesta
740 2321 821 2396 vita,
852 2323 938 2385 nulla
962 2321 1099 2404 suspicio
1128 2323 1300 2403 pecuniae,
1330 2320 1416 2384 nulla
1438 2316 1680 2402 corrumpendi

298 2416 444 2478 roiudicii
473 2435 584 2489 causa,
613 2407 756 2499 patimini
777 2418 907 2480 veritate
938 2415 1092 2499 patefacta
1115 2423 1211 2498 atque
1234 2415 1319 2478 omni
1348 2435 1454 2478 errore
1477 2414 1620 2477 sublato
1643 2431 1680 2473 eo

336 2509 470 2572 transire
496 2507 584 2570 illius
606 2508 810 2591 turpitudinis
832 2509 1012 2582 infamiam,
1033 2508 1088 2570 ubi
1110 2517 1213 2571 cetera
1235 2509 1389 2572 maleficia
1407 2509 1617 2580 consistunt,
1639 2505 1677 2567 ab

336 2623 374 2665 eo
396 2603 546 2666 invidiam
567 2602 728 2664 discedere
752 2602 941 2686 aliquando,
969 2600 1009 2664 ad
1032 2621 1126 2684 quem
1148 2623 1321 2686 numquam
1343 2603 1519 2666 accessisse
1546 2602 1676 2685 culpam

335 2695 457 2760 videtis.

419 2789 536 2852 XXXl.
558 2785 609 2852 84.
630 2792 672 2853 At
693 2791 778 2852 enim
798 2790 967 2872 pecuniam
991 2789 1120 2852 Staieno
1143 2790 1232 2853 dedit
1247 2789 1438 2874 Oppianicus
1453 2811 1520 2853 non
1544 2791 1590 2854 ad
1606 2808 1674 2852 cor·

297 2884 542 2968 abrumpendum
570 2882 740 2958 iudicium,
772 2883 828 2947 sed
857 2885 897 2946 ad
919 2883 1175 2947 conciliationem
1198 2886 1325 2968 gratiae.
1359 2886 1445 2947 Tene
1466 2884 1553 2960 hoc,
1585 2882 1670 2953 Acci,

275 2981 279 2994 '
335 2979 458 3053 dicere,
480 2976 536 3040 tali
558 2977 742 3061 prudentia,
765 2977 859 3041 etism
876 2997 937 3041 usu
956 2986 1051 3061 atquc
1067 2980 1290 3042 exercitatione
1305 2979 1507 3062 praeditum?
1533 2977 1670 3062 Sapien-

333 3073 488 3135 tissimnm
518 3089 588 3134 esse
618 3071 728 3134 dicunt
756 3092 846 3145 eum,
878 3072 928 3134 cui
960 3071 1047 3156 quod
1069 3090 1149 3155 opus
1173 3073 1213 3135 sit
1236 3073 1297 3154 ipsi
1321 3072 1428 3136 veniat
1448 3073 1482 3135 in
1506 3081 1668 3138 mentem,

334 3166 478 3248 proxime
501 3165 651 3228 accedere
673 3165 779 3241 illum,
802 3166 857 3248 qui
880 3159 1012 3229 alterius
1034 3166 1115 3228 bene
1139 3167 1277 3229 inventis
1300 3166 1504 3250 obtemperet
1537 3169 1576 3230 ln
1593 3164 1668 3228 stul-

334 3259 403 3322 titia
425 3263 535 3321 contra
556 3265 614 3321 est.
656 3261 762 3322 Minus
785 3260 1005 3323 enimstultus
1028 3261 1144 3334 estis,
1174 3261 1225 3322 cui
1248 3259 1328 3322 nibil
1349 3261 1382 3322 in
1405 3267 1545 3323 mentem
1569 3258 1664 3328 venit,

296 3369 429 3437 acquam
452 3352 522 3426 ille,
544 3353 618 3434 qui,
648 3353 733 3436 qnod
756 3354 850 3417 stulte
873 3354 963 3417 alteri
985 3354 1073 3416 venit
1094 3353 1127 3414 in
1151 3361 1306 3426 mentem,
1329 3355 1522 3436 comprobat.
1570 3355 1664 3416 Istam

334 3447 586 3510 conciliationem
609 3447 727 3529 gratiae
751 3448 898 3511 Staienus
919 3456 984 3510 tum
999 3448 1117 3510 recenti
1138 3467 1186 3521 re,
1212 3467 1281 3508 cum
1296 3446 1441 3510 faucibus
1455 3453 1662 3531 premeretur,

334 3539 538 3622 excogitavit,
561 3540 646 3613 sive,
668 3547 706 3604 ut
726 3541 871 3603 homines
895 3550 959 3603 tum
982 3541 1206 3624 loquebantur,
1229 3560 1247 3602 a
1270 3543 1302 3602 P.
1319 3540 1456 3622 Cethego
1479 3539 1661 3604 admonitus

336 3633 439 3718 [istam
462 3632 551 3696 dedit
572 3634 803 3698 conciliationis
826 3643 857 3696 et
878 3635 997 3717 gratiae
1018 3629 1180 3716 fabulam].
1213 3632 1265 3696 85.
1288 3636 1365 3697 Nam
1380 3633 1480 3698 nisse
1496 3635 1583 3698 bunc
1599 3641 1658 3696 tum

293 3789 296 3796 ,
334 3728 497 3790 bominum
518 3747 694 3792 sermonem
715 3729 871 3792 recordari
893 3729 1047 3813 potestis:
1073 3729 1263 3810 Cethegum,
1286 3729 1370 3812 qnod
1391 3728 1554 3792 hominem
1578 3727 1658 3789 odis·

297 3829 384 3887 asset
406 3829 437 3884 et
458 3821 545 3905 quod
569 3822 636 3885 eius
659 3823 890 3914 improbitatem
912 3824 1030 3887 versari
1052 3825 1084 3885 in
1107 3843 1140 3885 re
1162 3823 1291 3904 publica
1312 3821 1411 3886 nollet
1428 3831 1459 3885 et
1474 3823 1560 3907 quod
1575 3819 1659 3886 vide-

336 3923 384 3978 ret
405 3936 494 3991 eum,
522 3917 576 3999 qui
607 3935 641 3979 se
663 3915 703 3980 ab
724 3937 779 3981 reo
800 3916 983 4001 pecuniam,
1012 3937 1083 3980 curn
1104 3915 1201 3979 iudex
1222 3923 1321 3991 esset,
1351 3917 1548 4001 clamatque
1572 3924 1658 3981 extra

402 4184 426 4236 l.
445 4186 479 4234 ed
495 4185 554 4234 ST:
572 4197 639 4234 suae
655 4187 690 4234 cd
707 4183 847 4236 111130.
867 4187 949 4248 (allon
967 4201 1030 4250 crgo
1046 4189 1124 4237 antea
1141 4186 1327 4251 pertinebant?
1345 4189 1428 4238 Nemo
1446 4189 1488 4240 bic
1499 4189 1599 4250 haesit,
1617 4200 1657 4236 ve-

335 4261 457 4310 rietatem
475 4257 573 4310 nullam
590 4260 686 4310 inveni.
710 4261 809 4310 Tamen
826 4275 892 4311 cunc
908 4262 1023 4313 alienum
1035 4266 1063 4312 et
1076 4262 1219 4314 delendum
1232 4263 1361 4312 videtur·
1380 4266 1440 4312 Gla.
1453 4264 1487 4326 S.)
1501 4291 1527 4300 -
1547 4267 1572 4316 5.
1586 4263 1656 4328 cyitis

335 4335 424 4385 l'blA.
440 4361 467 4369 -
486 4334 510 4383 7.
523 4333 637 4383 Abbiana
649 4335 675 4384 S.
698 4334 736 4386 Cl.
749 4347 804 4384 var.
818 4333 878 4384 lect.
892 4336 926 4386 ad
943 4337 1174 4400 11183115.-
1193 4338 1217 4386 8.
1231 4337 1341 4398 ducibus]
1357 4337 1478 4388 iudicilnc
1494 4341 1546 4390 ST.
1563 4368 1590 4378 »-
1607 4339 1653 4389 118.

336 4422 388 4460 om.
408 4409 563 4459 Τ1Ἀ1..-
582 4408 671 4458 XXXX
683 4409 756 4458 milio
772 4411 801 4468 S;
819 4411 906 4460 XXXX
921 4412 953 4471 T;
971 4412 1024 4463 DC.
1042 4412 1162 4462 sestertio.
1174 4413 1224 4462 Xl..
1236 4413 1290 4462 vait.
1303 4417 1337 4470 Α;
1356 4415 1653 4478 monstruosam
1758 4407 1760 4478 ζ

334 4484 415 4534 millia
430 4495 560 4532 summam
577 4479 630 4534 LO.
651 4511 678 4521 -
702 4484 742 4535 lo.
761 4485 833 4534 voltis
849 4487 901 4535 ST.
924 4515 951 4524 -
976 4489 1015 4537 lt.
1035 4486 1098 4550 mm]
1116 4487 1181 4536 caim
1197 4489 1231 4536 bl.
1252 4514 1278 4522 —
1299 4489 1338 4538 12.
1356 4501 1403 4538 cur
1418 4487 1650 4542 011111118-
1760 4494 1762 4547 l

336 4559 376 4610 13.
390 4559 433 4620 qus·
449 4556 614 4609 Classenius:
633 4559 674 4609 cui
690 4561 756 4622 qatcd
772 4562 801 4620 S;
820 4563 886 4623 qaod
902 4563 936 4619 Τ;
954 4563 995 4612 cui
1012 4559 1152 4613 111130.
1173 4591 1201 4603 .-
1219 4563 1410 4625 requs'rcbcntar
1426 4566 1489 4624 l'll3
1507 4567 1654 4628 quaerebant

335 4636 361 4684 S.
382 4661 409 4671 -
434 4631 474 4682 ll.
491 4633 643 4694 quccbotar
659 4637 778 4686 STblL:
796 4637 932 4697 quaerebat
948 4635 1058 4688 autc.
1080 4665 1106 4674 κ
1134 4639 1174 4687 15.
1193 4641 1304 4701 effectum
1320 4640 1403 4690 STF:
1422 4641 1558 4702 perfectam
1573 4640 1650 4694 llll.

335 4706 390 4760 80.
406 4733 432 4742 -
452 4707 492 4758 16.
505 4709 803 4759 condamnationcmST:
822 4710 1189 4766 ccmncttmomlntltto.
1205 4740 1232 4748 —
1252 4712 1291 4762 18.
1304 4713 1389 4762 iudicii
1404 4713 1425 4762 si
1442 4715 1581 4766 istincST:
1600 4726 1649 4764 om.

335 4785 357 4833 ri
373 4780 515 4836 altio.
538 4782 577 4834 Cl.
596 4783 754 4846 Madvigium
772 4786 859 4844 Opasc.
873 4788 903 4836 ll.
922 4801 948 4851 p.
962 4789 1019 4837 ili.
1038 4813 1062 4821 —
1084 4788 1123 4836 19.
1142 4787 1212 4836 nulla
1228 4788 1333 4850 suspicio
1350 4789 1408 4838 ST:
1428 4794 1451 4840 ct
1467 4791 1537 4839 natta
1550 4789 1650 4854 suspicio

336 4861 383 4910 Ra
396 4856 438 4910 bil
449 4859 478 4907 0.
499 4881 526 4894 ·-
545 4859 586 4908 to.
603 4855 807 4920 pertentarit.
829 4887 854 4896 -
874 4861 914 4910 at.
933 4862 1067 4912 concitant
1084 4857 1169 4914 Fut.
1191 4889 1217 4897 —
1239 4862 1280 4913 tl.
1297 4863 1329 4912 At
1345 4863 1432 4912 absim
1450 4861 1575 4914 Classcnii
1592 4875 1648 4926 ope·

335 4949 391 4986 rae.
407 4961 433 4970 -
451 4935 493 4985 at.
510 4933 689 4984 afflictionis
708 4935 820 4998 cratim
842 4937 895 4985 ST.
922 4963 948 4972 -
974 4937 1014 4985 aa.
1034 4937 1116 4998 ettam]
1138 4937 1184 4986 tati
1208 4938 1283 4986 etiam
1299 4937 1327 4986 L.
1348 4963 1373 4972 -
1393 4937 1433 4988 ST.
1452 4939 1543 5003 dicant]
1562 4938 1648 4990 Hesio·

336 5012 386 5064 dus
404 5013 470 5075 0pp.
488 5012 516 5060 et
530 5011 562 5060 D.
579 5022 605 5059 v.
617 5007 665 5065 293
677 5021 737 5072 sqq.
758 5035 784 5044 -
804 5011 843 5075 28.
863 5012 974 5060 accidere
991 5011 1023 5060 bl.
1038 5037 1065 5045 —
1085 5011 1263 5074 obtonpercrct
1280 5012 1307 5062 T.
1327 5038 1354 5048 -
1372 5011 1412 5061 32.
1430 5012 1481 5063 siva
1496 5014 1547 5076 ipse
1562 5015 1610 5064 sice
1624 5011 1647 5056 ul

336 5087 535 5139 blomnrsenlus.
555 5110 582 5120 —
601 5083 642 5136 33.
659 5085 781 5134 uum--
791 5084 903 5148 fatuus
920 5098 972 5134 om.
991 5087 1045 5135 ST.
1066 5113 1093 5122 —
1119 5087 1298 5136 conciliationis
1312 5085 1415 5150 pretim
1429 5088 1461 5148 L;
1480 5083 1649 5138 concitatioris

337 5161 376 5227 [ct]
394 5162 493 5225 pretim
509 5161 539 5211 0.
558 5187 585 5197 -
605 5165 658 5211 tran
674 5159 734 5210 ST:
752 5171 806 5209 om.
825 5157 966 5211 RALSO.
