<?xml version="1.0" encoding="UTF-8"?>
<!DOCTYPE html PUBLIC "-//W3C//DTD XHTML 1.0 Transitional//EN"
    "http://www.w3.org/TR/xhtml1/DTD/xhtml1-transitional.dtd">
<html xmlns="http://www.w3.org/1999/xhtml" xml:lang="en" lang="en">
 <head>
  <title>
</title>
<meta http-equiv="Content-Type" content="text/html;charset=utf-8" />
  <meta name='ocr-system' content='tesseract 3.04.00' />
  <meta name='ocr-capabilities' content='ocr_page ocr_carea ocr_par ocr_line ocrx_word'/>
</head>
<body>
  <div class='ocr_page' id='page_1' title='image "./mtulliiciceroni00baitgoog_0190.png"; bbox 0 0 3648 5888; ppageno 0'>
   <div class='ocr_carea' id='block_1_1' title="bbox 147 833 223 914">
    <p class='ocr_par' dir='ltr' id='par_1_1' title="bbox 147 833 223 914">
     <span class='ocr_line' id='line_1_1' title="bbox 147 833 223 914; baseline 0 -6"><span class='ocrx_word' id='word_1_1' title='bbox 147 833 223 914; x_wconf 55' lang='lat' dir='ltr'><strong>c?</strong></span> 
     </span>
    </p>
   </div>
   <div class='ocr_carea' id='block_1_2' title="bbox 315 445 1264 516">
    <p class='ocr_par' dir='ltr' id='par_1_2' title="bbox 315 445 1264 516">
     <span class='ocr_line' id='line_1_2' title="bbox 315 445 1264 516; baseline -0.002 0"><span class='ocrx_word' id='word_1_2' title='bbox 315 447 377 516; x_wconf 79' lang='lat' dir='ltr'><strong>tei</strong></span> <span class='ocrx_word' id='word_1_3' title='bbox 686 446 729 513; x_wconf 82' lang='lat' dir='ltr'><strong>nt</strong></span> <span class='ocrx_word' id='word_1_4' title='bbox 749 447 916 514; x_wconf 83' lang='lat' dir='ltr'><strong>VERREM</strong></span> <span class='ocrx_word' id='word_1_5' title='bbox 936 445 1059 514; x_wconf 85' lang='lat' dir='ltr'><strong>ACTIO</strong></span> <span class='ocrx_word' id='word_1_6' title='bbox 1082 447 1264 514; x_wconf 80' lang='lat' dir='ltr'><strong>SECUNDA</strong></span> 
     </span>
    </p>
   </div>
   <div class='ocr_carea' id='block_1_3' title="bbox 267 616 1638 3160">
    <p class='ocr_par' dir='ltr' id='par_1_3' title="bbox 290 616 1638 1460">
     <span class='ocr_line' id='line_1_3' title="bbox 314 616 1637 702; baseline -0.002 -17"><span class='ocrx_word' id='word_1_7' title='bbox 314 641 385 685; x_wconf 89' lang='lat' dir='ltr'><strong>rum</strong></span> <span class='ocrx_word' id='word_1_8' title='bbox 407 617 660 683; x_wconf 87' lang='lat' dir='ltr'><strong>commovemini.</strong></span> <span class='ocrx_word' id='word_1_9' title='bbox 694 617 780 694; x_wconf 87' lang='lat' dir='ltr'>Quid</span> <span class='ocrx_word' id='word_1_10' title='bbox 803 619 886 682; x_wconf 90' lang='lat' dir='ltr'><strong>enim</strong></span> <span class='ocrx_word' id='word_1_11' title='bbox 907 625 1019 684; x_wconf 89' lang='lat' dir='ltr'><strong>natura</strong></span> <span class='ocrx_word' id='word_1_12' title='bbox 1034 619 1126 684; x_wconf 92' lang='lat' dir='ltr'><strong>nohis</strong></span> <span class='ocrx_word' id='word_1_13' title='bbox 1146 619 1331 692; x_wconf 88' lang='lat' dir='ltr'><strong>iucundius,</strong></span> <span class='ocrx_word' id='word_1_14' title='bbox 1354 616 1431 702; x_wconf 90' lang='lat' dir='ltr'><strong>quid</strong></span> <span class='ocrx_word' id='word_1_15' title='bbox 1446 619 1549 682; x_wconf 86' lang='lat' dir='ltr'><strong>carius</strong></span> <span class='ocrx_word' id='word_1_16' title='bbox 1565 637 1637 682; x_wconf 86' lang='lat' dir='ltr'><strong>esse</strong></span> 
     </span>
     <span class='ocr_line' id='line_1_4' title="bbox 314 711 1637 796; baseline -0.002 -18"><span class='ocrx_word' id='word_1_17' title='bbox 314 713 439 778; x_wconf 73' lang='lat' dir='ltr'><strong>voluit?</strong></span> <span class='ocrx_word' id='word_1_18' title='bbox 453 713 538 796; x_wconf 85' lang='lat' dir='ltr'><strong>(quid</strong></span> <span class='ocrx_word' id='word_1_19' title='bbox 561 721 608 774; x_wconf 87' lang='lat' dir='ltr'><strong>est</strong></span> <span class='ocrx_word' id='word_1_20' title='bbox 628 711 770 795; x_wconf 89' lang='lat' dir='ltr'><strong>dignius,</strong></span> <span class='ocrx_word' id='word_1_21' title='bbox 792 711 825 773; x_wconf 92' lang='lat' dir='ltr'><strong>in</strong></span> <span class='ocrx_word' id='word_1_22' title='bbox 847 732 912 795; x_wconf 94' lang='lat' dir='ltr'><strong>quo</strong></span> <span class='ocrx_word' id='word_1_23' title='bbox 933 714 1039 776; x_wconf 89' lang='lat' dir='ltr'><strong>omnis</strong></span> <span class='ocrx_word' id='word_1_24' title='bbox 1059 721 1166 776; x_wconf 90' lang='lat' dir='ltr'><strong>nostra</strong></span> <span class='ocrx_word' id='word_1_25' title='bbox 1187 712 1350 794; x_wconf 80' lang='lat' dir='ltr'><strong>diligentia</strong></span> <span class='ocrx_word' id='word_1_26' title='bbox 1370 711 1637 796; x_wconf 70' lang='lat' dir='ltr'><strong>indulgentiaque</strong></span> 
     </span>
     <span class='ocr_line' id='line_1_5' title="bbox 315 801 1637 900; baseline -0.002 -27"><span class='ocrx_word' id='word_1_27' title='bbox 315 805 559 900; x_wconf 77' lang='lat' dir='ltr'><strong>consumaturt)</strong></span> <span class='ocrx_word' id='word_1_28' title='bbox 583 801 655 868; x_wconf 88' lang='lat' dir='ltr'><strong>tt3.</strong></span> <span class='ocrx_word' id='word_1_29' title='bbox 677 807 780 870; x_wconf 90' lang='lat' dir='ltr'><strong>Homo</strong></span> <span class='ocrx_word' id='word_1_30' title='bbox 802 807 1087 890; x_wconf 78' lang='lat' dir='ltr'><strong>importunissime,</strong></span> <span class='ocrx_word' id='word_1_31' title='bbox 1110 828 1167 871; x_wconf 89' lang='lat' dir='ltr'><strong>cur</strong></span> <span class='ocrx_word' id='word_1_32' title='bbox 1187 814 1305 870; x_wconf 87' lang='lat' dir='ltr'><strong>tantam</strong></span> <span class='ocrx_word' id='word_1_33' title='bbox 1320 807 1469 870; x_wconf 90' lang='lat' dir='ltr'><strong>iniuriam</strong></span> <span class='ocrx_word' id='word_1_34' title='bbox 1483 808 1516 869; x_wconf 84' lang='lat' dir='ltr'><strong>P.</strong></span> <span class='ocrx_word' id='word_1_35' title='bbox 1531 808 1637 871; x_wconf 91' lang='lat' dir='ltr'><strong>Annio</strong></span> 
     </span>
     <span class='ocr_line' id='line_1_6' title="bbox 314 893 1638 986; baseline -0.002 -19"><span class='ocrx_word' id='word_1_36' title='bbox 314 911 439 967; x_wconf 88' lang='lat' dir='ltr'><strong>mortuo</strong></span> <span class='ocrx_word' id='word_1_37' title='bbox 460 901 585 966; x_wconf 74' lang='lat' dir='ltr'><strong>fecisti?</strong></span> <span class='ocrx_word' id='word_1_38' title='bbox 607 922 663 965; x_wconf 88' lang='lat' dir='ltr'><strong>our</strong></span> <span class='ocrx_word' id='word_1_39' title='bbox 683 901 768 965; x_wconf 93' lang='lat' dir='ltr'><strong>hunc</strong></span> <span class='ocrx_word' id='word_1_40' title='bbox 790 900 933 964; x_wconf 91' lang='lat' dir='ltr'><strong>dolorem</strong></span> <span class='ocrx_word' id='word_1_41' title='bbox 955 901 1055 964; x_wconf 93' lang='lat' dir='ltr'><strong>cineri</strong></span> <span class='ocrx_word' id='word_1_42' title='bbox 1078 903 1147 966; x_wconf 87' lang='lat' dir='ltr'><strong>eius</strong></span> <span class='ocrx_word' id='word_1_43' title='bbox 1168 893 1264 986; x_wconf 86' lang='lat' dir='ltr'><strong>atque</strong></span> <span class='ocrx_word' id='word_1_44' title='bbox 1280 900 1404 964; x_wconf 90' lang='lat' dir='ltr'><strong>ossibus</strong></span> <span class='ocrx_word' id='word_1_45' title='bbox 1420 901 1579 977; x_wconf 89' lang='lat' dir='ltr'><strong>inussisti,</strong></span> <span class='ocrx_word' id='word_1_46' title='bbox 1599 908 1638 964; x_wconf 90' lang='lat' dir='ltr'><strong>ut</strong></span> 
     </span>
     <span class='ocr_line' id='line_1_7' title="bbox 290 994 1636 1080; baseline -0.001 -19"><span class='ocrx_word' id='word_1_47' title='bbox 290 998 421 1061; x_wconf 74' lang='lat' dir='ltr'><strong>triberis</strong></span> <span class='ocrx_word' id='word_1_48' title='bbox 444 997 512 1060; x_wconf 90' lang='lat' dir='ltr'><strong>eius</strong></span> <span class='ocrx_word' id='word_1_49' title='bbox 532 997 618 1060; x_wconf 91' lang='lat' dir='ltr'><strong>bona</strong></span> <span class='ocrx_word' id='word_1_50' title='bbox 638 995 756 1080; x_wconf 86' lang='lat' dir='ltr'><strong>patria,</strong></span> <span class='ocrx_word' id='word_1_51' title='bbox 778 994 943 1058; x_wconf 88' lang='lat' dir='ltr'><strong>voluntate</strong></span> <span class='ocrx_word' id='word_1_52' title='bbox 964 995 1077 1079; x_wconf 91' lang='lat' dir='ltr'><strong>patris,</strong></span> <span class='ocrx_word' id='word_1_53' title='bbox 1099 996 1185 1071; x_wconf 89' lang='lat' dir='ltr'><strong>iure,</strong></span> <span class='ocrx_word' id='word_1_54' title='bbox 1207 995 1330 1078; x_wconf 89' lang='lat' dir='ltr'><strong>legibus</strong></span> <span class='ocrx_word' id='word_1_55' title='bbox 1345 994 1474 1071; x_wconf 77' lang='lat' dir='ltr'><strong>cadim,</strong></span> <span class='ocrx_word' id='word_1_56' title='bbox 1497 997 1636 1078; x_wconf 81' lang='lat' dir='ltr'><strong>eriperes</strong></span> 
     </span>
     <span class='ocr_line' id='line_1_8' title="bbox 314 1089 1636 1168; baseline -0.002 -12"><span class='ocrx_word' id='word_1_57' title='bbox 314 1099 359 1168; x_wconf 88' lang='lat' dir='ltr'><strong>et,</strong></span> <span class='ocrx_word' id='word_1_58' title='bbox 383 1093 433 1156; x_wconf 89' lang='lat' dir='ltr'><strong>cui</strong></span> <span class='ocrx_word' id='word_1_59' title='bbox 453 1091 510 1155; x_wconf 89' lang='lat' dir='ltr'><strong>tibi</strong></span> <span class='ocrx_word' id='word_1_60' title='bbox 533 1097 616 1154; x_wconf 89' lang='lat' dir='ltr'><strong>esset</strong></span> <span class='ocrx_word' id='word_1_61' title='bbox 636 1089 855 1164; x_wconf 90' lang='lat' dir='ltr'><strong>commodum,</strong></span> <span class='ocrx_word' id='word_1_62' title='bbox 880 1089 1102 1153; x_wconf 75' lang='lat' dir='ltr'><strong>condonares?</strong></span> <span class='ocrx_word' id='word_1_63' title='bbox 1139 1090 1334 1166; x_wconf 83' lang='lat' dir='ltr'><strong>Quibuscum</strong></span> <span class='ocrx_word' id='word_1_64' title='bbox 1350 1089 1414 1152; x_wconf 84' lang='lat' dir='ltr'><strong>vivi</strong></span> <span class='ocrx_word' id='word_1_65' title='bbox 1429 1089 1514 1154; x_wconf 90' lang='lat' dir='ltr'><strong>bona</strong></span> <span class='ocrx_word' id='word_1_66' title='bbox 1526 1098 1636 1153; x_wconf 88' lang='lat' dir='ltr'><strong>nostra</strong></span> 
     </span>
     <span class='ocr_line' id='line_1_9' title="bbox 312 1183 1634 1269; baseline -0.002 -20"><span class='ocrx_word' id='word_1_67' title='bbox 312 1186 481 1269; x_wconf 88' lang='lat' dir='ltr'><strong>partimur,</strong></span> <span class='ocrx_word' id='word_1_68' title='bbox 510 1185 549 1249; x_wconf 91' lang='lat' dir='ltr'><strong>iis</strong></span> <span class='ocrx_word' id='word_1_69' title='bbox 576 1191 704 1269; x_wconf 88' lang='lat' dir='ltr'><strong>praetor</strong></span> <span class='ocrx_word' id='word_1_70' title='bbox 733 1185 872 1248; x_wconf 82' lang='lat' dir='ltr'><strong>adimere</strong></span> <span class='ocrx_word' id='word_1_71' title='bbox 894 1186 987 1249; x_wconf 92' lang='lat' dir='ltr'><strong>nobis</strong></span> <span class='ocrx_word' id='word_1_72' title='bbox 1009 1185 1141 1249; x_wconf 84' lang='lat' dir='ltr'><strong>mortuis</strong></span> <span class='ocrx_word' id='word_1_73' title='bbox 1161 1185 1246 1247; x_wconf 89' lang='lat' dir='ltr'><strong>bona</strong></span> <span class='ocrx_word' id='word_1_74' title='bbox 1265 1183 1473 1268; x_wconf 80' lang='lat' dir='ltr'><strong>fortunasque</strong></span> <span class='ocrx_word' id='word_1_75' title='bbox 1494 1185 1634 1267; x_wconf 86' lang='lat' dir='ltr'><strong>poteritt</strong></span> 
     </span>
     <span class='ocr_line' id='line_1_10' title="bbox 311 1278 1636 1365; baseline -0.002 -21"><span class='ocrx_word' id='word_1_76' title='bbox 311 1283 379 1344; x_wconf 84' lang='lat' dir='ltr'><strong>Nnc</strong></span> <span class='ocrx_word' id='word_1_77' title='bbox 406 1300 616 1356; x_wconf 75' lang='grc'><strong>4444440444,</strong></span> <span class='ocrx_word' id='word_1_78' title='bbox 649 1280 770 1365; x_wconf 92' lang='lat' dir='ltr'><strong>inquit,</strong></span> <span class='ocrx_word' id='word_1_79' title='bbox 801 1299 861 1343; x_wconf 81' lang='lat' dir='ltr'><strong>nnc</strong></span> <span class='ocrx_word' id='word_1_80' title='bbox 883 1299 1111 1344; x_wconf 75' lang='lat' dir='ltr'><strong>possessionen</strong></span> <span class='ocrx_word' id='word_1_81' title='bbox 1132 1297 1225 1342; x_wconf 85' lang='lat' dir='ltr'><strong>naso.</strong></span> <span class='ocrx_word' id='word_1_82' title='bbox 1267 1279 1392 1362; x_wconf 88' lang='lat' dir='ltr'><strong>Eripies</strong></span> <span class='ocrx_word' id='word_1_83' title='bbox 1413 1279 1509 1361; x_wconf 88' lang='lat' dir='ltr'><strong>igitur</strong></span> <span class='ocrx_word' id='word_1_84' title='bbox 1529 1278 1636 1363; x_wconf 93' lang='lat' dir='ltr'><strong>pupil-</strong></span> 
     </span>
     <span class='ocr_line' id='line_1_11' title="bbox 311 1372 1633 1460; baseline -0.002 -21"><span class='ocrx_word' id='word_1_85' title='bbox 311 1375 361 1439; x_wconf 91' lang='lat' dir='ltr'><strong>lae</strong></span> <span class='ocrx_word' id='word_1_86' title='bbox 388 1382 495 1459; x_wconf 87' lang='lat' dir='ltr'><strong>togam</strong></span> <span class='ocrx_word' id='word_1_87' title='bbox 524 1380 744 1460; x_wconf 72' lang='lat' dir='ltr'><strong>praetextam?</strong></span> <span class='ocrx_word' id='word_1_88' title='bbox 773 1373 921 1438; x_wconf 84' lang='lat' dir='ltr'><strong>detrahes</strong></span> <span class='ocrx_word' id='word_1_89' title='bbox 950 1382 1135 1438; x_wconf 89' lang='lat' dir='ltr'><strong>ornamenta</strong></span> <span class='ocrx_word' id='word_1_90' title='bbox 1162 1393 1228 1438; x_wconf 92' lang='lat' dir='ltr'><strong>non</strong></span> <span class='ocrx_word' id='word_1_91' title='bbox 1256 1375 1359 1437; x_wconf 87' lang='lat' dir='ltr'><strong>solum</strong></span> <span class='ocrx_word' id='word_1_92' title='bbox 1381 1372 1543 1449; x_wconf 83' lang='lat' dir='ltr'><strong>fortunae,</strong></span> <span class='ocrx_word' id='word_1_93' title='bbox 1577 1373 1633 1437; x_wconf 90' lang='lat' dir='ltr'><strong>sed</strong></span> 
     </span>
    </p>

    <p class='ocr_par' dir='ltr' id='par_1_4' title="bbox 274 1467 1635 1931">
     <span class='ocr_line' id='line_1_12' title="bbox 274 1467 1634 1552; baseline 0 -22"><span class='ocrx_word' id='word_1_94' title='bbox 274 1467 406 1532; x_wconf 85' lang='lat' dir='ltr'><strong>t⁰etiam</strong></span> <span class='ocrx_word' id='word_1_95' title='bbox 427 1469 656 1552; x_wconf 72' lang='lat' dir='ltr'><strong>ingenuitatis?</strong></span> <span class='ocrx_word' id='word_1_96' title='bbox 699 1469 850 1533; x_wconf 81' lang='lat' dir='ltr'><strong>Miramur</strong></span> <span class='ocrx_word' id='word_1_97' title='bbox 884 1469 924 1532; x_wconf 92' lang='lat' dir='ltr'><strong>ad</strong></span> <span class='ocrx_word' id='word_1_98' title='bbox 946 1489 1032 1533; x_wconf 86' lang='lat' dir='ltr'><strong>arma</strong></span> <span class='ocrx_word' id='word_1_99' title='bbox 1054 1477 1164 1533; x_wconf 88' lang='lat' dir='ltr'><strong>contra</strong></span> <span class='ocrx_word' id='word_1_100' title='bbox 1185 1471 1280 1533; x_wconf 91' lang='lat' dir='ltr'><strong>istum</strong></span> <span class='ocrx_word' id='word_1_101' title='bbox 1301 1467 1463 1532; x_wconf 85' lang='lat' dir='ltr'><strong>hominem</strong></span> <span class='ocrx_word' id='word_1_102' title='bbox 1485 1469 1634 1550; x_wconf 88' lang='lat' dir='ltr'><strong>Lampsa·</strong></span> 
     </span>
     <span class='ocr_line' id='line_1_13' title="bbox 311 1562 1635 1646; baseline -0.003 -19"><span class='ocrx_word' id='word_1_103' title='bbox 311 1583 406 1627; x_wconf 89' lang='lat' dir='ltr'><strong>cenos</strong></span> <span class='ocrx_word' id='word_1_104' title='bbox 428 1564 512 1627; x_wconf 81' lang='lat' dir='ltr'><strong>isset</strong></span> <span class='ocrx_word' id='word_1_105' title='bbox 535 1565 686 1628; x_wconf 88' lang='lat' dir='ltr'><strong>miramur</strong></span> <span class='ocrx_word' id='word_1_106' title='bbox 706 1564 800 1628; x_wconf 90' lang='lat' dir='ltr'><strong>istum</strong></span> <span class='ocrx_word' id='word_1_107' title='bbox 823 1563 863 1626; x_wconf 91' lang='lat' dir='ltr'><strong>de</strong></span> <span class='ocrx_word' id='word_1_108' title='bbox 885 1564 1048 1646; x_wconf 84' lang='lat' dir='ltr'><strong>provincia</strong></span> <span class='ocrx_word' id='word_1_109' title='bbox 1063 1563 1269 1626; x_wconf 83' lang='lat' dir='ltr'><strong>decedentem</strong></span> <span class='ocrx_word' id='word_1_110' title='bbox 1287 1563 1367 1625; x_wconf 86' lang='lat' dir='ltr'><strong>clam</strong></span> <span class='ocrx_word' id='word_1_111' title='bbox 1383 1562 1547 1645; x_wconf 78' lang='lat' dir='ltr'><strong>Syracusis</strong></span> <span class='ocrx_word' id='word_1_112' title='bbox 1560 1580 1635 1644; x_wconf 89' lang='lat' dir='ltr'><strong>pro·</strong></span> 
     </span>
     <span class='ocr_line' id='line_1_14' title="bbox 309 1655 1633 1742; baseline -0.005 -19"><span class='ocrx_word' id='word_1_113' title='bbox 309 1658 453 1742; x_wconf 76' lang='lat' dir='ltr'><strong>fugisset</strong></span> <span class='ocrx_word' id='word_1_114' title='bbox 486 1661 551 1722; x_wconf 89' lang='lat' dir='ltr'><strong>Nos</strong></span> <span class='ocrx_word' id='word_1_115' title='bbox 573 1660 601 1723; x_wconf 93' lang='lat' dir='ltr'><strong>si</strong></span> <span class='ocrx_word' id='word_1_116' title='bbox 623 1660 760 1722; x_wconf 87' lang='lat' dir='ltr'><strong>alienam</strong></span> <span class='ocrx_word' id='word_1_117' title='bbox 781 1657 883 1722; x_wconf 91' lang='lat' dir='ltr'><strong>vicem</strong></span> <span class='ocrx_word' id='word_1_118' title='bbox 904 1676 963 1740; x_wconf 90' lang='lat' dir='ltr'><strong>pro</strong></span> <span class='ocrx_word' id='word_1_119' title='bbox 985 1665 1092 1721; x_wconf 86' lang='lat' dir='ltr'><strong>nostra</strong></span> <span class='ocrx_word' id='word_1_120' title='bbox 1113 1657 1229 1720; x_wconf 89' lang='lat' dir='ltr'><strong>iniuria</strong></span> <span class='ocrx_word' id='word_1_121' title='bbox 1246 1655 1445 1730; x_wconf 87' lang='lat' dir='ltr'><strong>doleremus,</strong></span> <span class='ocrx_word' id='word_1_122' title='bbox 1467 1655 1633 1737; x_wconf 84' lang='lat' dir='ltr'><strong>vestigium</strong></span> 
     </span>
     <span class='ocr_line' id='line_1_15' title="bbox 308 1747 1633 1835; baseline -0.002 -19"><span class='ocrx_word' id='word_1_123' title='bbox 308 1753 400 1816; x_wconf 91' lang='lat' dir='ltr'><strong>istius</strong></span> <span class='ocrx_word' id='word_1_124' title='bbox 429 1754 463 1817; x_wconf 90' lang='lat' dir='ltr'><strong>in</strong></span> <span class='ocrx_word' id='word_1_125' title='bbox 494 1752 564 1816; x_wconf 84' lang='lat' dir='ltr'><strong>foro</strong></span> <span class='ocrx_word' id='word_1_126' title='bbox 596 1753 720 1816; x_wconf 90' lang='lat' dir='ltr'><strong>nullum</strong></span> <span class='ocrx_word' id='word_1_127' title='bbox 750 1759 834 1816; x_wconf 88' lang='lat' dir='ltr'><strong>esset</strong></span> <span class='ocrx_word' id='word_1_128' title='bbox 855 1753 1009 1816; x_wconf 89' lang='lat' dir='ltr'><strong>relictum.</strong></span> <span class='ocrx_word' id='word_1_129' title='bbox 1053 1748 1125 1814; x_wconf 82' lang='lat' dir='ltr'><strong>lll.</strong></span> <span class='ocrx_word' id='word_1_130' title='bbox 1148 1753 1240 1815; x_wconf 88' lang='lat' dir='ltr'><strong>Pater</strong></span> <span class='ocrx_word' id='word_1_131' title='bbox 1261 1751 1316 1814; x_wconf 92' lang='lat' dir='ltr'><strong>dat</strong></span> <span class='ocrx_word' id='word_1_132' title='bbox 1336 1747 1440 1814; x_wconf 87' lang='lat' dir='ltr'><strong>filiae:</strong></span> <span class='ocrx_word' id='word_1_133' title='bbox 1472 1751 1633 1835; x_wconf 89' lang='lat' dir='ltr'><strong>prohibes.</strong></span> 
     </span>
     <span class='ocr_line' id='line_1_16' title="bbox 308 1845 1633 1931; baseline -0.001 -22"><span class='ocrx_word' id='word_1_134' title='bbox 308 1848 409 1931; x_wconf 90' lang='lat' dir='ltr'><strong>Leges</strong></span> <span class='ocrx_word' id='word_1_135' title='bbox 438 1847 565 1911; x_wconf 83' lang='lat' dir='ltr'><strong>sinunt:</strong></span> <span class='ocrx_word' id='word_1_136' title='bbox 592 1855 699 1910; x_wconf 90' lang='lat' dir='ltr'><strong>tamen</strong></span> <span class='ocrx_word' id='word_1_137' title='bbox 726 1856 758 1910; x_wconf 91' lang='lat' dir='ltr'><strong>te</strong></span> <span class='ocrx_word' id='word_1_138' title='bbox 780 1847 966 1931; x_wconf 84' lang='lat' dir='ltr'><strong>interponis.</strong></span> <span class='ocrx_word' id='word_1_139' title='bbox 1008 1849 1056 1911; x_wconf 87' lang='lat' dir='ltr'><strong>De</strong></span> <span class='ocrx_word' id='word_1_140' title='bbox 1078 1847 1144 1910; x_wconf 88' lang='lat' dir='ltr'><strong>suis</strong></span> <span class='ocrx_word' id='word_1_141' title='bbox 1166 1846 1260 1909; x_wconf 92' lang='lat' dir='ltr'><strong>bonis</strong></span> <span class='ocrx_word' id='word_1_142' title='bbox 1282 1846 1327 1909; x_wconf 91' lang='lat' dir='ltr'><strong>ita</strong></span> <span class='ocrx_word' id='word_1_143' title='bbox 1348 1846 1418 1920; x_wconf 89' lang='lat' dir='ltr'><strong>dat,</strong></span> <span class='ocrx_word' id='word_1_144' title='bbox 1446 1852 1483 1908; x_wconf 89' lang='lat' dir='ltr'><strong>ut</strong></span> <span class='ocrx_word' id='word_1_145' title='bbox 1502 1845 1543 1908; x_wconf 91' lang='lat' dir='ltr'><strong>ah</strong></span> <span class='ocrx_word' id='word_1_146' title='bbox 1564 1845 1633 1908; x_wconf 87' lang='lat' dir='ltr'><strong>iure</strong></span> 
     </span>
    </p>

    <p class='ocr_par' dir='ltr' id='par_1_5' title="bbox 271 1937 1634 2403">
     <span class='ocr_line' id='line_1_17' title="bbox 271 1937 1632 2025; baseline -0.004 -19"><span class='ocrx_word' id='word_1_147' title='bbox 271 1949 374 2006; x_wconf 68' lang='lat' dir='ltr'><strong>tinen</strong></span> <span class='ocrx_word' id='word_1_148' title='bbox 402 1943 504 2006; x_wconf 89' lang='lat' dir='ltr'><strong>abeat.</strong></span> <span class='ocrx_word' id='word_1_149' title='bbox 548 1941 633 2017; x_wconf 89' lang='lat' dir='ltr'><strong>Quid</strong></span> <span class='ocrx_word' id='word_1_150' title='bbox 661 1942 777 2016; x_wconf 89' lang='lat' dir='ltr'><strong>hahes,</strong></span> <span class='ocrx_word' id='word_1_151' title='bbox 814 1941 901 2025; x_wconf 91' lang='lat' dir='ltr'><strong>qnod</strong></span> <span class='ocrx_word' id='word_1_152' title='bbox 929 1941 1169 2024; x_wconf 73' lang='lat' dir='ltr'><strong>reprehendas?</strong></span> <span class='ocrx_word' id='word_1_153' title='bbox 1213 1939 1314 2013; x_wconf 91' lang='lat' dir='ltr'><strong>Nihil,</strong></span> <span class='ocrx_word' id='word_1_154' title='bbox 1345 1939 1469 2022; x_wconf 92' lang='lat' dir='ltr'><strong>opinor.</strong></span> <span class='ocrx_word' id='word_1_155' title='bbox 1505 1937 1546 2002; x_wconf 94' lang='lat' dir='ltr'><strong>At</strong></span> <span class='ocrx_word' id='word_1_156' title='bbox 1574 1957 1632 2020; x_wconf 87' lang='lat' dir='ltr'><strong>ego</strong></span> 
     </span>
     <span class='ocr_line' id='line_1_18' title="bbox 308 2031 1632 2121; baseline -0.003 -23"><span class='ocrx_word' id='word_1_157' title='bbox 308 2038 467 2100; x_wconf 86' lang='lat' dir='ltr'><strong>concedo:</strong></span> <span class='ocrx_word' id='word_1_158' title='bbox 489 2036 639 2121; x_wconf 92' lang='lat' dir='ltr'><strong>prohibe,</strong></span> <span class='ocrx_word' id='word_1_159' title='bbox 662 2037 689 2100; x_wconf 93' lang='lat' dir='ltr'><strong>si</strong></span> <span class='ocrx_word' id='word_1_160' title='bbox 710 2043 816 2120; x_wconf 91' lang='lat' dir='ltr'><strong>potes,</strong></span> <span class='ocrx_word' id='word_1_161' title='bbox 840 2037 867 2100; x_wconf 89' lang='lat' dir='ltr'><strong>si</strong></span> <span class='ocrx_word' id='word_1_162' title='bbox 888 2036 986 2100; x_wconf 89' lang='lat' dir='ltr'><strong>habes</strong></span> <span class='ocrx_word' id='word_1_163' title='bbox 1009 2037 1066 2120; x_wconf 91' lang='lat' dir='ltr'><strong>qui</strong></span> <span class='ocrx_word' id='word_1_164' title='bbox 1089 2042 1120 2097; x_wconf 90' lang='lat' dir='ltr'><strong>te</strong></span> <span class='ocrx_word' id='word_1_165' title='bbox 1142 2034 1266 2108; x_wconf 86' lang='lat' dir='ltr'><strong>audiat,</strong></span> <span class='ocrx_word' id='word_1_166' title='bbox 1289 2033 1317 2096; x_wconf 92' lang='lat' dir='ltr'><strong>si</strong></span> <span class='ocrx_word' id='word_1_167' title='bbox 1338 2040 1445 2116; x_wconf 90' lang='lat' dir='ltr'><strong>potest</strong></span> <span class='ocrx_word' id='word_1_168' title='bbox 1467 2032 1526 2096; x_wconf 93' lang='lat' dir='ltr'><strong>tibi</strong></span> <span class='ocrx_word' id='word_1_169' title='bbox 1548 2031 1632 2094; x_wconf 88' lang='lat' dir='ltr'><strong>dicto</strong></span> 
     </span>
     <span class='ocr_line' id='line_1_19' title="bbox 307 2127 1633 2214; baseline -0.005 -21"><span class='ocrx_word' id='word_1_170' title='bbox 307 2130 440 2194; x_wconf 87' lang='lat' dir='ltr'><strong>audiens</strong></span> <span class='ocrx_word' id='word_1_171' title='bbox 463 2149 533 2194; x_wconf 90' lang='lat' dir='ltr'><strong>esse</strong></span> <span class='ocrx_word' id='word_1_172' title='bbox 556 2130 736 2214; x_wconf 89' lang='lat' dir='ltr'><strong>quisquam.</strong></span> <span class='ocrx_word' id='word_1_173' title='bbox 771 2130 897 2214; x_wconf 88' lang='lat' dir='ltr'><strong>Eripias</strong></span> <span class='ocrx_word' id='word_1_174' title='bbox 919 2137 955 2192; x_wconf 90' lang='lat' dir='ltr'><strong>tu</strong></span> <span class='ocrx_word' id='word_1_175' title='bbox 975 2130 1171 2193; x_wconf 87' lang='lat' dir='ltr'><strong>voluntatem</strong></span> <span class='ocrx_word' id='word_1_176' title='bbox 1193 2128 1343 2204; x_wconf 91' lang='lat' dir='ltr'><strong>mortuis,</strong></span> <span class='ocrx_word' id='word_1_177' title='bbox 1365 2128 1450 2192; x_wconf 92' lang='lat' dir='ltr'><strong>bona</strong></span> <span class='ocrx_word' id='word_1_178' title='bbox 1464 2127 1560 2202; x_wconf 87' lang='lat' dir='ltr'><strong>vivis,</strong></span> <span class='ocrx_word' id='word_1_179' title='bbox 1583 2127 1633 2188; x_wconf 87' lang='lat' dir='ltr'><strong>ius</strong></span> 
     </span>
     <span class='ocr_line' id='line_1_20' title="bbox 307 2219 1634 2307; baseline -0.005 -19"><span class='ocrx_word' id='word_1_180' title='bbox 307 2226 479 2289; x_wconf 73' lang='lat' dir='ltr'><strong>omnibns?</strong></span> <span class='ocrx_word' id='word_1_181' title='bbox 522 2225 592 2287; x_wconf 88' lang='lat' dir='ltr'><strong>lloc</strong></span> <span class='ocrx_word' id='word_1_182' title='bbox 619 2224 758 2307; x_wconf 90' lang='lat' dir='ltr'><strong>populus</strong></span> <span class='ocrx_word' id='word_1_183' title='bbox 785 2226 947 2288; x_wconf 84' lang='lat' dir='ltr'><strong>Romanus</strong></span> <span class='ocrx_word' id='word_1_184' title='bbox 973 2244 1039 2287; x_wconf 90' lang='lat' dir='ltr'><strong>non</strong></span> <span class='ocrx_word' id='word_1_185' title='bbox 1068 2243 1164 2288; x_wconf 89' lang='lat' dir='ltr'><strong>manu</strong></span> <span class='ocrx_word' id='word_1_186' title='bbox 1185 2223 1394 2299; x_wconf 83' lang='lat' dir='ltr'><strong>vindicasset,</strong></span> <span class='ocrx_word' id='word_1_187' title='bbox 1421 2222 1482 2285; x_wconf 94' lang='lat' dir='ltr'><strong>nisi</strong></span> <span class='ocrx_word' id='word_1_188' title='bbox 1505 2229 1537 2285; x_wconf 92' lang='lat' dir='ltr'><strong>te</strong></span> <span class='ocrx_word' id='word_1_189' title='bbox 1557 2219 1634 2284; x_wconf 88' lang='lat' dir='ltr'><strong>huie</strong></span> 
     </span>
     <span class='ocr_line' id='line_1_21' title="bbox 306 2317 1042 2403; baseline -0.003 -21"><span class='ocrx_word' id='word_1_190' title='bbox 306 2319 443 2402; x_wconf 90' lang='lat' dir='ltr'><strong>tempori</strong></span> <span class='ocrx_word' id='word_1_191' title='bbox 466 2324 563 2403; x_wconf 92' lang='lat' dir='ltr'><strong>atque</strong></span> <span class='ocrx_word' id='word_1_192' title='bbox 585 2317 660 2380; x_wconf 89' lang='lat' dir='ltr'><strong>huie</strong></span> <span class='ocrx_word' id='word_1_193' title='bbox 681 2318 800 2381; x_wconf 88' lang='lat' dir='ltr'><strong>iudicio</strong></span> <span class='ocrx_word' id='word_1_194' title='bbox 823 2320 1042 2382; x_wconf 73' lang='lat' dir='ltr'><strong>reservasset?</strong></span> 
     </span>
    </p>

    <p class='ocr_par' dir='ltr' id='par_1_6' title="bbox 268 2410 1634 2863">
     <span class='ocr_line' id='line_1_22' title="bbox 268 2410 1632 2497; baseline 0.001 -25"><span class='ocrx_word' id='word_1_195' title='bbox 268 2423 297 2472; x_wconf 81' lang='grc'><strong>40</strong></span> <span class='ocrx_word' id='word_1_196' title='bbox 390 2414 600 2497; x_wconf 89' lang='lat' dir='ltr'><strong>Posteaquam</strong></span> <span class='ocrx_word' id='word_1_197' title='bbox 634 2413 684 2476; x_wconf 92' lang='lat' dir='ltr'><strong>ius</strong></span> <span class='ocrx_word' id='word_1_198' title='bbox 711 2414 905 2497; x_wconf 90' lang='lat' dir='ltr'><strong>praetorium</strong></span> <span class='ocrx_word' id='word_1_199' title='bbox 936 2412 1142 2476; x_wconf 87' lang='lat' dir='ltr'><strong>constitutum</strong></span> <span class='ocrx_word' id='word_1_200' title='bbox 1170 2420 1233 2488; x_wconf 90' lang='lat' dir='ltr'><strong>est,</strong></span> <span class='ocrx_word' id='word_1_201' title='bbox 1263 2431 1388 2495; x_wconf 84' lang='lat' dir='ltr'><strong>semper</strong></span> <span class='ocrx_word' id='word_1_202' title='bbox 1408 2410 1470 2476; x_wconf 89' lang='lat' dir='ltr'><strong>hoo</strong></span> <span class='ocrx_word' id='word_1_203' title='bbox 1492 2413 1560 2477; x_wconf 90' lang='lat' dir='ltr'><strong>iure</strong></span> <span class='ocrx_word' id='word_1_204' title='bbox 1582 2411 1632 2475; x_wconf 92' lang='lat' dir='ltr'><strong>usi</strong></span> 
     </span>
     <span class='ocr_line' id='line_1_23' title="bbox 307 2505 1633 2592; baseline 0 -21"><span class='ocrx_word' id='word_1_205' title='bbox 307 2526 436 2571; x_wconf 88' lang='lat' dir='ltr'><strong>sumus:</strong></span> <span class='ocrx_word' id='word_1_206' title='bbox 460 2505 486 2568; x_wconf 92' lang='lat' dir='ltr'><strong>si</strong></span> <span class='ocrx_word' id='word_1_207' title='bbox 509 2505 635 2568; x_wconf 87' lang='lat' dir='ltr'><strong>tabulae</strong></span> <span class='ocrx_word' id='word_1_208' title='bbox 658 2506 836 2568; x_wconf 88' lang='lat' dir='ltr'><strong>testamenti</strong></span> <span class='ocrx_word' id='word_1_209' title='bbox 858 2527 923 2571; x_wconf 94' lang='lat' dir='ltr'><strong>non</strong></span> <span class='ocrx_word' id='word_1_210' title='bbox 945 2507 1179 2592; x_wconf 83' lang='lat' dir='ltr'><strong>proferrentur,</strong></span> <span class='ocrx_word' id='word_1_211' title='bbox 1201 2515 1269 2570; x_wconf 91' lang='lat' dir='ltr'><strong>tum</strong></span> <span class='ocrx_word' id='word_1_212' title='bbox 1289 2507 1336 2570; x_wconf 91' lang='lat' dir='ltr'><strong>uti</strong></span> <span class='ocrx_word' id='word_1_213' title='bbox 1352 2526 1512 2592; x_wconf 90' lang='lat' dir='ltr'><strong>quemque</strong></span> <span class='ocrx_word' id='word_1_214' title='bbox 1533 2509 1633 2591; x_wconf 91' lang='lat' dir='ltr'><strong>potis-</strong></span> 
     </span>
     <span class='ocr_line' id='line_1_24' title="bbox 307 2598 1633 2685; baseline 0.001 -22"><span class='ocrx_word' id='word_1_215' title='bbox 307 2603 422 2664; x_wconf 89' lang='lat' dir='ltr'><strong>simum</strong></span> <span class='ocrx_word' id='word_1_216' title='bbox 442 2598 592 2662; x_wconf 89' lang='lat' dir='ltr'><strong>heredem</strong></span> <span class='ocrx_word' id='word_1_217' title='bbox 615 2619 685 2664; x_wconf 87' lang='lat' dir='ltr'><strong>esse</strong></span> <span class='ocrx_word' id='word_1_218' title='bbox 707 2607 884 2683; x_wconf 90' lang='lat' dir='ltr'><strong>oporteret,</strong></span> <span class='ocrx_word' id='word_1_219' title='bbox 907 2603 934 2664; x_wconf 90' lang='lat' dir='ltr'><strong>si</strong></span> <span class='ocrx_word' id='word_1_220' title='bbox 949 2603 977 2664; x_wconf 90' lang='lat' dir='ltr'><strong>is</strong></span> <span class='ocrx_word' id='word_1_221' title='bbox 993 2602 1161 2685; x_wconf 83' lang='lat' dir='ltr'><strong>intestatus</strong></span> <span class='ocrx_word' id='word_1_222' title='bbox 1176 2609 1320 2665; x_wconf 90' lang='lat' dir='ltr'><strong>mortuus</strong></span> <span class='ocrx_word' id='word_1_223' title='bbox 1336 2609 1436 2677; x_wconf 91' lang='lat' dir='ltr'><strong>esset,</strong></span> <span class='ocrx_word' id='word_1_224' title='bbox 1458 2602 1505 2666; x_wconf 88' lang='lat' dir='ltr'><strong>ita</strong></span> <span class='ocrx_word' id='word_1_225' title='bbox 1521 2622 1633 2666; x_wconf 88' lang='lat' dir='ltr'><strong>secun-</strong></span> 
     </span>
     <span class='ocr_line' id='line_1_25' title="bbox 306 2695 1634 2779; baseline 0 -22"><span class='ocrx_word' id='word_1_226' title='bbox 306 2695 383 2757; x_wconf 93' lang='lat' dir='ltr'><strong>dum</strong></span> <span class='ocrx_word' id='word_1_227' title='bbox 411 2713 484 2756; x_wconf 89' lang='lat' dir='ltr'><strong>eum</strong></span> <span class='ocrx_word' id='word_1_228' title='bbox 508 2695 671 2776; x_wconf 87' lang='lat' dir='ltr'><strong>possessio</strong></span> <span class='ocrx_word' id='word_1_229' title='bbox 701 2695 837 2758; x_wconf 88' lang='lat' dir='ltr'><strong>daretur.</strong></span> <span class='ocrx_word' id='word_1_230' title='bbox 892 2695 998 2771; x_wconf 88' lang='lat' dir='ltr'><strong>Quare</strong></span> <span class='ocrx_word' id='word_1_231' title='bbox 1025 2697 1087 2759; x_wconf 92' lang='lat' dir='ltr'><strong>hoc</strong></span> <span class='ocrx_word' id='word_1_232' title='bbox 1117 2696 1158 2759; x_wconf 91' lang='lat' dir='ltr'><strong>sit</strong></span> <span class='ocrx_word' id='word_1_233' title='bbox 1187 2696 1432 2779; x_wconf 89' lang='lat' dir='ltr'><strong>aequissimum,</strong></span> <span class='ocrx_word' id='word_1_234' title='bbox 1464 2696 1559 2760; x_wconf 80' lang='lat' dir='ltr'><strong>facile</strong></span> <span class='ocrx_word' id='word_1_235' title='bbox 1585 2703 1634 2759; x_wconf 89' lang='lat' dir='ltr'><strong>est</strong></span> 
     </span>
     <span class='ocr_line' id='line_1_26' title="bbox 306 2788 1632 2863; baseline 0.001 -11"><span class='ocrx_word' id='word_1_236' title='bbox 306 2789 429 2863; x_wconf 91' lang='lat' dir='ltr'><strong>dicere,</strong></span> <span class='ocrx_word' id='word_1_237' title='bbox 462 2788 517 2850; x_wconf 91' lang='lat' dir='ltr'><strong>sed</strong></span> <span class='ocrx_word' id='word_1_238' title='bbox 544 2789 578 2853; x_wconf 94' lang='lat' dir='ltr'><strong>in</strong></span> <span class='ocrx_word' id='word_1_239' title='bbox 606 2809 640 2852; x_wconf 86' lang='lat' dir='ltr'><strong>re</strong></span> <span class='ocrx_word' id='word_1_240' title='bbox 669 2797 732 2852; x_wconf 89' lang='lat' dir='ltr'><strong>tam</strong></span> <span class='ocrx_word' id='word_1_241' title='bbox 761 2790 878 2853; x_wconf 90' lang='lat' dir='ltr'><strong>usitata</strong></span> <span class='ocrx_word' id='word_1_242' title='bbox 905 2791 981 2853; x_wconf 89' lang='lat' dir='ltr'><strong>satis</strong></span> <span class='ocrx_word' id='word_1_243' title='bbox 1011 2798 1059 2853; x_wconf 89' lang='lat' dir='ltr'><strong>est</strong></span> <span class='ocrx_word' id='word_1_244' title='bbox 1080 2789 1247 2854; x_wconf 91' lang='lat' dir='ltr'><strong>ostendere</strong></span> <span class='ocrx_word' id='word_1_245' title='bbox 1269 2810 1379 2853; x_wconf 91' lang='lat' dir='ltr'><strong>omnes</strong></span> <span class='ocrx_word' id='word_1_246' title='bbox 1401 2797 1495 2855; x_wconf 86' lang='lat' dir='ltr'><strong>antea</strong></span> <span class='ocrx_word' id='word_1_247' title='bbox 1515 2792 1566 2854; x_wconf 90' lang='lat' dir='ltr'><strong>ius</strong></span> <span class='ocrx_word' id='word_1_248' title='bbox 1586 2791 1632 2853; x_wconf 81' lang='lat' dir='ltr'><strong>ita</strong></span> 
     </span>
    </p>

    <p class='ocr_par' dir='ltr' id='par_1_7' title="bbox 267 2881 1632 3160">
     <span class='ocr_line' id='line_1_27' title="bbox 267 2881 1632 2967; baseline 0.001 -23"><span class='ocrx_word' id='word_1_249' title='bbox 267 2883 426 2947; x_wconf 73' lang='lat' dir='ltr'><strong>edixisse</strong></span> <span class='ocrx_word' id='word_1_250' title='bbox 448 2890 480 2946; x_wconf 90' lang='lat' dir='ltr'><strong>et</strong></span> <span class='ocrx_word' id='word_1_251' title='bbox 499 2884 561 2946; x_wconf 90' lang='lat' dir='ltr'><strong>hoc</strong></span> <span class='ocrx_word' id='word_1_252' title='bbox 583 2891 673 2947; x_wconf 87' lang='lat' dir='ltr'><strong>vetus</strong></span> <span class='ocrx_word' id='word_1_253' title='bbox 696 2884 833 2947; x_wconf 90' lang='lat' dir='ltr'><strong>edictum</strong></span> <span class='ocrx_word' id='word_1_254' title='bbox 855 2884 1149 2967; x_wconf 89' lang='lat' dir='ltr'><strong>translaticiumque</strong></span> <span class='ocrx_word' id='word_1_255' title='bbox 1171 2903 1251 2947; x_wconf 89' lang='lat' dir='ltr'><strong>esse.</strong></span> <span class='ocrx_word' id='word_1_256' title='bbox 1294 2887 1388 2948; x_wconf 83' lang='lat' dir='ltr'><strong>XLV.</strong></span> <span class='ocrx_word' id='word_1_257' title='bbox 1412 2881 1483 2948; x_wconf 84' lang='grc'><strong>445.</strong></span> <span class='ocrx_word' id='word_1_258' title='bbox 1507 2885 1632 2967; x_wconf 84' lang='lat' dir='ltr'><strong>Cogno·</strong></span> 
     </span>
     <span class='ocr_line' id='line_1_28' title="bbox 306 2977 1631 3056; baseline -0.001 -15"><span class='ocrx_word' id='word_1_259' title='bbox 306 2978 383 3041; x_wconf 88' lang='lat' dir='ltr'><strong>scite</strong></span> <span class='ocrx_word' id='word_1_260' title='bbox 404 2977 542 3042; x_wconf 91' lang='lat' dir='ltr'><strong>hominis</strong></span> <span class='ocrx_word' id='word_1_261' title='bbox 564 2977 651 3040; x_wconf 84' lang='lat' dir='ltr'><strong>aliud</strong></span> <span class='ocrx_word' id='word_1_262' title='bbox 672 2978 707 3040; x_wconf 92' lang='lat' dir='ltr'><strong>in</strong></span> <span class='ocrx_word' id='word_1_263' title='bbox 727 2985 884 3041; x_wconf 84' lang='lat' dir='ltr'><strong>revetere</strong></span> <span class='ocrx_word' id='word_1_264' title='bbox 902 2978 1189 3054; x_wconf 87' lang='lat' dir='ltr'><strong>edictumnovum,</strong></span> <span class='ocrx_word' id='word_1_265' title='bbox 1213 2986 1244 3042; x_wconf 91' lang='lat' dir='ltr'><strong>et</strong></span> <span class='ocrx_word' id='word_1_266' title='bbox 1259 2979 1369 3056; x_wconf 91' lang='lat' dir='ltr'><strong>simul,</strong></span> <span class='ocrx_word' id='word_1_267' title='bbox 1393 2979 1469 3044; x_wconf 93' lang='lat' dir='ltr'><strong>dum</strong></span> <span class='ocrx_word' id='word_1_268' title='bbox 1484 2985 1533 3043; x_wconf 91' lang='lat' dir='ltr'><strong>est</strong></span> <span class='ocrx_word' id='word_1_269' title='bbox 1546 2978 1631 3043; x_wconf 90' lang='lat' dir='ltr'><strong>unde</strong></span> 
     </span>
     <span class='ocr_line' id='line_1_29' title="bbox 304 3070 1632 3160; baseline 0.002 -26"><span class='ocrx_word' id='word_1_270' title='bbox 304 3071 355 3134; x_wconf 90' lang='lat' dir='ltr'><strong>ius</strong></span> <span class='ocrx_word' id='word_1_271' title='bbox 373 3071 476 3134; x_wconf 87' lang='lat' dir='ltr'><strong>civile</strong></span> <span class='ocrx_word' id='word_1_272' title='bbox 504 3070 661 3146; x_wconf 88' lang='lat' dir='ltr'><strong>discatur,</strong></span> <span class='ocrx_word' id='word_1_273' title='bbox 695 3071 915 3136; x_wconf 87' lang='lat' dir='ltr'><strong>adolescentes</strong></span> <span class='ocrx_word' id='word_1_274' title='bbox 943 3073 976 3134; x_wconf 94' lang='lat' dir='ltr'><strong>in</strong></span> <span class='ocrx_word' id='word_1_275' title='bbox 1006 3073 1206 3156; x_wconf 90' lang='lat' dir='ltr'><strong>disciplinam</strong></span> <span class='ocrx_word' id='word_1_276' title='bbox 1228 3076 1258 3138; x_wconf 94' lang='lat' dir='ltr'><strong>ei</strong></span> <span class='ocrx_word' id='word_1_277' title='bbox 1279 3075 1412 3139; x_wconf 75' lang='lat' dir='ltr'><strong>traditor</strong></span> <span class='ocrx_word' id='word_1_278' title='bbox 1445 3074 1561 3160; x_wconf 72' lang='lat' dir='ltr'><strong>mirum</strong></span> <span class='ocrx_word' id='word_1_279' title='bbox 1583 3080 1632 3138; x_wconf 90' lang='lat' dir='ltr'><strong>est</strong></span> 
     </span>
    </p>
   </div>
   <div class='ocr_carea' id='block_1_4' title="bbox 177 3165 1632 3347">
    <p class='ocr_par' dir='ltr' id='par_1_8' title="bbox 177 3165 1632 3347">
     <span class='ocr_line' id='line_1_30' title="bbox 192 3165 1630 3251; baseline 0.004 -27"><span class='ocrx_word' id='word_1_280' title='bbox 192 3184 203 3224; x_wconf 67' lang='lat'><strong>‚⁵</strong></span> <span class='ocrx_word' id='word_1_281' title='bbox 303 3166 442 3229; x_wconf 91' lang='lat' dir='ltr'><strong>hominis</strong></span> <span class='ocrx_word' id='word_1_282' title='bbox 464 3165 642 3248; x_wconf 77' lang='lat' dir='ltr'><strong>ingenium,</strong></span> <span class='ocrx_word' id='word_1_283' title='bbox 664 3166 743 3228; x_wconf 87' lang='lat' dir='ltr'><strong>mira</strong></span> <span class='ocrx_word' id='word_1_284' title='bbox 765 3166 943 3248; x_wconf 89' lang='lat' dir='ltr'><strong>prudentia.</strong></span> <span class='ocrx_word' id='word_1_285' title='bbox 987 3167 1146 3232; x_wconf 90' lang='lat' dir='ltr'><strong>Minucius</strong></span> <span class='ocrx_word' id='word_1_286' title='bbox 1168 3168 1298 3251; x_wconf 88' lang='lat' dir='ltr'><strong>quidam</strong></span> <span class='ocrx_word' id='word_1_287' title='bbox 1320 3177 1464 3234; x_wconf 89' lang='lat' dir='ltr'><strong>mortuus</strong></span> <span class='ocrx_word' id='word_1_288' title='bbox 1487 3177 1630 3234; x_wconf 89' lang='lat' dir='ltr'><strong>estante</strong></span> 
     </span>
     <span class='ocr_line' id='line_1_31' title="bbox 177 3257 1632 3347; baseline 0.002 -25"><span class='ocrx_word' id='word_1_289' title='bbox 177 3258 185 3274; x_wconf 83' lang='grc'><em>“</em></span> <span class='ocrx_word' id='word_1_290' title='bbox 303 3261 400 3323; x_wconf 90' lang='lat' dir='ltr'><strong>istum</strong></span> <span class='ocrx_word' id='word_1_291' title='bbox 421 3267 617 3342; x_wconf 89' lang='lat' dir='ltr'><strong>praetorem:</strong></span> <span class='ocrx_word' id='word_1_292' title='bbox 641 3257 710 3322; x_wconf 84' lang='lat' dir='ltr'><strong>ciris</strong></span> <span class='ocrx_word' id='word_1_293' title='bbox 730 3267 955 3324; x_wconf 87' lang='lat' dir='ltr'><strong>testamentum</strong></span> <span class='ocrx_word' id='word_1_294' title='bbox 977 3268 1045 3324; x_wconf 88' lang='lat' dir='ltr'><strong>erat</strong></span> <span class='ocrx_word' id='word_1_295' title='bbox 1065 3262 1210 3326; x_wconf 84' lang='lat' dir='ltr'><strong>nullum:</strong></span> <span class='ocrx_word' id='word_1_296' title='bbox 1232 3264 1303 3347; x_wconf 88' lang='lat' dir='ltr'><strong>lege</strong></span> <span class='ocrx_word' id='word_1_297' title='bbox 1323 3265 1484 3329; x_wconf 87' lang='lat' dir='ltr'><strong>hereditas</strong></span> <span class='ocrx_word' id='word_1_298' title='bbox 1499 3265 1540 3328; x_wconf 89' lang='lat' dir='ltr'><strong>ad</strong></span> <span class='ocrx_word' id='word_1_299' title='bbox 1556 3283 1632 3347; x_wconf 88' lang='lat' dir='ltr'><strong>gen-</strong></span> 
     </span>
    </p>
   </div>
   <div class='ocr_carea' id='block_1_5' title="bbox 266 3353 1632 4014">
    <p class='ocr_par' dir='ltr' id='par_1_9' title="bbox 266 3353 1632 4014">
     <span class='ocr_line' id='line_1_32' title="bbox 266 3353 1632 3442; baseline 0.003 -27"><span class='ocrx_word' id='word_1_300' title='bbox 266 3360 368 3418; x_wconf 83' lang='lat' dir='ltr'><strong>actem</strong></span> <span class='ocrx_word' id='word_1_301' title='bbox 388 3353 559 3420; x_wconf 79' lang='lat' dir='ltr'><strong>Minuciam</strong></span> <span class='ocrx_word' id='word_1_302' title='bbox 580 3355 738 3417; x_wconf 89' lang='lat' dir='ltr'><strong>veniebat.</strong></span> <span class='ocrx_word' id='word_1_303' title='bbox 782 3354 816 3417; x_wconf 90' lang='lat' dir='ltr'><strong>Si</strong></span> <span class='ocrx_word' id='word_1_304' title='bbox 837 3356 1002 3419; x_wconf 86' lang='lat' dir='ltr'><strong>habuisset</strong></span> <span class='ocrx_word' id='word_1_305' title='bbox 1023 3356 1082 3419; x_wconf 87' lang='lat' dir='ltr'><strong>iste</strong></span> <span class='ocrx_word' id='word_1_306' title='bbox 1105 3357 1260 3432; x_wconf 88' lang='lat' dir='ltr'><strong>edictum,</strong></span> <span class='ocrx_word' id='word_1_307' title='bbox 1283 3359 1369 3442; x_wconf 91' lang='lat' dir='ltr'><strong>quod</strong></span> <span class='ocrx_word' id='word_1_308' title='bbox 1393 3367 1466 3423; x_wconf 88' lang='lat' dir='ltr'><strong>ante</strong></span> <span class='ocrx_word' id='word_1_309' title='bbox 1489 3359 1584 3422; x_wconf 91' lang='lat' dir='ltr'><strong>istum</strong></span> <span class='ocrx_word' id='word_1_310' title='bbox 1599 3363 1632 3419; x_wconf 90' lang='lat' dir='ltr'><strong>et</strong></span> 
     </span>
     <span class='ocr_line' id='line_1_33' title="bbox 299 3448 1630 3539; baseline 0.002 -27"><span class='ocrx_word' id='word_1_311' title='bbox 299 3456 415 3539; x_wconf 90' lang='lat' dir='ltr'><strong>postea</strong></span> <span class='ocrx_word' id='word_1_312' title='bbox 442 3468 552 3513; x_wconf 89' lang='lat' dir='ltr'><strong>omnes</strong></span> <span class='ocrx_word' id='word_1_313' title='bbox 578 3448 773 3523; x_wconf 89' lang='lat' dir='ltr'><strong>hahuerunt,</strong></span> <span class='ocrx_word' id='word_1_314' title='bbox 801 3450 963 3531; x_wconf 90' lang='lat' dir='ltr'><strong>possessio</strong></span> <span class='ocrx_word' id='word_1_315' title='bbox 986 3449 1144 3514; x_wconf 85' lang='lat' dir='ltr'><strong>Minuciae</strong></span> <span class='ocrx_word' id='word_1_316' title='bbox 1166 3452 1252 3533; x_wconf 90' lang='lat' dir='ltr'><strong>genti</strong></span> <span class='ocrx_word' id='word_1_317' title='bbox 1275 3460 1359 3516; x_wconf 87' lang='lat' dir='ltr'><strong>esset</strong></span> <span class='ocrx_word' id='word_1_318' title='bbox 1381 3453 1474 3517; x_wconf 90' lang='lat' dir='ltr'><strong>data:</strong></span> <span class='ocrx_word' id='word_1_319' title='bbox 1504 3453 1532 3518; x_wconf 91' lang='lat' dir='ltr'><strong>si</strong></span> <span class='ocrx_word' id='word_1_320' title='bbox 1557 3452 1630 3538; x_wconf 89' lang='lat' dir='ltr'><strong>quis</strong></span> 
     </span>
     <span class='ocr_line' id='line_1_34' title="bbox 303 3543 1630 3630; baseline 0.001 -21"><span class='ocrx_word' id='word_1_321' title='bbox 303 3551 491 3609; x_wconf 88' lang='lat' dir='ltr'><strong>testamento</strong></span> <span class='ocrx_word' id='word_1_322' title='bbox 514 3563 548 3606; x_wconf 90' lang='lat' dir='ltr'><strong>se</strong></span> <span class='ocrx_word' id='word_1_323' title='bbox 569 3543 719 3607; x_wconf 89' lang='lat' dir='ltr'><strong>heredem</strong></span> <span class='ocrx_word' id='word_1_324' title='bbox 741 3562 810 3606; x_wconf 90' lang='lat' dir='ltr'><strong>esse</strong></span> <span class='ocrx_word' id='word_1_325' title='bbox 833 3544 1052 3619; x_wconf 87' lang='lat' dir='ltr'><strong>arbitraretur,</strong></span> <span class='ocrx_word' id='word_1_326' title='bbox 1084 3545 1171 3629; x_wconf 90' lang='lat' dir='ltr'><strong>quod</strong></span> <span class='ocrx_word' id='word_1_327' title='bbox 1200 3553 1267 3609; x_wconf 89' lang='lat' dir='ltr'><strong>tum</strong></span> <span class='ocrx_word' id='word_1_328' title='bbox 1288 3567 1354 3612; x_wconf 91' lang='lat' dir='ltr'><strong>non</strong></span> <span class='ocrx_word' id='word_1_329' title='bbox 1376 3555 1530 3625; x_wconf 84' lang='lat' dir='ltr'><strong>exstaret,</strong></span> <span class='ocrx_word' id='word_1_330' title='bbox 1559 3549 1630 3630; x_wconf 88' lang='lat' dir='ltr'><strong>lege</strong></span> 
     </span>
     <span class='ocr_line' id='line_1_35' title="bbox 303 3637 1631 3722; baseline 0.003 -18"><span class='ocrx_word' id='word_1_331' title='bbox 303 3645 411 3722; x_wconf 87' lang='lat' dir='ltr'><strong>ageret</strong></span> <span class='ocrx_word' id='word_1_332' title='bbox 431 3639 465 3701; x_wconf 92' lang='lat' dir='ltr'><strong>in</strong></span> <span class='ocrx_word' id='word_1_333' title='bbox 485 3637 711 3714; x_wconf 67' lang='lat' dir='ltr'><strong>hereditatem</strong></span> <span class='ocrx_word' id='word_1_334' title='bbox 732 3645 788 3701; x_wconf 89' lang='lat' dir='ltr'><strong>aut</strong></span> <span class='ocrx_word' id='word_1_335' title='bbox 809 3656 868 3721; x_wconf 92' lang='lat' dir='ltr'><strong>pro</strong></span> <span class='ocrx_word' id='word_1_336' title='bbox 890 3638 1008 3718; x_wconf 88' lang='lat' dir='ltr'><strong>praede</strong></span> <span class='ocrx_word' id='word_1_337' title='bbox 1029 3637 1095 3701; x_wconf 90' lang='lat' dir='ltr'><strong>litis</strong></span> <span class='ocrx_word' id='word_1_338' title='bbox 1117 3638 1325 3704; x_wconf 83' lang='lat' dir='ltr'><strong>vindiciarum</strong></span> <span class='ocrx_word' id='word_1_339' title='bbox 1348 3661 1419 3705; x_wconf 90' lang='lat' dir='ltr'><strong>oum</strong></span> <span class='ocrx_word' id='word_1_340' title='bbox 1442 3645 1519 3708; x_wconf 88' lang='lat' dir='ltr'><strong>satis</strong></span> <span class='ocrx_word' id='word_1_341' title='bbox 1541 3664 1631 3708; x_wconf 84' lang='lat' dir='ltr'><strong>aoce-</strong></span> 
     </span>
     <span class='ocr_line' id='line_1_36' title="bbox 302 3731 1629 3824; baseline 0.007 -30"><span class='ocrx_word' id='word_1_342' title='bbox 302 3733 419 3816; x_wconf 91' lang='lat' dir='ltr'><strong>pisset,</strong></span> <span class='ocrx_word' id='word_1_343' title='bbox 441 3731 646 3814; x_wconf 90' lang='lat' dir='ltr'><strong>sponsionem</strong></span> <span class='ocrx_word' id='word_1_344' title='bbox 668 3731 803 3807; x_wconf 84' lang='lat' dir='ltr'><strong>laceret,</strong></span> <span class='ocrx_word' id='word_1_345' title='bbox 824 3733 869 3795; x_wconf 92' lang='lat' dir='ltr'><strong>ita</strong></span> <span class='ocrx_word' id='word_1_346' title='bbox 883 3732 924 3794; x_wconf 92' lang='lat' dir='ltr'><strong>de</strong></span> <span class='ocrx_word' id='word_1_347' title='bbox 941 3732 1117 3796; x_wconf 87' lang='lat' dir='ltr'><strong>hereditate</strong></span> <span class='ocrx_word' id='word_1_348' title='bbox 1132 3740 1276 3814; x_wconf 73' lang='lat' dir='ltr'><strong>certaret,</strong></span> <span class='ocrx_word' id='word_1_349' title='bbox 1298 3736 1383 3812; x_wconf 89' lang='lat' dir='ltr'><strong>Hoc,</strong></span> <span class='ocrx_word' id='word_1_350' title='bbox 1406 3738 1537 3824; x_wconf 90' lang='lat' dir='ltr'><strong>opinor,</strong></span> <span class='ocrx_word' id='word_1_351' title='bbox 1559 3739 1629 3802; x_wconf 89' lang='lat' dir='ltr'><strong>iure</strong></span> 
     </span>
     <span class='ocr_line' id='line_1_37' title="bbox 266 3825 1629 3909; baseline 0.008 -24"><span class='ocrx_word' id='word_1_352' title='bbox 266 3834 336 3890; x_wconf 82' lang='lat' dir='ltr'><strong>eset</strong></span> <span class='ocrx_word' id='word_1_353' title='bbox 356 3826 493 3888; x_wconf 90' lang='lat' dir='ltr'><strong>maiores</strong></span> <span class='ocrx_word' id='word_1_354' title='bbox 515 3828 615 3891; x_wconf 87' lang='lat' dir='ltr'><strong>nostri</strong></span> <span class='ocrx_word' id='word_1_355' title='bbox 638 3834 671 3890; x_wconf 90' lang='lat' dir='ltr'><strong>et</strong></span> <span class='ocrx_word' id='word_1_356' title='bbox 691 3847 750 3891; x_wconf 92' lang='lat' dir='ltr'><strong>nos</strong></span> <span class='ocrx_word' id='word_1_357' title='bbox 773 3844 898 3909; x_wconf 90' lang='lat' dir='ltr'><strong>semper</strong></span> <span class='ocrx_word' id='word_1_358' title='bbox 918 3825 970 3888; x_wconf 92' lang='lat' dir='ltr'><strong>usi</strong></span> <span class='ocrx_word' id='word_1_359' title='bbox 992 3845 1110 3890; x_wconf 89' lang='lat' dir='ltr'><strong>sumus.</strong></span> <span class='ocrx_word' id='word_1_360' title='bbox 1154 3828 1284 3905; x_wconf 87' lang='lat' dir='ltr'><strong>Videte,</strong></span> <span class='ocrx_word' id='word_1_361' title='bbox 1305 3837 1342 3893; x_wconf 91' lang='lat' dir='ltr'><strong>ut</strong></span> <span class='ocrx_word' id='word_1_362' title='bbox 1362 3830 1424 3895; x_wconf 88' lang='lat' dir='ltr'><strong>hoo</strong></span> <span class='ocrx_word' id='word_1_363' title='bbox 1446 3833 1507 3896; x_wconf 91' lang='lat' dir='ltr'><strong>iste</strong></span> <span class='ocrx_word' id='word_1_364' title='bbox 1522 3853 1629 3898; x_wconf 88' lang='lat' dir='ltr'><strong>corre-</strong></span> 
     </span>
     <span class='ocr_line' id='line_1_38' title="bbox 303 3915 1630 4014; baseline 0.005 -30"><span class='ocrx_word' id='word_1_365' title='bbox 303 3921 397 3984; x_wconf 82' lang='lat' dir='ltr'><strong>xerit.</strong></span> <span class='ocrx_word' id='word_1_366' title='bbox 440 3915 511 3983; x_wconf 82' lang='lat' dir='ltr'><strong>tto.</strong></span> <span class='ocrx_word' id='word_1_367' title='bbox 546 3920 715 4004; x_wconf 90' lang='lat' dir='ltr'><strong>Componit</strong></span> <span class='ocrx_word' id='word_1_368' title='bbox 743 3920 883 3985; x_wconf 89' lang='lat' dir='ltr'><strong>edictum</strong></span> <span class='ocrx_word' id='word_1_369' title='bbox 911 3920 951 3984; x_wconf 92' lang='lat' dir='ltr'><strong>iis</strong></span> <span class='ocrx_word' id='word_1_370' title='bbox 980 3921 1102 3996; x_wconf 89' lang='lat' dir='ltr'><strong>verbis,</strong></span> <span class='ocrx_word' id='word_1_371' title='bbox 1130 3927 1168 3986; x_wconf 95' lang='lat' dir='ltr'><strong>ut</strong></span> <span class='ocrx_word' id='word_1_372' title='bbox 1194 3923 1299 4008; x_wconf 87' lang='lat' dir='ltr'><strong>quivis</strong></span> <span class='ocrx_word' id='word_1_373' title='bbox 1326 3924 1503 4009; x_wconf 86' lang='lat' dir='ltr'><strong>intelligere</strong></span> <span class='ocrx_word' id='word_1_374' title='bbox 1524 3928 1630 4014; x_wconf 89' lang='lat' dir='ltr'><strong>possit</strong></span> 
     </span>
    </p>
   </div>
   <div class='ocr_carea' id='block_1_6' title="bbox 304 4188 1630 5240">
    <p class='ocr_par' dir='ltr' id='par_1_10' title="bbox 304 4188 1630 5240">
     <span class='ocr_line' id='line_1_39' title="bbox 354 4188 1630 4263; baseline 0.008 -21"><span class='ocrx_word' id='word_1_375' title='bbox 354 4191 378 4242; x_wconf 89' lang='grc'><strong>3.</strong></span> <span class='ocrx_word' id='word_1_376' title='bbox 390 4189 589 4254; x_wconf 73' lang='lat' dir='ltr'><strong>inportuosissima</strong></span> <span class='ocrx_word' id='word_1_377' title='bbox 597 4189 629 4239; x_wconf 91' lang='lat' dir='ltr'><strong>V.</strong></span> <span class='ocrx_word' id='word_1_378' title='bbox 639 4215 667 4225; x_wconf 95' lang='lat'>-</span> <span class='ocrx_word' id='word_1_379' title='bbox 680 4189 704 4240; x_wconf 89' lang='lat'><strong>6.</strong></span> <span class='ocrx_word' id='word_1_380' title='bbox 716 4188 811 4254; x_wconf 72' lang='lat' dir='ltr'><strong>coeca]</strong></span> <span class='ocrx_word' id='word_1_381' title='bbox 825 4195 936 4253; x_wconf 80' lang='lat' dir='ltr'><strong>peteme</strong></span> <span class='ocrx_word' id='word_1_382' title='bbox 947 4191 1024 4256; x_wconf 78' lang='grc'><strong>4349.</strong></span> <span class='ocrx_word' id='word_1_383' title='bbox 1036 4219 1063 4229; x_wconf 92' lang='grc'><strong>-</strong></span> <span class='ocrx_word' id='word_1_384' title='bbox 1084 4191 1123 4244; x_wconf 90' lang='grc'><strong>43.</strong></span> <span class='ocrx_word' id='word_1_385' title='bbox 1135 4192 1232 4243; x_wconf 75' lang='lat' dir='ltr'><strong>sudum</strong></span> <span class='ocrx_word' id='word_1_386' title='bbox 1241 4192 1277 4243; x_wconf 93' lang='lat' dir='ltr'><strong>V:</strong></span> <span class='ocrx_word' id='word_1_387' title='bbox 1295 4207 1347 4246; x_wconf 77' lang='lat' dir='ltr'><strong>oca</strong></span> <span class='ocrx_word' id='word_1_388' title='bbox 1357 4196 1402 4246; x_wconf 90' lang='lat' dir='ltr'><strong>ott.</strong></span> <span class='ocrx_word' id='word_1_389' title='bbox 1413 4196 1442 4248; x_wconf 92' lang='grc'><strong>0.</strong></span> <span class='ocrx_word' id='word_1_390' title='bbox 1456 4195 1493 4263; x_wconf 80' lang='lat' dir='ltr'><strong>(tc</strong></span> <span class='ocrx_word' id='word_1_391' title='bbox 1502 4197 1559 4263; x_wconf 71' lang='lat' dir='ltr'><strong>soro</strong></span> <span class='ocrx_word' id='word_1_392' title='bbox 1570 4205 1630 4252; x_wconf 69' lang='lat' dir='ltr'><strong>met</strong></span> 
     </span>
     <span class='ocr_line' id='line_1_40' title="bbox 304 4265 1628 4337; baseline 0.006 -19"><span class='ocrx_word' id='word_1_393' title='bbox 304 4267 371 4319; x_wconf 79' lang='lat' dir='ltr'><strong>rot?</strong></span> <span class='ocrx_word' id='word_1_394' title='bbox 387 4267 433 4330; x_wconf 74' lang='lat' dir='ltr'><strong>st.)</strong></span> <span class='ocrx_word' id='word_1_395' title='bbox 453 4295 480 4303; x_wconf 97' lang='lat'>-</span> <span class='ocrx_word' id='word_1_396' title='bbox 501 4266 541 4318; x_wconf 86' lang='grc'><strong>44.</strong></span> <span class='ocrx_word' id='word_1_397' title='bbox 560 4266 605 4331; x_wconf 82' lang='lat' dir='ltr'><strong>ita]</strong></span> <span class='ocrx_word' id='word_1_398' title='bbox 622 4265 672 4316; x_wconf 79' lang='lat' dir='ltr'><strong>tato</strong></span> <span class='ocrx_word' id='word_1_399' title='bbox 688 4278 728 4331; x_wconf 91' lang='lat' dir='ltr'><strong>pr.</strong></span> <span class='ocrx_word' id='word_1_400' title='bbox 741 4267 772 4317; x_wconf 96' lang='lat' dir='ltr'><strong>V.</strong></span> <span class='ocrx_word' id='word_1_401' title='bbox 793 4295 821 4305; x_wconf 93' lang='lat'><em>-</em></span> <span class='ocrx_word' id='word_1_402' title='bbox 840 4269 881 4319; x_wconf 86' lang='lat' dir='ltr'><strong>ttt.</strong></span> <span class='ocrx_word' id='word_1_403' title='bbox 898 4282 949 4318; x_wconf 77' lang='lat' dir='ltr'><strong>coc</strong></span> <span class='ocrx_word' id='word_1_404' title='bbox 959 4267 1050 4320; x_wconf 78' lang='lat' dir='ltr'><strong>babent</strong></span> <span class='ocrx_word' id='word_1_405' title='bbox 1065 4269 1129 4318; x_wconf 78' lang='grc'><strong>44.-</strong></span> <span class='ocrx_word' id='word_1_406' title='bbox 1147 4269 1330 4332; x_wconf 69' lang='lat' dir='ltr'><strong>repraehendent</strong></span> <span class='ocrx_word' id='word_1_407' title='bbox 1345 4271 1375 4324; x_wconf 93' lang='lat' dir='ltr'><strong>V.</strong></span> <span class='ocrx_word' id='word_1_408' title='bbox 1394 4299 1421 4310; x_wconf 94' lang='lat'>-</span> <span class='ocrx_word' id='word_1_409' title='bbox 1439 4272 1479 4337; x_wconf 80' lang='lat' dir='ltr'><strong>At]</strong></span> <span class='ocrx_word' id='word_1_410' title='bbox 1497 4275 1532 4325; x_wconf 83' lang='lat' dir='ltr'><strong>od</strong></span> <span class='ocrx_word' id='word_1_411' title='bbox 1547 4271 1578 4326; x_wconf 86' lang='lat' dir='ltr'><strong>V.</strong></span> <span class='ocrx_word' id='word_1_412' title='bbox 1599 4303 1628 4314; x_wconf 89' lang='lat'>-</span> 
     </span>
     <span class='ocr_line' id='line_1_41' title="bbox 306 4341 1627 4409; baseline 0.006 -14"><span class='ocrx_word' id='word_1_413' title='bbox 306 4345 346 4395; x_wconf 86' lang='grc'><strong>46.</strong></span> <span class='ocrx_word' id='word_1_414' title='bbox 363 4344 442 4394; x_wconf 74' lang='lat' dir='ltr'><strong>edicto</strong></span> <span class='ocrx_word' id='word_1_415' title='bbox 458 4342 506 4394; x_wconf 89' lang='lat' dir='ltr'><strong>dtt.</strong></span> <span class='ocrx_word' id='word_1_416' title='bbox 531 4341 670 4406; x_wconf 86' lang='lat' dir='ltr'><strong>Vulgatam</strong></span> <span class='ocrx_word' id='word_1_417' title='bbox 686 4343 775 4393; x_wconf 89' lang='lat' dir='ltr'><strong>tuetur</strong></span> <span class='ocrx_word' id='word_1_418' title='bbox 792 4344 871 4394; x_wconf 87' lang='lat' dir='ltr'><strong>etiam</strong></span> <span class='ocrx_word' id='word_1_419' title='bbox 888 4343 971 4394; x_wconf 87' lang='lat' dir='ltr'><strong>Prisc.</strong></span> <span class='ocrx_word' id='word_1_420' title='bbox 988 4345 1019 4394; x_wconf 90' lang='lat' dir='ltr'><strong>li.</strong></span> <span class='ocrx_word' id='word_1_421' title='bbox 1037 4357 1066 4408; x_wconf 87' lang='lat' dir='ltr'><strong>p.</strong></span> <span class='ocrx_word' id='word_1_422' title='bbox 1083 4344 1139 4394; x_wconf 84' lang='lat' dir='ltr'><strong>ttt&#39;i.</strong></span> <span class='ocrx_word' id='word_1_423' title='bbox 1160 4371 1188 4381; x_wconf 93' lang='lat'>—</span> <span class='ocrx_word' id='word_1_424' title='bbox 1207 4346 1246 4395; x_wconf 79' lang='lat' dir='ltr'><strong>tt.</strong></span> <span class='ocrx_word' id='word_1_425' title='bbox 1265 4347 1398 4409; x_wconf 64' lang='lat' dir='ltr'><strong>quispam</strong></span> <span class='ocrx_word' id='word_1_426' title='bbox 1415 4349 1505 4400; x_wconf 89' lang='lat' dir='ltr'><strong>om.V</strong></span> <span class='ocrx_word' id='word_1_427' title='bbox 1522 4351 1550 4401; x_wconf 88' lang='lat' dir='ltr'><strong>et</strong></span> <span class='ocrx_word' id='word_1_428' title='bbox 1566 4351 1627 4404; x_wconf 88' lang='lat' dir='ltr'><strong>cod.</strong></span> 
     </span>
     <span class='ocr_line' id='line_1_42' title="bbox 304 4418 1630 4490; baseline 0.006 -20"><span class='ocrx_word' id='word_1_429' title='bbox 304 4421 407 4470; x_wconf 87' lang='lat' dir='ltr'><strong>Monac.</strong></span> <span class='ocrx_word' id='word_1_430' title='bbox 425 4420 507 4469; x_wconf 86' lang='lat' dir='ltr'><strong>Prisc.</strong></span> <span class='ocrx_word' id='word_1_431' title='bbox 533 4418 609 4469; x_wconf 82' lang='lat' dir='ltr'><strong>Extat</strong></span> <span class='ocrx_word' id='word_1_432' title='bbox 625 4430 668 4483; x_wconf 87' lang='lat' dir='ltr'><strong>ep.</strong></span> <span class='ocrx_word' id='word_1_433' title='bbox 686 4419 768 4470; x_wconf 86' lang='lat' dir='ltr'><strong>Prisc.</strong></span> <span class='ocrx_word' id='word_1_434' title='bbox 786 4418 893 4470; x_wconf 79' lang='lat' dir='ltr'><strong>ltrehlit.</strong></span> <span class='ocrx_word' id='word_1_435' title='bbox 914 4447 941 4456; x_wconf 95' lang='lat'>-</span> <span class='ocrx_word' id='word_1_436' title='bbox 964 4420 1070 4469; x_wconf 78' lang='lat' dir='ltr'><strong>mortuis</strong></span> <span class='ocrx_word' id='word_1_437' title='bbox 1085 4420 1167 4470; x_wconf 88' lang='lat' dir='ltr'><strong>Prisc.</strong></span> <span class='ocrx_word' id='word_1_438' title='bbox 1187 4422 1214 4471; x_wconf 89' lang='lat' dir='ltr'><strong>et</strong></span> <span class='ocrx_word' id='word_1_439' title='bbox 1230 4420 1308 4472; x_wconf 91' lang='lat' dir='ltr'><strong>codd.</strong></span> <span class='ocrx_word' id='word_1_440' title='bbox 1326 4425 1434 4487; x_wconf 84' lang='lat' dir='ltr'><strong>praeter</strong></span> <span class='ocrx_word' id='word_1_441' title='bbox 1448 4423 1480 4488; x_wconf 86' lang='lat' dir='ltr'><strong>V,</strong></span> <span class='ocrx_word' id='word_1_442' title='bbox 1499 4426 1546 4490; x_wconf 89' lang='lat' dir='ltr'><strong>qul</strong></span> <span class='ocrx_word' id='word_1_443' title='bbox 1561 4439 1630 4478; x_wconf 73' lang='lat' dir='ltr'><strong>mou·</strong></span> 
     </span>
     <span class='ocr_line' id='line_1_43' title="bbox 304 4492 1629 4565; baseline 0.008 -21"><span class='ocrx_word' id='word_1_444' title='bbox 304 4499 347 4544; x_wconf 82' lang='lat' dir='ltr'><strong>tuo</strong></span> <span class='ocrx_word' id='word_1_445' title='bbox 363 4492 453 4544; x_wconf 88' lang='lat' dir='ltr'><strong>habet.</strong></span> <span class='ocrx_word' id='word_1_446' title='bbox 474 4521 501 4529; x_wconf 96' lang='lat'>-</span> <span class='ocrx_word' id='word_1_447' title='bbox 519 4493 561 4544; x_wconf 78' lang='grc'><strong>40.</strong></span> <span class='ocrx_word' id='word_1_448' title='bbox 579 4494 635 4544; x_wconf 79' lang='lat' dir='ltr'><strong>ture</strong></span> <span class='ocrx_word' id='word_1_449' title='bbox 652 4505 706 4544; x_wconf 90' lang='lat' dir='ltr'><strong>orn.</strong></span> <span class='ocrx_word' id='word_1_450' title='bbox 720 4494 752 4544; x_wconf 92' lang='lat' dir='ltr'><strong>V.</strong></span> <span class='ocrx_word' id='word_1_451' title='bbox 778 4496 812 4545; x_wconf 86' lang='lat' dir='ltr'><strong>At</strong></span> <span class='ocrx_word' id='word_1_452' title='bbox 829 4494 862 4546; x_wconf 87' lang='lat' dir='ltr'><strong>cl.</strong></span> <span class='ocrx_word' id='word_1_453' title='bbox 882 4493 906 4558; x_wconf 71' lang='lat'><strong>5.</strong></span> <span class='ocrx_word' id='word_1_454' title='bbox 920 4495 976 4544; x_wconf 80' lang='grc'><strong>443.</strong></span> <span class='ocrx_word' id='word_1_455' title='bbox 991 4497 1056 4546; x_wconf 84' lang='lat' dir='ltr'><strong>extr.</strong></span> <span class='ocrx_word' id='word_1_456' title='bbox 1073 4521 1100 4532; x_wconf 87' lang='lat'><em>-</em></span> <span class='ocrx_word' id='word_1_457' title='bbox 1119 4495 1159 4545; x_wconf 79' lang='lat' dir='ltr'><strong>tt.</strong></span> <span class='ocrx_word' id='word_1_458' title='bbox 1178 4497 1324 4560; x_wconf 77' lang='grc'><strong>44404349.</strong></span> <span class='ocrx_word' id='word_1_459' title='bbox 1339 4525 1367 4536; x_wconf 93' lang='lat'><em>-</em></span> <span class='ocrx_word' id='word_1_460' title='bbox 1382 4501 1530 4562; x_wconf 67' lang='lat' dir='ltr'><strong>prooem</strong></span> <span class='ocrx_word' id='word_1_461' title='bbox 1541 4515 1629 4565; x_wconf 75' lang='lat' dir='ltr'><strong>quau-</strong></span> 
     </span>
     <span class='ocr_line' id='line_1_44' title="bbox 305 4566 1629 4636; baseline 0.01 -19"><span class='ocrx_word' id='word_1_462' title='bbox 305 4582 352 4632; x_wconf 66' lang='grc'><strong>3440</strong></span> <span class='ocrx_word' id='word_1_463' title='bbox 363 4569 391 4618; x_wconf 91' lang='lat'><strong>1..</strong></span> <span class='ocrx_word' id='word_1_464' title='bbox 412 4566 446 4618; x_wconf 90' lang='lat' dir='ltr'><strong>cl.</strong></span> <span class='ocrx_word' id='word_1_465' title='bbox 459 4568 547 4618; x_wconf 84' lang='lat' dir='ltr'><strong>Baiter</strong></span> <span class='ocrx_word' id='word_1_466' title='bbox 562 4566 597 4617; x_wconf 87' lang='lat' dir='ltr'><strong>ad</strong></span> <span class='ocrx_word' id='word_1_467' title='bbox 614 4569 674 4618; x_wconf 83' lang='lat' dir='ltr'><strong>Asc.</strong></span> <span class='ocrx_word' id='word_1_468' title='bbox 693 4579 719 4631; x_wconf 91' lang='lat' dir='ltr'><strong>p.</strong></span> <span class='ocrx_word' id='word_1_469' title='bbox 733 4567 789 4619; x_wconf 86' lang='grc'><strong>490.</strong></span> <span class='ocrx_word' id='word_1_470' title='bbox 811 4597 838 4606; x_wconf 95' lang='grc'>-</span> <span class='ocrx_word' id='word_1_471' title='bbox 857 4569 898 4619; x_wconf 75' lang='grc'><strong>48.</strong></span> <span class='ocrx_word' id='word_1_472' title='bbox 916 4569 938 4618; x_wconf 79' lang='lat' dir='ltr'><strong>si</strong></span> <span class='ocrx_word' id='word_1_473' title='bbox 954 4569 1033 4620; x_wconf 80' lang='lat' dir='ltr'><strong>istst.</strong></span> <span class='ocrx_word' id='word_1_474' title='bbox 1048 4575 1122 4620; x_wconf 87' lang='lat' dir='ltr'><strong>mort.</strong></span> <span class='ocrx_word' id='word_1_475' title='bbox 1140 4575 1200 4620; x_wconf 85' lang='lat' dir='ltr'><strong>esset</strong></span> <span class='ocrx_word' id='word_1_476' title='bbox 1216 4583 1356 4636; x_wconf 88' lang='lat' dir='ltr'><strong>perperam</strong></span> <span class='ocrx_word' id='word_1_477' title='bbox 1377 4572 1447 4626; x_wconf 88' lang='lat' dir='ltr'><strong>delet</strong></span> <span class='ocrx_word' id='word_1_478' title='bbox 1465 4589 1527 4628; x_wconf 90' lang='lat' dir='ltr'><strong>cum</strong></span> <span class='ocrx_word' id='word_1_479' title='bbox 1544 4577 1629 4629; x_wconf 88' lang='lat' dir='ltr'><strong>Hoto-</strong></span> 
     </span>
     <span class='ocr_line' id='line_1_45' title="bbox 305 4640 1629 4718; baseline 0.009 -25"><span class='ocrx_word' id='word_1_480' title='bbox 305 4655 384 4694; x_wconf 88' lang='lat' dir='ltr'><strong>mano</strong></span> <span class='ocrx_word' id='word_1_481' title='bbox 398 4641 427 4693; x_wconf 90' lang='lat'><strong>0.</strong></span> <span class='ocrx_word' id='word_1_482' title='bbox 446 4640 480 4693; x_wconf 91' lang='lat' dir='ltr'><strong>cl.</strong></span> <span class='ocrx_word' id='word_1_483' title='bbox 498 4640 584 4693; x_wconf 87' lang='lat' dir='ltr'><strong>Madv.</strong></span> <span class='ocrx_word' id='word_1_484' title='bbox 598 4642 645 4706; x_wconf 89' lang='lat' dir='ltr'><strong>Op.</strong></span> <span class='ocrx_word' id='word_1_485' title='bbox 658 4643 679 4692; x_wconf 92' lang='lat' dir='ltr'><strong>l.</strong></span> <span class='ocrx_word' id='word_1_486' title='bbox 696 4655 723 4707; x_wconf 88' lang='lat' dir='ltr'><strong>p.</strong></span> <span class='ocrx_word' id='word_1_487' title='bbox 736 4641 784 4693; x_wconf 88' lang='grc'><strong>348</strong></span> <span class='ocrx_word' id='word_1_488' title='bbox 796 4656 837 4707; x_wconf 90' lang='lat' dir='ltr'><strong>sq.</strong></span> <span class='ocrx_word' id='word_1_489' title='bbox 856 4644 911 4693; x_wconf 83' lang='lat' dir='ltr'><strong>Rau</strong></span> <span class='ocrx_word' id='word_1_490' title='bbox 927 4645 958 4693; x_wconf 89' lang='lat'><strong>11.</strong></span> <span class='ocrx_word' id='word_1_491' title='bbox 977 4656 1003 4709; x_wconf 93' lang='lat' dir='ltr'><strong>p.</strong></span> <span class='ocrx_word' id='word_1_492' title='bbox 1016 4645 1122 4697; x_wconf 78' lang='lat' dir='ltr'><strong>as-at.</strong></span> <span class='ocrx_word' id='word_1_493' title='bbox 1138 4671 1164 4682; x_wconf 90' lang='lat'>—</span> <span class='ocrx_word' id='word_1_494' title='bbox 1184 4647 1383 4712; x_wconf 80' lang='lat' dir='ltr'><strong>totcstctusVA,</strong></span> <span class='ocrx_word' id='word_1_495' title='bbox 1403 4653 1433 4702; x_wconf 88' lang='lat' dir='ltr'><strong>ut</strong></span> <span class='ocrx_word' id='word_1_496' title='bbox 1448 4653 1479 4703; x_wconf 93' lang='lat' dir='ltr'><strong>li.</strong></span> <span class='ocrx_word' id='word_1_497' title='bbox 1499 4653 1523 4718; x_wconf 69' lang='grc'><strong>3.</strong></span> <span class='ocrx_word' id='word_1_498' title='bbox 1537 4653 1578 4704; x_wconf 84' lang='grc'><strong>33.</strong></span> <span class='ocrx_word' id='word_1_499' title='bbox 1592 4653 1629 4706; x_wconf 90' lang='lat' dir='ltr'><strong>ad</strong></span> 
     </span>
     <span class='ocr_line' id='line_1_46' title="bbox 305 4715 1626 4790; baseline 0.008 -21"><span class='ocrx_word' id='word_1_500' title='bbox 305 4718 421 4770; x_wconf 86' lang='lat' dir='ltr'><strong>llerenn.</strong></span> <span class='ocrx_word' id='word_1_501' title='bbox 438 4718 458 4768; x_wconf 93' lang='lat'><strong>1.</strong></span> <span class='ocrx_word' id='word_1_502' title='bbox 482 4717 506 4781; x_wconf 70' lang='grc'><strong>5.</strong></span> <span class='ocrx_word' id='word_1_503' title='bbox 525 4718 566 4768; x_wconf 75' lang='grc'><strong>43.</strong></span> <span class='ocrx_word' id='word_1_504' title='bbox 591 4731 617 4782; x_wconf 92' lang='lat' dir='ltr'><strong>p.</strong></span> <span class='ocrx_word' id='word_1_505' title='bbox 636 4715 738 4769; x_wconf 86' lang='lat' dir='ltr'><strong>Cluent.</strong></span> <span class='ocrx_word' id='word_1_506' title='bbox 763 4717 787 4782; x_wconf 68' lang='grc' dir='ltr'><strong>ἓ.</strong></span> <span class='ocrx_word' id='word_1_507' title='bbox 805 4719 870 4770; x_wconf 79' lang='lat' dir='ltr'><strong>tea:</strong></span> <span class='ocrx_word' id='word_1_508' title='bbox 896 4721 1011 4770; x_wconf 79' lang='grc'><strong>4440444440</strong></span> <span class='ocrx_word' id='word_1_509' title='bbox 1032 4719 1080 4771; x_wconf 90' lang='lat' dir='ltr'><strong>dtt.</strong></span> <span class='ocrx_word' id='word_1_510' title='bbox 1108 4721 1141 4772; x_wconf 88' lang='lat' dir='ltr'><strong>cl.</strong></span> <span class='ocrx_word' id='word_1_511' title='bbox 1165 4721 1200 4774; x_wconf 88' lang='lat' dir='ltr'><strong>de</strong></span> <span class='ocrx_word' id='word_1_512' title='bbox 1221 4725 1276 4775; x_wconf 83' lang='lat' dir='ltr'><strong>lnv.</strong></span> <span class='ocrx_word' id='word_1_513' title='bbox 1294 4725 1325 4776; x_wconf 93' lang='lat' dir='ltr'><strong>ll.</strong></span> <span class='ocrx_word' id='word_1_514' title='bbox 1344 4724 1368 4790; x_wconf 73' lang='lat'><strong>5.</strong></span> <span class='ocrx_word' id='word_1_515' title='bbox 1388 4723 1444 4778; x_wconf 79' lang='lat' dir='ltr'><strong>tta.</strong></span> <span class='ocrx_word' id='word_1_516' title='bbox 1464 4726 1498 4778; x_wconf 88' lang='lat' dir='ltr'><strong>de</strong></span> <span class='ocrx_word' id='word_1_517' title='bbox 1515 4729 1587 4779; x_wconf 85' lang='lat' dir='ltr'><strong>Orat.</strong></span> <span class='ocrx_word' id='word_1_518' title='bbox 1605 4729 1626 4780; x_wconf 89' lang='lat' dir='ltr'><strong>l.</strong></span> 
     </span>
     <span class='ocr_line' id='line_1_47' title="bbox 305 4790 1628 4867; baseline 0.008 -24"><span class='ocrx_word' id='word_1_519' title='bbox 305 4793 329 4858; x_wconf 73' lang='lat' dir='ltr'><strong>S.</strong></span> <span class='ocrx_word' id='word_1_520' title='bbox 349 4792 406 4844; x_wconf 89' lang='grc'><strong>483.</strong></span> <span class='ocrx_word' id='word_1_521' title='bbox 426 4818 454 4828; x_wconf 87' lang='grc'><strong>-</strong></span> <span class='ocrx_word' id='word_1_522' title='bbox 472 4790 512 4842; x_wconf 83' lang='lat' dir='ltr'><strong>at.</strong></span> <span class='ocrx_word' id='word_1_523' title='bbox 532 4792 613 4842; x_wconf 79' lang='lat' dir='ltr'><strong>dicere</strong></span> <span class='ocrx_word' id='word_1_524' title='bbox 627 4791 659 4843; x_wconf 90' lang='lat' dir='ltr'><strong>V.</strong></span> <span class='ocrx_word' id='word_1_525' title='bbox 678 4791 709 4842; x_wconf 90' lang='lat' dir='ltr'><strong>ll.</strong></span> <span class='ocrx_word' id='word_1_526' title='bbox 727 4793 789 4856; x_wconf 92' lang='grc'><strong>433.</strong></span> <span class='ocrx_word' id='word_1_527' title='bbox 808 4795 916 4858; x_wconf 87' lang='lat' dir='ltr'><strong>praeter</strong></span> <span class='ocrx_word' id='word_1_528' title='bbox 932 4792 981 4844; x_wconf 72' lang='lat' dir='ltr'><strong>lt:</strong></span> <span class='ocrx_word' id='word_1_529' title='bbox 999 4794 1086 4845; x_wconf 84' lang='lat' dir='ltr'><strong>docere</strong></span> <span class='ocrx_word' id='word_1_530' title='bbox 1102 4794 1131 4846; x_wconf 91' lang='grc'><strong>0.</strong></span> <span class='ocrx_word' id='word_1_531' title='bbox 1146 4823 1174 4832; x_wconf 94' lang='grc'>-</span> <span class='ocrx_word' id='word_1_532' title='bbox 1192 4797 1232 4848; x_wconf 77' lang='lat' dir='ltr'><strong>tt.</strong></span> <span class='ocrx_word' id='word_1_533' title='bbox 1251 4799 1356 4849; x_wconf 81' lang='lat' dir='ltr'><strong>Amatots</strong></span> <span class='ocrx_word' id='word_1_534' title='bbox 1372 4800 1537 4867; x_wconf 73' lang='lat' dir='ltr'><strong>ultudlgttz</strong></span> <span class='ocrx_word' id='word_1_535' title='bbox 1557 4803 1628 4853; x_wconf 79' lang='lat' dir='ltr'><strong>ettad</strong></span> 
     </span>
     <span class='ocr_line' id='line_1_48' title="bbox 304 4865 1628 4935; baseline 0.008 -17"><span class='ocrx_word' id='word_1_536' title='bbox 304 4868 410 4919; x_wconf 73' lang='lat' dir='ltr'><strong>umas</strong></span> <span class='ocrx_word' id='word_1_537' title='bbox 426 4865 473 4918; x_wconf 89' lang='lat' dir='ltr'><strong>dtt.</strong></span> <span class='ocrx_word' id='word_1_538' title='bbox 492 4867 521 4917; x_wconf 93' lang='lat'><strong>0.</strong></span> <span class='ocrx_word' id='word_1_539' title='bbox 542 4893 570 4903; x_wconf 93' lang='lat'>-</span> <span class='ocrx_word' id='word_1_540' title='bbox 588 4867 629 4918; x_wconf 75' lang='lat'><strong>27.</strong></span> <span class='ocrx_word' id='word_1_541' title='bbox 647 4868 674 4916; x_wconf 83' lang='grc'><strong>44</strong></span> <span class='ocrx_word' id='word_1_542' title='bbox 690 4867 785 4931; x_wconf 80' lang='lat' dir='ltr'><strong>discipl.</strong></span> <span class='ocrx_word' id='word_1_543' title='bbox 804 4870 826 4918; x_wconf 84' lang='lat' dir='ltr'><strong>ei</strong></span> <span class='ocrx_word' id='word_1_544' title='bbox 843 4869 911 4932; x_wconf 75' lang='grc'><strong>4349</strong></span> <span class='ocrx_word' id='word_1_545' title='bbox 928 4869 1009 4920; x_wconf 87' lang='lat' dir='ltr'><strong>Prisc.</strong></span> <span class='ocrx_word' id='word_1_546' title='bbox 1028 4871 1058 4920; x_wconf 92' lang='lat' dir='ltr'><strong>ll.</strong></span> <span class='ocrx_word' id='word_1_547' title='bbox 1078 4882 1105 4935; x_wconf 91' lang='lat' dir='ltr'><strong>p.</strong></span> <span class='ocrx_word' id='word_1_548' title='bbox 1125 4873 1196 4923; x_wconf 74' lang='lat' dir='ltr'><strong>ist:</strong></span> <span class='ocrx_word' id='word_1_549' title='bbox 1215 4874 1238 4923; x_wconf 85' lang='lat' dir='ltr'><strong>et</strong></span> <span class='ocrx_word' id='word_1_550' title='bbox 1254 4875 1280 4924; x_wconf 81' lang='lat' dir='ltr'><strong>tn</strong></span> <span class='ocrx_word' id='word_1_551' title='bbox 1297 4875 1356 4926; x_wconf 79' lang='lat' dir='ltr'><strong>dise.</strong></span> <span class='ocrx_word' id='word_1_552' title='bbox 1369 4874 1418 4927; x_wconf 90' lang='lat' dir='ltr'><strong>dtt.</strong></span> <span class='ocrx_word' id='word_1_553' title='bbox 1431 4877 1460 4928; x_wconf 90' lang='lat'><strong>0.</strong></span> <span class='ocrx_word' id='word_1_554' title='bbox 1476 4905 1504 4914; x_wconf 90' lang='lat'><em>-</em></span> <span class='ocrx_word' id='word_1_555' title='bbox 1522 4876 1563 4928; x_wconf 77' lang='grc'><strong>34.</strong></span> <span class='ocrx_word' id='word_1_556' title='bbox 1576 4889 1628 4927; x_wconf 78' lang='lat' dir='ltr'><strong>esse</strong></span> 
     </span>
     <span class='ocr_line' id='line_1_49' title="bbox 304 4939 1623 5016; baseline 0.005 -22"><span class='ocrx_word' id='word_1_557' title='bbox 304 4943 416 4994; x_wconf 70' lang='lat' dir='ltr'><strong>tesam</strong></span> <span class='ocrx_word' id='word_1_558' title='bbox 432 4943 513 4994; x_wconf 87' lang='lat' dir='ltr'><strong>Prisc.</strong></span> <span class='ocrx_word' id='word_1_559' title='bbox 531 4939 549 4992; x_wconf 90' lang='lat' dir='ltr'><strong>l.</strong></span> <span class='ocrx_word' id='word_1_560' title='bbox 567 4939 584 4992; x_wconf 89' lang='lat' dir='ltr'><strong>l.</strong></span> <span class='ocrx_word' id='word_1_561' title='bbox 610 4942 644 4992; x_wconf 88' lang='lat' dir='ltr'><strong>At</strong></span> <span class='ocrx_word' id='word_1_562' title='bbox 660 4941 693 4992; x_wconf 90' lang='lat' dir='ltr'><strong>cl.</strong></span> <span class='ocrx_word' id='word_1_563' title='bbox 712 4942 736 5006; x_wconf 65' lang='grc' dir='ltr'><strong>ἓ.</strong></span> <span class='ocrx_word' id='word_1_564' title='bbox 750 4944 761 4994; x_wconf 92' lang='grc'><strong>4</strong></span> <span class='ocrx_word' id='word_1_565' title='bbox 768 4941 806 4994; x_wconf 79' lang='lat' dir='ltr'><strong>tt.</strong></span> <span class='ocrx_word' id='word_1_566' title='bbox 821 4944 877 4994; x_wconf 86' lang='grc'><strong>447.</strong></span> <span class='ocrx_word' id='word_1_567' title='bbox 893 4971 920 4980; x_wconf 87' lang='grc'><strong>-</strong></span> <span class='ocrx_word' id='word_1_568' title='bbox 939 4943 979 4994; x_wconf 86' lang='grc'><strong>33.</strong></span> <span class='ocrx_word' id='word_1_569' title='bbox 997 4945 1048 4995; x_wconf 81' lang='lat' dir='ltr'><strong>titis</strong></span> <span class='ocrx_word' id='word_1_570' title='bbox 1062 4947 1229 5000; x_wconf 72' lang='lat' dir='ltr'><strong>vindictum</strong></span> <span class='ocrx_word' id='word_1_571' title='bbox 1241 4948 1319 5002; x_wconf 89' lang='lat' dir='ltr'><strong>codd.</strong></span> <span class='ocrx_word' id='word_1_572' title='bbox 1332 4953 1362 5003; x_wconf 90' lang='lat' dir='ltr'><strong>A.</strong></span> <span class='ocrx_word' id='word_1_573' title='bbox 1381 4951 1464 5003; x_wconf 85' lang='lat' dir='ltr'><strong>Prisc.</strong></span> <span class='ocrx_word' id='word_1_574' title='bbox 1477 4953 1508 5002; x_wconf 93' lang='lat' dir='ltr'><strong>ll.</strong></span> <span class='ocrx_word' id='word_1_575' title='bbox 1526 4965 1552 5016; x_wconf 94' lang='lat' dir='ltr'><strong>p.</strong></span> <span class='ocrx_word' id='word_1_576' title='bbox 1566 4951 1623 5002; x_wconf 81' lang='grc'><strong>448.</strong></span> 
     </span>
     <span class='ocr_line' id='line_1_50' title="bbox 304 5017 1623 5090; baseline 0.006 -22"><span class='ocrx_word' id='word_1_577' title='bbox 304 5017 408 5069; x_wconf 88' lang='lat' dir='ltr'><strong>Probus</strong></span> <span class='ocrx_word' id='word_1_578' title='bbox 423 5031 450 5083; x_wconf 90' lang='lat' dir='ltr'><strong>p.</strong></span> <span class='ocrx_word' id='word_1_579' title='bbox 465 5018 520 5069; x_wconf 89' lang='grc'><strong>448.</strong></span> <span class='ocrx_word' id='word_1_580' title='bbox 539 5017 613 5068; x_wconf 78' lang='lat' dir='ltr'><strong>lind.</strong></span> <span class='ocrx_word' id='word_1_581' title='bbox 640 5018 669 5068; x_wconf 95' lang='lat' dir='ltr'><strong>ln</strong></span> <span class='ocrx_word' id='word_1_582' title='bbox 687 5018 754 5082; x_wconf 77' lang='grc'><strong>4349</strong></span> <span class='ocrx_word' id='word_1_583' title='bbox 772 5021 834 5084; x_wconf 89' lang='lat' dir='ltr'><strong>post</strong></span> <span class='ocrx_word' id='word_1_584' title='bbox 849 5020 899 5071; x_wconf 81' lang='lat' dir='ltr'><strong>titts</strong></span> <span class='ocrx_word' id='word_1_585' title='bbox 915 5019 1035 5071; x_wconf 84' lang='lat' dir='ltr'><strong>additur:</strong></span> <span class='ocrx_word' id='word_1_586' title='bbox 1052 5022 1203 5086; x_wconf 71' lang='grc'><strong>4404440404</strong></span> <span class='ocrx_word' id='word_1_587' title='bbox 1215 5025 1239 5087; x_wconf 78' lang='lat' dir='ltr'><strong>(i.</strong></span> <span class='ocrx_word' id='word_1_588' title='bbox 1254 5038 1278 5076; x_wconf 87' lang='lat' dir='ltr'><strong>e.</strong></span> <span class='ocrx_word' id='word_1_589' title='bbox 1291 5025 1472 5089; x_wconf 82' lang='lat' dir='ltr'><strong>fideiussores)</strong></span> <span class='ocrx_word' id='word_1_590' title='bbox 1487 5025 1623 5090; x_wconf 68' lang='grc'><strong>30040444.</strong></span> 
     </span>
     <span class='ocr_line' id='line_1_51' title="bbox 305 5092 1622 5167; baseline 0.009 -25"><span class='ocrx_word' id='word_1_591' title='bbox 305 5093 389 5144; x_wconf 84' lang='lat' dir='ltr'><strong>(tatus</strong></span> <span class='ocrx_word' id='word_1_592' title='bbox 401 5093 427 5143; x_wconf 92' lang='lat' dir='ltr'><strong>ln</strong></span> <span class='ocrx_word' id='word_1_593' title='bbox 444 5092 496 5143; x_wconf 90' lang='lat' dir='ltr'><strong>hac</strong></span> <span class='ocrx_word' id='word_1_594' title='bbox 512 5092 625 5144; x_wconf 80' lang='lat' dir='ltr'><strong>formula</strong></span> <span class='ocrx_word' id='word_1_595' title='bbox 641 5105 750 5158; x_wconf 88' lang='lat' dir='ltr'><strong>semper</strong></span> <span class='ocrx_word' id='word_1_596' title='bbox 766 5093 862 5145; x_wconf 86' lang='lat' dir='ltr'><strong>habet:</strong></span> <span class='ocrx_word' id='word_1_597' title='bbox 883 5097 933 5146; x_wconf 82' lang='grc'><strong>44444</strong></span> <span class='ocrx_word' id='word_1_598' title='bbox 948 5101 972 5147; x_wconf 87' lang='lat' dir='ltr'><strong>et</strong></span> <span class='ocrx_word' id='word_1_599' title='bbox 986 5097 1053 5148; x_wconf 77' lang='grc'><strong>04444.</strong></span> <span class='ocrx_word' id='word_1_600' title='bbox 1074 5124 1101 5135; x_wconf 94' lang='grc'>-</span> <span class='ocrx_word' id='word_1_601' title='bbox 1125 5097 1166 5151; x_wconf 85' lang='grc'><strong>34.</strong></span> <span class='ocrx_word' id='word_1_602' title='bbox 1184 5101 1277 5163; x_wconf 73' lang='lat' dir='ltr'><strong>smeret</strong></span> <span class='ocrx_word' id='word_1_603' title='bbox 1292 5104 1316 5154; x_wconf 81' lang='lat' dir='ltr'><strong>st</strong></span> <span class='ocrx_word' id='word_1_604' title='bbox 1330 5103 1369 5155; x_wconf 79' lang='lat' dir='ltr'><strong>tta</strong></span> <span class='ocrx_word' id='word_1_605' title='bbox 1384 5102 1445 5155; x_wconf 87' lang='lat' dir='ltr'><strong>cod.</strong></span> <span class='ocrx_word' id='word_1_606' title='bbox 1464 5103 1520 5157; x_wconf 79' lang='lat' dir='ltr'><strong>Urs.</strong></span> <span class='ocrx_word' id='word_1_607' title='bbox 1539 5101 1576 5166; x_wconf 85' lang='lat' dir='ltr'><strong>(et</strong></span> <span class='ocrx_word' id='word_1_608' title='bbox 1591 5103 1622 5167; x_wconf 88' lang='lat' dir='ltr'><strong>A,</strong></span> 
     </span>
     <span class='ocr_line' id='line_1_52' title="bbox 304 5168 1233 5240; baseline 0.009 -22"><span class='ocrx_word' id='word_1_609' title='bbox 304 5170 393 5234; x_wconf 82' lang='lat' dir='ltr'><strong>recte,</strong></span> <span class='ocrx_word' id='word_1_610' title='bbox 411 5169 514 5234; x_wconf 91' lang='lat' dir='ltr'><strong>opinor.</strong></span> <span class='ocrx_word' id='word_1_611' title='bbox 531 5168 613 5235; x_wconf 79' lang='grc'><strong>44444.)</strong></span> <span class='ocrx_word' id='word_1_612' title='bbox 631 5193 659 5208; x_wconf 88' lang='lat'><strong>·-</strong></span> <span class='ocrx_word' id='word_1_613' title='bbox 676 5173 788 5222; x_wconf 81' lang='grc'><strong>04444444</strong></span> <span class='ocrx_word' id='word_1_614' title='bbox 803 5169 864 5222; x_wconf 88' lang='lat' dir='ltr'><strong>eod.</strong></span> <span class='ocrx_word' id='word_1_615' title='bbox 882 5171 938 5224; x_wconf 90' lang='lat' dir='ltr'><strong>Urs.</strong></span> <span class='ocrx_word' id='word_1_616' title='bbox 958 5196 985 5211; x_wconf 92' lang='lat'>-</span> <span class='ocrx_word' id='word_1_617' title='bbox 1003 5171 1045 5224; x_wconf 82' lang='grc'><strong>34.</strong></span> <span class='ocrx_word' id='word_1_618' title='bbox 1058 5179 1142 5237; x_wconf 78' lang='lat' dir='ltr'><strong>posset</strong></span> <span class='ocrx_word' id='word_1_619' title='bbox 1155 5175 1233 5240; x_wconf 77' lang='grc'><strong>4349.</strong></span> 
     </span>
    </p>
   </div>
   <div class='ocr_carea' id='block_1_7' title="bbox 0 0 1828 5888">
    <p class='ocr_par' dir='ltr' id='par_1_11' title="bbox 0 0 1828 5888">
     <span class='ocr_line' id='line_1_53' title="bbox 0 0 1828 5888; baseline 0 2"><span class='ocrx_word' id='word_1_620' title='bbox 0 0 1828 5888; x_wconf 95' lang='lat' dir='ltr'><strong> </strong></span> 
     </span>
    </p>
   </div>
  </div>
 </body>
</html>
