3684 5862
258 384 294 434 vl

259 537 396 602 fortuna
417 536 469 600 usl
490 553 618 620 snmus3
641 551 715 600 nam
738 533 885 600 codicem
907 533 1028 619 ipsum,
1051 536 1106 619 qui
1127 533 1170 600 ab
1187 531 1228 598 li.
1244 532 1380 598 l'rosaio
1402 531 1583 618 bibliopola

260 659 414 726 Parisino
436 659 470 722 in
492 657 651 744 catalogo
673 675 746 722 cum
769 657 843 720 allis
864 657 959 722 libris
980 657 1157 722 venalibus
1178 657 1351 741 expositus
1373 658 1463 739 arat,
1484 653 1583 721 dete-

260 783 382 861 ximus,
403 779 492 844 unde
513 779 687 845 aBaitero
709 777 902 864 redemptus
923 780 987 843 laur
1009 779 1043 843 in
1064 777 1296 845 bibliothecam
1314 779 1441 868 regiam
1456 776 1584 845 Mona-

261 923 392 971 censem
426 904 554 968 relatus
590 904 658 984 est,
690 901 724 965 in
758 919 822 987 qua
850 903 955 966 ceteri
984 919 1114 986 quoque
1141 900 1416 987 'legernseenses
1449 904 1585 984 praeter

243 1045 387 1113 paucos
407 1025 516 1090 lurum
537 1025 689 1090 manibus
710 1024 890 1108 subreptos
912 1029 1140 1090 asservantur.

346 1230 500 1300 Oratio
521 1230 788 1316 Pompeiana
810 1231 843 1296 in
865 1229 982 1298 codice
1006 1231 1255 1297 Erfurtensi
1279 1233 1345 1296 tam
1362 1248 1444 1316 pure
1458 1231 1585 1315 scripta

260 1360 330 1444 est,
351 1358 389 1420 ut
412 1356 445 1420 in
467 1353 742 1420 emendatissimis
763 1356 970 1420 orationibus
984 1353 1147 1420 Tullianis
1166 1353 1369 1420 numeranda
1388 1355 1442 1419 sit.
1465 1353 1505 1418 ln
1520 1373 1585 1418 ιιο-

260 1483 331 1546 stro
361 1476 509 1544 editione
530 1483 714 1562 apparatus
736 1479 872 1544 criticus
893 1481 1012 1543 auctus
1034 1483 1086 1542 ast
1113 1479 1311 1543 lectionibus
1333 1474 1458 1544 codicis
1480 1475 1584 1542 Paia-

261 1601 320 1666 tini
343 1619 429 1664 nuno.
445 1595 550 1666 1525
569 1599 621 1672 (·-·
639 1599 709 1666 Pal.
727 1601 804 1665 noni
822 1599 973 1670 Gruteri)
990 1602 1024 1664 et
1046 1599 1224 1690 fragmenti
1240 1598 1521 1689 Tegernseensis,
1544 1597 1585 1664 de

261 1744 326 1811 quo
349 1722 445 1788 modo
468 1721 627 1806 diximus,
656 1724 854 1808 publicatis,
884 1742 1019 1808 quorum
1042 1727 1183 1809 uterque
1205 1722 1248 1787 ad
1270 1720 1409 1788 eandem
1431 1721 1585 1786 lamlliam

260 1850 362 1932 atque
384 1845 594 1912 Erfurtensis
615 1848 771 1930 pertinet.
808 1845 992 1912 Praeterea
1014 1847 1203 1910 curavimus
1224 1849 1261 1908 ut
1277 1843 1475 1931 reliquorum
1490 1841 1587 1910 ccdi-

260 1988 333 2036 cum
357 1968 628 2036 Germanicorum
652 1986 740 2033 nunc
763 1966 1009 2052 deperditarum
1027 1972 1189 2053 quotquot
1210 1969 1406 2034 lectionesa
1423 1967 1586 2052 prioribus

261 2092 386 2158 criticis
408 2093 601 2174 exscriptae
624 2093 703 2154 sunt
724 2094 882 2156 accurate
906 2107 926 2156 a
949 2090 1045 2155 nobis
1067 2089 1282 2155 referrentur.

345 2295 402 2363 Ad
425 2294 559 2364 Cluen
569 2298 738 2381 tiananr,
761 2316 856 2384 qnam
878 2299 1028 2363 loannes
1043 2297 1197 2364 Crassus
1211 2299 1295 2365 satis
1310 2299 1406 2388 largo
1421 2302 1586 2385 apparatu

261 2423 448 2486 instructus
470 2437 499 2484 a.
514 2415 618 2486 1831
643 2419 783 2485 Bonnae
805 2419 927 2507 edidit,
949 2419 1029 2485 nihii
1052 2423 1131 2485 novi
1154 2421 1342 2507 babuimus,
1364 2420 1424 2487 sed
1439 2421 1586 2489 codicem

261 2539 647 2632 SalIsburgensem
670 2543 731 2606 iam
754 2543 797 2608 ab
819 2544 875 2608 illo
898 2547 1110 2628 usurpatum,
1134 2545 1187 2627 qui
1211 2547 1243 2607 tn
1268 2543 1496 2609 laceratione
1515 2545 1587 2610 iere

261 2665 483 2752 principatum
506 2666 617 2750 tenet,
639 2684 706 2730 non
729 2667 800 2730 sine
816 2667 926 2750 aliquo
949 2665 1060 2731 fructu
1084 2668 1200 2730 iterum
1217 2667 1422 2732 excussimus
1438 2673 1472 2732 et
1495 2669 1587 2733 iocos

261 2807 283 2855 a
316 2787 490 2854 veterlbus
522 2789 747 2877 grammaticis
783 2791 817 2852 et
853 2787 1044 2853 rhetoribus
1080 2789 1218 2872 allatos,
1252 2807 1346 2874 quam
1383 2791 1586 2874 provinciam

262 2909 456 2978 Classcnius
484 2909 615 2975 nimium
647 2909 863 2998 neglexerat,
892 2909 1088 2998 diligenter,
1118 2912 1153 2974 ut
1186 2911 1283 2978 nobis
1315 2910 1481 2995 videmur,
1513 2914 1588 2978 col.

262 3034 415 3123 legimus.

348 3227 543 3297 (irationem
574 3249 657 3316 quas
686 3230 804 3297 Cicero
835 3229 883 3295 de
916 3232 1015 3317 lege
1042 3234 1219 3320 agraria
1248 3234 1365 3296 contra
1395 3231 1432 3296 P.
1454 3231 1587 3297 Rullum

263 3353 378 3420 habuit
400 3351 516 3419 eadem
538 3355 590 3417 est
611 3370 714 3419 causa
736 3357 837 3438 atque
852 3348 1084 3420 Caecinianae.
1127 3353 1210 3420 Num
1233 3371 1305 3420 cum
1328 3373 1348 3420 a
1370 3354 1502 3444 Pogglo
1520 3353 1587 3420 XV

263 3475 399 3543 saeculo
421 3474 465 3540 ad
486 3475 593 3542 ltaios
614 3478 809 3560 reportatae
832 3480 963 3558 essent,
985 3474 1120 3542 eaodem
1144 3481 1263 3561 postea
1285 3480 1383 3542 etiam
1407 3479 1439 3543 in
1461 3480 1587 3564 aliquot

263 3597 361 3666 codd.
384 3598 591 3666 Germanicis
614 3601 772 3664 inventae
793 3602 880 3664 sunt.
923 3595 993 3664 Sed
1016 3601 1048 3662 in
1071 3597 1122 3664 his
1144 3618 1275 3684 qunque
1296 3598 1468 3665 admodum
1484 3603 1586 3666 vitia-

188 3749 191 3760 ·
264 3724 319 3788 tae
340 3723 501 3810 leguntur
522 3739 585 3788 nec
608 3723 777 3806 pleniores
799 3738 894 3806 quam
917 3725 1054 3786 exstant
1076 3723 1109 3786 in
1132 3723 1276 3806 ltalicis,
1305 3727 1341 3788 ul
1369 3715 1437 3788 no‘n
1460 3727 1587 3789 tantum

264 3863 307 3911 ex
339 3842 392 3909 his
424 3843 574 3909 fontibus
607 3842 744 3912 subsidii
776 3845 975 3927 accesserit,
1018 3849 1173 3929 quantum
1208 3845 1410 3911 Caeclrtiana
1442 3847 1586 3912 eiusdem

194 3952 198 3977 ”
263 3967 407 4034 familiae
438 3985 502 4050 cpe
528 3965 705 4032 emendata
733 3970 794 4031 est.
838 3965 908 4031 Nos
939 3965 1087 4034 codicem
1116 3973 1216 4034 antea
1243 3967 1388 4034 nondum
1417 3971 1586 4058 cognitum

264 4089 408 4155 familiae
439 4086 676 4174 Germanicae,
706 4087 963 4173 Eriangensem,
994 4108 1036 4155 cx
1059 4089 1212 4156 Palatino
1242 4093 1353 4176 aliquo
1376 4090 1587 4176 descriptum,

265 4210 490 4296 adhibuimus3
527 4215 704 4296 practerea
735 4212 832 4279 nobis
866 4216 1001 4297 praesto
1036 4216 1131 4278 erant
1164 4214 1326 4279 lectiones
1358 4232 1379 4279 a
1409 4212 1586 4279 Torrentio

265 4333 394 4401 laevino
417 4331 461 4398 ad
482 4334 662 4422 marginem
681 4335 823 4419 exempli
840 4332 954 4399 Aldlni
976 4353 1006 4400 a.
1023 4333 1130 4401 1554
1145 4355 1186 4400 ex
1210 4335 1325 4402 codice
1346 4337 1457 4420 aliquo
1481 4337 1587 4402 bonae

266 4459 368 4521 notae
390 4457 598 4541 exscriptae,
621 4474 755 4542 quarum
779 4475 842 4540 ope
865 4476 962 4522 unum
985 4457 1092 4524 iocum
1115 4477 1157 4524 ex
1180 4476 1227 4522 or.
1245 4459 1297 4540 ll,
1320 4451 1384 4537 §7
1408 4477 1439 4544 p.
1454 4452 1586 4540 611,3

266 4580 391 4668 insigni
422 4579 680 4663 interpolatione
712 4579 855 4644 liberare
884 4581 986 4646 licuit.
1036 4579 1088 4646 Ne
1119 4580 1196 4665 quid
1223 4584 1333 4645 tamen
1361 4582 1394 4645 in
1422 4586 1586 4667 apparatu

266 4705 382 4767 nostro
418 4701 534 4768 critico
569 4692 830 4788 desideraretur,
867 4700 1003 4766 duorum
1039 4721 1170 4787 quoque
1200 4701 1348 4768 codicum
1379 4704 1586 4788 Italicorum,

267 4819 553 4914 Salisburgensis,
577 4841 666 4888 nunc
687 4822 923 4906 Monacensis,
952 4827 987 4889 et
1008 4823 1221 4889 Ambrosiani
1250 4843 1352 4908 supra
1387 4845 1418 4912 p.
1440 4827 1492 4893 lll
1515 4845 1587 4892 me-

267 4950 383 5014 morati
406 4948 571 5015 lectiones
592 4947 744 5032 integras
766 4947 800 5010 in
821 4948 1052 5032 supplemento
1076 4944 1231 5012 editionis
1253 4947 1503 5032 publicavimus.
