3578 5862
464 444 537 508 cn.
558 439 879 506 xxxa-xxxvi.
905 436 962 524 sp.
983 434 1129 502 sa-os.
1397 429 1460 498 aar

137 626 215 682 nata
237 625 285 680 est
306 614 498 697 arrogantia,
530 633 612 696 quas
641 632 659 675 a
682 610 850 676 maioribus
880 609 996 673 nostris
1017 608 1149 672 alterum
1172 607 1277 691 Capua
1299 605 1460 670 consulem

141 709 329 793 postulavit3
351 706 467 772 deinde
482 727 519 772 oa
533 705 686 780 luxuries,
708 725 789 789 quac
803 706 907 788 ipsum
921 702 1147 778 Hannibalem,
1168 701 1264 766 armis
1278 702 1372 766 etiam
1387 708 1462 766 tunc

137 805 305 876 invictum,
335 801 498 882 voluptate
528 799 612 864 vicit.
656 795 707 860 96.
729 798 799 860 Huc
825 798 878 861 isti
910 796 1079 860 decemviri
1107 817 1177 860 cum
1205 814 1256 856 roo
1277 796 1460 860 colonorum

139 917 183 960 ex
204 897 274 979 lege
296 894 381 959 llulli
402 893 608 968 deduxerint,
630 899 755 957 centum
770 890 974 965 decuriones,
1002 889 1112 954 decem
1133 910 1284 973 augsrres,
1305 909 1361 953 sex
1381 909 1461 971 pon-

95 987 101 998 '
137 989 239 1053 tifioes
272 988 508 1062 constituerint,
541 1006 623 1070 quos
650 985 777 1050 illorum
801 986 941 1061 animos,
963 1004 1045 1068 quos
1072 983 1226 1066 impetus,
1259 1003 1354 1066 quam
1378 981 1485 1046 fero-a

138 1083 221 1146 ciam
248 1080 316 1145 iore
344 1081 486 1164 putatis?
519 1081 650 1142 Romam
672 1079 705 1141 in
728 1079 885 1143 montibus
914 1078 1049 1163 positam
1071 1085 1103 1140 et
1131 1077 1343 1151 convallibus,
1370 1096 1462 1142 cena-

138 1175 219 1239 culis
241 1175 396 1238 sublatam
418 1181 513 1258 atque
535 1193 738 1255 suspensam,
760 1189 824 1236 non
847 1171 973 1254 optimis
987 1171 1065 1246 riis,
1088 1171 1316 1252 angustissimis
1331 1171 1462 1244 semitis,

137 1289 214 1353 prae
239 1288 295 1331 sua
311 1268 433 1352 Capua,
455 1267 640 1350 planissimo
661 1267 694 1330 in
716 1268 787 1330 loco
803 1265 958 1347 explicata
973 1285 1009 1330 ac
1025 1265 1274 1346 praeclarissime
1296 1264 1371 1339 sita,
1392 1264 1463 1328 irri-

139 1361 260 1426 debunt
281 1370 376 1445 atquc
398 1366 616 1434 contemnent3
638 1380 731 1452 aggeus
750 1378 843 1432 vero,
865 1359 1050 1422 Vaticanum
1065 1367 1097 1422 et
1111 1357 1290 1440 Pupiniam,
1313 1379 1383 1422 cum
1397 1359 1463 1422 suis
1558 1355 1642 1448 ᾗ

139 1455 255 1539 opimis
283 1463 378 1538 atque
399 1455 550 1518 uberibus
572 1454 690 1537 campis
712 1450 919 1536 conferendos
940 1452 1059 1516 scilicet
1080 1472 1145 1514 non
1159 1452 1327 1534 putabunt.
1364 1452 1501 1536 Oppi-io

25 1615 36 1626 ,
139 1548 253 1622 dorum
285 1556 390 1612 autem
416 1545 620 1612 finitimorum
648 1546 735 1610 illam
765 1531 890 1629 copiam
918 1567 989 1610 cum
1018 1546 1077 1610 bac
1104 1566 1163 1628 per
1183 1546 1280 1610 risum
1301 1565 1338 1608 ac
1360 1547 1462 1612 iocum

140 1641 353 1706 contendent:
375 1642 526 1716 Labicos,
549 1640 701 1714 Fidenas,
725 1639 904 1713 Collatiam,
926 1641 1030 1723 ipsum
1051 1640 1158 1703 hercle
1180 1641 1373 1719 Lanuvium,
1395 1644 1465 1706 sri-

141 1737 239 1811 ciam,
261 1735 432 1799 Tusculum
454 1755 525 1798 cum
549 1735 691 1808 Calibus,
722 1737 848 1808 Teano,
875 1733 1025 1816 Neapoli,
1049 1733 1204 1808 Puteolis,
1228 1734 1351 1808 Cumis,
1372 1737 1465 1798 Pom·

140 1831 240 1914 pciis,
261 1829 396 1894 Nuceria
417 1827 654 1911 comparabunt.
697 1823 748 1889 97.
765 1826 888 1902 Quibus
910 1827 958 1889 illi
973 1828 1066 1892 rebus
1081 1827 1155 1890 elati
1171 1833 1203 1890 et
1218 1827 1317 1892 inflati
1330 1827 1465 1894 fortasse

141 1945 207 1988 non
229 1922 398 1997 continuo,
430 1921 486 1986 sed
510 1929 611 1997 certe,
637 1923 663 1984 si
684 1922 815 2005 paulum
836 1922 1065 2004 assumpserint
1085 1921 1252 1986 vetustatis
1274 1942 1312 1986 ac
1332 1923 1502 1998 roboriam

141 2039 208 2082 non
230 2018 489 2081 continebuntur:
519 2015 763 2100 progredientur
781 2015 925 2099 longius,
951 2016 1130 2080 ederentur.
1174 2015 1347 2098 Singadaris
1368 2017 1464 2081 bomo

141 2114 299 2197 privatus,
321 2111 382 2175 nisi
403 2129 516 2192 magna
537 2108 694 2192 sapientia
713 2110 889 2192 praeditus,
911 2109 966 2172 vix
980 2107 1071 2174 facile
1086 2129 1157 2174 sese
1171 2109 1354 2193 regionibus
1369 2109 1466 2174 oliicii

142 2207 265 2289 magnis
287 2206 321 2268 in
342 2203 477 2268 fortunis
499 2211 530 2267 et
552 2204 652 2288 copiis
674 2204 833 2266 continet:
855 2202 973 2266 nedum
994 2203 1049 2266 isti
1070 2204 1109 2266 ab
1124 2203 1219 2267 llullo
1236 2212 1268 2267 ct
1280 2204 1365 2268 Rulli
1380 2204 1466 2268 simi·

143 2301 227 2363 libus
249 2298 424 2382 conquisiti
446 2305 541 2380 atque
564 2297 656 2361 electi
672 2297 795 2371 coloni,
818 2295 944 2378 Capuae
965 2297 997 2360 in
1013 2297 1174 2361 domicilio
1188 2298 1356 2380 superbiae
1371 2305 1466 2380 atque

143 2393 177 2458 in
198 2392 328 2457 sedibus
349 2391 493 2456 luxuriae
516 2389 677 2465 collocati,
698 2410 764 2454 non
781 2391 884 2454 statim
899 2390 1109 2473 conquisituri
1125 2392 1189 2454 sint
1202 2390 1324 2475 aliquid
1339 2391 1505 2456 sceleristo
1607 2421 1611 2430 r

144 2494 177 2550 et
205 2483 337 2569 llagitii:
366 2485 462 2548 immo
492 2504 577 2573 vero·
594 2485 688 2548 etiam
716 2483 777 2548 boc
799 2485 898 2567 magis
921 2503 1015 2569 quam
1043 2485 1089 2547 illi
1112 2492 1234 2550 veteres
1262 2486 1467 2569 germanique

144 2580 315 2664 Campani,
344 2579 431 2662 quod
459 2578 492 2641 in
514 2585 620 2642 vetere
646 2577 771 2640 fortuna
792 2577 865 2640 illos
887 2585 979 2640 natos
1001 2586 1033 2642 et
1054 2578 1204 2642 educatos
1226 2580 1341 2644 nimiae
1363 2588 1468 2646 manen

141 2693 247 2737 renim
280 2672 422 2736 omnium
451 2673 560 2756 copiae
588 2670 817 2754 depravabant,
849 2669 882 2732 bi
911 2691 952 2734 ex
977 2691 1099 2734 summa
1120 2680 1258 2754 egestate
1279 2673 1313 2736 in
1335 2672 1468 2738 eandem

143 2787 248 2831 rerum
277 2764 501 2830 abundantiam
529 2762 664 2828 traducti
691 2783 756 2827 non
783 2763 885 2827 solum
912 2764 1021 2849 copia,
1047 2783 1156 2830 verum
1185 2757 1279 2830 etiam
1301 2767 1469 2832 insolentia

146 2858 436 2924 commovebuntur.
1477 2877 1506 2926 st

227 2953 374 3016 XXXVI.
397 2949 447 3014 98.
470 2951 555 3014 Haec
578 2959 630 3026 tu,
650 2953 685 3015 P.
703 2952 811 3028 ltullc,
833 2953 875 3016 bl.
890 2952 979 3016 Bruti
1002 2952 1130 3017 sceleris
1146 2955 1278 3039 vestigia
1291 2975 1386 3039 quam
1401 2975 1469 3018 mo-

145 3055 296 3111 numenta
316 3045 472 3110 maiorum
494 3045 669 3130 sapientiae
692 3046 783 3127 sequi
806 3045 964 3122 maluisti3
988 3047 1068 3110 baec
1090 3056 1124 3110 tu
1146 3069 1218 3112 cum
1238 3049 1308 3113 istis
1330 3049 1393 3114 tuis
1414 3071 1470 3114 au-

145 3140 285 3206 ctoribus
308 3140 511 3222 excogitasti,
540 3146 575 3203 ut
596 3147 706 3202 vetera
728 3139 895 3222 vectigalia
917 3137 936 3174 ³*
952 3137 968 3172 ⁴¹
987 3138 1005 3174 *
1029 3160 1067 3205 ea
1088 3140 1258 3225 exploretis
1279 3164 1362 3208 novo
1386 3143 1404 3178 ³*
1418 3143 1437 3178 ³*
1450 3145 1468 3178 ¹*

211 3410 234 3459 4.
252 3405 323 3470 noia]
341 3411 416 3468 capia
432 3405 506 3456 EFP
525 3405 636 3470 (iladvig
653 3405 687 3456 ad
705 3407 759 3459 Cic.
779 3407 812 3459 dc
824 3409 897 3459 Fiun.
910 3421 937 3474 p.
950 3407 1035 3472 oiim
1055 3415 1117 3473 apia
1133 3413 1163 3462 Α.
1182 3411 1403 3468 EmendaritNic.
1415 3420 1472 3471 An-

146 3481 238 3549 gelius.
259 3508 287 3520 -
305 3487 340 3531 ssi
354 3479 523 3544 Wesenberg
541 3479 566 3543 tl.
585 3480 601 3532 l.
621 3495 647 3546 p.
666 3481 732 3544 ill:
749 3489 807 3534 mni
822 3484 914 3534 celeri.
936 3511 962 3521 -
982 3487 1247 3554 paasnpasinlaoli]
1264 3499 1471 3556 qoas--pcsio-

146 3561 232 3611 larona
248 3557 337 3618 EFP;
356 3569 406 3618 qua
418 3582 453 3593 --
462 3555 598 3620 posirslaoii
615 3569 677 3607 cum
694 3557 736 3608 ed.
756 3559 919 3622 Hervagiana
936 3559 965 3610 L.
984 3585 1010 3596 -
1029 3562 1156 3614 comam
1171 3564 1227 3614 FP.
1242 3589 1270 3602 -
1282 3566 1308 3616 i.
1326 3581 1358 3618 sa
1373 3582 1427 3620 om.
1440 3571 1469 3622 Τ.

151 3661 179 3672 -
197 3635 273 3685 sliam
289 3632 376 3682 ambit
392 3631 421 3682 E.
441 3657 467 3667 -
486 3637 545 3682 isaac
561 3631 622 3682 EF:
640 3631 822 3686 lanitio.
842 3661 870 3672 -
888 3635 913 3686 3,
930 3634 1038 3698 4444Ες
1055 3637 1083 3688 in
1097 3637 1143 3689 boc
1157 3639 1214 3690 binc
1233 3640 1259 3690 F.
1273 3665 1301 3676 -
1318 3644 1471 3696 restaure-
1584 3673 1586 3676 -

148 3719 247 3769 danus:
270 3717 342 3768 modo
363 3713 424 3780 (mol
447 3715 563 3776 EFPA;
589 3729 721 3768 awanam
742 3731 805 3770 oum
826 3719 869 3770 sd.
892 3717 985 3770 Aldina
1008 3717 1033 3772 i.
1059 3747 1085 3756 —
1109 3721 1135 3772 4.
1159 3723 1315 3776 mammas
1335 3727 1420 3779 EFP.
1440 3757 1469 3768 -

149 3796 173 3846 t.
191 3794 369 3844 coadunarem
391 3793 418 3842 F.
442 3817 469 3827 —
493 3791 578 3857 qaam]
599 3803 672 3854 gana
688 3792 717 3842 Ε.
737 3818 765 3829 -
790 3795 814 3844 i.
836 3793 891 3858 uiis]
914 3793 966 3844 sais
985 3793 1098 3846 EFGP.
1124 3822 1151 3832 -
1176 3797 1201 3848 8.
1221 3801 1294 3862 pras]
1313 3813 1362 3863 pro
1382 3804 1469 3856 EFA.

148 3868 305 3922 Emendavli
319 3868 374 3919 iiic.
392 3866 525 3931 Angelius.
541 3893 568 3903 -
582 3867 785 3932 masclamssims
799 3869 850 3920 sila
866 3881 927 3920 nos:
942 3883 1008 3933 pras
1022 3871 1073 3921 illis
1087 3873 1179 3924 44444444
1195 3873 1369 3938 cratim
1392 3893 1471 3942 pras-

148 3945 292 3996 clarissimis
307 3943 355 3994 aiis
371 3941 494 3994 Klotzius.
507 3969 531 3981 -
544 3942 569 3994 9.
587 3948 740 3994 omtnmrsrs
756 3944 785 3995 E.
796 3946 999 3996 -aaiicantissm
1015 3945 1099 3997 EFP.
1112 3948 1328 4014 -Fapinimns,
1346 3952 1470 4019 lilotzim,

150 4020 250 4084 Ussing.
275 4019 315 4072 Cl.
334 4015 478 4072 Columella
495 4019 524 4069 R.
543 4019 572 4069 R.
590 4017 694 4081 1.i‚s.
718 4045 745 4056 -
769 4020 810 4070 to.
828 4019 916 4082 opimis
935 4024 1010 4083 aigae
1029 4018 1144 4072 adomim
1165 4021 1348 4078 baumdanus:
1374 4030 1473 4092 opilatis

149 4101 224 4157 algas
247 4095 363 4147 uberibus
383 4089 472 4153 Pl&
498 4093 597 4156 apamiis
616 4099 691 4157 manas
711 4093 843 4146 amramis
858 4094 914 4146 EF.
934 4120 962 4131 -
980 4095 1078 4158 44444444]
1100 4097 1122 4148 si
1141 4096 1197 4148 44444
1212 4098 1269 4149 Er.
1289 4125 1315 4136 —
1341 4116 1392 4154 non
1408 4115 1471 4157 cum

150 4167 990 4234 catanensemo.-iaaaclnacinopian-acreanssrz
1012 4168 1472 4234 aspernantia-lacon-

150 4244 245 4295 isndoni
269 4246 298 4295 P.
326 4245 472 4298 Manutius:
506 4247 662 4296 contemni
683 4244 779 4296 EFr.
806 4270 834 4281 -
862 4244 972 4310 Labicos]
998 4246 1068 4296 aiaos
1091 4247 1160 4306 EP3
1190 4248 1262 4310 iaces
1284 4249 1311 4300 F.
1340 4277 1366 4288 -
1392 4253 1472 4307 444444

149 4318 297 4384 tenemium]
319 4319 471 4370 orsicianum
486 4319 520 4379 E;
546 4319 707 4370 amaruan
722 4319 740 4370 F
746 4334 752 4379 i
779 4319 929 4372 srclsioasm
948 4333 1070 4372 anmoins
1090 4324 1122 4383 P;
1148 4323 1235 4376 Hercle
1253 4325 1412 4379 Lenwmom
1431 4332 1469 4392 Α;

149 4395 228 4446 bercia
248 4395 383 4446 Lauinium
404 4393 455 4444 alii.
481 4421 508 4431 -
531 4394 571 4444 43.
596 4395 691 4445 llsoorso
708 4389 791 4445 Abi.
811 4421 837 4430 -
864 4394 905 4446 ll.
928 4395 1116 4461 canaparabani]
1138 4411 1188 4449 non
1207 4400 1389 4462 imparatam
1409 4417 1471 4455 cum

152 4468 306 4519 taureduno
322 4471 350 4520 l..
377 4497 403 4505 -
423 4472 464 4520 45.
487 4469 529 4520 sci
550 4475 627 4532 cerie,
653 4470 808 4534 siparium]
830 4472 852 4520 si
871 4476 936 4522 osric
953 4473 1086 4536 parisiam
1104 4474 1139 4533 E;
1164 4476 1186 4526 si
1205 4481 1270 4526 caris
1288 4479 1395 4540 pacina
1415 4483 1469 4532 FF.

154 4569 180 4579 -
205 4545 343 4594 accretalis
363 4544 446 4594 EFP.
470 4568 496 4578 —
523 4545 563 4595 46.
585 4545 765 4598 continebimar
785 4549 813 4598 Ε.
839 4575 866 4584 -
887 4549 1082 4614 progrediantur
1102 4551 1180 4602 iarsaii
1199 4565 1281 4603 4444444
1304 4553 1416 4616 screnum
1435 4557 1470 4618 Ei

149 4617 344 4681 proprsdianiar
364 4617 442 4670 innoti
460 4631 542 4669 4444444
559 4620 677 4683 inanior
697 4623 729 4682 F;
752 4623 946 4687 pransitaretur
965 4625 1048 4676 mancii
1071 4637 1153 4676 sacam
1171 4626 1283 4691 4444444444
1306 4630 1340 4689 Ρ;
1365 4643 1473 4696 propro-

153 4691 262 4754 disntar,
279 4698 369 4744 mincia
384 4706 466 4744 socom
481 4693 561 4758 [asni
577 4693 687 4748 Orellius
704 4696 763 4749 coll.
781 4698 996 4751 44441449.-
1016 4701 1056 4752 ti.
1074 4701 1148 4764 [44444
1163 4702 1221 4766 sess]
1236 4701 1319 4765 [444444
1334 4709 1394 4755 simi
1409 4705 1470 4768 EF3

151 4765 221 4830 sacili
236 4772 297 4818 assei
313 4770 345 4829 Pi
366 4768 437 4831 sacili
452 4781 502 4822 sess
516 4769 547 4820 Α.
567 4795 595 4806 -
613 4771 679 4836 441444
695 4773 752 4825 EF.
772 4801 799 4810 -
819 4774 859 4825 48.
875 4775 904 4824 in
918 4775 1033 4840 {crisonis}
1053 4775 1196 4838 insorismlis
1211 4777 1268 4828 EF.
1288 4803 1316 4814 ·-
1334 4779 1473 4830 4444444444·

153 4843 237 4895 EFP.
257 4869 284 4879 -
302 4843 343 4895 iti.
362 4843 489 4909 insumas]
506 4844 643 4898 laciniosis
658 4848 772 4899 EFPA.
798 4848 956 4900 Emendavii
975 4851 1121 4914 Naugerius
1137 4852 1165 4903 in
1182 4851 1226 4904 ad.
1243 4850 1345 4904 Aldina.
1364 4877 1393 4891 —
1411 4867 1473 4906 con·

153 4918 278 4984 qaisiiarn]
300 4921 385 4970 :For-i.
407 4921 558 4983 conceptae-i.
587 4921 697 4974 Videtur
718 4921 781 4974 illud
803 4927 891 4975 ortum
908 4938 923 4975 a
940 4925 1065 4989 praeced.
1082 4927 1239 4989 4444444444.»
1257 4928 1302 4979 On.
1321 4953 1349 4964 -
1367 4928 1409 4979 it.
1427 4929 1473 4981 icc

153 4993 305 5044 4444444-
324 4995 758 5062 22.iiiasinosarsiorima1..-
776 4998 1180 5053 iii.conssnorabsmiurEFP.-
1197 5000 1400 5054 illiberali·
1418 5017 1471 5056 mo·

154 5067 264 5120 nimmia
279 5069 307 5120 F.
326 5095 353 5106 -
372 5071 413 5121 27.
430 5071 533 5122 malassii
547 5073 577 5124 Ε.
591 5099 618 5109 -
637 5073 780 5126 aecimibas
795 5073 981 5128 Lauredanus:
998 5077 1124 5140 ,4444444444
1139 5076 1279 5130 esoni.
1296 5103 1324 5114 -
1342 5079 1384 5131 28.
1401 5081 1473 5145 copi·

155 5143 213 5195 iasii
228 5143 256 5197 F.
277 5173 304 5184 -
321 5145 456 5213 oscigaiia
471 5161 502 5202 aa
517 5147 649 5214 caparae
663 5163 727 5204 nouo
741 5148 800 5204 arbi
814 5150 1011 5206 mesori:
1035 5153 1371 5220 emmeramensem
1385 5155 1473 5222 sapis-
