3684 5862
618 436 691 502 44.
713 435 900 502 vr-vur.
926 434 982 520 44.
1004 431 1159 502 ee-ao.
1530 438 1551 504 7

226 626 303 674 num
330 607 487 672 nobilium
515 609 760 691 consignantur3
793 608 977 672 disceditur.
1017 609 1163 673 Postulat
1184 627 1203 674 a
1224 611 1379 676 Burrieno
1404 619 1550 696 praetore

226 703 379 778 Naevius,
401 709 438 768 ut
459 723 500 766 ex
521 703 626 767 edicto
647 703 733 766 bona
754 702 919 785 possidere
940 703 1044 768 liceat
1076 704 1173 768 lussit
1194 705 1280 768 bona
1299 707 1550 788 proscribieius,

227 799 357 882 quicum
378 797 574 862 familiaritas
596 797 714 872 luerat,
738 798 873 861 societas
896 804 980 870 erat,
1002 794 1138 861 affinitas
1161 798 1270 864 liberis
1291 800 1384 864 istius
1398 801 1479 865 rivis
1502 802 1550 864 di-

226 893 302 956 velli
323 893 412 958 nullo
434 893 530 956 modo
552 899 686 976 poterat.
722 888 774 954 26.
798 891 869 967 Qua
891 912 932 954 ex
955 912 990 954 re
1011 892 1147 974 intelligi
1168 893 1262 957 facile
1282 894 1404 977 potuit,
1426 895 1548 956 nullum

227 1007 296 1051 esse
323 985 461 1052 officium
493 995 556 1050 tam
578 995 722 1050 sanctum
745 993 840 1070 atque
864 986 1034 1059 sollemne,
1068 987 1155 1070 quod
1177 1006 1242 1052 non
1264 987 1397 1052 avaritia
1419 988 1587 1055 commi-a

226 1101 323 1146 nuere
351 1089 451 1166 atque
479 1071 611 1145 violare
628 1081 739 1145 soleat.
782 1081 909 1144 Etenim
920 1082 959 1162 (si
981 1080 1113 1146 veritato
1136 1083 1290 1158 amicitia,
1320 1079 1381 1148 lide
1404 1084 1549 1159 societas,

225 1178 343 1262 pietate
357 1176 579 1261 propinquitas
595 1165 876 1264 coliturbnecesse
893 1182 941 1239 est
971 1176 1046 1250 iste,
1069 1177 1124 1260 qui
1140 1177 1294 1254 amicum,
1321 1179 1459 1254 socium,
1481 1174 1549 1240 alli·
1604 1193 1732 1254 rw

225 1291 298 1335 nem
318 1271 403 1336 tama
423 1290 460 1335 ac
482 1271 619 1354 fortunis
642 1270 780 1354 spoliare
802 1277 934 1333 conatus
957 1277 1023 1344 est,
1044 1290 1161 1334 vanum
1183 1291 1217 1335 se
1238 1279 1270 1334 et
1288 1272 1495 1355 perfidiosum
1517 1279 1550 1337 et

226 1365 359 1450 impium
381 1386 451 1430 esse
474 1365 620 1430 latentur.
656 1362 708 1426 27.
731 1365 872 1426 Libellos
887 1364 961 1428 Sex.
976 1364 1124 1440 Alfenus,
1146 1374 1333 1448 procurator
1347 1365 1380 1429 P.
1397 1367 1548 1443 Quinctii,

225 1460 389 1524 familiaris
411 1467 444 1523 et
461 1460 662 1543 propinquus
679 1459 752 1522 Sex.
768 1458 895 1533 Naevii,
918 1459 1043 1534 deiicit;
1065 1460 1225 1522 servulum
1239 1457 1473 1548 unumsquem
1487 1462 1585 1529 istem

224 1556 449 1640 prebenderat,
471 1555 615 1628 abducit3
645 1553 810 1618 denuntiat
832 1574 903 1618 sese
924 1560 1162 1636 procuratorem
1184 1573 1269 1630 esse,
1291 1557 1388 1620 istum
1409 1576 1546 1640 aequum

225 1671 295 1714 esse
323 1649 427 1712 famae
454 1649 656 1732 fortunisque
677 1649 710 1710 Ρ.
735 1646 877 1723 Quinctii
904 1647 1071 1710 consulere
1099 1654 1131 1712 44
1150 1647 1322 1713 adventum
1344 1651 1412 1714 eius
1435 1671 1548 1734 exspe-

224 1751 320 1810 ctare.
364 1741 459 1818 Quod
490 1743 517 1806 si
545 1742 649 1806 facere
679 1743 762 1805 nolit
783 1749 879 1826 atque
900 1741 1060 1806 imbiberit
1080 1743 1238 1806 eiusmodi
1259 1745 1436 1809 rationibus
1457 1745 1548 1808 illum

225 1840 266 1904 ad
287 1857 361 1902 suas
383 1837 588 1900 condiciones
609 1837 800 1919 perducere,
823 1855 893 1900 sese
914 1836 995 1898 nibil
1009 1838 1131 1919 precari
1147 1842 1195 1911 et,
1218 1838 1245 1900 si
1261 1838 1339 1922 quid
1353 1859 1446 1922 agere
1459 1839 1547 1914 velit,

224 1931 345 1998 iudicio
376 1931 555 1994 defendere.
598 1927 649 1992 28.
680 1931 766 1994 Haec
799 1933 875 1994 dum
896 1932 1015 1994 Romae
1037 1937 1205 2013 geruntur,
1237 1932 1406 2008 Quinctius
1426 1934 1585 2000 inteream

226 2027 418 2100 contraius,
440 2026 719 2100 consuetudinem,
742 2026 847 2089 edicta
863 2034 1045 2109 praetorum
1066 2026 1106 2088 de
1126 2027 1209 2090 saltu
1230 2045 1372 2112 agroque
1387 2031 1547 2093 communi

226 2122 366 2187 aservis
388 2119 608 2184 communibus
629 2120 661 2183 vi
685 2120 872 2184 detruditur.
916 2120 983 2184 Vll.
1005 2119 1178 2195 Existima,
1201 2121 1233 2185 C.
1256 2123 1382 2206 Aquili,
1405 2123 1500 2187 modo
1516 2130 1548 2186 ot

225 2216 347 2282 ratione
368 2214 476 2278 omnia
496 2215 614 2278 Romae
635 2215 789 2278 Naevium
810 2214 943 2289 fecisse,
972 2213 1000 2276 si
1020 2213 1100 2291 boo,
1123 2216 1211 2299 quod
1233 2235 1291 2299 per
1310 2216 1433 2281 litteras
1454 2218 1546 2282 istius

223 2311 257 2373 in
280 2308 382 2372 Gallia
403 2314 527 2392 gestum
549 2313 614 2382 est,
635 2316 721 2372 reete
744 2317 842 2393 atque
857 2310 969 2372 ordine
983 2309 1102 2372 lactum
1117 2329 1187 2374 esse
1203 2310 1358 2374 videatur.
1385 2311 1546 2394 Expulsus

223 2413 319 2489 atque
348 2404 468 2467 eiectus
497 2424 515 2467 e
545 2404 676 2486 praedio
708 2403 878 2479 Quinctius
905 2411 1036 2486 accepta
1065 2403 1183 2486 insigni
1205 2405 1322 2469 iniuria
1342 2403 1486 2489 confugit
1506 2407 1584 2481 ad„

223 2499 256 2563 C.
271 2498 418 2562 lilaccurn
440 2497 683 2582 imperatorem,
713 2499 770 2582 qui
799 2505 866 2563 tum
889 2505 957 2562 erat
977 2500 1011 2562 iu
1032 2499 1216 2584 provincia:
1244 2514 1359 2584 quem,
1388 2508 1425 2564 ut
1444 2501 1546 2584 ipsius

222 2594 360 2676 dignitas
382 2594 500 2676 poscit,
522 2593 655 2656 honoris
677 2593 778 2677 gratia
801 2593 942 2658 nomino.
985 2593 1016 2656 Is
1045 2613 1115 2656 eam
1135 2613 1202 2658 rem
1225 2615 1321 2679 quam
1342 2597 1548 2660 vehementer

221 2689 443 2754 vindicandam
465 2687 601 2771 putarit,
624 2708 665 2751 en
687 2688 823 2752 decretis
845 2689 913 2752 eius
932 2689 1078 2773 poteritis
1094 2708 1296 2773 cognoscere.
1340 2687 1391 2756 29.
1414 2690 1547 2754 Alfenus

221 2787 344 2849 interea
365 2784 484 2846 Romae
507 2803 578 2846 cum
599 2783 663 2846 isto
685 2782 861 2866 gladiatore
882 2783 990 2848 vetulo
1015 2784 1159 2868 quotidie
1181 2786 1351 2868 pugnabat
1394 2785 1547 2850 Utebatur

221 2879 341 2964 populo
364 2897 441 2942 sano
463 2896 521 2941 suo
543 2885 730 2961 propterea,
753 2879 840 2962 quod
862 2880 922 2943 iste
945 2886 1042 2963 eaput
1062 2887 1171 2964 petere
1193 2899 1259 2945 non
1274 2882 1448 2946 desinebat
1482 2882 1583 2956 444444

221 2971 377 3058 postulat,
406 2979 443 3034 ut
464 2979 652 3055 procurator
671 2974 846 3038 iudicatum
868 2975 950 3039 solvi
972 2975 1049 3039 satis
1073 2975 1172 3038 daret
1215 2977 1317 3060 Negat
1337 2975 1470 3040 Alienus
1492 2995 1545 3040 44-

221 3087 321 3153 quum
341 3075 662 3149 esseprocuratorem
677 3069 861 3145 satisdare,
884 3071 972 3154 quod
994 3089 1068 3134 reus
1091 3070 1168 3134 satis
1184 3071 1260 3136 darc
1274 3091 1340 3135 non
1355 3070 1495 3147 deberet,
1517 3071 1545 3134 si

221 3163 290 3245 ipse
313 3161 448 3224 adesset.
480 3161 690 3245 Appellantur
711 3162 848 3238 tribuni;
871 3185 890 3228 a
912 3165 1029 3248 quibus
1052 3185 1124 3228 curn
1146 3173 1231 3228 esset
1253 3173 1373 3230 certum
1389 3166 1545 3230 auxilium

221 3257 372 3342 petitum,
395 3256 440 3320 ita
461 3263 528 3319 turn
550 3257 739 3330 disceditur,
761 3267 798 3320 ut
818 3259 928 3322 Idibus
952 3258 1189 3341 Septembribus
1211 3261 1244 3322 P.
1268 3259 1454 3335 Quinctium
1475 3260 1544 3323 sisti

223 3353 296 3415 Sex.
315 3350 446 3414 Alfenus
473 3350 682 3434 promitteret.
725 3353 807 3414 Vlll.
838 3353 935 3415 Venit
955 3355 1088 3416 Romam
1111 3352 1298 3429 Quinotium
1327 3354 1582 3428 vadimonium„

223 3446 315 3510 sistit.
351 3441 402 3506 30.
423 3445 503 3520 Iste,
524 3445 621 3509 bomo
636 3447 824 3520 acerrimus,
846 3446 1004 3510 bonorum
1021 3467 1203 3532 possessor,
1224 3448 1392 3531 expulsor,
1409 3456 1545 3533 ereptor,

222 3559 340 3605 annum
362 3546 395 3602 et
415 3558 472 3603 sex
493 3560 618 3604 menses
640 3540 721 3604 nihil
742 3543 839 3624 petit;
870 3542 1022 3626 quiescit3
1051 3537 1292 3606 condicionibus
1313 3541 1414 3618 bunc,
1438 3545 1545 3627 quoad

220 3641 339 3721 potest,
372 3635 537 3717 producit3
570 3654 589 3698 a
619 3635 676 3698 Cn.
697 3636 863 3700 Dolabella
891 3637 1030 3721 denique
1056 3644 1202 3720 praetore
1230 3637 1386 3720 postulat,
1418 3645 1454 3700 ut
1483 3638 1543 3700 sibi

222 3728 391 3805 Quinctius
412 3727 586 3792 iudicatum
608 3729 690 3793 solvi
711 3731 788 3794 satis
804 3732 858 3812 det
880 3751 920 3794 ex
934 3731 1086 3806 formula,
1109 3750 1193 3806 ovoo
1207 3752 1248 3794 aa
1262 3751 1304 3794 so
1318 3751 1433 3808 rerer,
1456 3751 1544 3796 cvrvs

220 3841 402 3888 examero
423 3844 597 3888 raanrours
620 3843 701 3888 nora
723 3846 794 3890 urna
815 3847 883 3890 ιιι
903 3846 1054 3892 nossessa
1068 3846 1146 3890 srur.
1175 3826 1247 3888 Non
1261 3823 1429 3890 recusabat
1443 3826 1581 3902 Quin-ae

221 3920 320 3992 otius,
355 3917 435 4002 quin
460 3918 505 3982 ita
530 3920 704 3984 satisdare
733 3920 872 3996 iuberet,
903 3921 929 3984 si
957 3921 1043 3984 bona
1063 3939 1213 4004 possessa
1235 3925 1342 3984 essent
1364 3940 1405 3984 en
1427 3920 1542 3983 edicto.

220 4015 384 4079 Decernit:
414 4035 509 4100 quam
530 4035 684 4100 aequum,
713 4017 793 4079 nihil
816 4017 905 4093 dico;
933 4037 1033 4080 unum
1055 4016 1116 4080 boc
1139 4016 1229 4091 dico,
1262 4036 1397 4092 novum
1429 4022 1462 4078 et
1481 4014 1542 4080 boc

285 4195 309 4244 4.
334 4191 366 4243 ab
386 4192 501 4244 Auianio
516 4195 546 4244 A.
567 4220 595 4230 -
622 4192 647 4244 3.
664 4194 810 4246 Arusianus
827 4195 938 4246 Messias
961 4207 987 4258 p.
1005 4193 1063 4244 347.
1081 4193 1218 4244 liudem:
1245 4193 1347 4255 4444444
1367 4191 1410 4242 44444
1426 4192 1542 4256 sociem,

221 4269 332 4334 affinitas
347 4273 411 4319 erut
426 4295 454 4305 -
472 4265 497 4319 4.
515 4267 589 4331 focile
605 4268 709 4333 intelllgi
719 4272 749 4319 A.
765 4297 790 4305 -
810 4270 836 4320 8.
849 4268 887 4333 ac]
899 4266 1085 4332 otqthllm,
1100 4270 1164 4319 etA.
1180 4293 1206 4303 -
1219 4267 1429 4330 concurrerit,
1447 4282 1544 4320 muron

221 4344 252 4406 d,
270 4349 293 4396 ot
307 4343 440 4394 4444444..
455 4368 484 4381 -
504 4344 544 4393 44.
563 4343 664 4393 adducit
680 4357 705 4394 4.
719 4371 747 4381 -
767 4344 806 4395 ta.
825 4343 950 4394 consulem
965 4344 992 4394 Ρ.
1006 4343 1102 4407 Quintil
1118 4344 1172 4394 444
1182 4346 1213 4394 A.
1229 4369 1257 4379 -
1275 4344 1315 4394 43.
1325 4341 1458 4396 4444444444
1475 4343 1542 4396 le

222 4423 249 4472 et
259 4419 315 4480 Aa,
332 4418 448 4470 imbuerit
458 4431 483 4480 a,
501 4419 585 4469 inierit
595 4431 632 4480 m,
651 4419 785 4470 tobluuertt
795 4418 864 4470 liber
874 4417 1053 4482 Niirnbergeri
1066 4419 1163 4483 (Progr.
1178 4417 1306 4484 Campod.
1320 4417 1392 4470 4834.
1406 4431 1432 4484 p.
1446 4416 1496 4482 44.)
1509 4433 1543 4471 ex

222 4496 394 4548 correctione.
414 4520 442 4530 -
463 4493 502 4544 46.
521 4495 560 4545 tua
576 4498 600 4544 et
615 4507 682 4550 cons.
701 4507 716 4546 e
734 4495 760 4544 44
775 4493 831 4547 Ait.
850 4522 878 4531 -
896 4494 974 4544 edicto
990 4494 1028 4544 in
1045 4495 1072 4544 et
1088 4496 1122 4555 A,
1140 4493 1214 4543 edicti
1232 4506 1269 4545 m.
1284 4520 1312 4529 -
1327 4495 1454 4556 praetoris
1470 4493 1496 4547 t.
1511 4520 1540 4533 ·-

222 4572 262 4622 tl.
279 4571 360 4636 modo]
382 4571 408 4620 ld
423 4571 496 4621 modo
512 4571 592 4621 BGK
612 4571 639 4620 44
657 4573 688 4621 A.
709 4597 737 4606 ·-
762 4571 802 4622 49.
820 4572 847 4622 44
866 4569 976 4622 Gallium
991 4569 1018 4620 k.
1039 4595 1065 4606 -
1083 4570 1179 4634 sactum
1195 4582 1246 4620 esse
1262 4569 1379 4620 uideatur
1396 4583 1411 4620 e
1431 4571 1459 4620 44
1478 4569 1539 4621 edd.

221 4647 345 4711 antiquae
371 4645 483 4709 (Veneta
506 4659 529 4696 a.
550 4643 637 4708 4483,
663 4646 837 4706 ascensiana,
864 4645 980 4708 Iuntina,
1006 4645 1202 4710 Cratandriual:
1225 4646 1322 4710 scotum
1341 4657 1391 4696 4444
1412 4644 1543 4696 4444444444·

221 4720 376 4771 oxoniensis
388 4721 424 4782 ll,
440 4714 536 4785 loetum
549 4721 648 4772 videtur
658 4719 762 4776 VLAO.
777 4749 806 4758 -
823 4721 865 4772 tt.
884 4721 989 4771 detectus
1000 4722 1044 4772 Ga
1054 4719 1078 4772 44
1089 4734 1125 4772 m.
1141 4747 1167 4756 —
1183 4720 1282 4786 4444444]
1299 4733 1397 4772 sommo
1407 4721 1432 4772 k.
1453 4749 1480 4756 -
1499 4722 1541 4772 44.

220 4794 405 4846 tuochlbl.
421 4795 501 4847 -23.
515 4797 781 4848 iudicandamlretA.
796 4823 823 4832 -
836 4795 1310 4862 26.postulut13delgblrnotl.8:
1326 4793 1540 4860 postulcbctAO.

223 4897 250 4906 -
268 4869 311 4921 27.
327 4869 389 4920 rutis
400 4870 462 4924 duro
477 4875 539 4924 ante
550 4887 575 4925 v.
588 4888 638 4926 ooo
649 4887 703 4925 om.
721 4874 747 4925 k.
768 4901 795 4911 -
813 4874 854 4924 43.
870 4873 966 4937 petitur
981 4874 1007 4923 k.
1025 4899 1052 4909 -
1071 4877 1154 4924 tomen
1170 4871 1224 4926 te.
1243 4872 1307 4936 44444
1322 4873 1342 4922 B
1353 4871 1404 4922 GK
1420 4871 1447 4920 et
1457 4869 1498 4933 A.)
1512 4897 1539 4906 -

220 4945 261 4997 30.
279 4945 339 4996 Soc.
353 4957 406 4996 om.
425 4946 450 4996 k.
465 4973 492 4983 -
512 4949 641 5011 Quinctius
651 4949 872 5000 odvcdtmonicm.
885 4949 949 4998 444444
958 4962 983 4999 44
993 4950 1013 5000 L
1024 4962 1057 4999 4ι
1069 4949 1219 5000 coniectura
1231 4949 1324 5012 postea
1336 4946 1442 4996 reiecta.
1457 4971 1485 4982 -
1499 4945 1540 4998 34.

221 5019 299 5086 ouius]
317 5021 436 5084 quoniam
446 5021 498 5073 eius
512 5025 621 5076 BdKlt
633 5027 660 5076 et
670 5026 701 5087 A,
720 5037 789 5088 quae
806 5022 882 5075 lectio
894 5025 952 5075 orta
964 5027 1006 5074 est
1017 5038 1050 5076 ex
1063 5025 1194 5090 scriptura
1205 5024 1300 5087 quoire.
1316 5048 1343 5057 —
1357 5021 1397 5072 34.
1407 5023 1540 5086 praetuta]

218 5097 344 5161 4444444444
359 5097 465 5148 Romani
481 5097 556 5152 Abi
573 5100 600 5149 et
617 5099 674 5165 (per
686 5098 850 5164 compendia)
865 5098 940 5150 Mab
951 5097 1075 5151 odetkl
1086 5113 1123 5151 m.
1138 5124 1165 5136 -
1184 5103 1241 5150 4444
1251 5099 1310 5150 Mk.
1325 5121 1352 5132 -
1366 5093 1406 5144 36.
1417 5094 1543 5149 laberetur

221 5174 247 5238 k,
261 5171 334 5240 quod
347 5171 496 5242 perplacuit
508 5173 665 5240 Hotomano,
683 5174 819 5244 lambino,
834 5175 965 5228 Sobiitzio.
981 5199 1008 5214 -
1027 5175 1068 5228 37.
1084 5176 1182 5228 dmoni
1193 5175 1220 5228 k.
1236 5201 1264 5212 -
1279 5170 1349 5236 44444]
1368 5182 1419 5222 ooo
1438 5185 1453 5224 4
1471 5174 1498 5225 44
1508 5175 1539 5230 A.
