<?xml version="1.0" encoding="UTF-8"?>
<!DOCTYPE html PUBLIC "-//W3C//DTD XHTML 1.0 Transitional//EN"
    "http://www.w3.org/TR/xhtml1/DTD/xhtml1-transitional.dtd">
<html xmlns="http://www.w3.org/1999/xhtml" xml:lang="en" lang="en">
 <head>
  <title>
</title>
<meta http-equiv="Content-Type" content="text/html;charset=utf-8" />
  <meta name='ocr-system' content='tesseract 3.04.00' />
  <meta name='ocr-capabilities' content='ocr_page ocr_carea ocr_par ocr_line ocrx_word'/>
</head>
<body>
  <div class='ocr_page' id='page_1' title='image "./mtulliiciceroni00baitgoog_0402.png"; bbox 0 0 3642 5862; ppageno 0'>
   <div class='ocr_carea' id='block_1_1' title="bbox 277 352 1231 432">
    <p class='ocr_par' dir='ltr' id='par_1_1' title="bbox 277 352 1231 432">
     <span class='ocr_line' id='line_1_1' title="bbox 277 352 1231 432; baseline -0.016 0"><span class='ocrx_word' id='word_1_1' title='bbox 277 361 340 432; x_wconf 85' lang='lat'><strong>376</strong></span> <span class='ocrx_word' id='word_1_2' title='bbox 651 361 695 424; x_wconf 87' lang='lat' dir='ltr'><strong>IN</strong></span> <span class='ocrx_word' id='word_1_3' title='bbox 715 357 883 424; x_wconf 75' lang='lat' dir='ltr'>VERREM</span> <span class='ocrx_word' id='word_1_4' title='bbox 903 355 1025 422; x_wconf 75' lang='lat' dir='ltr'><strong>lutto</strong></span> <span class='ocrx_word' id='word_1_5' title='bbox 1048 352 1231 420; x_wconf 80' lang='lat' dir='ltr'>SECUNDA</span> 
     </span>
    </p>
   </div>
   <div class='ocr_carea' id='block_1_2' title="bbox 88 523 1605 2398">
    <p class='ocr_par' dir='ltr' id='par_1_2' title="bbox 277 523 1605 610">
     <span class='ocr_line' id='line_1_2' title="bbox 277 523 1605 610; baseline -0.011 -9"><span class='ocrx_word' id='word_1_6' title='bbox 277 556 380 602; x_wconf 79' lang='lat' dir='ltr'><strong>vanus</strong></span> <span class='ocrx_word' id='word_1_7' title='bbox 401 551 502 598; x_wconf 77' lang='lat' dir='ltr'><strong>sacru</strong></span> <span class='ocrx_word' id='word_1_8' title='bbox 524 549 599 594; x_wconf 74' lang='lat' dir='ltr'><strong>stur</strong></span> <span class='ocrx_word' id='word_1_9' title='bbox 621 549 662 592; x_wconf 88' lang='lat' dir='ltr'><strong>nn</strong></span> <span class='ocrx_word' id='word_1_10' title='bbox 686 529 760 592; x_wconf 83' lang='lat' dir='ltr'><strong>Sex.</strong></span> <span class='ocrx_word' id='word_1_11' title='bbox 782 527 961 591; x_wconf 79' lang='lat' dir='ltr'><strong>Pnnvcseo.</strong></span> <span class='ocrx_word' id='word_1_12' title='bbox 995 525 1096 600; x_wconf 86' lang='lat' dir='ltr'>Dicit,</span> <span class='ocrx_word' id='word_1_13' title='bbox 1119 525 1172 610; x_wconf 89' lang='lat' dir='ltr'><strong>qui</strong></span> <span class='ocrx_word' id='word_1_14' title='bbox 1187 523 1278 610; x_wconf 90' lang='lat' dir='ltr'><strong>primi</strong></span> <span class='ocrx_word' id='word_1_15' title='bbox 1293 523 1456 588; x_wconf 77' lang='lat' dir='ltr'><strong>suaserint.</strong></span> <span class='ocrx_word' id='word_1_16' title='bbox 1484 523 1605 587; x_wconf 85' lang='lat' dir='ltr'><strong>lleeer·</strong></span> 
     </span>
    </p>

    <p class='ocr_par' dir='ltr' id='par_1_3' title="bbox 278 617 1604 705">
     <span class='ocr_line' id='line_1_3' title="bbox 278 617 1604 705; baseline -0.009 -11"><span class='ocrx_word' id='word_1_17' title='bbox 278 632 374 694; x_wconf 89' lang='lat' dir='ltr'><strong>nitur.</strong></span> <span class='ocrx_word' id='word_1_18' title='bbox 402 626 547 690; x_wconf 81' lang='lat' dir='ltr'><strong>Refertur</strong></span> <span class='ocrx_word' id='word_1_19' title='bbox 568 622 683 685; x_wconf 91' lang='lat' dir='ltr'><strong>deinde</strong></span> <span class='ocrx_word' id='word_1_20' title='bbox 705 622 745 685; x_wconf 90' lang='lat' dir='ltr'><strong>de</strong></span> <span class='ocrx_word' id='word_1_21' title='bbox 767 623 875 685; x_wconf 87' lang='lat' dir='ltr'><strong>Verre.</strong></span> <span class='ocrx_word' id='word_1_22' title='bbox 907 621 981 697; x_wconf 83' lang='lat' dir='ltr'><strong>llic,</strong></span> <span class='ocrx_word' id='word_1_23' title='bbox 1004 639 1134 705; x_wconf 80' lang='lat' dir='ltr'>quaeso,</span> <span class='ocrx_word' id='word_1_24' title='bbox 1156 639 1219 704; x_wconf 88' lang='lat' dir='ltr'><strong>quo</strong></span> <span class='ocrx_word' id='word_1_25' title='bbox 1241 620 1355 682; x_wconf 83' lang='lat' dir='ltr'><strong>modot</strong></span> <span class='ocrx_word' id='word_1_26' title='bbox 1383 617 1474 692; x_wconf 82' lang='lat' dir='ltr'><strong>Qron</strong></span> <span class='ocrx_word' id='word_1_27' title='bbox 1495 636 1604 682; x_wconf 76' lang='lat' dir='ltr'><strong>venes</strong></span> 
     </span>
    </p>

    <p class='ocr_par' dir='ltr' id='par_1_4' title="bbox 279 711 1604 799">
     <span class='ocr_line' id='line_1_4' title="bbox 279 711 1604 799; baseline -0.009 -11"><span class='ocrx_word' id='word_1_28' title='bbox 279 741 384 788; x_wconf 75' lang='lat' dir='ltr'><strong>sacre</strong></span> <span class='ocrx_word' id='word_1_29' title='bbox 413 740 488 784; x_wconf 82' lang='lat' dir='ltr'><strong>svur</strong></span> <span class='ocrx_word' id='word_1_30' title='bbox 516 737 557 782; x_wconf 85' lang='lat' dir='ltr'><strong>ns</strong></span> <span class='ocrx_word' id='word_1_31' title='bbox 582 717 614 780; x_wconf 84' lang='lat' dir='ltr'><strong>C.</strong></span> <span class='ocrx_word' id='word_1_32' title='bbox 637 718 756 779; x_wconf 79' lang='lat' dir='ltr'><strong>Verus.</strong></span> <span class='ocrx_word' id='word_1_33' title='bbox 801 715 886 790; x_wconf 89' lang='lat' dir='ltr'><strong>Quid</strong></span> <span class='ocrx_word' id='word_1_34' title='bbox 918 723 1030 799; x_wconf 88' lang='lat' dir='ltr'><strong>postea</strong></span> <span class='ocrx_word' id='word_1_35' title='bbox 1057 714 1206 797; x_wconf 88' lang='lat' dir='ltr'><strong>scriptum</strong></span> <span class='ocrx_word' id='word_1_36' title='bbox 1236 715 1309 776; x_wconf 77' lang='lat' dir='ltr'><strong>esti</strong></span> <span class='ocrx_word' id='word_1_37' title='bbox 1345 711 1414 774; x_wconf 84' lang='lat' dir='ltr'><strong>Cvu</strong></span> <span class='ocrx_word' id='word_1_38' title='bbox 1443 729 1604 776; x_wconf 82' lang='lat' dir='ltr'><strong>svaunusr</strong></span> 
     </span>
    </p>

    <p class='ocr_par' dir='ltr' id='par_1_5' title="bbox 278 804 1604 889">
     <span class='ocr_line' id='line_1_5' title="bbox 278 804 1604 889; baseline -0.01 -7"><span class='ocrx_word' id='word_1_39' title='bbox 278 838 365 882; x_wconf 75' lang='lat' dir='ltr'><strong>anuo</strong></span> <span class='ocrx_word' id='word_1_40' title='bbox 386 833 490 889; x_wconf 80' lang='lat' dir='ltr'><strong>reove</strong></span> <span class='ocrx_word' id='word_1_41' title='bbox 513 831 709 876; x_wconf 77' lang='lat' dir='ltr'><strong>samsurrru</strong></span> <span class='ocrx_word' id='word_1_42' title='bbox 731 831 876 874; x_wconf 78' lang='lat' dir='ltr'><strong>nicenus.</strong></span> <span class='ocrx_word' id='word_1_43' title='bbox 911 810 996 885; x_wconf 89' lang='lat' dir='ltr'><strong>Quid</strong></span> <span class='ocrx_word' id='word_1_44' title='bbox 1019 816 1067 873; x_wconf 90' lang='lat' dir='ltr'><strong>est</strong></span> <span class='ocrx_word' id='word_1_45' title='bbox 1086 809 1170 871; x_wconf 83' lang='lat' dir='ltr'><strong>hoot</strong></span> <span class='ocrx_word' id='word_1_46' title='bbox 1190 841 1231 853; x_wconf 98' lang='lat'>—</span> <span class='ocrx_word' id='word_1_47' title='bbox 1245 827 1319 870; x_wconf 85' lang='lat' dir='ltr'><strong>sons</strong></span> <span class='ocrx_word' id='word_1_48' title='bbox 1333 825 1474 870; x_wconf 82' lang='lat' dir='ltr'><strong>nvorrvu.</strong></span> <span class='ocrx_word' id='word_1_49' title='bbox 1497 804 1604 882; x_wconf 86' lang='lat' dir='ltr'><strong>Quam</strong></span> 
     </span>
    </p>

    <p class='ocr_par' dir='ltr' id='par_1_6' title="bbox 256 900 1603 1087">
     <span class='ocr_line' id='line_1_6' title="bbox 256 900 1603 986; baseline -0.005 -14"><span class='ocrx_word' id='word_1_50' title='bbox 256 913 319 978; x_wconf 83' lang='lat' dir='ltr'><strong>tob</strong></span> <span class='ocrx_word' id='word_1_51' title='bbox 341 913 427 974; x_wconf 78' lang='lat' dir='ltr'><strong>remi</strong></span> <span class='ocrx_word' id='word_1_52' title='bbox 455 911 555 970; x_wconf 90' lang='lat' dir='ltr'><strong>Nemo</strong></span> <span class='ocrx_word' id='word_1_53' title='bbox 578 913 644 968; x_wconf 89' lang='lat' dir='ltr'><strong>erat</strong></span> <span class='ocrx_word' id='word_1_54' title='bbox 665 904 859 968; x_wconf 86' lang='lat' dir='ltr'><strong>voluntarius</strong></span> <span class='ocrx_word' id='word_1_55' title='bbox 881 905 1024 968; x_wconf 89' lang='lat' dir='ltr'><strong>laudator</strong></span> <span class='ocrx_word' id='word_1_56' title='bbox 1045 910 1209 986; x_wconf 88' lang='lat' dir='ltr'><strong>praeturae</strong></span> <span class='ocrx_word' id='word_1_57' title='bbox 1232 907 1321 974; x_wconf 87' lang='lat' dir='ltr'><strong>tuae,</strong></span> <span class='ocrx_word' id='word_1_58' title='bbox 1353 900 1499 965; x_wconf 82' lang='lat' dir='ltr'><strong>defensor</strong></span> <span class='ocrx_word' id='word_1_59' title='bbox 1518 903 1603 986; x_wconf 91' lang='lat' dir='ltr'><strong>peri·</strong></span> 
     </span>
     <span class='ocr_line' id='line_1_7' title="bbox 279 998 1602 1087; baseline -0.007 -18"><span class='ocrx_word' id='word_1_60' title='bbox 279 1005 439 1078; x_wconf 90' lang='lat' dir='ltr'><strong>culorum,</strong></span> <span class='ocrx_word' id='word_1_61' title='bbox 467 1001 649 1087; x_wconf 87' lang='lat' dir='ltr'><strong>praesertim</strong></span> <span class='ocrx_word' id='word_1_62' title='bbox 680 1019 751 1062; x_wconf 90' lang='lat' dir='ltr'><strong>oum</strong></span> <span class='ocrx_word' id='word_1_63' title='bbox 780 999 902 1062; x_wconf 88' lang='lat' dir='ltr'><strong>inirea</strong></span> <span class='ocrx_word' id='word_1_64' title='bbox 929 1007 1073 1080; x_wconf 88' lang='lat' dir='ltr'><strong>praetore</strong></span> <span class='ocrx_word' id='word_1_65' title='bbox 1095 998 1225 1082; x_wconf 75' lang='lat' dir='ltr'><strong>gratiam</strong></span> <span class='ocrx_word' id='word_1_66' title='bbox 1248 999 1374 1081; x_wconf 77' lang='lat' dir='ltr'><strong>posset?</strong></span> <span class='ocrx_word' id='word_1_67' title='bbox 1406 998 1514 1061; x_wconf 89' lang='lat' dir='ltr'><strong>Nemo.</strong></span> <span class='ocrx_word' id='word_1_68' title='bbox 1549 998 1602 1061; x_wconf 91' lang='lat' dir='ltr'><strong>llli</strong></span> 
     </span>
    </p>

    <p class='ocr_par' dir='ltr' id='par_1_7' title="bbox 177 1090 1601 1183">
     <span class='ocr_line' id='line_1_8' title="bbox 177 1090 1601 1183; baseline -0.007 -19"><span class='ocrx_word' id='word_1_69' title='bbox 177 1093 207 1170; x_wconf 75' lang='lat' dir='ltr'><em>l</em></span> <span class='ocrx_word' id='word_1_70' title='bbox 280 1101 340 1183; x_wconf 89' lang='lat' dir='ltr'><strong>ipsi</strong></span> <span class='ocrx_word' id='word_1_71' title='bbox 361 1098 407 1161; x_wconf 92' lang='lat' dir='ltr'><strong>tui</strong></span> <span class='ocrx_word' id='word_1_72' title='bbox 430 1095 598 1169; x_wconf 85' lang='lat' dir='ltr'><strong>convivae,</strong></span> <span class='ocrx_word' id='word_1_73' title='bbox 630 1093 817 1168; x_wconf 87' lang='lat' dir='ltr'><strong>consiliarii,</strong></span> <span class='ocrx_word' id='word_1_74' title='bbox 847 1093 985 1166; x_wconf 90' lang='lat' dir='ltr'><strong>conscii,</strong></span> <span class='ocrx_word' id='word_1_75' title='bbox 1011 1093 1089 1156; x_wconf 88' lang='lat' dir='ltr'><strong>socii</strong></span> <span class='ocrx_word' id='word_1_76' title='bbox 1112 1091 1242 1155; x_wconf 81' lang='lat' dir='ltr'><strong>verbum</strong></span> <span class='ocrx_word' id='word_1_77' title='bbox 1262 1090 1366 1154; x_wconf 84' lang='lat' dir='ltr'><strong>iacere</strong></span> <span class='ocrx_word' id='word_1_78' title='bbox 1387 1110 1451 1153; x_wconf 95' lang='lat' dir='ltr'><strong>non</strong></span> <span class='ocrx_word' id='word_1_79' title='bbox 1472 1091 1601 1155; x_wconf 86' lang='lat' dir='ltr'><strong>audent.</strong></span> 
     </span>
    </p>

    <p class='ocr_par' dir='ltr' id='par_1_8' title="bbox 279 1183 1600 1276">
     <span class='ocr_line' id='line_1_9' title="bbox 279 1183 1600 1276; baseline -0.006 -20"><span class='ocrx_word' id='word_1_80' title='bbox 279 1193 317 1256; x_wconf 91' lang='lat' dir='ltr'><strong>In</strong></span> <span class='ocrx_word' id='word_1_81' title='bbox 339 1211 402 1276; x_wconf 89' lang='lat' dir='ltr'><strong>qua</strong></span> <span class='ocrx_word' id='word_1_82' title='bbox 424 1190 509 1254; x_wconf 86' lang='lat' dir='ltr'><strong>curia</strong></span> <span class='ocrx_word' id='word_1_83' title='bbox 531 1195 634 1251; x_wconf 89' lang='lat' dir='ltr'><strong>statua</strong></span> <span class='ocrx_word' id='word_1_84' title='bbox 656 1194 710 1250; x_wconf 90' lang='lat' dir='ltr'><strong>tua</strong></span> <span class='ocrx_word' id='word_1_85' title='bbox 732 1187 832 1250; x_wconf 87' lang='lat' dir='ltr'><strong>stabat</strong></span> <span class='ocrx_word' id='word_1_86' title='bbox 854 1193 887 1250; x_wconf 93' lang='lat' dir='ltr'><strong>et</strong></span> <span class='ocrx_word' id='word_1_87' title='bbox 907 1185 991 1264; x_wconf 90' lang='lat' dir='ltr'><strong>nuda</strong></span> <span class='ocrx_word' id='word_1_88' title='bbox 1011 1186 1086 1262; x_wconf 88' lang='lat' dir='ltr'><strong>lilii,</strong></span> <span class='ocrx_word' id='word_1_89' title='bbox 1115 1187 1150 1249; x_wconf 93' lang='lat' dir='ltr'><strong>in</strong></span> <span class='ocrx_word' id='word_1_90' title='bbox 1172 1205 1209 1249; x_wconf 91' lang='lat' dir='ltr'><strong>ea</strong></span> <span class='ocrx_word' id='word_1_91' title='bbox 1230 1205 1324 1249; x_wconf 92' lang='lat' dir='ltr'><strong>nemo</strong></span> <span class='ocrx_word' id='word_1_92' title='bbox 1346 1183 1422 1260; x_wconf 86' lang='lat' dir='ltr'><strong>fuit,</strong></span> <span class='ocrx_word' id='word_1_93' title='bbox 1444 1205 1600 1268; x_wconf 89' lang='lat' dir='ltr'><strong>nequem</strong></span> 
     </span>
    </p>

    <p class='ocr_par' dir='ltr' id='par_1_9' title="bbox 278 1275 1601 1368">
     <span class='ocr_line' id='line_1_10' title="bbox 278 1275 1601 1368; baseline -0.004 -19"><span class='ocrx_word' id='word_1_94' title='bbox 278 1286 382 1349; x_wconf 92' lang='lat' dir='ltr'><strong>nudus</strong></span> <span class='ocrx_word' id='word_1_95' title='bbox 411 1284 537 1368; x_wconf 89' lang='lat' dir='ltr'><strong>quidem</strong></span> <span class='ocrx_word' id='word_1_96' title='bbox 565 1280 649 1344; x_wconf 87' lang='lat' dir='ltr'><strong>filius</strong></span> <span class='ocrx_word' id='word_1_97' title='bbox 679 1280 794 1345; x_wconf 90' lang='lat' dir='ltr'><strong>nudata</strong></span> <span class='ocrx_word' id='word_1_98' title='bbox 820 1280 984 1364; x_wconf 87' lang='lat' dir='ltr'><strong>provincia</strong></span> <span class='ocrx_word' id='word_1_99' title='bbox 1010 1283 1242 1344; x_wconf 75' lang='lat' dir='ltr'><strong>commoveret?</strong></span> <span class='ocrx_word' id='word_1_100' title='bbox 1286 1275 1358 1341; x_wconf 78' lang='lat' dir='ltr'><strong>tit.</strong></span> <span class='ocrx_word' id='word_1_101' title='bbox 1380 1280 1483 1364; x_wconf 77' lang='lat' dir='ltr'><strong>Atque</strong></span> <span class='ocrx_word' id='word_1_102' title='bbox 1505 1279 1601 1344; x_wconf 88' lang='lat' dir='ltr'><strong>etiam</strong></span> 
     </span>
    </p>

    <p class='ocr_par' dir='ltr' id='par_1_10' title="bbox 243 1373 1599 1450">
     <span class='ocr_line' id='line_1_11' title="bbox 243 1373 1599 1450; baseline -0.007 -4"><span class='ocrx_word' id='word_1_103' title='bbox 243 1380 340 1447; x_wconf 86' lang='lat' dir='ltr'><strong>toboc</strong></span> <span class='ocrx_word' id='word_1_104' title='bbox 362 1399 412 1441; x_wconf 93' lang='lat' dir='ltr'><strong>me</strong></span> <span class='ocrx_word' id='word_1_105' title='bbox 428 1377 550 1449; x_wconf 86' lang='lat' dir='ltr'><strong>docent,</strong></span> <span class='ocrx_word' id='word_1_106' title='bbox 574 1375 642 1438; x_wconf 92' lang='lat' dir='ltr'><strong>eius</strong></span> <span class='ocrx_word' id='word_1_107' title='bbox 658 1375 743 1438; x_wconf 89' lang='lat' dir='ltr'><strong>rnodi</strong></span> <span class='ocrx_word' id='word_1_108' title='bbox 759 1385 887 1438; x_wconf 89' lang='lat' dir='ltr'><strong>senatus</strong></span> <span class='ocrx_word' id='word_1_109' title='bbox 902 1374 1079 1438; x_wconf 89' lang='lat' dir='ltr'><strong>consultum</strong></span> <span class='ocrx_word' id='word_1_110' title='bbox 1092 1375 1203 1439; x_wconf 86' lang='lat' dir='ltr'><strong>secisse</strong></span> <span class='ocrx_word' id='word_1_111' title='bbox 1218 1373 1420 1450; x_wconf 83' lang='lat' dir='ltr'><strong>laudationis,</strong></span> <span class='ocrx_word' id='word_1_112' title='bbox 1441 1382 1477 1438; x_wconf 92' lang='lat' dir='ltr'><strong>ut</strong></span> <span class='ocrx_word' id='word_1_113' title='bbox 1491 1394 1599 1437; x_wconf 89' lang='lat' dir='ltr'><strong>omnes</strong></span> 
     </span>
    </p>

    <p class='ocr_par' dir='ltr' id='par_1_11' title="bbox 88 1453 1599 1652">
     <span class='ocr_line' id='line_1_12' title="bbox 88 1453 1598 1602; baseline -0.006 -64"><span class='ocrx_word' id='word_1_114' title='bbox 88 1471 151 1602; x_wconf 55' lang='lat' dir='ltr'><strong>,If</strong></span> <span class='ocrx_word' id='word_1_115' title='bbox 279 1473 455 1555; x_wconf 85' lang='lat' dir='ltr'><strong>intelligere</strong></span> <span class='ocrx_word' id='word_1_116' title='bbox 483 1477 613 1556; x_wconf 90' lang='lat' dir='ltr'><strong>possent</strong></span> <span class='ocrx_word' id='word_1_117' title='bbox 624 1453 702 1548; x_wconf 79' lang='lat' dir='ltr'><strong>(non</strong></span> <span class='ocrx_word' id='word_1_118' title='bbox 728 1468 958 1543; x_wconf 82' lang='lat' dir='ltr'><strong>laudationem,</strong></span> <span class='ocrx_word' id='word_1_119' title='bbox 991 1469 1046 1533; x_wconf 90' lang='lat' dir='ltr'><strong>sed</strong></span> <span class='ocrx_word' id='word_1_120' title='bbox 1073 1471 1179 1552; x_wconf 92' lang='lat' dir='ltr'><strong>potius</strong></span> <span class='ocrx_word' id='word_1_121' title='bbox 1206 1468 1384 1531; x_wconf 88' lang='lat' dir='ltr'><strong>irrisionem</strong></span> <span class='ocrx_word' id='word_1_122' title='bbox 1413 1486 1481 1532; x_wconf 90' lang='lat' dir='ltr'><strong>esse</strong></span> <span class='ocrx_word' id='word_1_123' title='bbox 1504 1468 1598 1560; x_wconf 60' lang='lat' dir='ltr'><strong>5¹er</strong></span> 
     </span>
     <span class='ocr_line' id='line_1_13' title="bbox 280 1546 1599 1652; baseline -0.005 -23"><span class='ocrx_word' id='word_1_124' title='bbox 280 1587 362 1652; x_wconf 89' lang='lat' dir='ltr'><strong>quae</strong></span> <span class='ocrx_word' id='word_1_125' title='bbox 385 1563 669 1628; x_wconf 81' lang='lat' dir='ltr'><strong>commonefaceret</strong></span> <span class='ocrx_word' id='word_1_126' title='bbox 690 1564 781 1626; x_wconf 89' lang='lat' dir='ltr'><strong>istius</strong></span> <span class='ocrx_word' id='word_1_127' title='bbox 807 1571 929 1647; x_wconf 83' lang='lat' dir='ltr'><strong>turpem</strong></span> <span class='ocrx_word' id='word_1_128' title='bbox 952 1563 1227 1646; x_wconf 86' lang='lat' dir='ltr'><strong>calamitosamque</strong></span> <span class='ocrx_word' id='word_1_129' title='bbox 1249 1546 1435 1646; x_wconf 89' lang='lat' dir='ltr'><strong>praeturam)</strong></span> <span class='ocrx_word' id='word_1_130' title='bbox 1478 1561 1599 1626; x_wconf 86' lang='lat' dir='ltr'><strong>Etenim</strong></span> 
     </span>
    </p>

    <p class='ocr_par' dir='ltr' id='par_1_12' title="bbox 276 1655 1599 1744">
     <span class='ocr_line' id='line_1_14' title="bbox 276 1655 1599 1744; baseline -0.007 -20"><span class='ocrx_word' id='word_1_131' title='bbox 276 1660 430 1744; x_wconf 21' lang='lat' dir='ltr'><strong>*scriptum</strong></span> <span class='ocrx_word' id='word_1_132' title='bbox 460 1677 529 1721; x_wconf 89' lang='lat' dir='ltr'><strong>esse</strong></span> <span class='ocrx_word' id='word_1_133' title='bbox 551 1659 609 1733; x_wconf 92' lang='lat' dir='ltr'><strong>ita,</strong></span> <span class='ocrx_word' id='word_1_134' title='bbox 639 1676 721 1731; x_wconf 84' lang='lat' dir='ltr'><strong>Qvon</strong></span> <span class='ocrx_word' id='word_1_135' title='bbox 751 1675 780 1719; x_wconf 91' lang='lat' dir='ltr'><strong>1s</strong></span> <span class='ocrx_word' id='word_1_136' title='bbox 802 1677 903 1720; x_wconf 84' lang='lat' dir='ltr'><strong>vruors</strong></span> <span class='ocrx_word' id='word_1_137' title='bbox 926 1677 1070 1719; x_wconf 82' lang='lat' dir='ltr'><strong>suurrsu</strong></span> <span class='ocrx_word' id='word_1_138' title='bbox 1093 1675 1286 1730; x_wconf 84' lang='lat' dir='ltr'><strong>cscrnrsser,</strong></span> <span class='ocrx_word' id='word_1_139' title='bbox 1315 1675 1334 1718; x_wconf 94' lang='lat' dir='ltr'><strong>a</strong></span> <span class='ocrx_word' id='word_1_140' title='bbox 1356 1674 1419 1738; x_wconf 82' lang='lat' dir='ltr'><strong>quo</strong></span> <span class='ocrx_word' id='word_1_141' title='bbox 1442 1655 1599 1737; x_wconf 77' lang='lat' dir='ltr'><strong>cognostis</strong></span> 
     </span>
    </p>

    <p class='ocr_par' dir='ltr' id='par_1_13' title="bbox 99 1739 1601 2022">
     <span class='ocr_line' id='line_1_15' title="bbox 99 1739 1598 1861; baseline -0.007 -43"><span class='ocrx_word' id='word_1_142' title='bbox 99 1785 116 1840; x_wconf 59' lang='lat' dir='ltr'><strong>p</strong></span> <span class='ocrx_word' id='word_1_143' title='bbox 130 1764 165 1861; x_wconf 64' lang='lat'><em>2</em></span> <span class='ocrx_word' id='word_1_144' title='bbox 258 1749 495 1849; x_wconf 78' lang='lat' dir='ltr'><strong>(nobilissimos</strong></span> <span class='ocrx_word' id='word_1_145' title='bbox 517 1751 664 1814; x_wconf 89' lang='lat' dir='ltr'><strong>homines</strong></span> <span class='ocrx_word' id='word_1_146' title='bbox 687 1758 782 1835; x_wconf 89' lang='lat' dir='ltr'><strong>atque</strong></span> <span class='ocrx_word' id='word_1_147' title='bbox 804 1751 1080 1814; x_wconf 89' lang='lat' dir='ltr'><strong>innocentissimos</strong></span> <span class='ocrx_word' id='word_1_148' title='bbox 1103 1750 1205 1813; x_wconf 86' lang='lat' dir='ltr'><strong>securi</strong></span> <span class='ocrx_word' id='word_1_149' title='bbox 1221 1769 1289 1814; x_wconf 89' lang='lat' dir='ltr'><strong>esse</strong></span> <span class='ocrx_word' id='word_1_150' title='bbox 1312 1739 1495 1846; x_wconf 72' lang='lat' dir='ltr'><strong>percussos)</strong></span> <span class='ocrx_word' id='word_1_151' title='bbox 1518 1765 1598 1821; x_wconf 84' lang='lat' dir='ltr'><strong>ovoa</strong></span> 
     </span>
     <span class='ocr_line' id='line_1_16' title="bbox 243 1841 1599 1926; baseline -0.009 -10"><span class='ocrx_word' id='word_1_152' title='bbox 243 1865 471 1916; x_wconf 79' lang='lat' dir='ltr'><strong>torrorusuree</strong></span> <span class='ocrx_word' id='word_1_153' title='bbox 502 1864 692 1909; x_wconf 80' lang='lat' dir='ltr'><strong>rnovrucrsu</strong></span> <span class='ocrx_word' id='word_1_154' title='bbox 721 1863 999 1919; x_wconf 79' lang='lat' dir='ltr'><strong>rnurursrnsssrsr,</strong></span> <span class='ocrx_word' id='word_1_155' title='bbox 1030 1845 1118 1907; x_wconf 90' lang='lat' dir='ltr'><strong>cuius</strong></span> <span class='ocrx_word' id='word_1_156' title='bbox 1149 1863 1257 1907; x_wconf 90' lang='lat' dir='ltr'><strong>ornnes</strong></span> <span class='ocrx_word' id='word_1_157' title='bbox 1280 1843 1401 1926; x_wconf 76' lang='lat' dir='ltr'><strong>vigilias</strong></span> <span class='ocrx_word' id='word_1_158' title='bbox 1430 1841 1462 1904; x_wconf 93' lang='lat' dir='ltr'><strong>in</strong></span> <span class='ocrx_word' id='word_1_159' title='bbox 1485 1842 1599 1926; x_wconf 86' lang='lat' dir='ltr'><strong>stupris</strong></span> 
     </span>
     <span class='ocr_line' id='line_1_17' title="bbox 281 1935 1601 2022; baseline -0.006 -17"><span class='ocrx_word' id='word_1_160' title='bbox 281 1945 403 2006; x_wconf 88' lang='lat' dir='ltr'><strong>constat</strong></span> <span class='ocrx_word' id='word_1_161' title='bbox 430 1959 499 2002; x_wconf 89' lang='lat' dir='ltr'><strong>esse</strong></span> <span class='ocrx_word' id='word_1_162' title='bbox 530 1945 747 2022; x_wconf 88' lang='lat' dir='ltr'><strong>consumptas:</strong></span> <span class='ocrx_word' id='word_1_163' title='bbox 780 1938 842 2003; x_wconf 91' lang='lat' dir='ltr'><strong>hoc</strong></span> <span class='ocrx_word' id='word_1_164' title='bbox 870 1957 945 2002; x_wconf 83' lang='lat' dir='ltr'><strong>vero</strong></span> <span class='ocrx_word' id='word_1_165' title='bbox 976 1939 1127 2021; x_wconf 89' lang='lat' dir='ltr'><strong>scriptum</strong></span> <span class='ocrx_word' id='word_1_166' title='bbox 1149 1959 1234 2012; x_wconf 88' lang='lat' dir='ltr'><strong>esse,</strong></span> <span class='ocrx_word' id='word_1_167' title='bbox 1268 1938 1353 2020; x_wconf 90' lang='lat' dir='ltr'><strong>quod</strong></span> <span class='ocrx_word' id='word_1_168' title='bbox 1374 1935 1515 2020; x_wconf 86' lang='lat' dir='ltr'><strong>proferre</strong></span> <span class='ocrx_word' id='word_1_169' title='bbox 1537 1955 1601 1998; x_wconf 92' lang='lat' dir='ltr'><strong>non</strong></span> 
     </span>
    </p>

    <p class='ocr_par' dir='ltr' id='par_1_14' title="bbox 281 2031 1600 2108">
     <span class='ocr_line' id='line_1_18' title="bbox 281 2031 1600 2108; baseline -0.002 -11"><span class='ocrx_word' id='word_1_170' title='bbox 281 2035 412 2098; x_wconf 89' lang='lat' dir='ltr'><strong>auderet</strong></span> <span class='ocrx_word' id='word_1_171' title='bbox 431 2053 520 2108; x_wconf 87' lang='lat' dir='ltr'><strong>reus,</strong></span> <span class='ocrx_word' id='word_1_172' title='bbox 551 2042 713 2096; x_wconf 88' lang='lat' dir='ltr'><strong>aecusator</strong></span> <span class='ocrx_word' id='word_1_173' title='bbox 735 2034 864 2095; x_wconf 85' lang='lat' dir='ltr'><strong>recitare</strong></span> <span class='ocrx_word' id='word_1_174' title='bbox 886 2052 950 2095; x_wconf 92' lang='lat' dir='ltr'><strong>non</strong></span> <span class='ocrx_word' id='word_1_175' title='bbox 973 2031 1146 2108; x_wconf 88' lang='lat' dir='ltr'><strong>desineret,</strong></span> <span class='ocrx_word' id='word_1_176' title='bbox 1175 2051 1258 2106; x_wconf 88' lang='lat' dir='ltr'><strong>ovoa</strong></span> <span class='ocrx_word' id='word_1_177' title='bbox 1280 2050 1461 2094; x_wconf 79' lang='lat' dir='ltr'><strong>emanares</strong></span> <span class='ocrx_word' id='word_1_178' title='bbox 1482 2049 1600 2094; x_wconf 84' lang='lat' dir='ltr'><strong>rsocvr.</strong></span> 
     </span>
    </p>

    <p class='ocr_par' dir='ltr' id='par_1_15' title="bbox 280 2126 1601 2210">
     <span class='ocr_line' id='line_1_19' title="bbox 280 2126 1601 2210; baseline -0.003 -18"><span class='ocrx_word' id='word_1_179' title='bbox 280 2150 320 2192; x_wconf 79' lang='lat' dir='ltr'><strong>sn</strong></span> <span class='ocrx_word' id='word_1_180' title='bbox 351 2147 463 2192; x_wconf 76' lang='lat' dir='ltr'><strong>luscus</strong></span> <span class='ocrx_word' id='word_1_181' title='bbox 485 2128 605 2190; x_wconf 80' lang='lat' dir='ltr'><strong>Sturum</strong></span> <span class='ocrx_word' id='word_1_182' title='bbox 633 2146 856 2190; x_wconf 84' lang='lat' dir='ltr'><strong>enonrnvrsssr</strong></span> <span class='ocrx_word' id='word_1_183' title='bbox 878 2127 1021 2200; x_wconf 81' lang='lat' dir='ltr'><strong>Vennes,</strong></span> <span class='ocrx_word' id='word_1_184' title='bbox 1051 2145 1132 2210; x_wconf 89' lang='lat' dir='ltr'><strong>quos</strong></span> <span class='ocrx_word' id='word_1_185' title='bbox 1155 2128 1249 2190; x_wconf 89' lang='lat' dir='ltr'><strong>etiam</strong></span> <span class='ocrx_word' id='word_1_186' title='bbox 1273 2127 1352 2188; x_wconf 89' lang='lat' dir='ltr'><strong>intra</strong></span> <span class='ocrx_word' id='word_1_187' title='bbox 1376 2126 1601 2210; x_wconf 82' lang='lat' dir='ltr'><strong>Syracusanam</strong></span> 
     </span>
    </p>

    <p class='ocr_par' dir='ltr' id='par_1_16' title="bbox 281 2215 1602 2304">
     <span class='ocr_line' id='line_1_20' title="bbox 281 2215 1602 2304; baseline -0.003 -19"><span class='ocrx_word' id='word_1_188' title='bbox 281 2222 417 2286; x_wconf 88' lang='lat' dir='ltr'><strong>insulam</strong></span> <span class='ocrx_word' id='word_1_189' title='bbox 431 2220 613 2304; x_wconf 84' lang='lat' dir='ltr'><strong>recepisset.</strong></span> <span class='ocrx_word' id='word_1_190' title='bbox 646 2219 740 2283; x_wconf 83' lang='lat' dir='ltr'><strong>LXV.</strong></span> <span class='ocrx_word' id='word_1_191' title='bbox 764 2215 834 2282; x_wconf 83' lang='grc'><strong>115.</strong></span> <span class='ocrx_word' id='word_1_192' title='bbox 850 2221 935 2283; x_wconf 85' lang='lat' dir='ltr'><strong>llaec</strong></span> <span class='ocrx_word' id='word_1_193' title='bbox 949 2227 1157 2304; x_wconf 86' lang='lat' dir='ltr'><strong>posteaquam</strong></span> <span class='ocrx_word' id='word_1_194' title='bbox 1174 2219 1292 2284; x_wconf 85' lang='lat' dir='ltr'><strong>exiliis</strong></span> <span class='ocrx_word' id='word_1_195' title='bbox 1308 2219 1458 2302; x_wconf 80' lang='lat' dir='ltr'><strong>cognovi,</strong></span> <span class='ocrx_word' id='word_1_196' title='bbox 1473 2218 1602 2283; x_wconf 89' lang='lat' dir='ltr'><strong>discessi</strong></span> 
     </span>
    </p>

    <p class='ocr_par' dir='ltr' id='par_1_17' title="bbox 244 2311 1601 2398">
     <span class='ocr_line' id='line_1_21' title="bbox 244 2311 1601 2398; baseline -0.003 -20"><span class='ocrx_word' id='word_1_197' title='bbox 244 2337 351 2388; x_wconf 66' lang='lat' dir='ltr'><strong>‚ocum</strong></span> <span class='ocrx_word' id='word_1_198' title='bbox 371 2314 467 2378; x_wconf 87' lang='lat' dir='ltr'><strong>fratre</strong></span> <span class='ocrx_word' id='word_1_199' title='bbox 489 2333 507 2376; x_wconf 90' lang='lat' dir='ltr'><strong>e</strong></span> <span class='ocrx_word' id='word_1_200' title='bbox 530 2314 632 2388; x_wconf 88' lang='lat' dir='ltr'><strong>ouria,</strong></span> <span class='ocrx_word' id='word_1_201' title='bbox 661 2321 697 2377; x_wconf 89' lang='lat' dir='ltr'><strong>ut</strong></span> <span class='ocrx_word' id='word_1_202' title='bbox 725 2313 817 2377; x_wconf 86' lang='lat' dir='ltr'><strong>nobis</strong></span> <span class='ocrx_word' id='word_1_203' title='bbox 848 2313 1049 2388; x_wconf 89' lang='lat' dir='ltr'><strong>absentibus,</strong></span> <span class='ocrx_word' id='word_1_204' title='bbox 1081 2314 1107 2375; x_wconf 93' lang='lat' dir='ltr'><strong>si</strong></span> <span class='ocrx_word' id='word_1_205' title='bbox 1131 2313 1207 2398; x_wconf 93' lang='lat' dir='ltr'><strong>quid</strong></span> <span class='ocrx_word' id='word_1_206' title='bbox 1229 2313 1359 2387; x_wconf 84' lang='lat' dir='ltr'><strong>vellent,</strong></span> <span class='ocrx_word' id='word_1_207' title='bbox 1388 2311 1601 2375; x_wconf 89' lang='lat' dir='ltr'><strong>decernerent.</strong></span> 
     </span>
    </p>
   </div>
   <div class='ocr_carea' id='block_1_3' title="bbox 276 2581 1670 5136">
    <p class='ocr_par' dir='ltr' id='par_1_18' title="bbox 276 2581 1670 5136">
     <span class='ocr_line' id='line_1_22' title="bbox 281 2581 1600 2650; baseline -0.002 -14"><span class='ocrx_word' id='word_1_208' title='bbox 281 2585 438 2650; x_wconf 64' lang='lat' dir='ltr'><strong>megae.</strong></span> <span class='ocrx_word' id='word_1_209' title='bbox 469 2611 496 2622; x_wconf 88' lang='lat'><em>-</em></span> <span class='ocrx_word' id='word_1_210' title='bbox 525 2585 547 2635; x_wconf 90' lang='lat' dir='ltr'><strong>i.</strong></span> <span class='ocrx_word' id='word_1_211' title='bbox 568 2585 597 2636; x_wconf 83' lang='lat' dir='ltr'><strong>de</strong></span> <span class='ocrx_word' id='word_1_212' title='bbox 613 2591 682 2636; x_wconf 78' lang='lat' dir='ltr'><strong>secato</strong></span> <span class='ocrx_word' id='word_1_213' title='bbox 699 2587 728 2636; x_wconf 80' lang='lat' dir='ltr'><strong>tt.</strong></span> <span class='ocrx_word' id='word_1_214' title='bbox 750 2614 778 2624; x_wconf 93' lang='lat'>-</span> <span class='ocrx_word' id='word_1_215' title='bbox 804 2585 1127 2636; x_wconf 79' lang='lat' dir='ltr'><strong>Peducaeo--decuuitur</strong></span> <span class='ocrx_word' id='word_1_216' title='bbox 1143 2594 1196 2633; x_wconf 90' lang='lat' dir='ltr'><strong>om.</strong></span> <span class='ocrx_word' id='word_1_217' title='bbox 1215 2581 1260 2633; x_wconf 83' lang='lat' dir='ltr'><strong>na.</strong></span> <span class='ocrx_word' id='word_1_218' title='bbox 1287 2609 1314 2620; x_wconf 88' lang='lat'>-</span> <span class='ocrx_word' id='word_1_219' title='bbox 1340 2583 1364 2633; x_wconf 79' lang='grc'><strong>9.</strong></span> <span class='ocrx_word' id='word_1_220' title='bbox 1383 2582 1477 2648; x_wconf 65' lang='lat' dir='ltr'><strong>Mada]</strong></span> <span class='ocrx_word' id='word_1_221' title='bbox 1494 2583 1600 2644; x_wconf 79' lang='lat' dir='ltr'><strong>deiult;</strong></span> 
     </span>
     <span class='ocr_line' id='line_1_23' title="bbox 281 2657 1601 2726; baseline -0.002 -13"><span class='ocrx_word' id='word_1_222' title='bbox 281 2663 367 2714; x_wconf 67' lang='lat' dir='ltr'><strong>Made</strong></span> <span class='ocrx_word' id='word_1_223' title='bbox 386 2661 445 2722; x_wconf 83' lang='lat' dir='ltr'><strong>Ld,</strong></span> <span class='ocrx_word' id='word_1_224' title='bbox 463 2658 511 2712; x_wconf 87' lang='lat' dir='ltr'><strong>sed</strong></span> <span class='ocrx_word' id='word_1_225' title='bbox 533 2671 587 2712; x_wconf 87' lang='lat' dir='ltr'><strong>om.</strong></span> <span class='ocrx_word' id='word_1_226' title='bbox 606 2663 635 2712; x_wconf 75' lang='lat' dir='ltr'><strong>aa</strong></span> <span class='ocrx_word' id='word_1_227' title='bbox 655 2675 712 2726; x_wconf 88' lang='lat' dir='ltr'><strong>seq.</strong></span> <span class='ocrx_word' id='word_1_228' title='bbox 742 2689 770 2699; x_wconf 97' lang='lat'>-</span> <span class='ocrx_word' id='word_1_229' title='bbox 796 2661 821 2713; x_wconf 85' lang='lat' dir='ltr'><strong>l.</strong></span> <span class='ocrx_word' id='word_1_230' title='bbox 843 2665 878 2712; x_wconf 88' lang='lat' dir='ltr'><strong>est</strong></span> <span class='ocrx_word' id='word_1_231' title='bbox 897 2661 942 2712; x_wconf 87' lang='lat' dir='ltr'><strong>boc</strong></span> <span class='ocrx_word' id='word_1_232' title='bbox 958 2661 1022 2712; x_wconf 78' lang='lat' dir='ltr'><strong>litii</strong></span> <span class='ocrx_word' id='word_1_233' title='bbox 1038 2660 1107 2722; x_wconf 76' lang='lat' dir='ltr'><strong>ugae</strong></span> <span class='ocrx_word' id='word_1_234' title='bbox 1129 2657 1177 2709; x_wconf 86' lang='lat' dir='ltr'><strong>al:</strong></span> <span class='ocrx_word' id='word_1_235' title='bbox 1203 2659 1248 2708; x_wconf 84' lang='lat' dir='ltr'><strong>boo</strong></span> <span class='ocrx_word' id='word_1_236' title='bbox 1263 2664 1299 2708; x_wconf 85' lang='lat' dir='ltr'><strong>est</strong></span> <span class='ocrx_word' id='word_1_237' title='bbox 1315 2660 1351 2709; x_wconf 76' lang='lat' dir='ltr'><strong>Gt</strong></span> <span class='ocrx_word' id='word_1_238' title='bbox 1370 2659 1414 2710; x_wconf 82' lang='lat' dir='ltr'><strong>ld.</strong></span> <span class='ocrx_word' id='word_1_239' title='bbox 1432 2659 1553 2723; x_wconf 71' lang='grc'><strong>134915.</strong></span> <span class='ocrx_word' id='word_1_240' title='bbox 1573 2685 1601 2696; x_wconf 89' lang='lat'>—</span> 
     </span>
     <span class='ocr_line' id='line_1_24' title="bbox 280 2731 1598 2800; baseline -0.004 -11"><span class='ocrx_word' id='word_1_241' title='bbox 280 2738 305 2790; x_wconf 83' lang='lat'><strong>6.</strong></span> <span class='ocrx_word' id='word_1_242' title='bbox 321 2735 491 2800; x_wconf 74' lang='lat' dir='ltr'><strong>periculorum</strong></span> <span class='ocrx_word' id='word_1_243' title='bbox 508 2740 608 2786; x_wconf 80' lang='lat' dir='ltr'><strong>tuomuu</strong></span> <span class='ocrx_word' id='word_1_244' title='bbox 625 2735 689 2786; x_wconf 85' lang='lat' dir='ltr'><strong>dett.</strong></span> <span class='ocrx_word' id='word_1_245' title='bbox 708 2736 737 2786; x_wconf 91' lang='lat'><strong>0.</strong></span> <span class='ocrx_word' id='word_1_246' title='bbox 761 2762 788 2772; x_wconf 92' lang='lat'><em>-</em></span> <span class='ocrx_word' id='word_1_247' title='bbox 816 2735 840 2786; x_wconf 94' lang='lat'><strong>6.</strong></span> <span class='ocrx_word' id='word_1_248' title='bbox 860 2737 917 2786; x_wconf 86' lang='lat' dir='ltr'><strong>oP.</strong></span> <span class='ocrx_word' id='word_1_249' title='bbox 936 2736 964 2784; x_wconf 83' lang='lat' dir='ltr'><strong>lt.</strong></span> <span class='ocrx_word' id='word_1_250' title='bbox 983 2736 1012 2785; x_wconf 85' lang='lat' dir='ltr'><strong>R.</strong></span> <span class='ocrx_word' id='word_1_251' title='bbox 1038 2760 1065 2770; x_wconf 93' lang='lat'><em>-</em></span> <span class='ocrx_word' id='word_1_252' title='bbox 1093 2734 1129 2782; x_wconf 88' lang='lat' dir='ltr'><strong>itti</strong></span> <span class='ocrx_word' id='word_1_253' title='bbox 1147 2731 1291 2796; x_wconf 72' lang='lat' dir='ltr'><strong>ipoliti:</strong></span> <span class='ocrx_word' id='word_1_254' title='bbox 1317 2734 1365 2796; x_wconf 84' lang='lat' dir='ltr'><strong>ipsi</strong></span> <span class='ocrx_word' id='word_1_255' title='bbox 1386 2735 1423 2786; x_wconf 85' lang='lat' dir='ltr'><strong>itti</strong></span> <span class='ocrx_word' id='word_1_256' title='bbox 1440 2733 1505 2785; x_wconf 89' lang='lat' dir='ltr'><strong>dett.</strong></span> <span class='ocrx_word' id='word_1_257' title='bbox 1523 2735 1552 2785; x_wconf 90' lang='lat'><strong>0.</strong></span> <span class='ocrx_word' id='word_1_258' title='bbox 1571 2761 1598 2771; x_wconf 86' lang='lat'><em>-</em></span> 
     </span>
     <span class='ocr_line' id='line_1_25' title="bbox 281 2805 1599 2872; baseline -0.002 -11"><span class='ocrx_word' id='word_1_259' title='bbox 281 2810 306 2861; x_wconf 81' lang='grc'><strong>7.</strong></span> <span class='ocrx_word' id='word_1_260' title='bbox 324 2816 348 2862; x_wconf 92' lang='lat' dir='ltr'><strong>et</strong></span> <span class='ocrx_word' id='word_1_261' title='bbox 363 2805 454 2861; x_wconf 71' lang='lat' dir='ltr'><strong>couci</strong></span> <span class='ocrx_word' id='word_1_262' title='bbox 466 2809 530 2861; x_wconf 89' lang='lat' dir='ltr'><strong>dett.</strong></span> <span class='ocrx_word' id='word_1_263' title='bbox 544 2811 573 2861; x_wconf 92' lang='grc' dir='ltr'><strong>Ο.</strong></span> <span class='ocrx_word' id='word_1_264' title='bbox 589 2831 616 2848; x_wconf 89' lang='lat'><strong>·-</strong></span> <span class='ocrx_word' id='word_1_265' title='bbox 635 2812 695 2860; x_wconf 85' lang='lat' dir='ltr'><strong>socii</strong></span> <span class='ocrx_word' id='word_1_266' title='bbox 706 2825 759 2862; x_wconf 87' lang='lat' dir='ltr'><strong>om.</strong></span> <span class='ocrx_word' id='word_1_267' title='bbox 773 2812 803 2862; x_wconf 91' lang='lat'><strong>0.</strong></span> <span class='ocrx_word' id='word_1_268' title='bbox 824 2813 856 2861; x_wconf 80' lang='lat' dir='ltr'><strong>tt</strong></span> <span class='ocrx_word' id='word_1_269' title='bbox 867 2809 899 2860; x_wconf 93' lang='lat' dir='ltr'><strong>ci.</strong></span> <span class='ocrx_word' id='word_1_270' title='bbox 913 2809 999 2860; x_wconf 83' lang='lat' dir='ltr'><strong>Madv.</strong></span> <span class='ocrx_word' id='word_1_271' title='bbox 1014 2821 1039 2872; x_wconf 93' lang='lat' dir='ltr'><strong>p.</strong></span> <span class='ocrx_word' id='word_1_272' title='bbox 1053 2809 1093 2858; x_wconf 84' lang='lat'><strong>39.</strong></span> <span class='ocrx_word' id='word_1_273' title='bbox 1108 2834 1135 2843; x_wconf 95' lang='lat'><em>-</em></span> <span class='ocrx_word' id='word_1_274' title='bbox 1155 2809 1247 2858; x_wconf 74' lang='lat' dir='ltr'><strong>caudent</strong></span> <span class='ocrx_word' id='word_1_275' title='bbox 1257 2806 1322 2859; x_wconf 79' lang='lat' dir='ltr'><strong>att</strong></span> <span class='ocrx_word' id='word_1_276' title='bbox 1336 2824 1341 2857; x_wconf 90' lang='lat'>:</span> <span class='ocrx_word' id='word_1_277' title='bbox 1359 2811 1483 2860; x_wconf 77' lang='lat' dir='ltr'><strong>audebant</strong></span> <span class='ocrx_word' id='word_1_278' title='bbox 1494 2810 1557 2861; x_wconf 88' lang='lat' dir='ltr'><strong>dett.</strong></span> <span class='ocrx_word' id='word_1_279' title='bbox 1571 2810 1599 2860; x_wconf 92' lang='lat'><strong>0.</strong></span> 
     </span>
     <span class='ocr_line' id='line_1_26' title="bbox 281 2884 1602 2950; baseline -0.003 -13"><span class='ocrx_word' id='word_1_280' title='bbox 281 2885 347 2937; x_wconf 88' lang='lat'><strong>-8.</strong></span> <span class='ocrx_word' id='word_1_281' title='bbox 366 2891 411 2936; x_wconf 88' lang='lat' dir='ltr'><strong>tua</strong></span> <span class='ocrx_word' id='word_1_282' title='bbox 428 2886 571 2950; x_wconf 69' lang='grc'><strong>01111319.</strong></span> <span class='ocrx_word' id='word_1_283' title='bbox 587 2913 614 2922; x_wconf 93' lang='lat'><strong>—</strong></span> <span class='ocrx_word' id='word_1_284' title='bbox 632 2887 740 2936; x_wconf 82' lang='lat' dir='ltr'><strong>uudaiu</strong></span> <span class='ocrx_word' id='word_1_285' title='bbox 756 2900 787 2936; x_wconf 89' lang='lat' dir='ltr'><strong>ea</strong></span> <span class='ocrx_word' id='word_1_286' title='bbox 800 2887 848 2950; x_wconf 73' lang='lat' dir='ltr'><strong>filit</strong></span> <span class='ocrx_word' id='word_1_287' title='bbox 860 2886 923 2936; x_wconf 87' lang='lat' dir='ltr'><strong>dett.</strong></span> <span class='ocrx_word' id='word_1_288' title='bbox 935 2887 964 2936; x_wconf 90' lang='lat'><strong>0.</strong></span> <span class='ocrx_word' id='word_1_289' title='bbox 984 2885 1027 2950; x_wconf 73' lang='lat' dir='ltr'><strong>(fiii</strong></span> <span class='ocrx_word' id='word_1_290' title='bbox 1044 2886 1111 2934; x_wconf 80' lang='lat' dir='ltr'><strong>tim.</strong></span> <span class='ocrx_word' id='word_1_291' title='bbox 1126 2886 1176 2949; x_wconf 81' lang='lat' dir='ltr'><strong>pr.)</strong></span> <span class='ocrx_word' id='word_1_292' title='bbox 1196 2913 1223 2922; x_wconf 96' lang='lat'><em>-</em></span> <span class='ocrx_word' id='word_1_293' title='bbox 1242 2897 1272 2934; x_wconf 84' lang='lat' dir='ltr'><strong>ua</strong></span> <span class='ocrx_word' id='word_1_294' title='bbox 1288 2898 1360 2948; x_wconf 79' lang='lat' dir='ltr'><strong>quem</strong></span> <span class='ocrx_word' id='word_1_295' title='bbox 1371 2884 1512 2948; x_wconf 53' lang='lat' dir='ltr'><strong>RLiLogga</strong></span> <span class='ocrx_word' id='word_1_296' title='bbox 1531 2897 1602 2946; x_wconf 81' lang='lat' dir='ltr'><strong>quem</strong></span> 
     </span>
     <span class='ocr_line' id='line_1_27' title="bbox 280 2943 1603 3026; baseline -0.002 -15"><span class='ocrx_word' id='word_1_297' title='bbox 280 2975 312 3011; x_wconf 82' lang='lat' dir='ltr'><strong>oe</strong></span> <span class='ocrx_word' id='word_1_298' title='bbox 327 2961 424 3012; x_wconf 90' lang='lat' dir='ltr'><strong>Victor.</strong></span> <span class='ocrx_word' id='word_1_299' title='bbox 443 2961 471 3011; x_wconf 93' lang='lat'><strong>0.</strong></span> <span class='ocrx_word' id='word_1_300' title='bbox 498 2963 532 3011; x_wconf 76' lang='lat' dir='ltr'><strong>st</strong></span> <span class='ocrx_word' id='word_1_301' title='bbox 548 2959 581 3011; x_wconf 89' lang='lat' dir='ltr'><strong>el.</strong></span> <span class='ocrx_word' id='word_1_302' title='bbox 599 2960 685 3012; x_wconf 89' lang='lat' dir='ltr'><strong>lladv.</strong></span> <span class='ocrx_word' id='word_1_303' title='bbox 705 2961 781 3026; x_wconf 90' lang='lat' dir='ltr'><strong>epist.</strong></span> <span class='ocrx_word' id='word_1_304' title='bbox 801 2943 887 3025; x_wconf 61' lang='lat' dir='ltr'><strong>p.&#39;66.</strong></span> <span class='ocrx_word' id='word_1_305' title='bbox 906 2961 953 3024; x_wconf 88' lang='lat' dir='ltr'><strong>Op.</strong></span> <span class='ocrx_word' id='word_1_306' title='bbox 966 2961 985 3010; x_wconf 94' lang='lat' dir='ltr'><strong>l.</strong></span> <span class='ocrx_word' id='word_1_307' title='bbox 1005 2973 1030 3024; x_wconf 95' lang='lat' dir='ltr'><strong>p.</strong></span> <span class='ocrx_word' id='word_1_308' title='bbox 1049 2959 1105 3010; x_wconf 73' lang='lat'><strong>326.</strong></span> <span class='ocrx_word' id='word_1_309' title='bbox 1125 2984 1152 2994; x_wconf 91' lang='lat'><em>-</em></span> <span class='ocrx_word' id='word_1_310' title='bbox 1175 2961 1198 3009; x_wconf 95' lang='grc'><strong>9.</strong></span> <span class='ocrx_word' id='word_1_311' title='bbox 1215 2960 1283 3024; x_wconf 70' lang='lat' dir='ltr'><strong>tilius</strong></span> <span class='ocrx_word' id='word_1_312' title='bbox 1299 2959 1397 3022; x_wconf 76' lang='lat' dir='ltr'><strong>quiden</strong></span> <span class='ocrx_word' id='word_1_313' title='bbox 1413 2961 1491 3024; x_wconf 77' lang='lat' dir='ltr'><strong>egee.</strong></span> <span class='ocrx_word' id='word_1_314' title='bbox 1511 2987 1538 2996; x_wconf 95' lang='lat'><em>-</em></span> <span class='ocrx_word' id='word_1_315' title='bbox 1555 2972 1603 3008; x_wconf 69' lang='lat' dir='ltr'><strong>uae</strong></span> 
     </span>
     <span class='ocr_line' id='line_1_28' title="bbox 280 3035 1603 3099; baseline 0 -13"><span class='ocrx_word' id='word_1_316' title='bbox 280 3037 343 3086; x_wconf 83' lang='lat' dir='ltr'><strong>data</strong></span> <span class='ocrx_word' id='word_1_317' title='bbox 355 3037 489 3099; x_wconf 80' lang='lat' dir='ltr'><strong>prouincia</strong></span> <span class='ocrx_word' id='word_1_318' title='bbox 504 3037 538 3086; x_wconf 81' lang='lat' dir='ltr'><strong>a:</strong></span> <span class='ocrx_word' id='word_1_319' title='bbox 557 3040 580 3086; x_wconf 85' lang='lat' dir='ltr'><strong>et</strong></span> <span class='ocrx_word' id='word_1_320' title='bbox 596 3037 694 3086; x_wconf 68' lang='lat' dir='ltr'><strong>numia</strong></span> <span class='ocrx_word' id='word_1_321' title='bbox 707 3049 750 3099; x_wconf 88' lang='lat' dir='ltr'><strong>pr.</strong></span> <span class='ocrx_word' id='word_1_322' title='bbox 764 3037 816 3096; x_wconf 86' lang='lat' dir='ltr'><strong>Gl;</strong></span> <span class='ocrx_word' id='word_1_323' title='bbox 834 3035 914 3086; x_wconf 89' lang='lat' dir='ltr'><strong>ultum</strong></span> <span class='ocrx_word' id='word_1_324' title='bbox 931 3037 991 3086; x_wconf 88' lang='lat' dir='ltr'><strong>dota</strong></span> <span class='ocrx_word' id='word_1_325' title='bbox 1006 3049 1046 3098; x_wconf 86' lang='lat' dir='ltr'><strong>pr.</strong></span> <span class='ocrx_word' id='word_1_326' title='bbox 1065 3036 1101 3086; x_wconf 74' lang='lat' dir='ltr'><strong>Gt</strong></span> <span class='ocrx_word' id='word_1_327' title='bbox 1118 3035 1180 3095; x_wconf 84' lang='lat' dir='ltr'><strong>Ld.;</strong></span> <span class='ocrx_word' id='word_1_328' title='bbox 1197 3037 1267 3086; x_wconf 85' lang='lat' dir='ltr'><strong>ouda</strong></span> <span class='ocrx_word' id='word_1_329' title='bbox 1280 3049 1352 3098; x_wconf 84' lang='lat' dir='ltr'><strong>prou.</strong></span> <span class='ocrx_word' id='word_1_330' title='bbox 1366 3035 1447 3096; x_wconf 89' lang='lat' dir='ltr'><strong>dett.;</strong></span> <span class='ocrx_word' id='word_1_331' title='bbox 1465 3037 1493 3086; x_wconf 86' lang='lat' dir='ltr'><strong>ia</strong></span> <span class='ocrx_word' id='word_1_332' title='bbox 1508 3037 1603 3086; x_wconf 77' lang='lat' dir='ltr'><strong>sudata</strong></span> 
     </span>
     <span class='ocr_line' id='line_1_29' title="bbox 276 3109 1603 3175; baseline 0.001 -15"><span class='ocrx_word' id='word_1_333' title='bbox 276 3124 350 3175; x_wconf 81' lang='lat' dir='ltr'><strong>prom</strong></span> <span class='ocrx_word' id='word_1_334' title='bbox 370 3111 398 3164; x_wconf 88' lang='lat'><strong>0.</strong></span> <span class='ocrx_word' id='word_1_335' title='bbox 427 3109 476 3160; x_wconf 72' lang='lat' dir='ltr'><strong>ald</strong></span> <span class='ocrx_word' id='word_1_336' title='bbox 494 3112 554 3160; x_wconf 92' lang='lat' dir='ltr'><strong>ante</strong></span> <span class='ocrx_word' id='word_1_337' title='bbox 571 3111 660 3160; x_wconf 89' lang='lat' dir='ltr'><strong>omnia</strong></span> <span class='ocrx_word' id='word_1_338' title='bbox 678 3124 740 3162; x_wconf 92' lang='lat' dir='ltr'><strong>cum</strong></span> <span class='ocrx_word' id='word_1_339' title='bbox 757 3112 871 3162; x_wconf 81' lang='lat' dir='ltr'><strong>Manutio</strong></span> <span class='ocrx_word' id='word_1_340' title='bbox 889 3114 1027 3161; x_wconf 88' lang='lat' dir='ltr'><strong>teneamus</strong></span> <span class='ocrx_word' id='word_1_341' title='bbox 1045 3124 1156 3162; x_wconf 88' lang='lat' dir='ltr'><strong>necesse</strong></span> <span class='ocrx_word' id='word_1_342' title='bbox 1174 3114 1226 3172; x_wconf 86' lang='lat' dir='ltr'><strong>est,</strong></span> <span class='ocrx_word' id='word_1_343' title='bbox 1246 3111 1420 3175; x_wconf 81' lang='lat' dir='ltr'><strong>significatum</strong></span> <span class='ocrx_word' id='word_1_344' title='bbox 1437 3111 1603 3164; x_wconf 87' lang='lat' dir='ltr'><strong>subobscoe-</strong></span> 
     </span>
     <span class='ocr_line' id='line_1_30' title="bbox 280 3182 1603 3250; baseline -0.001 -14"><span class='ocrx_word' id='word_1_345' title='bbox 280 3198 344 3236; x_wconf 88' lang='lat' dir='ltr'><strong>num</strong></span> <span class='ocrx_word' id='word_1_346' title='bbox 361 3183 444 3236; x_wconf 89' lang='lat' dir='ltr'><strong>latere</strong></span> <span class='ocrx_word' id='word_1_347' title='bbox 461 3186 487 3234; x_wconf 94' lang='lat' dir='ltr'><strong>in</strong></span> <span class='ocrx_word' id='word_1_348' title='bbox 504 3182 594 3235; x_wconf 90' lang='lat' dir='ltr'><strong>verbis</strong></span> <span class='ocrx_word' id='word_1_349' title='bbox 610 3187 691 3235; x_wconf 79' lang='lat' dir='ltr'><strong>nudus</strong></span> <span class='ocrx_word' id='word_1_350' title='bbox 708 3188 735 3236; x_wconf 92' lang='lat' dir='ltr'><strong>et</strong></span> <span class='ocrx_word' id='word_1_351' title='bbox 751 3199 916 3246; x_wconf 85' lang='lat' dir='ltr'><strong>commouere;</strong></span> <span class='ocrx_word' id='word_1_352' title='bbox 939 3200 991 3236; x_wconf 90' lang='lat' dir='ltr'><strong>non</strong></span> <span class='ocrx_word' id='word_1_353' title='bbox 1009 3188 1078 3236; x_wconf 89' lang='lat' dir='ltr'><strong>enim</strong></span> <span class='ocrx_word' id='word_1_354' title='bbox 1097 3186 1212 3250; x_wconf 87' lang='lat' dir='ltr'><strong>loquitur</strong></span> <span class='ocrx_word' id='word_1_355' title='bbox 1228 3191 1317 3237; x_wconf 89' lang='lat' dir='ltr'><strong>orator</strong></span> <span class='ocrx_word' id='word_1_356' title='bbox 1334 3187 1367 3238; x_wconf 92' lang='lat' dir='ltr'><strong>de</strong></span> <span class='ocrx_word' id='word_1_357' title='bbox 1385 3186 1536 3238; x_wconf 88' lang='lat' dir='ltr'><strong>hominibus</strong></span> <span class='ocrx_word' id='word_1_358' title='bbox 1553 3186 1603 3235; x_wconf 89' lang='lat' dir='ltr'><strong>bo-</strong></span> 
     </span>
     <span class='ocr_line' id='line_1_31' title="bbox 280 3258 1603 3326; baseline -0.001 -15"><span class='ocrx_word' id='word_1_359' title='bbox 280 3262 375 3322; x_wconf 91' lang='lat' dir='ltr'><strong>nestis,</strong></span> <span class='ocrx_word' id='word_1_360' title='bbox 394 3259 443 3310; x_wconf 86' lang='lat' dir='ltr'><strong>sed</strong></span> <span class='ocrx_word' id='word_1_361' title='bbox 460 3258 493 3310; x_wconf 90' lang='lat' dir='ltr'><strong>de</strong></span> <span class='ocrx_word' id='word_1_362' title='bbox 504 3259 594 3310; x_wconf 84' lang='lat' dir='ltr'><strong>Verris</strong></span> <span class='ocrx_word' id='word_1_363' title='bbox 611 3263 729 3312; x_wconf 89' lang='lat' dir='ltr'><strong>convivis</strong></span> <span class='ocrx_word' id='word_1_364' title='bbox 747 3265 826 3326; x_wconf 89' lang='lat' dir='ltr'><strong>atque</strong></span> <span class='ocrx_word' id='word_1_365' title='bbox 840 3263 960 3312; x_wconf 88' lang='lat' dir='ltr'><strong>consciis.</strong></span> <span class='ocrx_word' id='word_1_366' title='bbox 988 3260 1064 3311; x_wconf 89' lang='lat' dir='ltr'><strong>Siculi</strong></span> <span class='ocrx_word' id='word_1_367' title='bbox 1077 3263 1166 3311; x_wconf 88' lang='lat' dir='ltr'><strong>autem</strong></span> <span class='ocrx_word' id='word_1_368' title='bbox 1179 3275 1193 3310; x_wconf 92' lang='lat' dir='ltr'><strong>e</strong></span> <span class='ocrx_word' id='word_1_369' title='bbox 1207 3264 1365 3312; x_wconf 87' lang='lat' dir='ltr'><strong>Graecorum</strong></span> <span class='ocrx_word' id='word_1_370' title='bbox 1379 3275 1462 3324; x_wconf 89' lang='lat' dir='ltr'><strong>more,</strong></span> <span class='ocrx_word' id='word_1_371' title='bbox 1481 3260 1603 3311; x_wconf 84' lang='lat' dir='ltr'><strong>ltomanis</strong></span> 
     </span>
     <span class='ocr_line' id='line_1_32' title="bbox 280 3332 1604 3399; baseline -0.004 -12"><span class='ocrx_word' id='word_1_372' title='bbox 280 3333 459 3387; x_wconf 85' lang='lat' dir='ltr'><strong>severioribus</strong></span> <span class='ocrx_word' id='word_1_373' title='bbox 476 3335 563 3384; x_wconf 88' lang='lat' dir='ltr'><strong>minus</strong></span> <span class='ocrx_word' id='word_1_374' title='bbox 582 3335 708 3398; x_wconf 87' lang='lat' dir='ltr'><strong>probato,</strong></span> <span class='ocrx_word' id='word_1_375' title='bbox 729 3337 827 3386; x_wconf 89' lang='lat' dir='ltr'><strong>nudam</strong></span> <span class='ocrx_word' id='word_1_376' title='bbox 845 3335 888 3387; x_wconf 85' lang='lat' dir='ltr'><strong>tilii</strong></span> <span class='ocrx_word' id='word_1_377' title='bbox 901 3338 989 3388; x_wconf 89' lang='lat' dir='ltr'><strong>Verris</strong></span> <span class='ocrx_word' id='word_1_378' title='bbox 1003 3339 1116 3388; x_wconf 86' lang='lat' dir='ltr'><strong>statuam</strong></span> <span class='ocrx_word' id='word_1_379' title='bbox 1129 3338 1331 3398; x_wconf 82' lang='lat' dir='ltr'><strong>constituerant,</strong></span> <span class='ocrx_word' id='word_1_380' title='bbox 1350 3339 1399 3399; x_wconf 88' lang='lat' dir='ltr'><strong>ita,</strong></span> <span class='ocrx_word' id='word_1_381' title='bbox 1418 3334 1511 3396; x_wconf 90' lang='lat' dir='ltr'><strong>credo,</strong></span> <span class='ocrx_word' id='word_1_382' title='bbox 1529 3332 1604 3384; x_wconf 87' lang='lat' dir='ltr'><strong>utad</strong></span> 
     </span>
     <span class='ocr_line' id='line_1_33' title="bbox 279 3409 1604 3474; baseline -0.002 -12"><span class='ocrx_word' id='word_1_383' title='bbox 279 3409 348 3462; x_wconf 89' lang='lat' dir='ltr'><strong>latus</strong></span> <span class='ocrx_word' id='word_1_384' title='bbox 365 3409 496 3473; x_wconf 89' lang='lat' dir='ltr'><strong>equestris</strong></span> <span class='ocrx_word' id='word_1_385' title='bbox 513 3411 615 3460; x_wconf 89' lang='lat' dir='ltr'><strong>statuae</strong></span> <span class='ocrx_word' id='word_1_386' title='bbox 634 3411 713 3474; x_wconf 87' lang='lat' dir='ltr'><strong>patris</strong></span> <span class='ocrx_word' id='word_1_387' title='bbox 731 3411 753 3461; x_wconf 87' lang='lat' dir='ltr'><strong>is</strong></span> <span class='ocrx_word' id='word_1_388' title='bbox 771 3411 895 3462; x_wconf 74' lang='lat' dir='ltr'><strong>adstaret.</strong></span> <span class='ocrx_word' id='word_1_389' title='bbox 928 3413 983 3462; x_wconf 90' lang='lat' dir='ltr'><strong>iloo</strong></span> <span class='ocrx_word' id='word_1_390' title='bbox 1002 3413 1078 3474; x_wconf 78' lang='lat' dir='ltr'><strong>igitur</strong></span> <span class='ocrx_word' id='word_1_391' title='bbox 1094 3410 1190 3462; x_wconf 79' lang='lat' dir='ltr'><strong>lascire</strong></span> <span class='ocrx_word' id='word_1_392' title='bbox 1207 3410 1368 3463; x_wconf 89' lang='lat' dir='ltr'><strong>ludibundus</strong></span> <span class='ocrx_word' id='word_1_393' title='bbox 1386 3412 1461 3463; x_wconf 83' lang='lat' dir='ltr'><strong>dicit:</strong></span> <span class='ocrx_word' id='word_1_394' title='bbox 1488 3411 1532 3460; x_wconf 71' lang='lat' dir='ltr'><strong>niu</strong></span> <span class='ocrx_word' id='word_1_395' title='bbox 1550 3412 1604 3460; x_wconf 89' lang='lat' dir='ltr'><strong>tem</strong></span> 
     </span>
     <span class='ocr_line' id='line_1_34' title="bbox 280 3484 1603 3552; baseline -0.003 -14"><span class='ocrx_word' id='word_1_396' title='bbox 280 3486 378 3538; x_wconf 83' lang='lat' dir='ltr'><strong>nudata</strong></span> <span class='ocrx_word' id='word_1_397' title='bbox 396 3484 502 3550; x_wconf 89' lang='lat' dir='ltr'><strong>(duplici</strong></span> <span class='ocrx_word' id='word_1_398' title='bbox 519 3485 571 3535; x_wconf 90' lang='lat' dir='ltr'><strong>hoc</strong></span> <span class='ocrx_word' id='word_1_399' title='bbox 588 3497 695 3549; x_wconf 88' lang='lat' dir='ltr'><strong>quoque</strong></span> <span class='ocrx_word' id='word_1_400' title='bbox 713 3487 801 3550; x_wconf 88' lang='lat' dir='ltr'><strong>sensu)</strong></span> <span class='ocrx_word' id='word_1_401' title='bbox 819 3487 964 3552; x_wconf 84' lang='lat' dir='ltr'><strong>provincie,</strong></span> <span class='ocrx_word' id='word_1_402' title='bbox 983 3500 1097 3536; x_wconf 88' lang='lat' dir='ltr'><strong>nemone</strong></span> <span class='ocrx_word' id='word_1_403' title='bbox 1114 3487 1183 3536; x_wconf 90' lang='lat' dir='ltr'><strong>inter</strong></span> <span class='ocrx_word' id='word_1_404' title='bbox 1200 3487 1316 3552; x_wconf 89' lang='lat' dir='ltr'><strong>perditos</strong></span> <span class='ocrx_word' id='word_1_405' title='bbox 1328 3487 1385 3540; x_wconf 90' lang='lat' dir='ltr'><strong>illos</strong></span> <span class='ocrx_word' id='word_1_406' title='bbox 1397 3489 1456 3548; x_wconf 90' lang='lat' dir='ltr'><strong>luit,</strong></span> <span class='ocrx_word' id='word_1_407' title='bbox 1476 3497 1558 3550; x_wconf 87' lang='lat' dir='ltr'><strong>quem</strong></span> <span class='ocrx_word' id='word_1_408' title='bbox 1569 3498 1603 3534; x_wconf 91' lang='lat' dir='ltr'><strong>ne</strong></span> 
     </span>
     <span class='ocr_line' id='line_1_35' title="bbox 279 3557 1604 3628; baseline -0.002 -16"><span class='ocrx_word' id='word_1_409' title='bbox 279 3559 427 3627; x_wconf 88' lang='lat' dir='ltr'><strong>pulchellus</strong></span> <span class='ocrx_word' id='word_1_410' title='bbox 451 3559 559 3625; x_wconf 89' lang='lat' dir='ltr'><strong>quidem</strong></span> <span class='ocrx_word' id='word_1_411' title='bbox 581 3559 623 3610; x_wconf 92' lang='lat' dir='ltr'><strong>ille</strong></span> <span class='ocrx_word' id='word_1_412' title='bbox 645 3559 800 3612; x_wconf 86' lang='lat' dir='ltr'><strong>adolescens</strong></span> <span class='ocrx_word' id='word_1_413' title='bbox 822 3561 908 3613; x_wconf 88' lang='lat' dir='ltr'><strong>nudus</strong></span> <span class='ocrx_word' id='word_1_414' title='bbox 929 3564 1124 3622; x_wconf 86' lang='lat' dir='ltr'><strong>commoveret,</strong></span> <span class='ocrx_word' id='word_1_415' title='bbox 1147 3564 1272 3612; x_wconf 77' lang='lat' dir='ltr'><strong>excitaret</strong></span> <span class='ocrx_word' id='word_1_416' title='bbox 1291 3561 1396 3628; x_wconf 84' lang='lat' dir='ltr'><strong>(duplici</strong></span> <span class='ocrx_word' id='word_1_417' title='bbox 1412 3575 1493 3615; x_wconf 89' lang='lat' dir='ltr'><strong>sensu</strong></span> <span class='ocrx_word' id='word_1_418' title='bbox 1511 3563 1537 3611; x_wconf 89' lang='lat' dir='ltr'><strong>et</strong></span> <span class='ocrx_word' id='word_1_419' title='bbox 1554 3557 1604 3610; x_wconf 94' lang='lat' dir='ltr'><strong>ob-</strong></span> 
     </span>
     <span class='ocr_line' id='line_1_36' title="bbox 280 3633 1602 3701; baseline -0.002 -15"><span class='ocrx_word' id='word_1_420' title='bbox 280 3649 379 3686; x_wconf 88' lang='lat' dir='ltr'><strong>scoeno</strong></span> <span class='ocrx_word' id='word_1_421' title='bbox 398 3638 425 3684; x_wconf 92' lang='lat' dir='ltr'><strong>et</strong></span> <span class='ocrx_word' id='word_1_422' title='bbox 440 3633 555 3700; x_wconf 78' lang='lat' dir='ltr'><strong>proprio)</strong></span> <span class='ocrx_word' id='word_1_423' title='bbox 574 3635 608 3686; x_wconf 92' lang='lat' dir='ltr'><strong>ad</strong></span> <span class='ocrx_word' id='word_1_424' title='bbox 624 3637 728 3700; x_wconf 90' lang='lat' dir='ltr'><strong>patrem</strong></span> <span class='ocrx_word' id='word_1_425' title='bbox 748 3634 952 3686; x_wconf 76' lang='lat' dir='ltr'><strong>laudandumt.</strong></span> <span class='ocrx_word' id='word_1_426' title='bbox 980 3639 1024 3688; x_wconf 79' lang='lat' dir='ltr'><strong>Oa.</strong></span> <span class='ocrx_word' id='word_1_427' title='bbox 1044 3635 1102 3687; x_wconf 86' lang='lat' dir='ltr'><strong>coll.</strong></span> <span class='ocrx_word' id='word_1_428' title='bbox 1121 3639 1150 3688; x_wconf 92' lang='lat' dir='ltr'><strong>ll.</strong></span> <span class='ocrx_word' id='word_1_429' title='bbox 1171 3636 1194 3701; x_wconf 63' lang='grc' dir='ltr'><strong>ἓ.</strong></span> <span class='ocrx_word' id='word_1_430' title='bbox 1214 3635 1269 3688; x_wconf 80' lang='lat' dir='ltr'><strong>tet.</strong></span> <span class='ocrx_word' id='word_1_431' title='bbox 1298 3665 1324 3673; x_wconf 92' lang='lat'>-</span> <span class='ocrx_word' id='word_1_432' title='bbox 1353 3639 1393 3689; x_wconf 85' lang='lat' dir='ltr'><strong>to.</strong></span> <span class='ocrx_word' id='word_1_433' title='bbox 1411 3637 1602 3698; x_wconf 71' lang='lat' dir='ltr'><strong>resumemus]</strong></span> 
     </span>
     <span class='ocr_line' id='line_1_37' title="bbox 280 3709 1604 3776; baseline 0.001 -15"><span class='ocrx_word' id='word_1_434' title='bbox 280 3711 307 3760; x_wconf 87' lang='lat' dir='ltr'><strong>S.</strong></span> <span class='ocrx_word' id='word_1_435' title='bbox 327 3711 352 3761; x_wconf 81' lang='lat' dir='ltr'><strong>G.</strong></span> <span class='ocrx_word' id='word_1_436' title='bbox 372 3709 441 3761; x_wconf 75' lang='grc'><strong>1161</strong></span> <span class='ocrx_word' id='word_1_437' title='bbox 458 3709 520 3760; x_wconf 90' lang='lat' dir='ltr'><strong>l.d.:</strong></span> <span class='ocrx_word' id='word_1_438' title='bbox 547 3711 704 3760; x_wconf 69' lang='lat' dir='ltr'><strong>&amp;obsutum</strong></span> <span class='ocrx_word' id='word_1_439' title='bbox 721 3713 771 3770; x_wconf 87' lang='lat' dir='ltr'><strong>Gt;</strong></span> <span class='ocrx_word' id='word_1_440' title='bbox 798 3711 910 3761; x_wconf 85' lang='lat' dir='ltr'><strong>Siciliam</strong></span> <span class='ocrx_word' id='word_1_441' title='bbox 929 3714 958 3774; x_wconf 88' lang='lat' dir='ltr'><strong>(s.</strong></span> <span class='ocrx_word' id='word_1_442' title='bbox 977 3713 1003 3761; x_wconf 89' lang='lat' dir='ltr'><strong>iu</strong></span> <span class='ocrx_word' id='word_1_443' title='bbox 1023 3711 1116 3775; x_wconf 84' lang='lat' dir='ltr'><strong>Sicilia)</strong></span> <span class='ocrx_word' id='word_1_444' title='bbox 1135 3711 1199 3762; x_wconf 86' lang='lat' dir='ltr'><strong>deit.</strong></span> <span class='ocrx_word' id='word_1_445' title='bbox 1225 3739 1252 3747; x_wconf 96' lang='lat'>—</span> <span class='ocrx_word' id='word_1_446' title='bbox 1278 3713 1363 3776; x_wconf 70' lang='lat' dir='ltr'><strong>secisse</strong></span> <span class='ocrx_word' id='word_1_447' title='bbox 1379 3714 1428 3764; x_wconf 76' lang='lat' dir='ltr'><strong>aa:</strong></span> <span class='ocrx_word' id='word_1_448' title='bbox 1454 3725 1503 3762; x_wconf 82' lang='lat' dir='ltr'><strong>sese</strong></span> <span class='ocrx_word' id='word_1_449' title='bbox 1518 3711 1604 3775; x_wconf 76' lang='lat' dir='ltr'><strong>fecisse</strong></span> 
     </span>
     <span class='ocr_line' id='line_1_38' title="bbox 281 3783 1602 3850; baseline 0.003 -16"><span class='ocrx_word' id='word_1_450' title='bbox 281 3783 345 3835; x_wconf 89' lang='lat' dir='ltr'><strong>dett.</strong></span> <span class='ocrx_word' id='word_1_451' title='bbox 364 3783 393 3834; x_wconf 91' lang='lat'><strong>0.</strong></span> <span class='ocrx_word' id='word_1_452' title='bbox 413 3809 441 3819; x_wconf 93' lang='lat'><strong>-·</strong></span> <span class='ocrx_word' id='word_1_453' title='bbox 460 3785 615 3836; x_wconf 81' lang='lat' dir='ltr'><strong>laudationes</strong></span> <span class='ocrx_word' id='word_1_454' title='bbox 631 3785 682 3844; x_wconf 71' lang='lat'><strong>023</strong></span> <span class='ocrx_word' id='word_1_455' title='bbox 701 3785 870 3836; x_wconf 80' lang='lat' dir='ltr'><strong>laudationem</strong></span> <span class='ocrx_word' id='word_1_456' title='bbox 886 3787 964 3849; x_wconf 71' lang='lat' dir='ltr'><strong>Lagg.</strong></span> <span class='ocrx_word' id='word_1_457' title='bbox 986 3786 1033 3849; x_wconf 86' lang='lat' dir='ltr'><strong>[sic</strong></span> <span class='ocrx_word' id='word_1_458' title='bbox 1050 3785 1143 3836; x_wconf 87' lang='lat' dir='ltr'><strong>saltem</strong></span> <span class='ocrx_word' id='word_1_459' title='bbox 1161 3787 1203 3836; x_wconf 90' lang='lat' dir='ltr'><strong>ed.</strong></span> <span class='ocrx_word' id='word_1_460' title='bbox 1224 3789 1320 3848; x_wconf 80' lang='lat' dir='ltr'><strong>Garat,</strong></span> <span class='ocrx_word' id='word_1_461' title='bbox 1340 3786 1409 3837; x_wconf 89' lang='lat' dir='ltr'><strong>nulla</strong></span> <span class='ocrx_word' id='word_1_462' title='bbox 1427 3787 1602 3850; x_wconf 78' lang='lat' dir='ltr'><strong>discrepantia</strong></span> 
     </span>
     <span class='ocr_line' id='line_1_39' title="bbox 282 3858 1603 3926; baseline 0 -15"><span class='ocrx_word' id='word_1_463' title='bbox 282 3874 312 3911; x_wconf 82' lang='lat' dir='ltr'><strong>er</strong></span> <span class='ocrx_word' id='word_1_464' title='bbox 333 3862 409 3924; x_wconf 75' lang='lat' dir='ltr'><strong>legg.</strong></span> <span class='ocrx_word' id='word_1_465' title='bbox 427 3874 442 3909; x_wconf 88' lang='lat' dir='ltr'><strong>a</strong></span> <span class='ocrx_word' id='word_1_466' title='bbox 460 3858 535 3910; x_wconf 87' lang='lat' dir='ltr'><strong>Nieb.</strong></span> <span class='ocrx_word' id='word_1_467' title='bbox 550 3859 703 3926; x_wconf 80' lang='lat' dir='ltr'><strong>adscripta]</strong></span> <span class='ocrx_word' id='word_1_468' title='bbox 729 3862 815 3912; x_wconf 89' lang='lat' dir='ltr'><strong>Locus</strong></span> <span class='ocrx_word' id='word_1_469' title='bbox 832 3862 875 3912; x_wconf 90' lang='lat' dir='ltr'><strong>hic</strong></span> <span class='ocrx_word' id='word_1_470' title='bbox 891 3862 962 3911; x_wconf 89' lang='lat' dir='ltr'><strong>varie</strong></span> <span class='ocrx_word' id='word_1_471' title='bbox 981 3861 1138 3912; x_wconf 88' lang='lat' dir='ltr'><strong>coniecturis</strong></span> <span class='ocrx_word' id='word_1_472' title='bbox 1156 3862 1269 3910; x_wconf 85' lang='lat' dir='ltr'><strong>tentatus</strong></span> <span class='ocrx_word' id='word_1_473' title='bbox 1287 3863 1340 3912; x_wconf 88' lang='lat' dir='ltr'><strong>est:</strong></span> <span class='ocrx_word' id='word_1_474' title='bbox 1360 3863 1478 3912; x_wconf 78' lang='lat' dir='ltr'><strong>cimmodi</strong></span> <span class='ocrx_word' id='word_1_475' title='bbox 1494 3867 1603 3912; x_wconf 66' lang='lat' dir='ltr'><strong>semmua</strong></span> 
     </span>
     <span class='ocr_line' id='line_1_40' title="bbox 281 3933 1603 4002; baseline 0.001 -17"><span class='ocrx_word' id='word_1_476' title='bbox 281 3935 385 3986; x_wconf 78' lang='lat' dir='ltr'><strong>consulti</strong></span> <span class='ocrx_word' id='word_1_477' title='bbox 399 3933 474 3998; x_wconf 72' lang='lat' dir='ltr'><strong>tuisse</strong></span> <span class='ocrx_word' id='word_1_478' title='bbox 489 3935 658 3986; x_wconf 80' lang='lat' dir='ltr'><strong>laudationem</strong></span> <span class='ocrx_word' id='word_1_479' title='bbox 675 3937 816 3995; x_wconf 64' lang='lat' dir='ltr'><strong>Graculum</strong></span> <span class='ocrx_word' id='word_1_480' title='bbox 834 3938 919 3986; x_wconf 77' lang='lat' dir='ltr'><strong>ciuem</strong></span> <span class='ocrx_word' id='word_1_481' title='bbox 938 3936 1093 3986; x_wconf 79' lang='lat' dir='ltr'><strong>Soonauttum</strong></span> <span class='ocrx_word' id='word_1_482' title='bbox 1108 3937 1184 4000; x_wconf 70' lang='lat' dir='ltr'><strong>fuisse</strong></span> <span class='ocrx_word' id='word_1_483' title='bbox 1199 3936 1350 3986; x_wconf 79' lang='lat' dir='ltr'><strong>laudationis</strong></span> <span class='ocrx_word' id='word_1_484' title='bbox 1365 3937 1515 4002; x_wconf 87' lang='lat' dir='ltr'><strong>Zumptius;</strong></span> <span class='ocrx_word' id='word_1_485' title='bbox 1536 3938 1603 3987; x_wconf 78' lang='lat' dir='ltr'><strong>eitu-</strong></span> 
     </span>
     <span class='ocr_line' id='line_1_41' title="bbox 280 4010 1601 4075; baseline 0.002 -15"><span class='ocrx_word' id='word_1_486' title='bbox 280 4011 348 4060; x_wconf 85' lang='lat' dir='ltr'><strong>modi</strong></span> <span class='ocrx_word' id='word_1_487' title='bbox 369 4023 394 4060; x_wconf 85' lang='lat' dir='ltr'><strong>re</strong></span> <span class='ocrx_word' id='word_1_488' title='bbox 415 4010 552 4060; x_wconf 74' lang='lat' dir='ltr'><strong>conuitium</strong></span> <span class='ocrx_word' id='word_1_489' title='bbox 573 4011 658 4074; x_wconf 76' lang='lat' dir='ltr'><strong>seciam</strong></span> <span class='ocrx_word' id='word_1_490' title='bbox 678 4011 836 4062; x_wconf 71' lang='lat' dir='ltr'><strong>laudationis</strong></span> <span class='ocrx_word' id='word_1_491' title='bbox 845 4011 933 4070; x_wconf 74' lang='lat' dir='ltr'><strong>Halm,</strong></span> <span class='ocrx_word' id='word_1_492' title='bbox 956 4014 1041 4062; x_wconf 75' lang='lat' dir='ltr'><strong>uuam.</strong></span> <span class='ocrx_word' id='word_1_493' title='bbox 1060 4013 1086 4061; x_wconf 90' lang='lat' dir='ltr'><strong>S.</strong></span> <span class='ocrx_word' id='word_1_494' title='bbox 1105 4013 1131 4062; x_wconf 84' lang='lat' dir='ltr'><strong>G.</strong></span> <span class='ocrx_word' id='word_1_495' title='bbox 1148 4013 1233 4075; x_wconf 82' lang='lat' dir='ltr'><strong>secisse</strong></span> <span class='ocrx_word' id='word_1_496' title='bbox 1251 4025 1276 4062; x_wconf 89' lang='lat' dir='ltr'><strong>se</strong></span> <span class='ocrx_word' id='word_1_497' title='bbox 1292 4013 1443 4062; x_wconf 77' lang='lat' dir='ltr'><strong>laudationis</strong></span> <span class='ocrx_word' id='word_1_498' title='bbox 1459 4011 1531 4063; x_wconf 83' lang='lat' dir='ltr'><strong>Klotz</strong></span> <span class='ocrx_word' id='word_1_499' title='bbox 1547 4011 1564 4064; x_wconf 90' lang='lat' dir='ltr'><strong>l.</strong></span> <span class='ocrx_word' id='word_1_500' title='bbox 1582 4011 1601 4062; x_wconf 94' lang='lat' dir='ltr'><strong>l.</strong></span> 
     </span>
     <span class='ocr_line' id='line_1_42' title="bbox 281 4083 1600 4152; baseline 0.003 -18"><span class='ocrx_word' id='word_1_501' title='bbox 281 4099 308 4150; x_wconf 92' lang='lat' dir='ltr'><strong>p.</strong></span> <span class='ocrx_word' id='word_1_502' title='bbox 329 4083 384 4135; x_wconf 83' lang='lat' dir='ltr'><strong>tte.</strong></span> <span class='ocrx_word' id='word_1_503' title='bbox 411 4085 436 4134; x_wconf 89' lang='lat' dir='ltr'><strong>Si</strong></span> <span class='ocrx_word' id='word_1_504' title='bbox 452 4084 549 4147; x_wconf 70' lang='lat' dir='ltr'><strong>tubae,</strong></span> <span class='ocrx_word' id='word_1_505' title='bbox 575 4085 647 4150; x_wconf 91' lang='lat' dir='ltr'><strong>quod</strong></span> <span class='ocrx_word' id='word_1_506' title='bbox 664 4099 758 4138; x_wconf 91' lang='lat' dir='ltr'><strong>omnes</strong></span> <span class='ocrx_word' id='word_1_507' title='bbox 776 4087 853 4138; x_wconf 93' lang='lat' dir='ltr'><strong>codd.</strong></span> <span class='ocrx_word' id='word_1_508' title='bbox 872 4090 992 4146; x_wconf 86' lang='lat' dir='ltr'><strong>tuentur,</strong></span> <span class='ocrx_word' id='word_1_509' title='bbox 1016 4088 1171 4148; x_wconf 84' lang='lat' dir='ltr'><strong>retineatur,</strong></span> <span class='ocrx_word' id='word_1_510' title='bbox 1190 4089 1346 4152; x_wconf 90' lang='lat' dir='ltr'><strong>pronomine</strong></span> <span class='ocrx_word' id='word_1_511' title='bbox 1362 4101 1387 4137; x_wconf 86' lang='lat' dir='ltr'><strong>se</strong></span> <span class='ocrx_word' id='word_1_512' title='bbox 1404 4101 1482 4152; x_wconf 77' lang='lat' dir='ltr'><strong>aegre</strong></span> <span class='ocrx_word' id='word_1_513' title='bbox 1499 4101 1600 4139; x_wconf 89' lang='lat' dir='ltr'><strong>careas.</strong></span> 
     </span>
     <span class='ocr_line' id='line_1_43' title="bbox 283 4159 1604 4228; baseline 0.004 -21"><span class='ocrx_word' id='word_1_514' title='bbox 283 4185 311 4195; x_wconf 93' lang='lat'><em>-</em></span> <span class='ocrx_word' id='word_1_515' title='bbox 329 4159 460 4222; x_wconf 65' lang='grc'><strong>9111399.</strong></span> <span class='ocrx_word' id='word_1_516' title='bbox 480 4185 506 4194; x_wconf 92' lang='lat'><em>-</em></span> <span class='ocrx_word' id='word_1_517' title='bbox 527 4161 567 4211; x_wconf 88' lang='lat' dir='ltr'><strong>ti.</strong></span> <span class='ocrx_word' id='word_1_518' title='bbox 585 4161 728 4212; x_wconf 82' lang='lat' dir='ltr'><strong>inrisionem</strong></span> <span class='ocrx_word' id='word_1_519' title='bbox 746 4163 773 4212; x_wconf 80' lang='lat' dir='ltr'><strong>ll.</strong></span> <span class='ocrx_word' id='word_1_520' title='bbox 794 4189 821 4198; x_wconf 89' lang='lat'>-</span> <span class='ocrx_word' id='word_1_521' title='bbox 842 4163 881 4214; x_wconf 78' lang='lat'><strong>62.</strong></span> <span class='ocrx_word' id='word_1_522' title='bbox 900 4163 1085 4226; x_wconf 72' lang='lat' dir='ltr'><strong>commefaceret</strong></span> <span class='ocrx_word' id='word_1_523' title='bbox 1101 4165 1171 4214; x_wconf 75' lang='grc'><strong>11.-</strong></span> <span class='ocrx_word' id='word_1_524' title='bbox 1189 4163 1343 4228; x_wconf 84' lang='lat' dir='ltr'><strong>praeturam]</strong></span> <span class='ocrx_word' id='word_1_525' title='bbox 1365 4163 1427 4214; x_wconf 84' lang='lat' dir='ltr'><strong>Post</strong></span> <span class='ocrx_word' id='word_1_526' title='bbox 1443 4163 1470 4212; x_wconf 89' lang='lat' dir='ltr'><strong>b.</strong></span> <span class='ocrx_word' id='word_1_527' title='bbox 1485 4176 1510 4214; x_wconf 82' lang='lat' dir='ltr'><strong>v.</strong></span> <span class='ocrx_word' id='word_1_528' title='bbox 1527 4163 1604 4226; x_wconf 77' lang='lat' dir='ltr'><strong>fuisse</strong></span> 
     </span>
     <span class='ocr_line' id='line_1_44' title="bbox 282 4232 1604 4304; baseline 0.005 -20"><span class='ocrx_word' id='word_1_529' title='bbox 282 4233 323 4284; x_wconf 86' lang='lat' dir='ltr'><strong>vel</strong></span> <span class='ocrx_word' id='word_1_530' title='bbox 341 4232 416 4298; x_wconf 88' lang='lat' dir='ltr'><strong>plura</strong></span> <span class='ocrx_word' id='word_1_531' title='bbox 434 4233 515 4286; x_wconf 88' lang='lat' dir='ltr'><strong>etiam</strong></span> <span class='ocrx_word' id='word_1_532' title='bbox 531 4237 660 4288; x_wconf 77' lang='lat' dir='ltr'><strong>excidisse</strong></span> <span class='ocrx_word' id='word_1_533' title='bbox 678 4239 827 4302; x_wconf 89' lang='lat' dir='ltr'><strong>suspicatur</strong></span> <span class='ocrx_word' id='word_1_534' title='bbox 842 4238 928 4290; x_wconf 81' lang='lat' dir='ltr'><strong>lladv.</strong></span> <span class='ocrx_word' id='word_1_535' title='bbox 946 4251 972 4304; x_wconf 91' lang='lat' dir='ltr'><strong>p.</strong></span> <span class='ocrx_word' id='word_1_536' title='bbox 986 4239 1026 4290; x_wconf 84' lang='lat'><strong>66.</strong></span> <span class='ocrx_word' id='word_1_537' title='bbox 1046 4236 1104 4288; x_wconf 87' lang='lat' dir='ltr'><strong>coll.</strong></span> <span class='ocrx_word' id='word_1_538' title='bbox 1124 4239 1169 4302; x_wconf 89' lang='lat' dir='ltr'><strong>Op.</strong></span> <span class='ocrx_word' id='word_1_539' title='bbox 1183 4240 1202 4288; x_wconf 93' lang='lat'><strong>1.</strong></span> <span class='ocrx_word' id='word_1_540' title='bbox 1220 4252 1247 4304; x_wconf 67' lang='lat' dir='ltr'><strong>p.</strong></span> <span class='ocrx_word' id='word_1_541' title='bbox 1261 4238 1317 4290; x_wconf 83' lang='lat' dir='ltr'><strong>36i.</strong></span> <span class='ocrx_word' id='word_1_542' title='bbox 1337 4252 1417 4301; x_wconf 76' lang='lat' dir='ltr'><strong>«puae</strong></span> <span class='ocrx_word' id='word_1_543' title='bbox 1431 4251 1604 4303; x_wconf 78' lang='lat' dir='ltr'><strong>reeopaoscere</strong></span> 
     </span>
     <span class='ocr_line' id='line_1_45' title="bbox 282 4309 1602 4378; baseline 0.004 -19"><span class='ocrx_word' id='word_1_544' title='bbox 282 4322 365 4359; x_wconf 79' lang='lat' dir='ltr'><strong>munes</strong></span> <span class='ocrx_word' id='word_1_545' title='bbox 379 4309 473 4372; x_wconf 73' lang='lat' dir='ltr'><strong>tuomet</strong></span> <span class='ocrx_word' id='word_1_546' title='bbox 489 4311 573 4360; x_wconf 76' lang='lat' dir='ltr'><strong>iatius»</strong></span> <span class='ocrx_word' id='word_1_547' title='bbox 592 4311 660 4362; x_wconf 89' lang='lat' dir='ltr'><strong>conl.</strong></span> <span class='ocrx_word' id='word_1_548' title='bbox 680 4313 734 4362; x_wconf 83' lang='lat' dir='ltr'><strong>Rau</strong></span> <span class='ocrx_word' id='word_1_549' title='bbox 751 4314 782 4362; x_wconf 93' lang='lat' dir='ltr'><strong>ll.</strong></span> <span class='ocrx_word' id='word_1_550' title='bbox 801 4326 827 4377; x_wconf 89' lang='lat' dir='ltr'><strong>p.</strong></span> <span class='ocrx_word' id='word_1_551' title='bbox 847 4313 887 4364; x_wconf 89' lang='lat'><strong>68.</strong></span> <span class='ocrx_word' id='word_1_552' title='bbox 914 4313 1053 4378; x_wconf 79' lang='lat' dir='ltr'><strong>Vulgetum</strong></span> <span class='ocrx_word' id='word_1_553' title='bbox 1072 4317 1159 4364; x_wconf 88' lang='lat' dir='ltr'><strong>tuetur</strong></span> <span class='ocrx_word' id='word_1_554' title='bbox 1176 4315 1261 4365; x_wconf 88' lang='lat' dir='ltr'><strong>Garat.</strong></span> <span class='ocrx_word' id='word_1_555' title='bbox 1279 4315 1308 4364; x_wconf 92' lang='lat' dir='ltr'><strong>ll.</strong></span> <span class='ocrx_word' id='word_1_556' title='bbox 1327 4312 1385 4364; x_wconf 88' lang='lat' dir='ltr'><strong>loco</strong></span> <span class='ocrx_word' id='word_1_557' title='bbox 1401 4313 1510 4364; x_wconf 83' lang='lat' dir='ltr'><strong>vitruvii</strong></span> <span class='ocrx_word' id='word_1_558' title='bbox 1527 4314 1558 4364; x_wconf 86' lang='lat'><strong>11.</strong></span> <span class='ocrx_word' id='word_1_559' title='bbox 1576 4316 1602 4376; x_wconf 90' lang='lat' dir='ltr'><strong>t,</strong></span> 
     </span>
     <span class='ocr_line' id='line_1_46' title="bbox 283 4383 1605 4455; baseline 0.003 -21"><span class='ocrx_word' id='word_1_560' title='bbox 283 4385 321 4435; x_wconf 84' lang='lat'><strong>6.:</strong></span> <span class='ocrx_word' id='word_1_561' title='bbox 339 4385 369 4434; x_wconf 86' lang='lat' dir='ltr'><strong>lu</strong></span> <span class='ocrx_word' id='word_1_562' title='bbox 385 4383 506 4446; x_wconf 80' lang='lat' dir='ltr'><strong>Capitolio</strong></span> <span class='ocrx_word' id='word_1_563' title='bbox 522 4388 728 4452; x_wconf 78' lang='lat' dir='ltr'><strong>commonefacere</strong></span> <span class='ocrx_word' id='word_1_564' title='bbox 741 4394 821 4452; x_wconf 84' lang='lat' dir='ltr'><strong>potest</strong></span> <span class='ocrx_word' id='word_1_565' title='bbox 836 4395 859 4440; x_wconf 90' lang='lat' dir='ltr'><strong>et</strong></span> <span class='ocrx_word' id='word_1_566' title='bbox 875 4391 1016 4455; x_wconf 70' lang='lat' dir='ltr'><strong>aipuiticore</strong></span> <span class='ocrx_word' id='word_1_567' title='bbox 1032 4403 1111 4439; x_wconf 83' lang='lat' dir='ltr'><strong>morer</strong></span> <span class='ocrx_word' id='word_1_568' title='bbox 1126 4391 1253 4440; x_wconf 83' lang='lat' dir='ltr'><strong>vetrutatis</strong></span> <span class='ocrx_word' id='word_1_569' title='bbox 1264 4388 1361 4441; x_wconf 81' lang='lat' dir='ltr'><strong>Romuli</strong></span> <span class='ocrx_word' id='word_1_570' title='bbox 1376 4401 1436 4439; x_wconf 86' lang='lat' dir='ltr'><strong>casu</strong></span> <span class='ocrx_word' id='word_1_571' title='bbox 1452 4389 1479 4437; x_wconf 87' lang='lat' dir='ltr'><strong>io</strong></span> <span class='ocrx_word' id='word_1_572' title='bbox 1494 4401 1553 4439; x_wconf 87' lang='lat' dir='ltr'><strong>arce</strong></span> <span class='ocrx_word' id='word_1_573' title='bbox 1563 4401 1605 4438; x_wconf 81' lang='lat' dir='ltr'><strong>sa·</strong></span> 
     </span>
     <span class='ocr_line' id='line_1_47' title="bbox 282 4461 1603 4528; baseline 0.002 -18"><span class='ocrx_word' id='word_1_574' title='bbox 282 4471 385 4510; x_wconf 73' lang='lat' dir='ltr'><strong>motum</strong></span> <span class='ocrx_word' id='word_1_575' title='bbox 400 4461 542 4510; x_wconf 75' lang='lat' dir='ltr'><strong>stramentis</strong></span> <span class='ocrx_word' id='word_1_576' title='bbox 558 4467 637 4512; x_wconf 87' lang='lat' dir='ltr'><strong>tectu:</strong></span> <span class='ocrx_word' id='word_1_577' title='bbox 664 4477 826 4528; x_wconf 89' lang='lat' dir='ltr'><strong>quamquam</strong></span> <span class='ocrx_word' id='word_1_578' title='bbox 849 4464 937 4516; x_wconf 89' lang='lat' dir='ltr'><strong>addito</strong></span> <span class='ocrx_word' id='word_1_579' title='bbox 954 4479 979 4515; x_wconf 88' lang='grc' dir='ltr'><strong>ν.</strong></span> <span class='ocrx_word' id='word_1_580' title='bbox 998 4466 1138 4528; x_wconf 73' lang='lat' dir='ltr'><strong>sipnificme</strong></span> <span class='ocrx_word' id='word_1_581' title='bbox 1159 4465 1236 4515; x_wconf 89' lang='lat' dir='ltr'><strong>huius</strong></span> <span class='ocrx_word' id='word_1_582' title='bbox 1253 4462 1303 4514; x_wconf 93' lang='lat' dir='ltr'><strong>loci</strong></span> <span class='ocrx_word' id='word_1_583' title='bbox 1320 4465 1386 4514; x_wconf 89' lang='lat' dir='ltr'><strong>ratio</strong></span> <span class='ocrx_word' id='word_1_584' title='bbox 1404 4462 1481 4528; x_wconf 89' lang='lat' dir='ltr'><strong>paulo</strong></span> <span class='ocrx_word' id='word_1_585' title='bbox 1498 4462 1603 4514; x_wconf 87' lang='lat' dir='ltr'><strong>diversa</strong></span> 
     </span>
     <span class='ocr_line' id='line_1_48' title="bbox 284 4529 1670 4603; baseline 0.001 -16"><span class='ocrx_word' id='word_1_586' title='bbox 284 4540 332 4587; x_wconf 86' lang='lat' dir='ltr'><strong>eat.</strong></span> <span class='ocrx_word' id='word_1_587' title='bbox 358 4562 385 4571; x_wconf 94' lang='lat'><em>-</em></span> <span class='ocrx_word' id='word_1_588' title='bbox 413 4548 444 4585; x_wconf 89' lang='lat' dir='ltr'><strong>ea</strong></span> <span class='ocrx_word' id='word_1_589' title='bbox 459 4535 525 4586; x_wconf 88' lang='lat' dir='ltr'><strong>euim</strong></span> <span class='ocrx_word' id='word_1_590' title='bbox 540 4537 618 4601; x_wconf 77' lang='lat' dir='ltr'><strong>lagg.</strong></span> <span class='ocrx_word' id='word_1_591' title='bbox 638 4541 744 4603; x_wconf 89' lang='lat' dir='ltr'><strong>praeter</strong></span> <span class='ocrx_word' id='word_1_592' title='bbox 760 4539 800 4589; x_wconf 83' lang='grc'><strong>19.</strong></span> <span class='ocrx_word' id='word_1_593' title='bbox 828 4566 855 4575; x_wconf 94' lang='grc'>-</span> <span class='ocrx_word' id='word_1_594' title='bbox 883 4541 923 4591; x_wconf 79' lang='grc'><strong>43.</strong></span> <span class='ocrx_word' id='word_1_595' title='bbox 942 4541 1060 4602; x_wconf 83' lang='lat' dir='ltr'><strong>scriptum</strong></span> <span class='ocrx_word' id='word_1_596' title='bbox 1076 4545 1110 4589; x_wconf 87' lang='lat' dir='ltr'><strong>est</strong></span> <span class='ocrx_word' id='word_1_597' title='bbox 1126 4541 1161 4600; x_wconf 85' lang='lat' dir='ltr'><strong>it;</strong></span> <span class='ocrx_word' id='word_1_598' title='bbox 1184 4540 1278 4603; x_wconf 81' lang='lat' dir='ltr'><strong>scripta</strong></span> <span class='ocrx_word' id='word_1_599' title='bbox 1294 4543 1329 4589; x_wconf 85' lang='lat' dir='ltr'><strong>est</strong></span> <span class='ocrx_word' id='word_1_600' title='bbox 1346 4541 1422 4603; x_wconf 76' lang='lat' dir='ltr'><strong>lagg.</strong></span> <span class='ocrx_word' id='word_1_601' title='bbox 1442 4565 1469 4575; x_wconf 88' lang='lat'><em>-</em></span> <span class='ocrx_word' id='word_1_602' title='bbox 1493 4539 1531 4588; x_wconf 91' lang='lat' dir='ltr'><strong>ita</strong></span> <span class='ocrx_word' id='word_1_603' title='bbox 1546 4550 1600 4590; x_wconf 90' lang='lat' dir='ltr'><strong>om.</strong></span> <span class='ocrx_word' id='word_1_604' title='bbox 1667 4529 1670 4536; x_wconf 80' lang='grc'><strong>“</strong></span> 
     </span>
     <span class='ocr_line' id='line_1_49' title="bbox 283 4609 1604 4679; baseline 0.002 -17"><span class='ocrx_word' id='word_1_605' title='bbox 283 4613 361 4675; x_wconf 67' lang='grc'><strong>1933.</strong></span> <span class='ocrx_word' id='word_1_606' title='bbox 381 4609 446 4662; x_wconf 89' lang='lat' dir='ltr'><strong>dett.</strong></span> <span class='ocrx_word' id='word_1_607' title='bbox 466 4638 493 4646; x_wconf 95' lang='lat'><em>-</em></span> <span class='ocrx_word' id='word_1_608' title='bbox 512 4612 534 4660; x_wconf 87' lang='lat' dir='ltr'><strong>is</strong></span> <span class='ocrx_word' id='word_1_609' title='bbox 549 4613 587 4662; x_wconf 84' lang='lat' dir='ltr'><strong>It:</strong></span> <span class='ocrx_word' id='word_1_610' title='bbox 604 4613 651 4663; x_wconf 82' lang='lat' dir='ltr'><strong>biis</strong></span> <span class='ocrx_word' id='word_1_611' title='bbox 662 4613 713 4670; x_wconf 57' lang='lat' dir='ltr'><strong>G&amp;</strong></span> <span class='ocrx_word' id='word_1_612' title='bbox 731 4615 776 4664; x_wconf 83' lang='lat' dir='ltr'><strong>iate</strong></span> <span class='ocrx_word' id='word_1_613' title='bbox 792 4612 855 4666; x_wconf 89' lang='lat' dir='ltr'><strong>dett.</strong></span> <span class='ocrx_word' id='word_1_614' title='bbox 870 4616 898 4666; x_wconf 92' lang='lat'><strong>0.</strong></span> <span class='ocrx_word' id='word_1_615' title='bbox 912 4643 939 4651; x_wconf 95' lang='lat'>-</span> <span class='ocrx_word' id='word_1_616' title='bbox 958 4616 1079 4679; x_wconf 70' lang='lat' dir='ltr'><strong>copuostic</strong></span> <span class='ocrx_word' id='word_1_617' title='bbox 1094 4615 1158 4666; x_wconf 74' lang='lat' dir='ltr'><strong>tior</strong></span> <span class='ocrx_word' id='word_1_618' title='bbox 1176 4613 1237 4664; x_wconf 76' lang='lat' dir='ltr'><strong>ta:</strong></span> <span class='ocrx_word' id='word_1_619' title='bbox 1255 4616 1380 4678; x_wconf 80' lang='lat' dir='ltr'><strong>copuoscis</strong></span> <span class='ocrx_word' id='word_1_620' title='bbox 1391 4615 1441 4674; x_wconf 66' lang='grc' dir='ltr'><strong>θὶς</strong></span> <span class='ocrx_word' id='word_1_621' title='bbox 1459 4615 1604 4679; x_wconf 66' lang='lat' dir='ltr'><strong>comestae</strong></span> 
     </span>
     <span class='ocr_line' id='line_1_50' title="bbox 284 4684 1603 4754; baseline 0.002 -17"><span class='ocrx_word' id='word_1_622' title='bbox 284 4686 348 4738; x_wconf 90' lang='lat' dir='ltr'><strong>dett.</strong></span> <span class='ocrx_word' id='word_1_623' title='bbox 366 4687 395 4737; x_wconf 94' lang='lat'><strong>0.</strong></span> <span class='ocrx_word' id='word_1_624' title='bbox 410 4712 437 4721; x_wconf 93' lang='lat'>-</span> <span class='ocrx_word' id='word_1_625' title='bbox 458 4684 498 4737; x_wconf 86' lang='lat' dir='ltr'><strong>tt.</strong></span> <span class='ocrx_word' id='word_1_626' title='bbox 517 4689 583 4748; x_wconf 77' lang='lat' dir='ltr'><strong>quod</strong></span> <span class='ocrx_word' id='word_1_627' title='bbox 597 4689 667 4753; x_wconf 79' lang='lat' dir='ltr'><strong>cipit.</strong></span> <span class='ocrx_word' id='word_1_628' title='bbox 687 4691 875 4740; x_wconf 68' lang='lat' dir='ltr'><strong>caminaras.</strong></span> <span class='ocrx_word' id='word_1_629' title='bbox 895 4690 927 4740; x_wconf 86' lang='lat' dir='ltr'><strong>ll.</strong></span> <span class='ocrx_word' id='word_1_630' title='bbox 947 4703 972 4754; x_wconf 92' lang='lat' dir='ltr'><strong>p.</strong></span> <span class='ocrx_word' id='word_1_631' title='bbox 986 4689 1043 4739; x_wconf 78' lang='lat' dir='ltr'><strong>att.</strong></span> <span class='ocrx_word' id='word_1_632' title='bbox 1063 4715 1090 4724; x_wconf 96' lang='lat'>—</span> <span class='ocrx_word' id='word_1_633' title='bbox 1117 4689 1156 4739; x_wconf 82' lang='lat'><strong>⁴6.</strong></span> <span class='ocrx_word' id='word_1_634' title='bbox 1175 4694 1270 4739; x_wconf 80' lang='lat' dir='ltr'><strong>emutat</strong></span> <span class='ocrx_word' id='word_1_635' title='bbox 1287 4687 1366 4740; x_wconf 80' lang='lat' dir='ltr'><strong>att:</strong></span> <span class='ocrx_word' id='word_1_636' title='bbox 1393 4695 1488 4740; x_wconf 81' lang='lat' dir='ltr'><strong>coastat</strong></span> <span class='ocrx_word' id='word_1_637' title='bbox 1504 4689 1603 4741; x_wconf 79' lang='lat' dir='ltr'><strong>acute-</strong></span> 
     </span>
     <span class='ocr_line' id='line_1_51' title="bbox 282 4760 1602 4828; baseline 0.002 -15"><span class='ocrx_word' id='word_1_638' title='bbox 282 4763 375 4826; x_wconf 79' lang='lat' dir='ltr'><strong>rtispue</strong></span> <span class='ocrx_word' id='word_1_639' title='bbox 391 4760 456 4812; x_wconf 87' lang='lat' dir='ltr'><strong>dett.</strong></span> <span class='ocrx_word' id='word_1_640' title='bbox 476 4762 504 4811; x_wconf 94' lang='lat'><strong>0.</strong></span> <span class='ocrx_word' id='word_1_641' title='bbox 525 4787 552 4797; x_wconf 93' lang='lat'><em>-</em></span> <span class='ocrx_word' id='word_1_642' title='bbox 576 4763 630 4828; x_wconf 85' lang='lat' dir='ltr'><strong>boc]</strong></span> <span class='ocrx_word' id='word_1_643' title='bbox 653 4764 790 4815; x_wconf 85' lang='lat' dir='ltr'><strong>cuiusmodi</strong></span> <span class='ocrx_word' id='word_1_644' title='bbox 813 4769 910 4815; x_wconf 84' lang='lat' dir='ltr'><strong>coastat</strong></span> <span class='ocrx_word' id='word_1_645' title='bbox 929 4765 973 4816; x_wconf 86' lang='lat' dir='ltr'><strong>boe</strong></span> <span class='ocrx_word' id='word_1_646' title='bbox 989 4763 1034 4813; x_wconf 76' lang='lat' dir='ltr'><strong>aa.</strong></span> <span class='ocrx_word' id='word_1_647' title='bbox 1061 4766 1094 4813; x_wconf 81' lang='lat' dir='ltr'><strong>nt</strong></span> <span class='ocrx_word' id='word_1_648' title='bbox 1111 4761 1151 4814; x_wconf 88' lang='lat' dir='ltr'><strong>illa</strong></span> <span class='ocrx_word' id='word_1_649' title='bbox 1168 4779 1211 4814; x_wconf 80' lang='lat' dir='ltr'><strong>vv.</strong></span> <span class='ocrx_word' id='word_1_650' title='bbox 1230 4765 1287 4816; x_wconf 92' lang='lat' dir='ltr'><strong>sine</strong></span> <span class='ocrx_word' id='word_1_651' title='bbox 1305 4763 1386 4815; x_wconf 94' lang='lat' dir='ltr'><strong>dubio</strong></span> <span class='ocrx_word' id='word_1_652' title='bbox 1403 4766 1429 4814; x_wconf 93' lang='lat' dir='ltr'><strong>h.</strong></span> <span class='ocrx_word' id='word_1_653' title='bbox 1448 4765 1464 4816; x_wconf 94' lang='lat' dir='ltr'><strong>l.</strong></span> <span class='ocrx_word' id='word_1_654' title='bbox 1482 4767 1544 4817; x_wconf 89' lang='lat' dir='ltr'><strong>suut</strong></span> <span class='ocrx_word' id='word_1_655' title='bbox 1560 4766 1602 4816; x_wconf 93' lang='lat' dir='ltr'><strong>in-</strong></span> 
     </span>
     <span class='ocr_line' id='line_1_52' title="bbox 284 4833 1602 4906; baseline 0.002 -18"><span class='ocrx_word' id='word_1_656' title='bbox 284 4839 428 4902; x_wconf 89' lang='lat' dir='ltr'><strong>eptissima.</strong></span> <span class='ocrx_word' id='word_1_657' title='bbox 455 4833 488 4887; x_wconf 87' lang='lat' dir='ltr'><strong>cl.</strong></span> <span class='ocrx_word' id='word_1_658' title='bbox 508 4835 593 4887; x_wconf 83' lang='lat' dir='ltr'><strong>Madv.</strong></span> <span class='ocrx_word' id='word_1_659' title='bbox 612 4835 629 4889; x_wconf 94' lang='lat' dir='ltr'><strong>l.</strong></span> <span class='ocrx_word' id='word_1_660' title='bbox 642 4837 658 4888; x_wconf 88' lang='lat' dir='ltr'><strong>l.</strong></span> <span class='ocrx_word' id='word_1_661' title='bbox 674 4866 701 4875; x_wconf 95' lang='lat'><em>-</em></span> <span class='ocrx_word' id='word_1_662' title='bbox 718 4853 777 4890; x_wconf 86' lang='lat' dir='ltr'><strong>uero</strong></span> <span class='ocrx_word' id='word_1_663' title='bbox 794 4839 844 4900; x_wconf 81' lang='lat' dir='ltr'><strong>aa,</strong></span> <span class='ocrx_word' id='word_1_664' title='bbox 863 4839 947 4903; x_wconf 77' lang='grc' dir='ltr'><strong>1399ι</strong></span> <span class='ocrx_word' id='word_1_665' title='bbox 965 4843 993 4889; x_wconf 88' lang='lat' dir='ltr'><strong>ut</strong></span> <span class='ocrx_word' id='word_1_666' title='bbox 1010 4839 1085 4898; x_wconf 88' lang='lat' dir='ltr'><strong>dett.;</strong></span> <span class='ocrx_word' id='word_1_667' title='bbox 1104 4837 1204 4904; x_wconf 81' lang='lat' dir='ltr'><strong>[autea]</strong></span> <span class='ocrx_word' id='word_1_668' title='bbox 1222 4840 1250 4890; x_wconf 96' lang='grc'><strong>0.</strong></span> <span class='ocrx_word' id='word_1_669' title='bbox 1265 4865 1292 4875; x_wconf 94' lang='grc'>-</span> <span class='ocrx_word' id='word_1_670' title='bbox 1311 4853 1361 4890; x_wconf 84' lang='lat' dir='ltr'><strong>esse</strong></span> <span class='ocrx_word' id='word_1_671' title='bbox 1377 4842 1410 4906; x_wconf 79' lang='lat' dir='ltr'><strong>a,</strong></span> <span class='ocrx_word' id='word_1_672' title='bbox 1429 4841 1443 4890; x_wconf 96' lang='lat'><strong>6</strong></span> <span class='ocrx_word' id='word_1_673' title='bbox 1460 4841 1548 4904; x_wconf 80' lang='lat' dir='ltr'><strong>Lagg.:</strong></span> <span class='ocrx_word' id='word_1_674' title='bbox 1566 4845 1602 4890; x_wconf 86' lang='lat' dir='ltr'><strong>est</strong></span> 
     </span>
     <span class='ocr_line' id='line_1_53' title="bbox 285 4909 1599 4979; baseline 0.002 -16"><span class='ocrx_word' id='word_1_675' title='bbox 285 4913 334 4972; x_wconf 78' lang='lat'><strong>633</strong></span> <span class='ocrx_word' id='word_1_676' title='bbox 353 4915 428 4964; x_wconf 88' lang='lat' dir='ltr'><strong>etiam</strong></span> <span class='ocrx_word' id='word_1_677' title='bbox 444 4912 511 4975; x_wconf 79' lang='lat' dir='ltr'><strong>Lgti</strong></span> <span class='ocrx_word' id='word_1_678' title='bbox 525 4909 570 4972; x_wconf 67' lang='lat' dir='ltr'><strong>tm</strong></span> <span class='ocrx_word' id='word_1_679' title='bbox 589 4911 634 4964; x_wconf 85' lang='lat' dir='ltr'><strong>boc</strong></span> <span class='ocrx_word' id='word_1_680' title='bbox 648 4927 707 4964; x_wconf 85' lang='lat' dir='ltr'><strong>uero</strong></span> <span class='ocrx_word' id='word_1_681' title='bbox 718 4941 756 4951; x_wconf 95' lang='lat'><strong>--</strong></span> <span class='ocrx_word' id='word_1_682' title='bbox 766 4913 885 4964; x_wconf 74' lang='lat' dir='ltr'><strong>deuuemt</strong></span> <span class='ocrx_word' id='word_1_683' title='bbox 900 4915 975 4965; x_wconf 87' lang='lat' dir='ltr'><strong>uncis</strong></span> <span class='ocrx_word' id='word_1_684' title='bbox 992 4911 1097 4964; x_wconf 87' lang='lat' dir='ltr'><strong>inclusit</strong></span> <span class='ocrx_word' id='word_1_685' title='bbox 1114 4913 1201 4974; x_wconf 87' lang='lat' dir='ltr'><strong>llalm,</strong></span> <span class='ocrx_word' id='word_1_686' title='bbox 1220 4916 1265 4978; x_wconf 89' lang='lat' dir='ltr'><strong>qui</strong></span> <span class='ocrx_word' id='word_1_687' title='bbox 1277 4915 1344 4965; x_wconf 87' lang='lat' dir='ltr'><strong>haec</strong></span> <span class='ocrx_word' id='word_1_688' title='bbox 1354 4929 1396 4966; x_wconf 88' lang='lat' dir='ltr'><strong>vv.</strong></span> <span class='ocrx_word' id='word_1_689' title='bbox 1410 4914 1444 4966; x_wconf 88' lang='lat' dir='ltr'><strong>ab</strong></span> <span class='ocrx_word' id='word_1_690' title='bbox 1456 4917 1599 4979; x_wconf 86' lang='lat' dir='ltr'><strong>interprete</strong></span> 
     </span>
     <span class='ocr_line' id='line_1_54' title="bbox 285 4987 1598 5058; baseline 0.004 -19"><span class='ocrx_word' id='word_1_691' title='bbox 285 4987 371 5040; x_wconf 89' lang='lat' dir='ltr'><strong>addita</strong></span> <span class='ocrx_word' id='word_1_692' title='bbox 389 5001 449 5040; x_wconf 91' lang='lat' dir='ltr'><strong>esse</strong></span> <span class='ocrx_word' id='word_1_693' title='bbox 466 4989 623 5052; x_wconf 86' lang='lat' dir='ltr'><strong>suspicatur.</strong></span> <span class='ocrx_word' id='word_1_694' title='bbox 637 5016 664 5025; x_wconf 92' lang='lat'><em>-</em></span> <span class='ocrx_word' id='word_1_695' title='bbox 684 4990 724 5041; x_wconf 82' lang='grc'><strong>49.</strong></span> <span class='ocrx_word' id='word_1_696' title='bbox 736 4991 864 5052; x_wconf 82' lang='lat' dir='ltr'><strong>recepisset</strong></span> <span class='ocrx_word' id='word_1_697' title='bbox 875 4989 967 5040; x_wconf 84' lang='lat' dir='ltr'><strong>codd:</strong></span> <span class='ocrx_word' id='word_1_698' title='bbox 986 4992 1077 5053; x_wconf 82' lang='lat' dir='ltr'><strong>recepit</strong></span> <span class='ocrx_word' id='word_1_699' title='bbox 1093 4993 1160 5042; x_wconf 86' lang='lat' dir='ltr'><strong>coni.</strong></span> <span class='ocrx_word' id='word_1_700' title='bbox 1175 4989 1250 5043; x_wconf 82' lang='lat' dir='ltr'><strong>Halm</strong></span> <span class='ocrx_word' id='word_1_701' title='bbox 1263 4991 1407 5043; x_wconf 85' lang='lat' dir='ltr'><strong>admodum</strong></span> <span class='ocrx_word' id='word_1_702' title='bbox 1418 4990 1598 5058; x_wconf 86' lang='lat' dir='ltr'><strong>probabiliter.</strong></span> 
     </span>
     <span class='ocr_line' id='line_1_55' title="bbox 285 5060 1407 5136; baseline 0.004 -20"><span class='ocrx_word' id='word_1_703' title='bbox 285 5091 313 5101; x_wconf 98' lang='lat'>-</span> <span class='ocrx_word' id='word_1_704' title='bbox 331 5065 391 5116; x_wconf 87' lang='lat' dir='ltr'><strong>baec</strong></span> <span class='ocrx_word' id='word_1_705' title='bbox 407 5060 503 5116; x_wconf 74' lang='lat' dir='ltr'><strong>6th</strong></span> <span class='ocrx_word' id='word_1_706' title='bbox 520 5063 583 5117; x_wconf 74' lang='lat' dir='ltr'><strong>Lu:</strong></span> <span class='ocrx_word' id='word_1_707' title='bbox 601 5065 646 5116; x_wconf 81' lang='lat' dir='ltr'><strong>boc</strong></span> <span class='ocrx_word' id='word_1_708' title='bbox 663 5066 711 5127; x_wconf 73' lang='lat' dir='ltr'><strong>Gi,</strong></span> <span class='ocrx_word' id='word_1_709' title='bbox 730 5079 795 5128; x_wconf 77' lang='lat' dir='ltr'><strong>quoe</strong></span> <span class='ocrx_word' id='word_1_710' title='bbox 811 5063 874 5118; x_wconf 87' lang='lat' dir='ltr'><strong>dett.</strong></span> <span class='ocrx_word' id='word_1_711' title='bbox 893 5067 922 5119; x_wconf 88' lang='lat'><strong>0.</strong></span> <span class='ocrx_word' id='word_1_712' title='bbox 942 5093 969 5104; x_wconf 86' lang='lat'>-</span> <span class='ocrx_word' id='word_1_713' title='bbox 988 5067 1029 5122; x_wconf 76' lang='lat'><strong>20.</strong></span> <span class='ocrx_word' id='word_1_714' title='bbox 1047 5079 1061 5120; x_wconf 83' lang='lat' dir='ltr'><strong>e</strong></span> <span class='ocrx_word' id='word_1_715' title='bbox 1077 5079 1130 5122; x_wconf 89' lang='lat' dir='ltr'><strong>om.</strong></span> <span class='ocrx_word' id='word_1_716' title='bbox 1149 5069 1226 5134; x_wconf 78' lang='lat' dir='ltr'><strong>Lagg.</strong></span> <span class='ocrx_word' id='word_1_717' title='bbox 1245 5070 1351 5136; x_wconf 87' lang='lat' dir='ltr'><strong>praeter</strong></span> <span class='ocrx_word' id='word_1_718' title='bbox 1367 5067 1407 5120; x_wconf 85' lang='grc'><strong>18.</strong></span> 
     </span>
    </p>
   </div>
   <div class='ocr_carea' id='block_1_4' title="bbox 0 0 1834 5862">
    <p class='ocr_par' dir='ltr' id='par_1_19' title="bbox 0 0 1834 5862">
     <span class='ocr_line' id='line_1_56' title="bbox 0 0 1834 5862; baseline 0 0"><span class='ocrx_word' id='word_1_719' title='bbox 0 0 1834 5862; x_wconf 95' lang='lat' dir='ltr'><strong> </strong></span> 
     </span>
    </p>
   </div>
  </div>
 </body>
</html>
