3642 5862
273 417 336 490 392
624 419 667 484 ΙΝ
687 417 855 486 VERREM
875 417 997 484 torto
1020 415 1203 484 SECUNDA

273 597 383 669 bores,
404 609 575 676 numquam
596 587 766 671 cogitasti?
788 607 892 671 neme
913 586 992 650 illud
1007 587 1138 652 rationis
1156 587 1314 665 habuisti,
1336 590 1363 654 si
1384 589 1465 656 forte
1487 600 1519 656 te
1543 612 1605 657 ex·

274 687 473 775 pergeiacere
487 703 613 768 posses,
635 703 703 746 eam
724 680 934 765 provinciam,
957 701 1052 763 qrram
1066 684 1149 745 tueri
1164 682 1315 766 singulari
1332 687 1488 769 sapientia
1501 695 1602 772 atqw

275 781 454 864 integritate
481 776 612 842 difficile
640 783 741 851 esset,
771 775 811 838 ad
833 793 985 837 summam
1007 775 1172 838 stultitiam
1193 777 1430 862 nequitiamque
1451 782 1601 848 renutet

274 877 385 959 ltaque
405 893 470 936 non
492 871 585 936 modo
606 869 733 935 adorno
748 876 803 932 tua
819 867 1024 932 Chelidonem
1046 869 1079 932 in
1098 877 1246 953 praetura
1267 870 1436 937 excludere
1456 875 1600 952 noluisti,

252 971 331 1034 used
361 970 393 1032 ia
423 966 605 1031 Chelidonis
635 964 764 1028 domum
792 969 971 1047 praeturam
1000 969 1096 1026 totam
1124 962 1274 1027 detulisti.
1316 961 1368 1028 39.
1391 967 1505 1033 Secuta
1525 991 1601 1054 pro-

275 1063 378 1128 vincia
400 1069 460 1138 est,
481 1061 516 1124 in
537 1077 601 1142 qua
622 1077 795 1143 numquam
817 1056 874 1119 tihi
889 1057 975 1118 venit
995 1055 1029 1118 in
1045 1065 1196 1132 mentem,
1211 1077 1277 1120 non
1290 1059 1348 1122 tibi
1364 1059 1481 1125 idcirco
1495 1063 1600 1128 lances

276 1179 325 1222 ac·
345 1173 471 1220 secures
503 1159 536 1216 ct
566 1160 685 1216 tanum
716 1150 839 1235 imperii
871 1148 934 1212 vim
962 1153 1147 1233 tantamque
1176 1160 1429 1218 ornamentorum
1457 1157 1600 1221 omnium

276 1251 460 1334 dignitatem
481 1247 601 1320 datam,
622 1253 659 1309 ut
680 1263 786 1308 earum
808 1263 912 1307 renam
933 1243 964 1307 vi
988 1249 1020 1305 et
1040 1244 1225 1307 auctoritate
1245 1247 1349 1310 omnia
1370 1249 1518 1331 repagula
1539 1272 1601 1335 pu·

277 1345 362 1410 doris
384 1341 546 1424 officiique
567 1339 795 1423 perfringeres,
816 1345 853 1401 ut
873 1336 1014 1401 omnium
1026 1336 1110 1400 bona
1132 1339 1280 1421 praedam
1296 1347 1381 1403 tuam
1397 1342 1538 1420 duceres,
1550 1339 1601 1422 (int

240 1439 397 1524 tonullius
418 1455 469 1499 res
490 1442 570 1510 tuta,
598 1432 715 1497 nullius
738 1432 851 1495 domus
873 1431 997 1506 clausa,
1026 1430 1145 1494 nullius
1165 1434 1231 1496 uita
1253 1441 1378 1516 saepta,
1400 1435 1523 1509 nullius'
1538 1459 1602 1522 pn·

276 1531 382 1598 dicitis
404 1529 523 1593 mnnita
545 1536 654 1591 contra
676 1535 761 1590 tuam
784 1525 986 1608 cupiditatem
1009 1533 1042 1588 et
1062 1518 1357 1620 audaciam(posset
1371 1525 1457 1614 esse)
1478 1533 1512 1595 in
1534 1551 1601 1616 qua

276 1635 310 1690 tu
331 1633 363 1688 te
385 1625 429 1688 ita
450 1623 592 1706 gessisti,
620 1628 672 1696 ut,
700 1619 845 1684 omnihus
868 1640 938 1683 cum
959 1627 1088 1682 teneare
1110 1620 1222 1695 rebus,
1251 1620 1290 1684 ad
1311 1621 1429 1687 bellum
1449 1623 1600 1708 fugitivo·

275 1741 344 1783 rum
365 1717 540 1800 confugies.
560 1717 611 1779 Ex
631 1734 696 1798 quo
717 1689 952 1796 iam(intelligis
973 1733 1037 1777 non
1059 1713 1153 1778 modo
1167 1715 1288 1779 nullam
1302 1716 1358 1780 tibi
1372 1717 1598 1802 defensionem,

132 1799 201 1894 A&
277 1812 333 1876 sed
356 1812 524 1875 maximam
545 1811 610 1873 vim
633 1809 798 1872 criminum
821 1791 979 1899 exortam)
1000 1808 1063 1870 nisi
1085 1807 1164 1872 sorte
1179 1808 1279 1872 ltalici
1300 1809 1506 1894 fugitivorum
1520 1813 1597 1877 belli

241 1905 430 1990 toreliquias
451 1912 547 1988 atque
567 1897 647 1966 illud
668 1905 879 1986 Tempsanum
900 1901 1133 1966 incommodum
1148 1902 1308 1985 proferes,
1331 1905 1370 1967 ad
1385 1905 1474 1988 qaod
1488 1925 1598 1970 recens

277 2018 347 2062 cum
368 2005 400 2060 te
420 2005 659 2081 peropportune
680 1995 805 2060 tonuna
826 1996 998 2070 attulisset,
1028 1997 1054 2060 si
1078 1996 1155 2081 quid
1177 1998 1211 2060 in
1233 2005 1263 2062 te
1283 1997 1408 2061 vinutis
1430 2005 1484 2063 aut
1506 2000 1599 2064 indu-

277 2094 373 2158 striae
393 2092 575 2166 habuisses,
595 2091 698 2165 idem,
721 2091 775 2173 qui
798 2108 922 2172 semper
942 2089 1063 2166 fueras,
1084 2093 1232 2155 iuventus
1255 2111 1299 2155 es.
1341 2093 1424 2156 XVI.
1447 2090 1498 2157 to.
1521 2094 1598 2159 Cum

277 2187 316 2251 ad
337 2191 369 2250 te
383 2185 543 2251 Valentini
563 2185 727 2249 venissent
748 2191 781 2248 et
801 2204 858 2269 pro
880 2183 931 2247 bis
950 2183 1045 2247 bomo
1059 2182 1194 2248 disertus
1209 2204 1246 2249 ac
1260 2185 1392 2262 nobilis,
1413 2189 1455 2252 M.
1470 2189 1598 2265 Marius,

174 2299 204 2400 b
276 2279 477 2364 loqueretur,
497 2289 534 2343 ut
555 2279 717 2362 negotium
739 2279 929 2362 susciperes,
952 2285 1001 2352 ut,
1024 2298 1095 2341 oum
1109 2299 1209 2361 penes
1223 2287 1255 2342 te
1271 2281 1464 2363 praetorium
1479 2303 1595 2348 nomen

179 2381 180 2384 ’
240 2383 378 2450 mosset,
407 2374 448 2438 ad
477 2373 563 2437 illam
591 2392 719 2456 parvam
741 2391 866 2436 manum
885 2372 1151 2455 'exstinguendam
1173 2373 1284 2437 ducem
1305 2382 1337 2436 te
1359 2377 1598 2461 principemque

278 2469 459 2553 praeberes:
488 2487 553 2532 non
582 2467 677 2530 modo
704 2466 737 2530 id
758 2465 918 2550 refugisti,
945 2465 1000 2528 sed
1023 2485 1062 2529 eo
1084 2467 1154 2551 ipso
1175 2476 1335 2550 tempore,
1364 2489 1435 2532 cum
1457 2491 1542 2535 esses
1564 2473 1598 2536 in

278 2563 388 2634 litore,
409 2562 516 2625 Tertia
535 2561 591 2626 illa
612 2568 683 2637 tua,
706 2581 800 2645 quam
823 2569 857 2623 tu
878 2568 983 2622 tecum
1003 2559 1200 2643 deportares,
1222 2567 1290 2624 erat
1309 2563 1342 2625 in
1362 2563 1503 2628 omnium
1524 2585 1599 2629 con-

278 2663 404 2739 spectu3
426 2655 502 2741 ipsis
524 2661 629 2718 autem
650 2655 825 2718 Valentinis
847 2673 888 2718 ex
908 2660 973 2716 tam
993 2652 1108 2718 illustri
1130 2655 1297 2739 nobilique
1315 2657 1489 2740 municipio
1504 2659 1599 2722 tantis

279 2747 319 2811 de
340 2749 434 2811 rebus
455 2767 642 2832 responsum
663 2747 795 2823 dedisti,
817 2767 889 2812 cum
912 2767 997 2811 esses
1019 2769 1089 2811 cum
1112 2749 1219 2812 tunica
1241 2749 1328 2832 pulla
1342 2757 1374 2812 et
1386 2750 1494 2833 pallio.
1516 2751 1600 2826 Quid

241 2841 363 2907 athunc
384 2839 649 2926 proficiscentem,
672 2841 749 2926 quid
771 2842 805 2904 in
826 2841 902 2926 ipsa¹
919 2842 1080 2926 provincia
1101 2842 1215 2907 iecisse
1231 2843 1433 2919 existimatis,
1456 2845 1599 2927 quicum

278 2938 342 3001 iam
368 2957 410 3000 ex
437 2936 599 3019 provincia
619 2957 682 2999 non
705 2935 745 2998 ad
773 2934 980 3020 triumphum,
1013 2936 1070 3000 sed
1097 2937 1137 3000 ad
1164 2935 1315 3001 indicium
1344 2936 1526 3015 decederet,
1558 2959 1599 3002 ne

278 3030 365 3096 illam
400 3030 528 3113 quidem
560 3029 719 3094 infamiam
751 3028 884 3113 ingerit,
915 3051 1010 3113 quam
1043 3031 1111 3094 sine
1143 3031 1208 3095 ulla
1239 3030 1400 3116 voluptate
1432 3034 1598 3117 capiebatl

279 3120 330 3188 44.
360 3125 387 3188 Ο
418 3124 525 3188 divina
551 3131 678 3188 senatus
706 3122 882 3208 frequentis
910 3126 943 3189 in
965 3123 1043 3188 aede
1065 3125 1214 3189 Bellonae
1237 3124 1500 3190 admurmuratio!
1533 3127 1599 3191 lde-

279 3219 380 3282 moria
400 3220 531 3292 tenetis,
556 3219 693 3293 iudices,
715 3239 787 3281 oum
809 3217 1083 3303 advesperasceret
1105 3225 1136 3281 et
1157 3219 1252 3302 paulo
1275 3227 1347 3284 ante
1370 3229 1455 3286 esset
1474 3221 1515 3285 do
1537 3222 1600 3285 hoc

243 3315 457 3395 eoTempsano
479 3312 678 3376 incommodo
698 3305 894 3388 nuntiatum,
916 3333 986 3377 cnm
1000 3313 1195 3376 inveniretur
1209 3333 1318 3388 nemo,
1341 3315 1398 3400 qui
1413 3315 1446 3377 in
1461 3314 1516 3380 illa
1530 3314 1600 3379 loca

280 3425 348 3470 cum
379 3406 510 3489 imperio
543 3405 735 3482 mitteretur,
767 3405 886 3471 dixisse
919 3407 1078 3492 quendam
1107 3408 1237 3472 Verrem
1266 3427 1335 3470 esse
1363 3428 1429 3473 non
1457 3409 1552 3493 longe
1581 3429 1601 3474 a

279 3501 423 3584 Tempsa.
456 3498 559 3575 Quam
580 3499 673 3564 valde
694 3501 834 3566 universi
848 3502 1178 3576 admurmuraverunt,
1201 3519 1295 3586 mam
1316 3501 1419 3586 palam
1441 3503 1600 3590 principes

280 3594 427 3658 dixerunt
458 3594 583 3657 contrat
617 3595 659 3656 Et
686 3594 737 3658 bis
759 3602 806 3659 tot
827 3594 1008 3658 criminibus
1031 3595 1283 3680 testimoniisque
1306 3597 1467 3660 convictus
1489 3596 1522 3659 in
1545 3615 1601 3660 eo·

345 3844 621 3909 t.copitcoisti1.egg.
647 3871 674 3880 -
701 3850 724 3896 tc
740 3857 792 3896 om.
812 3845 863 3906 1³33
889 3844 1079 3909 superposuero
1098 3848 1121 3895 te
1143 3844 1207 3895 dett.
1226 3843 1303 3895 codd.
1322 3847 1349 3894 et
1365 3843 1427 3895 edd.
1446 3845 1562 3911 lappago
1577 3852 1601 3897 ts
1669 3823 1678 3846 '

279 3923 363 3986 [acm
379 3921 457 3984 lagg.
470 3921 585 3984 omnes.)
607 3948 634 3957 -
653 3919 677 3971 4.
696 3933 714 3970 a
730 3921 781 3972 aa:
800 3933 853 3971 om.
872 3920 936 3971 dett.
949 3921 979 3970 0.
993 3945 1021 3955 -
1040 3920 1169 3970 meltum
1186 3919 1235 3978 R3,
1253 3919 1331 3970 codd.
1350 3919 1452 3982 hamb.¹
1471 3919 1539 3984 Lgtl
1551 3921 1597 3971 29:

280 3997 413 4047 extradere
429 3996 493 4047 dett.
512 3996 542 4046 0.
562 4022 588 4033 -
616 3997 641 4046 b.
660 4000 738 4046 totam
754 3997 817 4047 1th
833 3995 918 4060 agae:
943 3999 1012 4044 tuum
1028 3999 1106 4045 totum
1122 3993 1186 4044 dett.
1205 3996 1238 4054 0;
1260 3999 1331 4044 44444
1347 3996 1383 4045 Gi
1400 3994 1446 4045 nd.
1468 4021 1494 4032 -
1513 3995 1537 4046 3.
1555 3995 1600 4046 titt

279 4085 417 4135 numquam
434 4070 498 4122 dett.
517 4071 547 4121 0.
567 4097 594 4107 -
614 4071 638 4121 4.
657 4085 688 4121 cc
704 4071 757 4122 lta:
776 4077 799 4122 ot
815 4070 879 4121 dett.
894 4095 922 4107 -
941 4071 965 4120 8.
980 4069 1086 4131 pudoris
1102 4069 1151 4129 443,
1170 4066 1248 4119 codd.
1267 4067 1402 4119 Lambini:
1419 4069 1483 4120 tacis
1494 4071 1601 4134 pudoris

280 4148 345 4199 dett.
364 4148 393 4198 0.
420 4173 447 4184 ·-
475 4147 499 4196 9.
517 4147 639 4210 4414444444
656 4147 691 4198 aa
710 4146 803 4209 (Madv.
822 4160 849 4212 p.
867 4147 931 4208 38.):
959 4150 981 4194 et
998 4145 1072 4208 offleii
1089 4141 1153 4194 dett.
1172 4144 1201 4193 0.
1228 4170 1254 4181 —
1280 4158 1330 4194 acu
1348 4150 1377 4194 44
1392 4145 1502 4196 mnium
1518 4147 1597 4209 hagg.

279 4225 387 4288 praeter
402 4221 443 4272 ae.
461 4247 488 4258 -
502 4226 531 4271 44
545 4221 637 4272 nudius
653 4222 688 4272 443
700 4218 716 4271 λ
727 4221 812 4284 ngat:
830 4225 858 4272 44
875 4234 927 4272 om.
947 4221 1011 4271 dett.
1027 4245 1054 4254 -
1068 4219 1107 4268 40.
1125 4231 1165 4269 ros
1182 4217 1243 4283 4444]
1260 4221 1374 4269 rectum
1390 4221 1419 4270 44.
1438 4247 1465 4257 -
1485 4219 1525 4270 ta.
1542 4233 1600 4269 com

281 4297 392 4349 44444444
409 4296 473 4347 dett.
492 4297 520 4346 0.
542 4323 569 4333 -
588 4297 629 4347 43.
647 4297 765 4360 4444444944
781 4296 817 4347 aa
829 4294 858 4347 l:
879 4297 997 4361 intelliges
1013 4294 1077 4345 dett.
1096 4295 1125 4345 0.
1146 4320 1173 4331 -
1195 4293 1238 4343 tibi
1254 4294 1350 4344 nullom
1366 4293 1429 4345 dett.
1448 4295 1478 4345 0.
1497 4294 1600 4357 (nullm

282 4373 325 4423 tttt
335 4385 386 4423 aon
396 4372 469 4422 modo
481 4369 568 4435 tgna)
582 4397 610 4408 -
624 4371 664 4423 44.
678 4372 789 4421 cuminis
800 4373 860 4422 44.-
875 4371 929 4422 belli
941 4372 1104 4436 {equivocum
1114 4368 1179 4419 dett.
1191 4369 1220 4418 0.
1238 4369 1267 4419 ln
1279 4370 1315 4419 Gt
1327 4369 1374 4420 hd.
1385 4372 1443 4421 est:
1460 4369 1598 4434 4444444944.

279 4449 343 4498 betti.
358 4474 385 4484 -
404 4448 444 4496 lb.
459 4446 621 4509 Yotupscuum
632 4445 720 4509 lagg:
740 4446 873 4498 Tanaum
884 4448 903 4498 44
915 4448 947 4496 Gt
960 4461 966 4505 3
986 4443 1027 4495 alii
1044 4442 1120 4494 aliter
1135 4447 1261 4509 peccant;
1281 4445 1425 4496 lamecum
1436 4446 1502 4496 0.-
1520 4444 1562 4510 44]
1573 4445 1601 4494 44

280 4522 316 4573 (43
328 4518 352 4571 λ.
379 4547 405 4557 -
433 4521 474 4571 46.
492 4525 516 4572 to
532 4531 585 4571 om.
604 4519 640 4571 G3
651 4517 676 4569 λ.
697 4547 724 4557 -
749 4522 868 4572 attulisset
884 4521 919 4571 443
931 4517 961 4569 λε
980 4520 1102 4571 obtulisset
1120 4519 1185 4570 dett.
1204 4521 1233 4571 0.
1254 4547 1281 4557 -
1300 4526 1345 4570 444
1361 4521 1425 4571 aet
1441 4522 1470 4571 2:
1492 4534 1523 4572 uc
1539 4520 1598 4581 Ld.;

279 4605 355 4660 utque
371 4597 435 4647 dett.
455 4597 484 4647 0.
504 4621 530 4633 -
556 4595 597 4645 tt.
615 4595 738 4646 habetem
754 4597 805 4647 aa:
826 4598 911 4660 [444444
926 4595 991 4647 dett.
1010 4596 1038 4645 0.
1059 4623 1086 4632 -
1106 4597 1146 4648 te.
1165 4609 1197 4646 oc
1213 4597 1277 4647 act
1290 4597 1319 4646 2:
1337 4598 1361 4646 ct
1377 4595 1422 4647 Ld.
1442 4595 1507 4648 dett.
1525 4597 1554 4647 0.
1569 4623 1596 4634 -

280 4673 366 4724 Malim
378 4673 417 4721 tta.
431 4672 501 4722 Bau.
514 4695 541 4706 -
561 4671 600 4720 49.
615 4671 939 4736 bqauoudquereturln
958 4677 1119 4733 quammtar
1129 4671 1174 4722 (43.
1190 4697 1218 4707 -—
1235 4672 1399 4733 accusata
1410 4672 1456 4722 ot.
1472 4697 1499 4708 -·
1510 4685 1600 4722 comcs

280 4749 316 4799 443
328 4745 356 4796 l:
375 4747 507 4808 impetun
523 4757 554 4795 ac
569 4757 657 4794 nomeu
673 4744 737 4796 dett.
752 4749 781 4796 0.
799 4771 827 4783 -
846 4748 887 4798 40.
905 4747 1093 4809 metapontum
1109 4747 1129 4798 a
1145 4759 1185 4811 pr.
1204 4760 1240 4798 m.
1262 4774 1288 4783 -
1306 4747 1347 4797 44.
1365 4752 1393 4796 tu
1408 4751 1488 4798 444444
1503 4744 1595 4798 444444

185 4885 188 4896 .
279 4827 312 4876 2:
331 4829 359 4873 ta
375 4827 452 4873 totum
469 4821 530 4881 Ld.;
548 4825 627 4871 444444
645 4820 709 4871 dett.
723 4847 750 4892 ·.·
769 4823 916 4885 deportares
928 4822 963 4873 443
975 4819 1004 4870 l:
1023 4820 1172 4885 deportatam
1188 4821 1253 4874 dett.
1265 4821 1294 4872 0.
1309 4847 1336 4858 -
1355 4821 1396 4872 33.
1413 4822 1557 4873 4444444444.
1570 4848 1596 4859 -

280 4898 321 4950 nt.
339 4910 483 4961 mspoastcn
499 4898 535 4948 Gt
553 4895 600 4947 Ld.
619 4896 713 4959 (lladv.
732 4899 809 4963 epist.
830 4911 856 4963 p.
869 4898 911 4950 44.
929 4899 976 4962 Op.
996 4899 1013 4948 l.
1032 4911 1059 4962 p.
1075 4897 1131 4949 344.
1149 4897 1277 4949 Wesenb.
1295 4896 1312 4948 l.
1325 4895 1343 4960 1,.
1361 4909 1388 4962 p.
1401 4897 1466 4961 aaa:
1485 4909 1600 4961 mosaco

280 4975 364 5034 aot,
381 4985 525 5036 reponsum
540 4972 636 5022 cattus
648 4972 713 5022 dett.
727 4973 756 5023 0.
771 5000 799 5010 -
812 4975 853 5024 46.
872 4975 914 5024 sed
929 4974 1004 5024 etium
1020 4974 1054 5023 ud
1070 4973 1147 5038 Lngg.
1167 5001 1194 5010 -
1208 4973 1248 5024 30.
1268 4973 1401 5036 Teraptcuo
1416 4972 1455 5024 sic
1471 4971 1497 5022 h.
1510 4969 1527 5022 l.
1540 4972 1560 5021 44
1572 4973 1599 5022 et

281 5050 347 5101 intre
367 5051 477 5112 Terapse.
498 5075 525 5086 -
544 5049 584 5100 34.
603 5048 871 5112 summaquense
887 5049 954 5100 coni.
973 5049 1033 5100 Em.
1054 5075 1081 5084 -
1100 5050 1140 5101 34.
1159 5051 1414 5100 cumcmcrcemt
1430 5047 1479 5099 Gt:
1497 5049 1600 5098 444444-

279 5126 436 5178 marcuutat
453 5121 514 5186 aa;
541 5125 761 5176 4444444444
776 5123 841 5176 dett.
859 5125 888 5175 0.
909 5151 933 5160 -
954 5122 995 5177 33.
1013 5124 1131 5176 dium
1145 5130 1234 5177 conon
1250 5125 1286 5176 Gt
1303 5123 1366 5175 Ld.:
1384 5123 1495 5175 4444444
1509 5128 1599 5177 watra
