3648 5888
293 346 356 416 toa
649 356 801 423 omno
823 357 902 424 nno
925 359 966 424 n.
988 357 1136 424 nunno
1163 356 1196 444 p.
1219 357 1269 422 oo.

292 521 362 587 sine
385 545 509 590 summo
531 525 674 590 omnium
695 529 838 612 periculo
860 536 982 611 potest,
1007 537 1044 593 ut
1064 550 1138 594 eum
1159 530 1228 592 iure
1254 527 1395 613 potnerit
1417 525 1620 604 occidere,a

293 640 359 705 quo
381 623 534 688 metuisse
556 642 591 687 se
613 621 712 700 dicat,
734 642 775 688 ne
795 624 863 706 ipse
881 623 1041 707 posterius
1062 623 1280 688 occideretur?

783 727 885 792 Cetera
905 727 1122 793 desiderantur.

375 970 555 1034 Macrobius
575 970 610 1033 de
630 968 693 1051 diff.
714 976 741 1032 et
761 989 821 1034 soc.
842 973 944 1052 praeci
964 973 1107 1056 latinique
1125 971 1206 1035 verbi
1221 991 1248 1035 c.
1263 970 1293 1034 6.
1310 968 1351 1054 (p.
1366 967 1438 1036 242.
1455 971 1504 1036 ed.
1520 969 1612 1056 IaniJ:

268 1062 394 1129 octoas
411 1083 470 1146 pro
490 1065 587 1128 Tullio
610 1062 781 1146 explicavit
802 1066 856 1128 oit.

375 1158 553 1223 Victorinus
574 1178 607 1240 p.
622 1154 672 1220 63.
692 1179 722 1221 v.
742 1154 793 1220 35.
813 1159 863 1222 ed.
877 1169 1022 1226 nostrae:
1043 1163 1105 1226 iiio
1125 1164 1263 1245 asperior
1283 1163 1391 1244 species
1411 1162 1614 1246 (partitionis)

290 1274 358 1318 mem
375 1254 582 1336 proposuerit,
605 1253 677 1334 qnid
699 1255 866 1327 conveniat,
892 1256 925 1317 id
946 1259 1046 1338 ipsum
1066 1257 1106 1319 od
1126 1278 1156 1320 re
1176 1257 1318 1336 inclinat,
1341 1267 1374 1320 ut
1390 1275 1449 1338 pro
1470 1259 1538 1340 re(
1576 1259 1582 1272 '

288 1349 336 1426 id,
357 1348 435 1430 qttod
454 1348 647 1412 Moascrius
667 1351 837 1429 cottfitetur:
862 1359 968 1432 posteo
992 1371 1062 1414 vero
1084 1353 1234 1432 mdimipit
1256 1353 1304 1424 id,
1333 1353 1411 1434 quod
1431 1353 1472 1415 sit
1491 1354 1525 1415 in
1545 1371 1614 1416 cort-

288 1443 446 1505 trooersio.
480 1442 562 1506 Fecit
581 1443 637 1506 boo
658 1443 761 1506 Cicero
786 1461 846 1526 pro
868 1445 910 1509 Μ.
934 1446 1042 1509 Ttdiio.
1080 1447 1206 1520 Dicam,
1235 1447 1348 1528 inquit,
1376 1447 1438 1509 vim
1460 1445 1614 1509 scomma

251 1542 280 1591 ⁴⁰
289 1537 322 1600 P.
341 1538 429 1601 Fabii
448 1535 581 1601 familia:
610 1537 782 1600 adversarii
808 1557 872 1601 non
902 1547 1029 1622 negant.
1072 1541 1133 1604 Hic
1155 1542 1313 1620 proponat
1340 1540 1418 1622 quod
1445 1540 1614 1604 meuserit

283 1634 447 1714 [moretur.
468 1633 581 1696 Deinde
600 1633 700 1713 ipsum
714 1651 776 1714 pro
789 1653 820 1695 se
831 1633 902 1713 [ecit
914 1634 1051 1698 dicendo:
1072 1636 1229 1698 Damnum
1244 1633 1352 1697 datum
1368 1653 1437 1698 esse
1450 1636 1492 1698 Μ.
1507 1633 1612 1698 Tullio

287 1726 451 1791 concedis:
483 1727 545 1790 vici
565 1745 663 1790 unam
683 1745 762 1788 rem.
806 1728 880 1789 Item
900 1728 1043 1792 adiunxit
1064 1729 1190 1791 aiteram
1206 1737 1342 1808 portem,
1367 1730 1401 1790 ire
1421 1748 1481 1810 quo
1501 1729 1613 1808 coder-

286 1821 399 1884 ar'oaem
419 1821 517 1894 docet,
540 1837 607 1884 cum
628 1820 720 1884 dicit:
747 1821 819 1884 Vim
840 1821 1022 1885 bominibus
1044 1823 1170 1886 armatis
1192 1820 1307 1886 iactam
1328 1841 1393 1886 non
1415 1841 1529 1904 negas:
1551 1821 1612 1885 vici

286 1915 426 1978 alteram.
468 1916 541 1978 Post
567 1915 638 1997 perid
665 1917 700 1978 ia
724 1917 927 1978 controuersia
955 1918 995 1979 sit
1019 1918 1176 1998 proponit,
1208 1935 1276 1980 cum
1300 1917 1390 1979 dicit:
1425 1917 1507 1981 Dolo
1529 1916 1611 1978 malo

249 2007 403 2073 refectum
424 2029 539 2092 negas:
563 2008 603 2071 de
625 2008 687 2072 hoc
708 2009 859 2072 indicium
880 2017 938 2074 est.

369 2103 471 2168 Iulius
492 2103 604 2167 Victor
625 2101 660 2178 6,
683 2101 713 2165 6.
735 2123 767 2185 p.
783 2099 855 2166 224.
879 2105 928 2168 ed.
949 2124 998 2166 n.:
1028 2103 1072 2166 Ab
1094 2112 1195 2167 eventu
1216 2105 1249 2166 in
1272 2106 1347 2184 fiae,
1376 2113 1410 2168 tit
1430 2107 1473 2175 Μ.
1497 2105 1612 2168 Tullius

285 2199 407 2262 Cicero:
438 2199 473 2262 si
500 2197 718 2263 iudicaveritis
740 2199 809 2261 sine
831 2198 905 2261 dolo
929 2197 1011 2262 maio
1034 2218 1129 2281 posse
1151 2197 1304 2262 familiam
1327 2200 1526 2284 congregari,
1553 2199 1612 2261 ho·

284 2293 402 2358 minem
425 2293 545 2366 occidi,
568 2292 714 2357 omnibus
735 2293 923 2357 facinorosis
946 2293 1079 2356 eandem
1101 2292 1263 2355 licentiam
1284 2292 1502 2374 permiseritis.

368 2387 617 2452 Fortunatianus
637 2394 697 2458 ort.
719 2388 795 2454 rhet.
817 2388 908 2450 soboi.
933 2387 985 2450 lib.
1008 2387 1047 2450 11.
1069 2408 1102 2470 p.
1118 2384 1168 2449 77.
1191 2386 1306 2470 capp:
1333 2387 1472 2451 Voiuritos
1493 2387 1612 2469 lepis--

246 2490 275 2540 2⁰
284 2490 355 2564 quet
375 2481 472 2543 orodis
488 2483 716 2546 comminetur?
801 2485 901 2556 tertio,
924 2501 992 2546 cum
1006 2483 1138 2562 coempto
1152 2482 1317 2544 muitarum
1331 2481 1427 2563 iopam
1436 2481 1610 2563 probamur.

281 2581 466 2661 pararem
494 2595 607 2659 qnoque
635 2577 724 2659 iopam
750 2577 794 2639 ita
822 2579 946 2648 conire,
974 2585 1007 2640 ut
1027 2595 1083 2640 not
1102 2575 1299 2655 deformiorem
1330 2577 1406 2640 siout
1427 2577 1471 2640 Μ.
1495 2575 1612 2638 rutro

281 2671 353 2751 sccii
368 2689 429 2753 pro
450 2671 492 2735 Μ.
516 2671 615 2733 Tettio
637 2679 740 2753 cipro
762 2671 799 2734 A.
828 2671 964 2734 Caecina.
1024 2659 1034 2682 ‘

350 2915 373 2965 t.
390 2917 420 2964 ut
435 2913 500 2977 eam]
517 2913 547 2964 In
563 2912 604 2963 his
616 2911 705 2964 verbis
723 2911 819 2964 desinit
832 2910 923 2962 toltum
934 2913 1096 2963 Taurinense
1113 2923 1213 2962 nonum
1230 2913 1257 2961 et
1272 2910 1402 2963 ultimum.
1430 2913 1503 2974 Quae
1520 2914 1610 2963 statim

283 2991 432 3054 sequnntur
446 2989 530 3041 verba
547 2989 726 3054 suppedltavit
737 2987 908 3049 Quintilianus
925 2987 1142 3048 1.0.t‚43,nr.,
1162 2988 1208 3052 qul
1224 2986 1307 3038 hebet
1323 2989 1403 3038 otiam
1420 2987 1609 3052 praecedentia

283 3063 367 3118 verba
379 3067 440 3129 orris
448 3067 494 3117 boc
504 3066 591 3116 amerit
601 3068 653 3116 cat.
668 3091 696 3100 —
711 3066 736 3115 5.
750 3065 836 3117 Unum
847 3062 973 3127 idemque
984 3063 1035 3114 hoc
1047 3077 1063 3114 a
1073 3061 1206 3115 Macrobio
1218 3065 1354 3114 servatum
1365 3057 1609 3128 ἁποσπασμάτιον

284 3155 344 3196 esso
362 3155 425 3194 cum
441 3155 488 3204 eo,
506 3141 579 3206 quod
596 3138 754 3192 cDiomede
772 3140 944 3203 grammatico
961 3138 1090 3189 mendose
1108 3137 1216 3192 allatum
1231 3138 1293 3189 inde
1310 3140 1430 3190 csseiero
1448 3153 1542 3192 omnes
1559 3153 1608 3204 pro

283 3217 388 3270 diverso
411 3217 575 3280 babuerunt,
602 3230 635 3268 ex
659 3215 748 3267 verbis
769 3217 907 3280 utriusque
926 3215 1063 3280 scriptoris
1083 3213 1186 3279 plenius
1204 3213 1327 3266 exhibitis
1344 3217 1438 3280 sponte
1459 3215 1606 3281 apparebit.

282 3291 432 3367 Maprobius
448 3292 466 3344 Ι.
483 3291 520 3345 1.;
543 3293 676 3354 «baptiso,
694 3290 817 3354 empturi,
837 3291 991 3354 pubplico,
1006 3291 1103 3353 piicai:
1126 3289 1175 3342 sed
1191 3291 1284 3341 Cicero
1300 3303 1349 3355 pro
1368 3289 1450 3341 Tullio
1472 3291 1608 3354 explicuerit

228 3368 235 3381 '
282 3363 328 3420 eitss
343 3367 488 3421 Diomedes
505 3369 535 3419 de
551 3373 616 3419 orni.
635 3373 659 3418 et
671 3368 787 3431 portibus
803 3367 924 3417 motionis
940 3367 968 3416 L.
983 3367 1002 3415 1.
1021 3379 1048 3430 p.
1062 3365 1119 3415 369.
1138 3367 1255 3416 nuncu:
1275 3367 1355 3416 «Sunt
1372 3367 1606 3430 quaedemverba,

282 3457 351 3508 quae
368 3443 470 3496 habent
485 3444 604 3509 perfecta
621 3441 747 3508 dupiicia,
770 3446 801 3493 ut
816 3469 831 3480 -
843 3469 857 3480 -
872 3443 983 3504 explico,
1006 3440 1129 3503 septem,
1157 3442 1282 3505 quoniam
1300 3445 1341 3492 est
1353 3443 1436 3505 plico,
1460 3444 1553 3507 plicui,
1579 3445 1609 3492 nt

281 3519 417 3583 Virgilius,
434 3519 565 3583 depuerit
579 3519 650 3583 topic.
678 3518 731 3568 Sed
743 3518 839 3581 plicavi
856 3517 945 3581 (immo
963 3515 1097 3580 eapticcci)
1114 3514 1238 3578 legimus,
1256 3518 1286 3567 nt
1303 3519 1343 3568 est
1360 3518 1431 3583 apud
1448 3520 1608 3572 Ciceronem

281 3608 330 3659 pro
348 3595 381 3646 M.
395 3593 486 3645 Tullio.
508 3620 535 3630 -
558 3594 582 3644 6.
602 3593 640 3644 Ci.
659 3593 694 3644 ed
715 3607 741 3658 p.
761 3592 801 3643 ot.
820 3605 845 3642 v.
865 3592 904 3642 to.
925 3617 952 3627 -
972 3591 1012 3640 ⁴6.
1031 3591 1106 3646 Hunc
1122 3589 1211 3642 locum
1227 3593 1329 3657 primus
1347 3592 1381 3642 ad
1397 3595 1545 3647 orationem
1558 3606 1607 3659 pro

281 3668 363 3720 Tullio
381 3670 454 3719 recte
465 3667 571 3719 videtur
584 3665 716 3719 rettulisse
733 3665 861 3717 Kellerus.
887 3665 917 3716 In
929 3663 1033 3728 verbis,
1052 3679 1121 3729 quea
1133 3667 1203 3731 apud
1214 3669 1350 3719 Victorem
1361 3672 1481 3734 proxime
1492 3681 1608 3734 sequnn-

281 3743 326 3793 tur
341 3743 384 3808 (Et
399 3743 422 3792 si
433 3741 563 3805 probibet-i
578 3757 628 3793 non
642 3747 721 3805 potest
738 3747 783 3792 out
798 3741 882 3802 deiici,
895 3741 1023 3804 monaca·
1039 3742 1111 3790 domo
1128 3747 1173 3791 too
1184 3745 1307 3806 potueris,
1326 3749 1349 3794 st
1364 3759 1415 3795 oon
1425 3744 1523 3795 bombis
1532 3745 1609 3794 ortos

281 3817 389 3880 dictam,
408 3816 641 3880 procreationem),
660 3815 788 3880 particula
799 3817 832 3866 Et
847 3815 952 3866 videtur
969 3817 1051 3880 ipsius
1061 3817 1173 3869 Victoris
1191 3831 1264 3882 esse,
1284 3826 1373 3871 cetere
1385 3834 1447 3872 cum
1458 3819 1561 3872 Kellero
1572 3817 1607 3870 ad

281 3905 321 3942 or.
334 3905 361 3957 p.
375 3893 489 3943 Caecina
501 3888 541 3954 42,
554 3892 595 3943 35.
608 3889 748 3944 reierenda
759 3893 829 3942 sunt.
843 3917 872 3928 ··
892 3893 931 3943 48.
950 3892 1074 3949 licentiam
1083 3894 1252 3960 permiseritis]
1264 3895 1303 3946 Ci.
1317 3896 1341 3961 5.
1355 3895 1400 3947 ib:
1418 3895 1457 3948 du
1473 3897 1607 3960 pompm

280 3969 393 4032 interca,
410 3974 497 4020 mrum
512 3970 677 4034 mopirtrntus
690 3973 794 4034 peccato
815 3967 978 4032 &fauorem
993 3971 1156 4037 cantitaret,
1180 3985 1214 4022 an
1231 3971 1353 4034 peccandi
1365 3977 1513 4036 potestatem
1528 3971 1606 4028 bone

282 4044 392 4109 amque
404 4043 574 4109 permittant?
