3610 5860
380 410 455 476 crs.
469 407 697 477 xum-xx.
717 405 774 494 §s
789 403 933 473 cs-sc.
956 400 1330 495 μιν-4414444]
1453 395 1516 466 crs

199 579 283 666 apud
303 581 499 646 iuventutem
520 579 687 656 obsoletis,
709 577 732 661 †
753 577 932 643 bominibus
954 585 1059 643 autem
1080 597 1117 643 ae
1142 577 1273 642 summis
1293 575 1426 640 ducibus
1446 593 1518 660 par-

200 677 256 740 iim
284 681 403 750 astate,
431 675 545 758 partim
574 673 709 738 civitatis
736 672 902 736 discordiis
930 692 967 736 ac
994 673 1040 736 rei
1069 672 1213 757 publicas
1240 670 1415 736 calamitate
1442 686 1518 734 con-

199 768 355 851 sumptis?
383 787 453 831 curn
481 775 527 833 tct
551 767 635 832 bella
662 773 718 831 aut
743 788 762 832 a
788 767 881 830 nobis
910 767 1088 831 necessario
1111 763 1319 849 suscipiantur
1340 772 1395 828 aui
1415 765 1517 828 subito

199 869 294 944 atquc
314 861 486 945 improvisa
506 863 695 940 nascantur?
716 880 822 926 nonne
844 869 877 925 et
896 861 1058 926 bominem
1071 862 1174 944 ipsum
1189 859 1230 923 ad
1245 858 1341 922 dubia
1354 858 1401 921 rei
1414 857 1518 940 publi·

199 975 254 1018 cae
275 963 418 1038 tempora
438 955 661 1020 reservandum
682 961 715 1018 et
735 962 856 1018 ceteros
878 953 982 1018 studio
1003 953 1105 1018 laudis
1126 973 1164 1018 ac
1182 949 1306 1017 virtutis
1323 952 1541 1015 inflammanti

199 1049 258 1112 dcs
279 1049 418 1131 putatisl
450 1045 501 1113 43.
525 1045 599 1134 [33.]
623 1047 942 1138 Recordamini(quos
963 1029 1394 1132 legatcslruperinbellcd..
1410 1045 1517 1119 lulius,

199 1163 281 1228 quos
307 1144 340 1206 P.
361 1143 514 1218 Rutilius,
543 1162 623 1227 quos
649 1144 684 1206 L.
712 1143 804 1218 Cato,
834 1161 915 1225 quos
945 1141 1000 1205 Cn.
1022 1143 1188 1226 Pompeius
1219 1125 1389 1228 babujgltp
1412 1138 1518 1202 scietis
1606 1112 1690 1208 s&-

197 1237 297 1302 iuisse
325 1245 392 1300 tum
420 1239 461 1301 M.
485 1237 673 1310 Cornutum,
699 1237 735 1299 L.
759 1236 905 1311 Cinnam,
935 1237 971 1300 L.
994 1237 1130 1310 Sullam,
1161 1233 1518 1326 praetorio—salrcmines,
1630 1225 1653 1319 ζ

198 1331 274 1396 belli
298 1330 429 1413 gerendi
451 1330 675 1414 peritissimos:
697 1337 860 1412 praeterea
875 1329 908 1393 C.
923 1331 1071 1404 Marium,
1092 1327 1126 1391 P.
1142 1328 1287 1403 Didium,
1308 1327 1349 1403 Q.
1365 1319 1518 1400 Catulum,

198 1427 232 1490 Ρ.
257 1426 417 1499 Crassum,
446 1444 511 1488 ncn
538 1425 650 1487 litteris
676 1423 822 1488 homines
836 1424 884 1488 ¹ad
905 1425 952 1488 rei
974 1423 1117 1487 militaris
1140 1422 1318 1496 scientiam,
1346 1421 1402 1484 sed
1423 1419 1556 1484 robusto
1638 1397 1662 1487 ό

199 1520 296 1603 gestis
323 1538 360 1582 ac
388 1519 530 1582 sicioniis
553 1517 704 1581 eruditos.
742 1505 818 1600 Ᾰξέ
836 1537 912 1583 sero
933 1535 1035 1593 nunc,
1056 1516 1186 1580 inserite
1208 1514 1314 1579 oculos
1334 1515 1368 1578 in
1389 1513 1519 1588 mnam,

199 1612 392 1697 introspicite
421 1612 548 1694 penitus
576 1613 609 1674 in
638 1630 747 1675 omnes
774 1613 819 1675 rei
847 1612 992 1696 publicae
1021 1618 1145 1694 partes:
1178 1615 1284 1673 uirum
1305 1607 1419 1672 videtis
1440 1606 1520 1670 nihil

199 1726 293 1792 posse
314 1707 471 1780 accidere,
499 1713 535 1768 ut
555 1704 635 1770 iales
655 1707 714 1769 riri
736 1705 936 1770 desiderandi
962 1705 1051 1770 sinii
1086 1725 1143 1780 an,
1166 1703 1193 1767 si
1215 1701 1380 1778 acciderit,
1409 1719 1520 1764 surum

199 1801 363 1865 bominum
384 1801 477 1883 copia
497 1800 651 1884 populum
672 1800 847 1863 Romanum
869 1801 1053 1864 mundaret
1086 1799 1176 1876 Quae
1198 1797 1224 1861 si
1241 1797 1521 1880 diligenteralten·

199 1895 298 1971 detis,
325 1896 483 1980 prolecto,
514 1893 652 1967 iudices,
679 1895 782 1958 virum
804 1891 843 1957 ad
866 1893 989 1958 labores
1010 1892 1086 1958 belli
1107 1893 1293 1976 impigrum,
1319 1888 1359 1954 ad
1380 1889 1558 1974 periculam

197 1989 327 2064 fortem,
349 1989 390 2052 ad
411 2009 502 2054 usum
523 2007 561 2051 uc
582 1986 781 2069 disciplinam
801 1988 953 2071 peritum,
976 1987 1015 2052 ad
1038 1986 1169 2052 consiliu
1189 1985 1392 2070 prudentem,
1414 1982 1454 2046 ad
1469 1999 1521 2045 ca-

200 2103 269 2147 sum
294 2082 517 2166 fortunamque
545 2077 687 2154 felicem,
714 2080 800 2143 dorni
827 2081 918 2144 vobis
940 2102 976 2145 ac
1005 2081 1113 2145 liberis
1133 2078 1246 2144 restris
1267 2080 1404 2144 rainere
1426 2095 1520 2161 mam

199 2176 424 2239 inimicissimis
446 2174 565 2260 pcpulc
586 2175 728 2238 licmanc
750 2174 931 2238 nationibus
954 2183 985 2240 et
1006 2175 1232 2240 crudelissimis
1253 2172 1377 2238 tradere
1391 2177 1423 2235 ct
1445 2189 1521 2234 ocn-

200 2269 319 2333 donare
341 2269 469 2333 malitis.
1038 2291 1041 2302 ·

283 2364 356 2426 XX.
377 2359 428 2426 44.
453 2360 547 2447 [xvi.
570 2358 634 2446 34]
666 2364 708 2425 At
728 2361 851 2426 iniectis
880 2382 980 2446 prope
1003 2363 1102 2447 signis
1123 2362 1300 2427 inseruntur
1320 2359 1403 2424 Galli
1422 2359 1456 2422 in
1477 2357 1557 2422 llic

199 2457 365 2521 Fonteium
393 2463 425 2520 et
450 2456 568 2520 instant
592 2463 685 2539 utque
706 2464 821 2538 urgent
841 2476 962 2536 summo
985 2475 1055 2522 cum
1077 2457 1200 2533 studio,
1230 2473 1352 2541 summa
1373 2473 1444 2517 cum
1465 2471 1521 2515 au·
1655 2467 1684 2556 3

198 2550 298 2614 dacia.
330 2550 447 2625 Video,
476 2547 617 2626 iudices;
647 2549 702 2612 sed
725 2549 832 2613 multis
854 2557 886 2614 et
907 2547 1003 2614 firmis
1024 2550 1192 2635 praesidiis
1211 2550 1303 2614 vobis
1324 2545 1520 2614 adiutoribus

198 2643 250 2706 isti
280 2644 409 2708 immani
438 2651 535 2727 atquc
563 2641 781 2708 intolerandae
807 2644 970 2708 barbarias
993 2647 1184 2709 resistemus.
1217 2646 1353 2708 Primum
1375 2639 1521 2705 obiicitur

198 2741 306 2801 contra
328 2739 459 2801 istorum
479 2737 617 2820 impetus
637 2737 838 2812 Macedonia,
859 2734 961 2802 fidelis
983 2747 1016 2802 et
1036 2740 1136 2803 amica
1155 2739 1275 2825 pcpulc
1289 2739 1430 2802 Romano
1447 2755 1521 2822 ffl-

196 2820 429 2916 vincia:(quae¹
444 2849 515 2896 cum
537 2851 572 2894 se
594 2850 631 2894 ac
653 2849 726 2894 suas
747 2831 843 2895 urbes
865 2850 929 2895 non
952 2832 1055 2897 solum
1074 2833 1223 2909 consilio,
1246 2831 1409 2918 sedetiam
1423 2833 1558 2894 mannil
1697 2855 1719 2932 J

197 2927 239 2990 ll.
261 2925 373 2989 Fontei
395 2931 612 2991 concertatum
634 2945 704 2990 esse
727 2909 882 3024 dicat)·ut
902 2925 957 2989 illa
979 2945 1037 3009 per
1056 2926 1141 2991 bunc
1162 2929 1368 2992 aTbraacum
1382 2925 1519 2990 adventu

197 3037 235 3082 ac
255 3018 499 3102 depopulatione
520 3008 651 3082 dolones
672 3027 736 3094 est,
759 3019 804 3082 sic
826 3018 865 3082 ab
885 3018 980 3084 buius
994 3039 1077 3084 nunc
1092 3022 1193 3104 capite
1207 3020 1368 3084 Gallorum
1384 3020 1521 3103 impetus

197 3120 399 3195 terroresque
422 3113 562 3194 depellit.
599 3108 651 3174 lo.
675 3107 751 3196 [35.]
777 3112 984 3177 Constituitur
998 3133 1038 3176 ex
1052 3113 1151 3177 altera
1164 3121 1252 3198 parte
1266 3114 1397 3177 ulterior
1409 3112 1521 3194 llispu·

198 3207 268 3280 nia,
297 3224 379 3289 quae
409 3205 553 3289 proiecto
576 3226 641 3268 non
663 3205 759 3270 modu
780 3203 935 3287 religione
957 3226 1014 3270 sua
1034 3209 1182 3271 resistcre
1201 3207 1335 3270 istorum
1357 3203 1522 3289 cupiditati

198 3306 318 3383 potest,
345 3299 401 3362 sed
429 3299 524 3364 etiam
551 3300 775 3364 sceleratorum
796 3299 961 3363 bominum
986 3301 1125 3384 periuria
1145 3300 1332 3364 testimoniis
1354 3317 1391 3361 ao
1412 3297 1558 3361 lauda-sc

198 3392 337 3457 tionibus
358 3393 423 3457 suis
444 3391 590 3456 rediture.
623 3391 728 3477 Atque
757 3413 798 3456 ex
818 3394 887 3476 ipsa
909 3393 1002 3456 etiam
1024 3393 1126 3458 Gallia
1147 3389 1329 3457 fidelissima
1350 3399 1383 3454 et
1403 3391 1522 3475 masis·

207 3570 394 3587 μαι-ιιι-

264 3681 288 3731 4.
306 3685 369 3744 opcl
383 3680 536 3732 4444444444
551 3681 664 3744 apocletis
679 3681 710 3731 V.
729 3707 756 3720 -
774 3681 912 3733 4444444444
927 3681 1057 3732 catsmV:
1075 3685 1120 3732 4444
1135 3677 1273 3732 bonoillius
1285 3681 1311 3731 S.
1331 3679 1423 3730 solum
1438 3683 1521 3730 4444444

197 3755 335 3808 lacisicus
351 3757 486 3808 Graevius.
508 3757 556 3808 Est
571 3755 741 3808 arbiirarium
757 3757 987 3823 supplementum
1005 3755 1103 3808 excidit
1118 3757 1206 3822 potius
1216 3756 1357 3820 [4444444444
1371 3757 1432 3822 post
1442 3769 1468 3806 v.
1479 3755 1522 3806 bo-

197 3832 330 3884 minibus.»
348 3832 392 3882 On.
412 3831 445 3882 44
461 3844 524 3882 cum
541 3832 634 3882 Cicero
650 3833 719 3883 ciros
732 3833 891 3897 forticulum,
911 3847 964 3886 non
974 3833 1082 3883 iomiass
1097 3831 1116 3895 i.
1131 3830 1220 3882 dicero
1234 3828 1331 3891 soleat,
1349 3831 1413 3882 milri
1423 3829 1520 3896 pollue,

197 3908 220 3959 si
237 3907 278 3959 esi
293 3905 385 3958 lacuna
404 3907 430 3956 in
446 3903 519 3970 loco,
544 3907 579 3956 iia
596 3905 701 3957 uidetur
718 3905 848 3972 explenda
865 3921 943 3959 esse:
969 3905 1107 3958 4444444444
1128 3911 1211 3955 caton
1227 3903 1388 3969 militaribus,
1415 3905 1460 3970 qui
1476 3917 1522 3956 re·

196 3981 265 4033 clius
281 3981 384 4033 44444444
399 3981 501 4032 duobus
517 3995 549 4033 ex
563 3981 675 4034 adverso
692 3987 834 4046 ponuntur.
853 3981 975 4047 (omnibu
991 3986 1074 4032 cotom
1089 3981 1190 4031 smmis
1200 3981 1302 4030 4444444
1312 3980 1521 4044 llcmmssnius.)

199 4083 225 4094 ·-
245 4055 270 4108 4.
288 4056 422 4120 4444444444
439 4055 611 4122 probabiliter
627 4056 780 4109 Lambinus.
798 4087 825 4096 -
844 4059 868 4110 c.
888 4055 1122 4108 commendoms.
1136 4079 1163 4091 —
1184 4055 1208 4106 6.
1225 4055 1253 4105 iss
1268 4053 1329 4106 bollo
1344 4055 1431 4106 sociali
1446 4068 1520 4120 susp.

198 4131 369 4182 llctcmanus.
390 4159 418 4170 -
437 4133 461 4182 7.
478 4133 505 4182 P.
523 4132 629 4182 4444444444
645 4133 679 4182 S:
702 4134 749 4184 ra.
766 4139 795 4184 ut
811 4133 841 4184 V.
862 4161 888 4170 -
908 4133 933 4184 o.
952 4132 978 4182 Τ.
990 4131 1094 4183 Didima
1110 4132 1138 4182 P.
1157 4130 1287 4182 Manutius
1306 4128 1364 4182 coll.
1380 4131 1462 4184 Fastis
1474 4132 1522 4182 Ca·

198 4205 319 4271 pitolinis.
335 4234 363 4243 -
382 4208 422 4257 44,
441 4208 540 4260 inserite
551 4208 584 4256 V:
603 4207 692 4271 4444444
703 4209 728 4259 S.
742 4235 770 4244 —-
790 4210 830 4260 44.
849 4210 929 4260 monis
944 4209 970 4260 S.
984 4235 1011 4244 -
1030 4207 1126 4270 444444]
1141 4207 1232 4257 iterem
1248 4209 1274 4258 S.
1288 4233 1315 4245 -
1336 4208 1376 4258 45.
1392 4207 1522 4272 ispipsum

197 4281 228 4331 V.
249 4307 277 4317 -
296 4281 336 4330 ill.
355 4293 386 4331 cc
402 4279 472 4347 dise]
494 4283 528 4332 cd
548 4281 607 4332 disc.
626 4283 651 4332 S.
672 4308 699 4318 -
719 4281 759 4333 48.
774 4283 867 4346 populo
884 4285 995 4334 bostono
1010 4280 1084 4332 Klotz
1102 4279 1134 4343 (v.
1149 4279 1233 4332 Praei.
1247 4281 1289 4333 ed.
1305 4283 1336 4332 ll.
1355 4294 1381 4346 p.
1397 4281 1441 4332 Vll
1452 4281 1520 4346 sol:

196 4353 361 4417 reposcas
376 4355 439 4416 VS;
458 4355 546 4419 populi
561 4357 666 4408 licsscm'
681 4358 712 4408 0.
727 4381 754 4394 -
773 4360 914 4408 condonare
931 4359 1065 4408 Faernus:
1083 4355 1248 4408 condomense
1262 4357 1350 4409 VSO.
1364 4383 1391 4394 -
1411 4357 1451 4407 49.
1468 4369 1523 4408 mo-

197 4430 246 4479 litis
262 4431 323 4480 VS:
340 4431 437 4482 maletis
453 4431 515 4482 edd.
534 4433 686 4484 lectionem
703 4446 736 4483 ex
748 4433 770 4482 V
786 4432 894 4498 protulit
910 4431 1045 4493 Garatoni,
1064 4430 1140 4482 cuius
1156 4431 1336 4482 testimonium
1351 4444 1444 4483 verum
1461 4445 1521 4484 esse

197 4505 316 4557 lectionis
338 4505 364 4556 in
382 4507 399 4556 S
416 4519 549 4558 consensu
566 4507 736 4558 convincitur.
756 4533 783 4544 -
803 4509 844 4560 40.
861 4507 901 4574 At]
918 4509 956 4559 Aa
972 4508 998 4558 S.
1020 4533 1046 4543 -
1066 4508 1155 4570 propo]
1173 4519 1270 4570 quoquc
1286 4507 1311 4556 S·
1333 4533 1360 4544 -
1378 4511 1522 4558 loconiacus

196 4581 228 4631 V.
243 4607 270 4618 -
290 4581 357 4632 Galli
372 4581 400 4631 is
409 4583 444 4632 44.
458 4583 569 4647 scripsi:
586 4583 675 4648 palliare
685 4583 716 4644 V,
735 4583 804 4634 Galli
818 4583 845 4634 in
862 4597 915 4634 cm.
932 4583 968 4634 44.
986 4583 1004 4632 S
1021 4584 1048 4632 sl
1064 4581 1126 4632 edd.
1146 4609 1173 4618 -
1192 4583 1234 4633 Si.
1251 4581 1333 4643 oidco,
1351 4582 1458 4643 ludicen
1480 4583 1523 4633 scd

195 4654 281 4705 maltis
296 4656 390 4719 scripsi
407 4655 450 4724 (cl.
468 4656 495 4707 in
506 4657 582 4707 Verr.
598 4657 629 4707 V.
648 4656 672 4722 g.
686 4657 749 4718 69.);
766 4658 839 4710 cidcc
855 4659 907 4708 iud.
926 4672 947 4708 4.
961 4661 991 4708 44.
1004 4657 1089 4707 mutilis
1105 4655 1160 4720 (sic)
1173 4657 1207 4716 V;
1225 4669 1270 4707 sos
1285 4671 1336 4707 son
1351 4662 1375 4708 44
1389 4657 1474 4708 modis
1484 4683 1522 4695 --

195 4730 356 4781 assistance?
373 4732 403 4790 s;
425 4731 510 4792 Video,
528 4732 634 4782 iudum:
651 4745 696 4782 sos
710 4744 770 4783 caro
786 4738 809 4783 44
824 4733 908 4783 moltis
924 4745 997 4797 susp.
1011 4732 1148 4792 Garatoni3
1169 4731 1250 4782 44444.
1268 4733 1400 4794 Nosccro,
1417 4731 1481 4793 iod..
1499 4735 1523 4782 ct

195 4805 279 4855 moltis
290 4805 325 4867 0,
350 4807 377 4856 et
392 4806 457 4856 item
474 4803 599 4868 lilctzius,
619 4807 668 4857 nisi
685 4806 757 4870 quod
774 4807 817 4859 bic
832 4808 903 4859 cidsc
920 4806 1026 4859 deleuit.
1040 4835 1067 4844 -
1086 4807 1127 4858 aa.
1146 4807 1251 4858 oblsitsss
1262 4807 1319 4876 VS.
1334 4833 1361 4844 -·
1380 4805 1422 4858 sl.
1439 4807 1523 4859 llaec-

196 4881 263 4932 44444
277 4880 310 4932 V.
332 4905 360 4916 —
378 4881 419 4931 44.
437 4893 515 4930 mccc
532 4881 566 4932 44.
585 4882 695 4946 scripsi:
713 4895 792 4932 mccc
808 4895 869 4934 cum
886 4881 967 4944 linea,
986 4883 1003 4934 i.
1022 4895 1047 4934 e.
1064 4895 1169 4934 4444444
1185 4883 1220 4944 V;
1242 4895 1323 4934 mccc
1338 4891 1393 4933 cm.
1409 4881 1445 4932 ll.
1463 4881 1520 4933 St).

198 4981 225 4992 -
243 4956 285 5007 26.
309 4968 327 5006 o
349 4954 484 5006 4444444444
507 4953 691 5008 Fleckeisenus
714 4957 741 5008 ln
761 4956 893 5022 Philclcpc
910 4958 951 5008 lV.
969 4969 996 5022 p.
1014 4958 1071 5009 344.
1089 4960 1145 5010 nol.
1169 4957 1245 5023 (post
1260 4956 1448 5018 Niebubrium,
1474 4957 1520 5019 qul

197 5031 315 5082 lbrsescs
330 5030 589 5094 commendarem:
608 5036 636 5082 ot
645 5043 747 5097 prrsum
757 5034 790 5096 V,
807 5044 825 5083 o
840 5033 955 5083 44444444
970 5034 1000 5094 S,
1018 5033 1169 5084 4444444444
1185 5033 1241 5084 Lo.
1257 5059 1284 5070 -
1302 5033 1344 5084 44.
1360 5031 1520 5097 populations

196 5107 222 5158 S.
239 5131 266 5144 -
286 5107 386 5174 defosso
400 5111 436 5158 444
451 5105 584 5158 Faernus:
600 5111 638 5163 444
652 5119 706 5158 cm.
718 5106 775 5159 VS.
794 5131 821 5146 -·
840 5107 881 5160 sc.
898 5119 1019 5159 socom
1037 5108 1060 5159 V
1075 5109 1144 5160 teste
1160 5107 1248 5162 Garsi.
