3610 5860
559 443 886 514 ceam-xxii.
911 436 1138 528 §aer-ee.
1442 432 1504 504 444

189 621 352 686 dicamus?
386 618 543 694 Armatus,
572 618 600 682 si
620 618 733 682 Latine
753 616 841 702 loqui
862 616 1024 692 volumus,
1054 633 1135 698 quos
1156 610 1316 697 appellare
1336 627 1410 676 vere
1431 631 1506 696 pos-

188 716 318 778 sumusl
358 714 480 797 Opiuer
504 733 575 787 ees,
606 712 662 796 qui
690 712 788 776 scutis
813 711 951 794 telisque
977 709 1078 794 parati
1106 707 1272 790 ornatique
1295 713 1378 772 sunt.
1421 703 1506 783 Ouid

185 808 304 892 igitur?
337 809 365 874 si
392 808 492 891 glebis
519 815 573 872 aut
599 805 686 871 saxis
713 815 768 870 aut
794 805 931 870 fustibus
960 803 1098 888 aliquem
1121 803 1161 865 de
1181 801 1281 866 frando
1301 800 1508 885 praeeipitem

185 903 288 986 egeris
317 903 484 986 iussusque
517 902 576 978 sis,
613 920 708 986 quern
743 900 927 964 hominibus
961 898 1089 962 armatis
1123 897 1293 974 deieceris,
1329 895 1507 966 restituere,

184 996 359 1060 restituisse
380 1002 412 1060 te
434 996 541 1060 diceet
572 995 676 1060 Verba
697 994 725 1059 si
748 994 863 1069 vdent,
885 994 912 1058 si
934 1012 1047 1057 causae
1068 1011 1133 1056 nen
1153 991 1287 1066 ratione,
1309 989 1364 1054 red
1378 987 1533 1053 vocibuse

183 1089 409 1175 ponderantem
430 1110 481 1154 me
503 1097 630 1154 auctore
653 1089 773 1152 dicito:
794 1089 903 1154 vinces
924 1086 1065 1170 proiecto
1087 1105 1152 1149 non
1173 1085 1273 1149 luisse
1294 1091 1429 1148 armatos
1444 1101 1509 1156 eos,

185 1186 241 1268 qui
263 1205 340 1250 saxa
360 1184 517 1260 iacerent,
547 1182 691 1268 quaeda
713 1189 797 1247 terra
816 1183 877 1268 ipsi
901 1182 1062 1257 tollerent3
1091 1199 1156 1244 nen
1179 1199 1248 1244 esse
1269 1199 1354 1244 arma
1375 1176 1511 1260 cespites

184 1300 291 1363 neque
314 1279 438 1364 glebam
459 1297 524 1341 non
546 1278 644 1342 luisse
668 1283 804 1343 armatos
826 1297 891 1352 eos,
914 1277 970 1361 qui
992 1281 1229 1359 praetereuntes
1251 1293 1372 1338 ramum
1394 1269 1511 1334 detriu-

185 1361 297 1458 gere'nt
323 1373 460 1439 arboris:
493 1392 579 1436 arma
606 1393 677 1437 esse
706 1373 772 1436 suis
800 1371 981 1435 nominibus
1010 1369 1073 1433 alia
1097 1370 1137 1433 ad
1158 1369 1347 1452 tegendum,
1381 1363 1443 1430 alia
1471 1362 1512 1427 ad

185 1467 374 1543 nocendum,
397 1486 479 1552 quae
502 1467 559 1551 qui
581 1471 647 1530 non
667 1466 846 1540 habuerint,
869 1485 924 1530 eos
945 1465 1084 1528 inermos
1105 1463 1203 1528 fauisse
1224 1464 1342 1528 vinces.
1378 1453 1430 1521 64.
1451 1458 1553 1520 lle-ia

184 1582 257 1626 rum
287 1563 315 1625 si
343 1562 430 1646 quod
458 1561 519 1624 erit
548 1581 704 1624 armenum
733 1561 898 1634 iudicium,
928 1566 996 1622 tum
1024 1559 1087 1622 iste
1112 1556 1224 1621 dicito:
1257 1557 1335 1620 iuris
1362 1551 1512 1617 iudicium

188 1675 260 1719 cum
282 1655 343 1719 erit
364 1661 396 1718 et
416 1654 600 1740 aequitatis,
634 1675 710 1719 care
731 1656 765 1718 in
786 1654 848 1718 ista
876 1661 940 1717 tam
967 1652 1097 1736 frigida,
1130 1657 1194 1716 tam
1221 1651 1329 1716 ieiuna
1358 1641 1514 1712 calumnia

186 1749 359 1816 delitiscas.
400 1750 472 1813 Nou
501 1749 585 1812 enim
613 1749 754 1832 reperies
786 1767 977 1832 quemquam
1004 1746 1142 1810 indicem
1170 1752 1226 1811 aut
1250 1750 1513 1831 recuperatorem,

188 1845 254 1929 qui,
276 1853 436 1929 tamquam
457 1843 485 1907 si
506 1862 593 1908 arma
614 1843 724 1907 militis
746 1842 950 1926 inspiciunda
971 1843 1045 1916 sint,
1067 1841 1113 1904 ita
1134 1842 1249 1924 probet
1263 1845 1435 1904 armatum:
1457 1830 1513 1899 sed

186 1938 320 2023 perinde
341 1936 468 2011 valebit,
491 1938 582 2021 quasi
604 1938 804 2002 armatissimi
825 1937 951 2011 luerint,
974 1937 1001 1998 si
1022 1935 1222 2019 reperimur
1233 1937 1277 2000 ita
1290 1931 1392 2019 parati
1405 1930 1514 2003 fuisse,
1523 1939 1551 1989 46

185 2040 224 2100 ut
243 2035 308 2100 rim
328 2033 413 2096 vitae
434 2037 490 2094 aut
511 2032 633 2115 corpori
654 2032 814 2114 potuerint
835 2031 957 2096 atierre.
1055 2101 1057 2105 ,

272 2126 375 2190 XXII.
397 2121 449 2190 62.
471 2125 591 2208 Atque,
611 2133 648 2188 ut
669 2126 769 2209 magis
790 2124 968 2207 intelligas,
990 2144 1086 2209 quam
1107 2124 1206 2190 rerba
1226 2121 1308 2187 nihil
1325 2120 1514 2188 vdemtefsi

187 2229 223 2287 tu
251 2220 339 2286 solus
371 2226 426 2284 aut
453 2218 557 2303 quivis
587 2239 671 2284 unus
692 2241 764 2284 eum
795 2225 882 2283 scuto
905 2227 938 2283 et
957 2219 1063 2303 gladio
1086 2221 1239 2304 impetum
1260 2217 1295 2284 in
1316 2239 1367 2283 me
1388 2219 1531 2321 44444444)
1600 2193 1689 2294 03¹

187 2323 282 2400 atque
304 2333 364 2398 ego
385 2314 431 2377 ita
452 2312 595 2378 deiectus
618 2333 736 2388 essem,
758 2314 934 2378 auderesne
956 2314 1062 2379 dicare
1083 2314 1288 2378 interdictum
1303 2331 1374 2379 esse
1396 2315 1437 2378 de
1458 2305 1516 2378 ho-

186 2409 323 2474 minibns
345 2407 490 2481 mstis,
512 2407 565 2471 bie
586 2415 692 2472 autem
713 2407 874 2472 honinem
895 2415 1050 2472 armatum
1070 2428 1170 2473 unum
1190 2406 1316 2472 misser
1337 2410 1424 2486 Non,
1447 2407 1554 2490 opi-ao

186 2524 263 2580 nor,
285 2512 348 2567 tam
370 2501 540 2585 impudens
562 2523 659 2567 esses.
692 2503 789 2586 Atqui
810 2502 903 2578 vide,
931 2522 971 2566 ne
993 2503 1093 2567 multe
1115 2523 1201 2566 nune
1223 2505 1266 2567 sis
1288 2503 1514 2585 impudentior.

185 2599 266 2662 Nam
295 2604 362 2660 tum
393 2594 523 2679 quidem
551 2615 662 2660 omnes
683 2596 832 2661 mortales
857 2597 1026 2679 implorare
1046 2615 1176 2681 posses,
1206 2595 1292 2682 quod
1313 2597 1459 2662 homines
1480 2596 1514 2660 in

186 2697 241 2754 bro
270 2691 401 2773 negouo
433 2689 545 2753 Latine
574 2691 851 2766 obliviscerentur,
892 2690 979 2776 quod
1005 2691 1120 2756 inermi
1152 2691 1262 2754 armati
1290 2689 1514 2770 iudicarentur,

188 2783 291 2868 qnod,
321 2803 393 2847 eum
427 2783 629 2848 interdictum
651 2791 735 2848 esset
755 2784 795 2849 de
816 2785 979 2870 pluribus,
1011 2786 1250 2848 commisceres
1273 2784 1418 2848 essetab
1437 2805 1514 2862 uno,

186 2899 270 2943 uuus
298 2877 395 2942 home
424 2878 532 2961 plnres
562 2899 632 2944 esse
652 2880 799 2944 hemines
824 2881 1028 2944 iudicaretur.
1071 2875 1554 2944 cemmendandam

186 2992 253 3036 nou
274 2972 371 3036 verba
392 2972 525 3036 veniunt
545 2973 580 3036 in
600 2973 770 3049 iudicium,
799 2973 857 3038 sed
878 2995 917 3039 ea
937 2993 1004 3050 res,
1034 2973 1126 3037 ouius
1148 2991 1243 3036 eausa
1264 2973 1361 3038 rerba
1380 2974 1459 3038 haee
1480 2975 1514 3037 in

186 3065 389 3132 interdictum
411 3067 557 3132 coniecta
577 3074 659 3130 sunt.
691 3067 780 3140 Vim,
803 3087 885 3151 quae
907 3067 947 3133 ad
970 3074 1066 3150 eaput
1086 3067 1234 3130 saritam
1255 3067 1443 3151 pertineret,
1464 3087 1515 3132 re-

188 3160 276 3223 stitui
299 3161 369 3223 sine
390 3160 457 3223 ulla
478 3160 665 3242 exceptione
679 3160 857 3223 voluerunt
889 3161 936 3224 Ea
956 3160 992 3224 fit
1009 3162 1196 3245 plerumque
1210 3178 1269 3243 per
1281 3160 1427 3226 homines
1443 3182 1515 3226 coa-

188 3263 256 3317 ctos
280 3260 504 3338 armatosque:
527 3254 555 3316 si
576 3254 639 3316 alio
655 3252 803 3327 consilio,
826 3252 939 3318 eodem
959 3253 1102 3336 periculo
1124 3253 1208 3316 iacta
1229 3254 1287 3328 sit,
1310 3256 1424 3320 eodem
1444 3257 1514 3319 iure

189 3367 260 3412 esse
288 3347 468 3412 voluerunt
506 3349 578 3412 Nou
607 3347 691 3411 enim
718 3346 819 3410 maior
841 3353 889 3410 est
913 3347 1048 3423 iniuria,
1079 3347 1106 3411 si
1135 3354 1191 3411 tua
1220 3346 1342 3414 familia
1368 3370 1465 3435 quam
1486 3351 1514 3416 si
1524 3357 1554 3407 ³⁰

253 3580 280 3634 6.
295 3580 388 3646 phebia
403 3578 435 3641 2;
453 3579 492 3631 sie
508 3581 589 3632 etiam
605 3579 721 3631 inira.—
739 3582 764 3632 6.
783 3585 806 3632 44
822 3581 958 3633 4444444444
970 3577 1168 3636 4164444404
1187 3582 1326 3642 dacem
1344 3584 1512 3646 tediciaET5

188 3657 250 3710 444444
262 3663 286 3709 44
296 3658 355 3710 64.
367 3681 395 3692 -
413 3657 438 3707 6.
455 3655 503 3722 tna]
520 3667 551 3707 44
567 3656 595 3706 Τ.
610 3681 638 3693 -
655 3656 785 3720 amoenae
793 3657 904 3721 prefecto
915 3659 943 3710 T.
962 3659 1032 3709 Fert.
1043 3659 1127 3709 444444
1136 3659 1235 3720 paidom
1246 3659 1366 3724 profecto.
1385 3657 1424 3710 Ci.
1438 3659 1514 3711 iiand

188 3734 263 3786 lure.
281 3733 324 3786 IV.
341 3745 369 3798 p.
388 3731 445 3782 ear.
466 3757 494 3770 -·
518 3731 542 3782 i.
561 3730 633 3796 qaue]
650 3731 695 3793 qui
710 3730 854 3798 tibelrpt
869 3736 898 3784 44
912 3737 942 3786 A.
964 3761 991 3771 -
1019 3733 1119 3797 cespitat
1134 3733 1228 3786 E‘l'A:
1246 3735 1364 3798 4444444444
1379 3733 1463 3790 lto.
1484 3763 1511 3773 -

188 3806 640 3873 dprrtetermtemaampqipr.
657 3807 693 3870 m)
711 3804 750 3868 4β
766 3808 793 3858 44
808 3811 839 3860 4.
859 3836 887 3846 -
906 3809 1156 3860 leemosi:
1181 3810 1289 3861 ineante
1304 3809 1447 3866 444440.
1472 3809 1512 3863 ct.

188 3885 214 3950 fl.
226 3883 267 3937 36.
285 3908 314 3922 ·-
332 3883 373 3933 44.
390 3882 412 3932 44
427 3881 529 3945 quode
546 3883 574 3931 44
589 3881 720 3932 Freundio
735 3883 835 3934 testei:
854 3883 896 3950 ide
913 3885 933 3935 Τ
949 3883 1009 3936 silet
1025 3882 1196 3948 liar-lessiuslt
1214 3884 1236 3935 44
1254 3884 1352 3948 quidem
1367 3885 1512 3944 antio,

187 3960 306 4013 Eaedem
321 3969 403 4010 seces
419 3957 486 4010 inira
503 3968 610 4021 quoque
627 3955 652 4020 s.
664 3957 705 4007 ti.
719 3957 788 4008 inter
804 3972 833 4010 se
851 3961 1016 4024 permutatae
1033 3961 1103 4012 sunt.
1118 3985 1147 3996 -
1166 3959 1207 4010 46.
1224 3959 1334 4026 saeptae
1349 3959 1459 4013 litterae
1471 3975 1514 4012 er·

187 4038 287 4102 puncta
300 4035 330 4087 Β.
342 4059 371 4071 -
383 4032 530 4084 «ieiunatis
539 4044 564 4083 v.
579 4043 619 4082 e.»
636 4043 689 4096 mg.
702 4030 729 4087 4.
743 4059 770 4070 -
790 4033 1012 4086 laudiacensis:
1031 4034 1188 4086 4464444444
1201 4032 1243 4099 (dc
1255 4035 1275 4086 'i
1286 4034 1435 4088 Harlessius
1446 4034 1513 4100 silet)

187 4111 303 4167 4440.
322 4110 362 4163 64.
380 4108 404 4173 5.
424 4107 465 4160 66.
482 4120 509 4172 p.
522 4105 603 4159 Tullio
620 4107 645 4172 fl.
664 4108 704 4160 33.
722 4110 751 4160 Ι..
769 4109 854 4160 Attius
870 4108 956 4174 (4444.
974 4109 1031 4160 Lat.
1045 4107 1313 4177 reremaneret)
1329 4124 1356 4162 v.
1374 4111 1446 4162 tit:
1463 4111 1515 4162 Nee

185 4178 381 4248 perdoiteeit
395 4183 450 4249 litai
466 4183 556 4245 444444,
573 4189 654 4234 morte
669 4197 771 4247 europus
785 4184 901 4249 aucupi?
918 4209 947 4221 ·-
963 4185 1089 4250 reppertos
1101 4185 1131 4236 T.
1149 4183 1187 4236 Gi.
1208 4183 1233 4249 g.
1246 4183 1288 4236 64.
1301 4184 1357 4236 toll.
1376 4185 1463 4236 Osann
1480 4184 1514 4235 ad

188 4261 243 4312 Cle.
262 4260 298 4312 de
314 4262 378 4325 Rep.
397 4271 424 4323 p.
442 4256 490 4310 iia
507 4270 567 4323 sqq.
581 4285 610 4295 -
629 4258 669 4310 tl.
687 4260 842 4323 44444444ηά44
858 4261 903 4311 ek
920 4262 947 4312 et
963 4261 992 4312 Ι..
1006 4286 1035 4299 -
1054 4262 1094 4313 46.
1110 4260 1218 4326 walada
1234 4261 1290 4312 TL.
1306 4285 1333 4295 -
1352 4259 1515 4310 emactiuimi

187 4335 293 4386 El'ket
309 4337 336 4385 44
351 4331 442 4387 uto:
458 4334 616 4396 paratissimi
632 4333 782 4399 aemqtd
797 4336 869 4397 etA;
884 4333 1095 4400 periabetmg.
1108 4338 1136 4396 4;
1155 4335 1357 4400 444444444444414.
1372 4361 1400 4371 -
1413 4335 1453 4385 46.
1466 4334 1514 4383 ad-

186 4409 255 4472 44444
270 4411 298 4462 Τ.
313 4433 341 4446 -
360 4406 400 4459 46.
418 4413 560 4460 mamito
575 4415 599 4460 44
614 4410 699 4473 plodio
715 4410 777 4461 Er:
796 4423 852 4461 44444
867 4416 936 4462 aneo
952 4423 1010 4462 eum
1025 4411 1111 4476 ptcdie
1127 4408 1273 4464 444460.
1288 4435 1315 4445 -
1332 4409 1429 4474 [4444444
1445 4406 1510 4461 2.-

187 4486 230 4538 20.
247 4484 385 4538 4444444644
401 4485 507 4535 amictu
523 4486 558 4536 T:
585 4487 692 4536 44444444
706 4486 843 4537 4444444644
858 4484 1001 4540 444440.
1021 4511 1048 4523 -
1076 4487 1119 4538 tl.
1137 4485 1198 4555 tom]
1220 4487 1273 4537 iero
1288 4485 1354 4537 liat
1370 4485 1433 4549 (sec.
1452 4481 1513 4546 ml,

186 4573 250 4611 4444
265 4572 284 4626 q
301 4559 426 4625 (seem.)
442 4557 472 4620 β.
485 4586 514 4596 -
532 4560 573 4611 ti.
595 4573 687 4612 ...444
703 4562 769 4624 qaod
784 4561 891 4612 44446444
906 4562 933 4612 ia
949 4567 992 4613 tuo
1010 4561 1410 4627 nepetio--iuritoocsuitomaa
1426 4565 1514 4612 uecto-

187 4635 259 4686 rtteti
279 4639 442 4698 optempere.
457 4670 463 4684 .
479 4669 506 4684 ..
526 4633 559 4699 (g.
577 4635 628 4700 66.)
651 4635 734 4687 hahet
750 4638 778 4686 P.
798 4661 826 4672 -
844 4636 885 4687 43.
904 4636 980 4688 tettae
1004 4637 1206 4689 obliviscemur
1226 4635 1322 4690 use:
1350 4637 1425 4688 444444
1447 4636 1515 4699 ioqui

188 4709 390 4761 mantuam
411 4717 475 4759 eum
490 4707 583 4760 Aldina
599 4708 654 4763 aa.
676 4736 704 4746 —
729 4710 819 4761 4444444
841 4711 1179 4778 PETVGMaeqtud,
1206 4726 1275 4764 corr.
1292 4725 1325 4778 p,
1348 4726 1402 4777 mg.
1420 4712 1455 4774 A,
1478 4712 1511 4762 0:

187 4785 290 4835 44444444
305 4796 345 4848 pr.
364 4795 396 4847 p;
414 4783 520 4836 4444444444
534 4783 615 4837 bkm
633 4788 660 4836 44
675 4783 735 4846 Ab
762 4791 877 4838 4444444444
892 4789 920 4840 L.
944 4787 984 4839 ct.
1003 4787 1027 4854 A.
1046 4787 1087 4839 36.
1108 4815 1136 4828 -
1154 4789 1195 4839 ib.
1213 4787 1369 4839 iudicaretur
1385 4786 1513 4838 editiones

188 4860 306 4911 Venetae
323 4859 521 4923 antiquissimae
539 4863 610 4912 tres:
627 4861 913 4917 446444444444444
923 4863 952 4914 0.
963 4889 990 4899 -
1009 4863 1051 4916 46.
1061 4863 1121 4915 baec
1136 4863 1295 4915 tamdictum
1305 4863 1366 4927 (om.
1377 4861 1413 4926 ta)
1426 4861 1474 4912 Τα
1487 4863 1515 4913 44

188 4936 368 5002 superscripta
383 4937 579 5002 praepositione
595 4937 623 4988 io
638 4937 673 4999 ii;
694 4937 754 4989 4444
770 4939 805 4989 ad
820 4939 977 4990 4444444444
992 4951 1076 5004 prave
1092 4937 1212 5004 perditae
1229 4942 1257 4990 in
1273 4938 1419 5003 archetype
1437 4935 1515 5002 spila-

189 5009 241 5063 bae
258 5009 445 5084 supplqmente
460 5013 489 5064 Ρ.
508 5013 547 5065 ei.
564 5025 592 5078 p.
610 5013 668 5064 666.
685 5027 714 5065 v.
725 5013 749 5064 6.
768 5013 793 5078 s.
806 5014 847 5066 66.
862 5041 889 5051 -
907 5015 948 5066 ti.
965 5015 1065 5078 uimque
1081 5016 1155 5067 udi'.
1169 5037 1198 5052 -
1217 5027 1249 5066 44
1265 5013 1356 5066 PET:
1375 5016 1398 5062 44
1414 5011 1448 5061 ed
1463 5012 1515 5064 iiA

189 5085 273 5141 440.
293 5113 322 5128 -·
341 5087 531 5153 peritam:
553 5086 823 5155 permittito.
842 5115 870 5127 ·-
894 5087 936 5142 44.
954 5093 1125 5158 emmaque,
1149 5103 1215 5156 qaue
1234 5089 1258 5142 ei
1276 5101 1339 5142 eum
1353 5085 1514 5140 Ascensiana

190 5162 267 5215 tertia
282 5161 338 5220 te.
782 5163 788 5176 '
