3648 5888
300 407 363 478 428
705 415 748 480 lN
768 411 936 482 sumit
955 411 1078 482 ACTlO
1099 415 1225 482 Plllblb

300 591 411 670 rogatu
432 583 622 669 recepissem
643 584 741 670 idque
761 586 837 650 mibi
858 587 997 670 amplum
1019 594 1052 652 et
1079 586 1274 672 praeclarum
1296 586 1537 663 existimassem,
1565 605 1622 651 eos

300 679 382 743 velle
404 697 492 741 meae
514 675 587 743 lidei
609 678 854 765 diligentiaeque
883 680 1059 764 periculum
1080 681 1200 756 iacere,
1229 681 1284 765 qui
1306 680 1505 746 innocentiae
1527 682 1623 745 absti-

300 773 490 856 nentiaeque
510 773 674 850 iecissent,
702 783 769 839 tum
795 784 940 860 suscepto
962 776 1090 859 negotio
1112 775 1213 839 maius
1235 774 1386 858 quiddam
1408 774 1484 838 mibi
1506 795 1623 858 propo-

301 868 364 942 sui,
392 868 426 930 in
453 887 517 951 quo
545 887 647 932 meam
668 871 702 933 in
723 887 789 933 rem
812 870 972 954 publicam
993 868 1187 934 voluntatem
1210 869 1347 952 populus
1369 869 1528 933 Romanus
1550 889 1622 953 per-

276 963 421 1046 sspicere
442 969 559 1045 posset.
603 959 654 1025 35.
676 965 756 1027 Nam
776 963 854 1028 illud
877 964 952 1027 mibi
978 982 1180 1048 nequaquam
1202 962 1331 1045 dignuin
1352 961 1507 1028 industria
1528 983 1623 1028 cona·

148 1060 166 1122 d
180 1077 197 1120 a
299 1064 399 1142 tuque
420 1075 495 1140 meo*
512 1055 692 1132 videbatur,
714 1057 810 1121 istum
831 1077 850 1120 a
872 1078 922 1121 me
943 1059 977 1122 in
998 1057 1147 1120 iudicium
1169 1057 1231 1120 iam
1247 1058 1387 1120 omnium
1408 1056 1525 1121 iudicio
1547 1078 1623 1121 con-

300 1133 480 1218 densatim
501 1135 705 1232 vocari,(nisi
726 1153 786 1215 ista
808 1158 863 1215 lua
883 1151 1089 1215 intolerabilis
1110 1151 1251 1232 potentia
1266 1158 1298 1214 et
1315 1170 1353 1215 ea
1367 1143 1544 1240 cupiditas)
1559 1171 1624 1237 qna

299 1266 357 1332 per
376 1246 472 1308 hosce
494 1263 594 1308 annos
614 1246 648 1309 in
670 1245 860 1329 quibusdam
881 1246 1005 1308 iudiciis
1027 1266 1103 1310 usus
1125 1235 1296 1330 cs,(etiam
1321 1249 1355 1311 in
1376 1249 1466 1312 istius
1485 1248 1622 1313 bominis

174 1365 197 1428 ¹2
258 1372 262 1383 ·
300 1339 456 1423 desperati
478 1359 573 1402 causa
592 1334 872 1440 interponeretur.)
897 1341 987 1402 Nunc
1009 1333 1274 1425 vero,{qucniam
1294 1343 1373 1406 baec
1394 1351 1426 1405 te
1448 1343 1550 1407 omnis
1566 1345 1622 1406 do·

99 1380 183 1487 T(
244 1418 290 1540 {io
299 1435 427 1497 minatio
458 1453 653 1517 regnumque
680 1430 869 1497 iudiciorum
899 1441 985 1498 tanto
1016 1454 1113 1519 opere
1141 1429 1342 1525 delectatJet
1369 1443 1442 1500 sunt
1467 1437 1621 1512 homines,

299 1549 379 1612 quos
399 1528 538 1593 libidinis
559 1527 770 1612 infamiaeque
793 1548 869 1592 suae
891 1547 996 1612 neque
1017 1528 1137 1612 pudeat
1158 1549 1265 1614 neque
1288 1530 1428 1607 taedeat,
1452 1531 1507 1616 qui
1531 1531 1622 1616 quasi

298 1622 337 1686 de
359 1622 514 1686 industria
533 1623 567 1685 in
589 1621 696 1686 odium
718 1623 990 1707 offensionemque
1012 1622 1122 1706 populi
1143 1625 1277 1688 Romani
1298 1623 1419 1687 irruere
1441 1624 1620 1699 rideantur,

295 1717 357 1782 boc
379 1736 429 1780 me
450 1712 600 1800 profiteor
620 1717 798 1800 suscepisse
820 1737 967 1801 magnum
988 1716 1121 1781 sonasse
1144 1737 1225 1781 onus
1248 1726 1279 1780 et
1301 1717 1375 1780 mihi
1397 1719 1620 1801 periculosum,

296 1819 533 1874 verumtamen
555 1809 701 1893 dignum,
722 1812 755 1873 in
778 1831 843 1895 quo
868 1831 977 1875 omnes
1003 1831 1117 1876 nervos
1140 1812 1250 1876 aetatis
1272 1810 1510 1896 industriaeque
1531 1829 1621 1874 meae

171 1894 174 1904 ’
260 1906 530 1970 ttcontenderem.
574 1902 624 1968 36.
648 1905 806 1981 Quoniam
828 1913 913 1969 totus
936 1905 1013 1969 ordo
1036 1925 1209 1988 paucorum
1230 1906 1430 1989 improbitate
1445 1913 1477 1969 et
1491 1903 1621 1970 audacia

296 2001 449 2083 premitur
470 2007 500 2062 et
521 2006 652 2082 urgetur
673 1997 802 2062 infamia
823 1999 1028 2076 iudiciorum,
1058 1997 1209 2083 profiteor
1231 1999 1306 2064 buic
1328 2001 1436 2084 generi
1456 1999 1619 2064 bominum

296 2114 347 2158 me
368 2095 392 2176 †
412 2094 573 2158 inimicum
594 2101 825 2168 accusatorem,
848 2093 1011 2169 odiosum,
1033 2093 1211 2168 assiduum,
1234 2094 1382 2158 acerbum
1396 2093 1619 2159 adversarium.

295 2190 364 2253 Hoc
391 2188 470 2252 mibi
499 2207 607 2261 sumo,
639 2187 700 2250 boc
727 2188 805 2252 mihi
838 2188 995 2271 deposco,
1028 2188 1114 2271 quod
1136 2208 1226 2272 agam
1249 2189 1281 2251 in
1303 2187 1502 2272 magistratu,
1535 2185 1620 2270 quod

295 2301 386 2367 agam
407 2303 448 2346 ex
470 2302 508 2345 eo
530 2282 618 2356 loco,
650 2301 691 2344 ex
713 2301 777 2366 quo
799 2301 849 2345 me
870 2280 1009 2367 populus
1030 2283 1191 2346 Romanus
1213 2302 1254 2345 ex
1275 2283 1345 2346 Kal.
1367 2281 1490 2344 Ianuar.
1514 2299 1620 2343 seeum

257 2391 391 2461 reagere
412 2377 452 2440 de
473 2395 508 2440 re
529 2375 655 2460 publica
677 2394 715 2439 ac
733 2377 774 2440 de
795 2376 977 2440 hominibus
998 2377 1151 2460 improbis
1172 2377 1289 2441 voluit:
1315 2377 1376 2439 hoc
1398 2395 1513 2439 munus
1534 2373 1620 2438 aedi·

294 2471 390 2535 litatis
421 2489 510 2533 meae
537 2470 657 2554 populo
686 2471 828 2535 Romano
856 2470 1086 2554 amplissimum
1114 2471 1426 2554 pulcherrimumque
1456 2468 1619 2553 polliceor.

294 2567 428 2641 bloneo,
449 2565 613 2650 praedico,
635 2572 708 2629 ante
731 2565 899 2629 denuntio:
924 2565 980 2648 qui
1001 2571 1056 2628 aut
1077 2565 1237 2647 deponere
1259 2572 1315 2628 aut
1335 2565 1477 2647 recipere
1491 2557 1547 2626 aut
1566 2582 1619 2625 ac·

295 2662 400 2742 cipere
428 2667 482 2723 aut
509 2658 654 2743 polliceri
682 2667 737 2723 aut
764 2667 943 2746 sequestres
975 2666 1030 2722 aut
1057 2659 1242 2742 interpretes
1265 2656 1488 2741 corrumpendi
1509 2657 1618 2722 iudicii

294 2753 397 2816 solent
423 2773 492 2817 esse
523 2753 642 2837 quique
671 2753 711 2817 ad
731 2753 814 2818 banc
835 2773 903 2817 rem
925 2761 979 2816 aut
1008 2754 1182 2836 potentiam
1204 2761 1259 2816 aut
1280 2751 1506 2836 impudentiam
1528 2769 1618 2814 suam

256 2847 429 2930 asproiessi
451 2854 540 2922 sunt,
562 2846 740 2911 abstineant
762 2849 794 2911 in
815 2849 878 2911 boc
898 2846 1017 2910 iudicio
1040 2867 1151 2912 manus
1167 2847 1355 2932 animosque
1370 2846 1484 2911 abhoc
1500 2845 1618 2909 scelere

120 2939 150 3025 ί4
293 2939 426 3004 nefario.
467 2941 553 3004 Xlll.
581 2919 729 3030 tillem
759 2950 827 3011 tum
849 2942 962 3007 consul
981 2943 1171 3006 Hortensius
1193 2963 1264 3006 cum
1286 2961 1409 3005 summo
1430 2940 1564 3024 imperio
1586 2945 1619 3002 et

134 3117 147 3130 .
178 3085 231 3127 fl
293 3042 468 3120 potestate,
490 3057 558 3122 ego·
568 3044 677 3122 autem
697 3036 809 3101 aedilis
816 3027 908 3114 lhoe
930 3044 995 3113 est,
1016 3037 1112 3122 paulo
1133 3037 1269 3122 amplius
1285 3055 1380 3120 quam
1394 3035 1550 3118 privatus:
1571 3040 1618 3096 ta·

191 3121 202 3140 ’“
296 3150 369 3195 men
389 3131 469 3196 baec
490 3122 674 3195 huiusmodi
695 3151 747 3196 res
769 3140 832 3208 est,
858 3151 953 3217 quam
976 3151 1027 3195 me
1049 3140 1192 3196 acturum
1211 3150 1280 3195 esse
1302 3129 1473 3213 polliceor,
1495 3128 1540 3190 ita
1559 3145 1618 3209 po-

292 3226 370 3308 pulo
391 3227 535 3290 Romano
557 3233 646 3310 grata
667 3233 763 3311 atque
785 3225 939 3302 iucunda,
961 3233 998 3289 ut
1017 3227 1086 3309 ipse
1108 3226 1220 3290 consul
1241 3227 1275 3288 in
1293 3224 1352 3289 bac
1367 3243 1462 3287 causa
1476 3241 1552 3306 prae
1566 3239 1616 3283 me

254 3321 397 3386 eominus
420 3322 532 3398 etiam,
562 3320 588 3384 si
610 3317 678 3384 lieri
705 3323 825 3404 possit,
854 3343 950 3408 quam
971 3325 1112 3408 privatus
1134 3345 1205 3388 esse
1226 3325 1380 3388 rideatur.
1416 3317 1531 3382 Omnia
1551 3334 1617 3379 non

292 3415 387 3480 modo
409 3416 755 3491 commemorabuntur,
777 3415 834 3480 sed
855 3419 950 3483 ctiam
971 3419 1126 3502 expositis
1144 3419 1238 3482 certis
1252 3419 1347 3482 rebus
1362 3421 1511 3499 agentur,
1535 3428 1616 3494 quae

290 3511 373 3574 inter
400 3510 509 3574 decem
540 3528 656 3587 annos,
688 3517 897 3595 posteaquam
926 3513 1042 3578 iudicia
1063 3514 1103 3578 ad
1125 3520 1270 3578 senatum
1291 3510 1443 3576 translata
1463 3513 1550 3580 sunt,
1581 3504 1616 3567 in

290 3605 385 3670 rebus
407 3603 585 3669 iudicandis
612 3604 732 3670 nelarie
759 3605 981 3693 flagitioseque
1002 3606 1084 3672 iacta
1106 3616 1189 3674 sunt
1231 3604 1283 3670 38.
1307 3605 1484 3690 Cognoscet
1503 3621 1544 3664 cx
1565 3619 1615 3662 me

291 3700 429 3784 populus
450 3701 628 3776 Romanus,
658 3699 735 3784 quid
757 3701 813 3775 sit,
843 3703 1065 3784 quamobrem,
1096 3722 1167 3766 cum
1192 3709 1340 3786 equester
1362 3697 1440 3763 ordo
1461 3694 1615 3760 iudicaret

253 3809 391 3860 mannos
412 3814 513 3880 prope
536 3793 767 3879 quinquaginta
789 3797 975 3871 continuos,
996 3796 1031 3859 in
1052 3795 1141 3860 nullo
1163 3795 1270 3861 iudice
1285 3795 1393 3880 equite
1409 3793 1552 3856 Romano
1566 3790 1615 3853 iu·

356 3989 381 4041 3.
400 3989 595 4053 944444444ωῶ4
611 3989 767 4055 44443444
784 3991 846 4041 endi
862 3991 981 4053 quiddam
1001 3991 1048 4043 dtt.
1063 3994 1093 4043 Ο.
1114 4019 1140 4031 -
1160 3991 1184 4045 i.
1203 3993 1231 4042 io
1246 3991 1389 4055 repseblieo
1406 3989 1501 4051 444ς.
1528 3985 1612 4040 Hand.

289 4065 364 4116 Ture.
376 4065 406 4116 11.
425 4078 453 4130 p.
472 4065 516 4116 4444
531 4077 592 4130 sqq.
610 4065 644 4116 44
660 4064 694 4118 ci.
707 4064 771 4117 Phil.
785 4067 848 4117 xltl.
861 4066 886 4130 5.
900 4068 951 4128 aa,
970 4080 1023 4119 om.
1036 4068 1063 4118 to
1073 4080 1153 4131 remp
1166 4066 1258 4119 Claud.
1272 4065 1378 4119 sacerd.
1390 4079 1417 4132 p.
1431 4066 1471 4118 44.
1491 4067 1518 4116 et
1532 4063 1615 4115 babet

289 4139 387 4191 deinde
399 4140 485 4204 possit.
507 4168 534 4178 -
553 4140 594 4192 44.
612 4155 690 4205 neque
707 4143 771 4193 laed.
790 4155 869 4204 oeqeoe
880 4143 942 4204 pud.
962 4143 1008 4192 ct.
1027 4140 1165 4206 vulgatam
1181 4144 1271 4194 tuetur
1288 4141 1367 4192 etiam
1380 4141 1457 4192 drus.
1469 4140 1503 4192 bl.
1516 4152 1543 4204 p.
1555 4135 1612 4190 443.

288 4214 317 4266 L.
337 4240 366 4251 -
384 4213 424 4267 44.
443 4215 581 4267 induem
597 4217 642 4266 Gt.
669 4214 807 4280 vulgatam
825 4219 914 4267 tuetur
931 4215 1022 4268 Claud.
1041 4219 1099 4269 Sac.
1118 4231 1144 4284 p.
1158 4219 1199 4269 ll.
1215 4244 1241 4256 -
1262 4217 1303 4268 46.
1318 4217 1444 4280 mentirer
1459 4221 1483 4267 et
1498 4227 1552 4266 om.
1566 4213 1612 4263 Gt.

287 4292 321 4341 ,44
337 4289 371 4342 cl.
389 4292 415 4341 in
432 4288 498 4341 llull.
516 4292 535 4342 4.
554 4292 579 4353 4,
597 4291 638 4342 46.
658 4317 686 4328 -
704 4292 745 4341 47.
762 4305 802 4342 me
818 4304 872 4344 om.
891 4293 936 4343 Gt.
951 4321 979 4331 -
997 4292 1126 4343 4444444444»
1141 4292 1284 4353 academ
1306 4295 1477 4342 comederem
1492 4289 1612 4350 odiam

287 4365 404 4416 oeerbten
420 4366 593 4416 αόυσηαήυη
610 4366 678 4417 coni.
695 4367 760 4418 Rau.
778 4367 798 4416 l.
817 4380 843 4431 p.
858 4367 914 4417 479.
933 4367 1095 4419 etl'ritzscb.
1113 4365 1129 4418 l.
1142 4367 1171 4430 l.;
1189 4367 1453 4429 inmodicam,
1471 4377 1524 4416 occ.
1536 4363 1611 4414 aete.

288 4442 341 4492 cet.
365 4440 433 4491 coni.
454 4441 604 4493 Memmius.
625 4467 653 4479 -
677 4441 717 4491 l8.
740 4441 801 4492 mibi
823 4443 892 4506 (ante
907 4443 986 4504 asmo)
1009 4455 1063 4493 om.
1082 4444 1114 4494 Gt
1128 4444 1177 4504 4ς.
1201 4444 1235 4493 At
1250 4454 1398 4507 pronomen
1415 4439 1546 4492 constanti
1562 4449 1613 4489 usu

289 4516 423 4567 Ciceronis
440 4514 571 4578 firmatur,
595 4515 782 4581 aequabilitate
800 4515 984 4592 membrorum
1002 4517 1212 4568 commendatur.
1246 4519 1288 4568 Sic
1304 4530 1386 4583 supra
1403 4529 1510 4582 quoque
1527 4513 1552 4578 5.
1569 4513 1610 4564 3³.

287 4619 339 4671 boc
356 4631 502 4685 pronomen
520 4619 649 4671 omissum
666 4622 708 4671 est
728 4621 839 4686 propter
855 4621 946 4671 notam
962 4593 989 4669 ris
1007 4618 1128 4682 (Freuud.
1146 4619 1180 4670 ad
1197 4617 1248 4672 llil.
1266 4632 1293 4684 p.
1309 4617 1362 4670 vu.
1381 4633 1422 4670 nr.
1440 4618 1507 4682 37.)‚
1525 4618 1555 4668 ut
1571 4629 1611 4666 ar·-

288 4693 379 4746 bitror.
401 4693 453 4745 Hoc
468 4693 528 4744 444444
544 4707 626 4757 aeuo,
643 4695 689 4746 boc
705 4696 807 4758 deposco
824 4695 893 4745 coni.
906 4694 1031 4745 Fritzscb.
1049 4692 1067 4745 l.
1080 4693 1097 4745 l.
1113 4721 1141 4732 -
1160 4694 1200 4745 49.
1219 4707 1301 4746 soum
1315 4694 1405 4746 babere
1421 4694 1453 4744 (ll
1465 4693 1535 4752 4ς44
1547 4691 1608 4755 ng.

286 4769 380 4836 pleriq.
401 4794 429 4805 -
454 4769 495 4822 44.
513 4781 600 4821 moseo
617 4769 687 4835 sqq]
709 4769 762 4820 vld.
786 4770 880 4822 Donat.
907 4768 1062 4820 adierant.
1079 4767 1161 4820 Andr.
1179 4768 1247 4821 Prol.
1264 4770 1304 4821 44.
1331 4769 1457 4821 victorin.
1474 4781 1501 4833 p.
1519 4768 1560 4819 44.
1580 4793 1608 4803 -

287 4859 341 4897 oce.
358 4849 404 4898 atet
418 4859 469 4897 rec.
488 4844 525 4895 St.
543 4842 621 4909 prob.
640 4846 764 4897 Fritzsch.
784 4872 812 4883 -
831 4845 872 4896 43.
891 4849 936 4895 oret
951 4857 1000 4906 seq.
1014 4871 1051 4883 --
1062 4843 1148 4895 iudicii
1164 4845 1244 4896 Prisc.
1257 4847 1278 4896 1.
1295 4857 1323 4910 p.
1335 4844 1393 4896 444).
1411 4845 1485 4895 Serv.
1498 4841 1607 4893 adden.

286 4919 328 4972 IV.
347 4920 404 4974 408.
425 4947 453 4959 -
471 4919 512 4972 28.
529 4919 696 4972 boieeceroodi
711 4935 736 4984 ς.
757 4948 784 4958 -
803 4919 843 4971 34.
861 4921 927 4972 later
943 4921 975 4970 Gt
988 4919 1033 4971 444
1050 4917 1113 4970 Pell.
1131 4920 1170 4970 A:
1188 4921 1259 4972 mbo
1274 4920 1358 4971 LdSt.
1375 4946 1403 4956 -
1422 4916 1463 4970 34.
1481 4929 1538 4968 caen
1553 4926 1606 4973 om,

287 4995 320 5046 Gt
333 4997 357 5048 4.
372 5023 400 5034 -
418 4995 459 5048 so.
477 4996 505 5045 lo
515 4995 583 5046 salto
597 4997 666 5047 coni.
679 4996 799 5062 Zumpt:
816 4996 844 5047 to
854 5009 908 5049 em.
921 4994 1016 5056 codd.;
1033 4995 1062 5044 in
1076 4993 1145 5045 aelle
1160 4996 1241 5048 iudice
1252 4995 1298 5060 [eq.
1310 4996 1340 5047 44.
1352 4993 1415 5061 iod]
1431 5007 1463 5045 oe
1473 4998 1519 5044 tes.
1538 4987 1606 5040 conl.

286 5069 373 5122 nudi.
390 5073 411 5123 1.
429 5083 456 5138 p.
474 5069 545 5133 344.;
563 5071 591 5121 lo
610 5070 678 5122 nollo
698 5070 776 5136 (autb
791 5071 828 5136 to)
849 5071 956 5134 teddo,
974 5083 1012 5133 eq.
1029 5071 1059 5122 44.
1077 5070 1202 5122 todem
1225 5071 1294 5124 conl.
1312 5069 1406 5122 Kebnt.
1425 5071 1452 5122 et
1465 5063 1604 5126 friuscus

286 5145 355 5198 nouo
370 5146 401 5201 de
414 5146 496 5200 lodice
511 5145 597 5212 eo'ti.
614 5145 668 5200 lud.
686 5157 756 5200 com.
773 5146 856 5199 Kiene
872 5144 1025 5215 Bemdesqlcr.
1042 5158 1070 5214 p.
1088 5145 1146 5199 444.
1163 5147 1218 5200 not.
