3578 5862
633 455 1100 544 cn.1v-v.ss.s-is.
1462 441 1524 512 oto

206 628 498 704 mansuetudinem,
526 635 719 696 commutare
740 628 939 714 disciplinam
962 636 1093 694 conatus
1114 631 1169 692 esi
1194 628 1338 711 Namque
1358 625 1438 690 haec
1459 631 1525 699 tur,

206 743 288 806 quae
308 729 340 786 te
361 723 520 786 hominem
542 723 728 786 clementem
748 723 995 808 popularemque
1012 723 1183 797 delectant,
1205 741 1216 785 1
1238 740 1366 796 urerer,
1390 739 1523 784 conarer

205 837 324 892 ussus,
351 836 415 880 non
442 817 537 881 modo
563 817 659 881 huius
687 817 842 882 libertatis
864 817 1179 900 mansuetudinisque
1200 835 1264 879 nou
1285 823 1375 890 sunt,
1404 812 1460 878 sed
1483 833 1523 876 ne

204 911 331 974 Romuli
352 909 481 996 quidem
501 917 557 974 aut
578 912 697 974 Numae
712 911 873 994 Pompilii:
896 910 1076 996 Tarquinii,
1098 909 1315 994 superbissimi
1336 917 1434 993 atque
1454 927 1524 970 cru·

204 1004 357 1068 delissimi
385 1004 485 1090 regis,
515 1005 575 1069 ista
602 1011 676 1068 sunt
702 1004 861 1069 cruciatus
890 1005 1045 1080 carmina,
1081 1023 1163 1090 quae
1191 1013 1241 1079 tu,
1269 1004 1365 1068 homo
1385 1003 1467 1066 lenis
1488 1007 1564 1065 aci

203 1097 383 1182 populeris,
411 1098 617 1162 libentissime
646 1117 890 1163 commemoras:
923 1099 1028 1163 Gsrvr
1053 1119 1222 1174 osrvsrro,
1251 1119 1367 1163 ersom
1388 1117 1526 1163 irrumcr

204 1212 390 1256 svsrnrurro
405 1236 414 1254 .
429 1238 437 1255 .
453 1237 462 1256 .
506 1192 597 1268 Quae
618 1193 730 1269 verbe,
753 1193 907 1269 Quirites,
929 1194 992 1256 iam
1015 1193 1136 1276 pridem
1152 1193 1185 1256 in
1199 1194 1259 1255 hac
1271 1211 1307 1256 re
1321 1192 1446 1276 publica
1461 1209 1526 1254 non

203 1287 305 1352 solum
335 1286 474 1350 tenebris
508 1289 691 1362 vetustatis,
723 1307 832 1350 verum
863 1286 957 1350 etiam
990 1287 1060 1350 luce
1088 1287 1242 1349 libertatis
1270 1306 1421 1371 oppressa
1442 1292 1524 1348 sunt

204 1383 241 1445 V.
264 1377 315 1444 tl.
336 1382 386 1445 An
407 1401 498 1456 vero,
530 1382 556 1444 si
582 1383 664 1445 actio
685 1383 745 1444 ista
766 1379 929 1465 popularis
951 1388 1043 1444 esset·
1056 1389 1088 1444 et
1109 1381 1136 1444 si
1158 1381 1254 1444 ullam
1276 1389 1395 1464 partem
1417 1378 1527 1462 aequi-

204 1475 277 1539 tatis
298 1476 432 1538 haberet
451 1483 506 1538 aut
526 1476 621 1551 iuris,
644 1475 677 1538 C.
693 1474 853 1538 Gracchus
868 1494 936 1538 eam
959 1474 1161 1559 reliquisset?
1183 1475 1312 1540 Scilicet
1331 1473 1388 1538 tibi
1402 1473 1564 1558 gravio-⁴⁰

203 1589 270 1633 rem
299 1569 442 1633 dolorem
472 1571 576 1654 patrui
603 1570 649 1633 tui
677 1587 762 1632 mors
789 1568 895 1631 attulit
922 1589 1016 1653 quam
1049 1568 1081 1631 C.
1105 1569 1246 1634 Graccho
1266 1569 1388 1645 fratris,
1416 1576 1448 1632 et
1469 1567 1527 1630 tibi

203 1664 347 1728 acerbior
374 1663 442 1726 eius
469 1663 573 1747 patrui
602 1682 687 1726 mors
716 1671 779 1737 est,
810 1683 904 1746 quem
927 1683 1098 1747 numquam
1121 1662 1244 1738 vidisti,
1273 1682 1368 1748 quam
1390 1663 1436 1726 illi
1458 1662 1529 1724 eius

203 1758 323 1833 fratris,
346 1759 472 1844 quicum
495 1757 740 1821 concordissime
760 1757 898 1821 vixerat:
922 1766 955 1821 et
976 1756 1087 1820 similis
1103 1757 1162 1820 viri
1184 1766 1219 1821 tu
1240 1757 1403 1821 ulcisceris
1423 1755 1527 1840 patrui

204 1861 353 1928 mortem,
375 1859 471 1935 atque
493 1851 547 1914 ille
569 1859 814 1936 persequeretur
833 1850 956 1925 fratris,
979 1853 1006 1915 si
1027 1851 1089 1914 ista
1110 1851 1233 1915 ratione
1254 1871 1347 1934 agere
1361 1852 1527 1915 voluisset:

204 1956 237 2011 et
264 1967 321 2030 par
349 1944 540 2010 desiderium
569 1946 618 2008 sui
648 1945 777 2028 reliquit
797 1945 880 2029 apud
903 1944 1058 2028 populum
1078 1945 1255 2009 Romanum
1277 1945 1435 2009 Labienus
1455 1945 1564 2020 istene

202 2048 472 2129 patruusjester,
495 2039 642 2123 quisquis
663 2039 738 2114 luit,
760 2059 797 2102 ac
819 2040 867 2102 Ti.
883 2038 1043 2102 Gracchus
1065 2038 1262 2122 reliquerat?
1293 2039 1343 2102 An
1355 2039 1458 2121 pietas
1473 2046 1527 2102 tua

204 2136 304 2200 maior
326 2154 420 2218 quam
436 2132 590 2196 Gracchi?
612 2152 653 2196 an
667 2135 814 2196 animust
835 2153 876 2197 au
891 2133 1081 2196 consilium?
1103 2151 1144 2196 an
1160 2135 1259 2216 opes?
1280 2153 1321 2196 au
1335 2131 1528 2196 auctoritas?

203 2248 245 2292 an
268 2227 474 2312 eloquentia?
504 2245 585 2310 quae
608 2227 689 2290 siin
712 2226 769 2291 illo
791 2228 921 2291 minima
941 2226 1092 2303 luissent,
1119 2235 1225 2290 tamen
1248 2247 1323 2310 prae
1345 2229 1409 2290 tuis
1429 2225 1529 2289 lacul-

205 2321 323 2385 tatibus
346 2321 483 2384 maxima
510 2327 706 2405 putarentur.
749 2317 801 2385 lii.
824 2321 903 2385 Cum
924 2341 1000 2385 vero
1021 2322 1071 2385 his
1091 2321 1186 2385 rebus
1208 2321 1354 2385 omnibus
1377 2321 1411 2384 C.
1433 2320 1528 2383 Grac·

204 2416 283 2480 chus
314 2434 424 2478 omues
452 2415 578 2489 vicerit,
608 2422 763 2498 quantum
791 2415 990 2480 intervallum
1019 2414 1144 2479 landem
1166 2417 1249 2479 inter
1270 2423 1300 2479 te
1321 2424 1417 2499 atque
1438 2414 1566 2479 illumso

203 2509 402 2573 interiectum
435 2528 505 2571 esse
531 2511 646 2591 putas?
683 2508 746 2572 Sed
774 2516 949 2572 moreretur
973 2509 1062 2592 prius
1083 2510 1283 2573 acerbissima
1305 2517 1404 2574 morte
1426 2509 1529 2572 milies

204 2602 238 2666 C.
261 2602 435 2676 Gracchus,
458 2623 553 2685 quam
567 2604 601 2666 in
616 2604 685 2667 eius
700 2603 848 2666 contione
864 2601 1005 2666 carnifex
1020 2604 1221 2668 consisteret:
1243 2623 1339 2688 quem
1354 2624 1419 2668 non
1433 2604 1529 2668 modo

203 2697 290 2770 foro,
321 2695 376 2758 sed
408 2696 502 2758 etiam
525 2697 612 2761 caelo
634 2696 695 2761 hoc
717 2717 754 2760 ac
776 2697 889 2780 spiritu
911 2698 1074 2760 censoriae
1095 2697 1181 2780 leges
1203 2704 1299 2783 atque
1320 2698 1407 2762 urhis
1430 2697 1530 2762 domi-

203 2790 275 2854 cilio
306 2809 413 2852 carere
444 2789 623 2854 voluerunt.
665 2792 725 2854 llic
747 2811 781 2854 se
803 2791 990 2875 popularem
1011 2792 1117 2856 dicere
1138 2791 1249 2866 audet,
1277 2813 1328 2858 mc
1349 2793 1529 2857 alienuma

205 2883 376 2948 commodis
398 2886 528 2948 vestris:
556 2905 627 2948 cum
648 2885 709 2949 istc
731 2905 842 2949 omnes
865 2893 897 2950 et
918 2885 1146 2969 suppliciorum
1169 2892 1201 2949 et
1221 2885 1387 2952 verborum
1408 2885 1565 2950 acerbi-n

203 2985 283 3042 tates
303 2998 368 3042 nou
391 2997 432 3041 ex
452 2979 603 3042 memoria
624 2987 729 3044 vestra
742 2999 779 3042 ac
793 2986 919 3063 patrum
934 2986 1119 3056 vestrorum,
1142 2980 1199 3043 sed
1221 3000 1261 3044 ex
1278 2979 1439 3044 annalium
1462 3000 1527 3042 mo·

268 3211 292 3261 t.
310 3223 419 3273 namque
434 3211 486 3261 mei
504 3212 611 3276 praeter
627 3211 658 3271 k,
678 3212 722 3275 qui
739 3209 905 3272 rebeccam,
924 3209 984 3261 tort.
999 3212 1110 3272 rectius;
1127 3225 1236 3274 comque
1248 3213 1310 3263 baec
1321 3217 1366 3263 tua
1377 3218 1448 3262 suot:
1467 3213 1528 3262 boec

202 3290 226 3336 le
241 3285 363 3337 bominem
380 3288 407 3337 l..
436 3313 463 3323 -
490 3285 514 3335 3.
536 3299 587 3335 noc
607 3285 680 3335 modo
701 3285 744 3336 ed.
767 3287 884 3336 Iuntina:
912 3299 977 3348 puae
997 3300 1047 3336 ooo
1067 3287 1141 3335 modo
1157 3285 1235 3337 codd.
1254 3288 1282 3336 L.
1308 3287 1404 3339 lievlus
1421 3289 1447 3338 tn
1467 3289 1526 3338 Ver.

202 3362 277 3412 Lecti.
295 3362 315 3412 l.
334 3375 360 3425 p.
379 3359 420 3412 lt.
438 3359 527 3411 locum
544 3362 583 3411 sic
600 3362 749 3411 constituit:
767 3363 835 3412 Nam
851 3374 916 3423 quoe
931 3361 991 3411 hacc
1007 3367 1053 3411 tua
1069 3375 1133 3423 quoe
1150 3367 1173 3412 tc
1190 3399 1196 3411 .
1212 3397 1239 3412 ..
1259 3363 1397 3413 deicolam?
1409 3389 1436 3400 -
1455 3364 1469 3412 1
1482 3364 1528 3413 ll-

203 3437 293 3497 cros,
312 3434 446 3487 COLLIGA
462 3435 535 3486 ΜΔΝ
539 3437 582 3486 VS.
603 3462 630 3471 -
652 3438 722 3498 Quae
736 3451 787 3487 ooo
802 3438 875 3487 modo
891 3437 964 3486 buius
979 3435 1099 3486 libertatis
1114 3449 1148 3486 m.
1166 3450 1217 3486 con
1232 3443 1304 3499 suut,
1324 3438 1366 3488 ssd
1380 3451 1412 3488 ce
1430 3439 1457 3487 a.
1470 3438 1528 3500 qui-

203 3512 258 3560 dem
274 3515 319 3561 cut
334 3511 367 3560 N.
384 3511 511 3573 Pompilii;
543 3511 672 3574 lbrquinii
689 3548 695 3562 .
711 3547 717 3560 .
733 3550 738 3562 .
757 3513 806 3562 istc
821 3517 877 3563 mot
893 3512 1018 3562 mumolus
1033 3511 1157 3562 cosmica.
1177 3513 1246 3574 Quae
1262 3517 1290 3562 tu
1308 3547 1314 3562 .
1330 3550 1335 3562 .
1350 3546 1357 3561 .
1375 3512 1530 3564 libentissime

204 3583 402 3635 coromesuoras?
414 3611 440 3620 —
455 3585 555 3636 carii
570 3587 742 3650 OBNVBITO,
761 3589 879 3639 AtiliOlil
892 3586 1033 3638 Ill-'FELICI
1048 3585 1254 3638 Sl'SPENDll'O.
1267 3613 1294 3622 -—
1309 3589 1378 3650 Quae
1387 3587 1465 3638 verbu
1476 3590 1527 3638 cot.

202 3660 314 3710 Secutus
331 3661 372 3708 est
388 3658 499 3710 Orellius
516 3661 542 3712 in
560 3662 603 3712 ed.
621 3663 657 3723 2,
676 3661 725 3713 sed
741 3676 775 3713 ne
793 3663 831 3713 sic
848 3662 957 3726 quidem
973 3659 1047 3711 locus
1064 3661 1201 3712 restitutus
1218 3661 1333 3713 videtur.
1347 3687 1374 3699 -
1388 3660 1412 3713 l.
1425 3663 1529 3725 Pompili

202 3733 349 3798 egilmn.
371 3761 398 3770 -
418 3734 539 3796 Tarquini
556 3738 609 3787 mei
626 3739 734 3801 praeter
749 3736 792 3788 sb
803 3739 844 3788 ct.
860 3765 887 3774 -
906 3739 930 3787 5.
949 3737 998 3787 isto
1013 3735 1108 3799 sigi:
1127 3738 1164 3786 ito
1181 3737 1259 3788 codd.
1272 3737 1328 3790 rell.
1343 3764 1370 3774 -
1389 3739 1414 3790 7.
1426 3751 1529 3801 supea-

201 3809 294 3859 ‹iimicc
312 3823 352 3868 m;
371 3810 511 3872 suspendite
526 3811 595 3860 minc
612 3809 695 3872 ilm3·
714 3813 739 3862 in
762 3809 861 3876 aliquot
884 3811 962 3862 codd.
980 3814 1042 3877 post
1060 3813 1199 3874 ccpmdito
1215 3817 1257 3865 est
1272 3816 1387 3881 spatium
1403 3827 1527 3875 vacuum,

202 3886 231 3934 ut
247 3885 272 3934 in
290 3883 332 3934 ab
344 3883 383 3934 cd
394 3884 425 3945 h,
444 3883 547 3946 Amba,
567 3887 648 3936 oron.
663 3887 682 3936 C
700 3889 726 3936 ei
744 3888 770 3936 S.
797 3885 890 3938 Orellio
908 3887 941 3949 (2)
954 3887 1088 3937 verteme
1105 3901 1137 3938 ex
1155 3887 1265 3939 lormula
1284 3890 1389 3940 Liviana
1406 3889 1543 3954 supplem

202 3959 267 4012 dum
281 3959 394 4010 videtur.
409 3985 437 3995 —
456 3973 521 4020 poce
536 3960 613 4010 acrba
624 3974 677 4011 cm.
691 3961 719 4011 Τ.
736 3985 763 3997 -
782 3961 806 4012 8.
825 3963 957 4026 postcunt
974 3964 1015 4013 est
1031 3963 1057 4013 in
1075 3962 1245 4027 Sbcdegb
1262 3964 1367 4028 siguum
1378 3965 1415 4026 K,
1433 3963 1529 4015 otloco

203 4035 260 4086 eius
271 4036 291 4086 lt
303 4035 329 4084 in
341 4048 356 4084 a
369 4035 396 4085 et
407 4047 450 4094 m;
469 4033 502 4085 ci.
513 4034 546 4085 ad
560 4048 586 4099 p.
601 4035 657 4087 6l6.
670 4049 696 4086 v.
709 4036 750 4086 so.
763 4063 796 4073 --
807 4038 847 4087 ts.
860 4037 975 4086 darom.
989 4039 1046 4088 Tl..
1061 4063 1088 4074 -
1103 4038 1142 4088 43.
1161 4040 1306 4090 εἰπιίιίευᾰή
1317 4040 1438 4091 codices:
1456 4040 1531 4089 simili

201 4111 256 4162 iure
272 4111 398 4170 Beckius;
417 4123 467 4174 ego
479 4109 584 4161 malim:
603 4112 677 4162 dosii
693 4112 726 4162 ui.
742 4137 769 4148 -
789 4110 828 4162 tl.
846 4112 887 4162 ilie
903 4113 1128 4175 cipersequerstur
1145 4114 1223 4165 codd.
1237 4116 1305 4178 mel,
1323 4125 1387 4179 χψ.
1402 4143 1427 4154 -
1442 4115 1532 4178 fratris

200 4187 221 4236 si
238 4187 392 4237 Sobiitzius:
415 4187 505 4250 patris
520 4188 559 4236 sci
576 4189 607 4245 S,
631 4187 709 4238 codd.
728 4189 806 4251 lagg.
826 4189 853 4238 et
869 4188 986 4248 Oronu.;
1006 4189 1096 4252 [ratris
1111 4191 1150 4240 soi
1166 4191 1187 4240 si
1203 4192 1265 4252 h0,
1288 4191 1337 4243 sed
1353 4191 1397 4243 hic
1414 4190 1479 4257 [scil.
1499 4215 1526 4227 -

200 4262 315 4313 celebret
332 4261 411 4312 codd.
430 4261 483 4312 mei
505 4263 532 4312 et
555 4263 638 4323 CSx.
659 4289 686 4300 -
711 4263 750 4313 m.
766 4267 875 4326 petissio
890 4262 977 4328 veum]
1000 4265 1143 4328 sSuspeote
1160 4263 1227 4315 haec
1244 4265 1364 4318 Ernestio
1381 4269 1408 4318 et
1424 4267 1528 4318 Bechto.

200 4337 252 4388 Sed
269 4337 357 4401 ipsum
374 4349 400 4386 v.
418 4342 499 4388 cester
515 4338 540 4400 i«
551 4350 631 4401 quem
650 4340 677 4388 tu
695 4339 787 4402 tuique
805 4350 914 4402 semper
930 4339 1080 4402 crepulis»,
1100 4338 1200 4390 dictum
1217 4352 1269 4390 non
1286 4341 1344 4391 sine
1362 4342 1530 4406 contemptu)

200 4413 286 4476 arguit
301 4425 397 4462 verum
414 4425 475 4464 esse
492 4425 543 4463 nec
559 4411 593 4463 ab
610 4411 799 4477 interpolatore
815 4413 979 4478 protectum,
1001 4413 1045 4475 qui
1063 4413 1150 4476 potius
1167 4414 1326 4468 inculcasset
1340 4422 1448 4479 patrem
1463 4423 1528 4466 tuos.

199 4489 269 4538 lnlra
286 4486 311 4551 5.
330 4487 371 4538 2³.
389 4489 472 4538 item:
489 4493 569 4538 cester
583 4494 704 4551 polmus,
732 4487 777 4539 ubi
795 4501 889 4540 rursus
905 4489 992 4539 haesit
1008 4488 1171 4539 senectus.»
1189 4491 1234 4540 oe.
1247 4491 1271 4540 2.
1292 4517 1320 4528 ·-·
1338 4505 1369 4541 cc
1385 4491 1527 4542 Manutius:

201 4567 225 4614 st
241 4563 320 4612 codd.
340 4589 367 4598 -
387 4563 428 4612 2⁰.
447 4564 527 4613 monis
541 4564 629 4614 vicerit
646 4565 699 4615 mei
716 4566 822 4628 praeter
839 4564 856 4615 l.
872 4591 897 4601 -
918 4564 960 4613 2⁴.
978 4577 1029 4613 esse
1045 4562 1085 4614 ll:
1102 4568 1138 4613 est
1153 4563 1200 4624 in;
1222 4577 1272 4616 sus
1288 4578 1341 4616 om.
1354 4567 1408 4617 mei
1425 4565 1527 4628 reliqui,

200 4639 259 4687 ho.
284 4665 311 4674 -
335 4639 409 4700 precs
429 4651 483 4689 om.
508 4637 568 4688 cod.
591 4639 718 4690 Torreniii
741 4641 769 4688 et
789 4637 871 4689 hebet
891 4641 951 4702 post
972 4639 1059 4689 milies.
1086 4640 1124 4689 ln
1139 4640 1244 4702 potiori
1263 4667 1290 4678 -
1316 4641 1394 4691 mitiss
1410 4643 1428 4691 s
1444 4653 1527 4690 ccrr.:

199 4713 269 4762 mdes
285 4714 302 4762 S
318 4725 354 4763 m.
374 4726 415 4777 pr.
434 4715 462 4764 et
478 4726 508 4777 ες
526 4714 553 4762 iu
569 4714 620 4763 dics
637 4712 660 4772 i;
679 4713 720 4763 itte
736 4713 802 4763 mirri
817 4714 855 4762 itti
870 4715 901 4772 k;
920 4715 957 4764 itii
972 4713 1050 4765 esvel
1061 4715 1123 4765 iiiios
1139 4714 1279 4778 lorcam,
1291 4713 1349 4767 rell.
1363 4717 1454 4778 lagg.;
1471 4713 1530 4762 mii·

200 4789 244 4838 lisa
260 4789 318 4838 L0.
338 4813 365 4823 ·-
393 4788 434 4838 22.
453 4789 480 4840 C.
500 4787 605 4849 addidi,
624 4801 686 4839 cum
703 4788 781 4839 codd.
802 4790 855 4840 mei
872 4790 987 4854 <praeter
1003 4790 1028 4852 l)
1047 4793 1074 4840 et
1089 4790 1105 4840 3
1121 4792 1222 4842 Oxonn.
1238 4793 1310 4855 psius
1326 4794 1387 4841 ente
1405 4789 1530 4841 Gracchus

199 4865 296 4915 iterum
312 4863 444 4925 habeant,
463 4878 533 4929 quae
549 4878 600 4915 vox
618 4878 651 4916 ex
668 4867 743 4930 peius
760 4866 884 4929 corrupta
900 4864 1014 4914 videtur.
1035 4892 1062 4902 -
1081 4865 1123 4916 23.
1143 4865 1191 4917 «sl.
1206 4867 1252 4918 boc
1267 4868 1349 4918 cesto·
1367 4879 1420 4930 mg.
1434 4864 1525 4916 hamb.

200 4937 273 4990 test.
288 4964 315 4973 -
329 4939 371 4990 25.
389 4940 469 4990 musis
484 4939 538 4990 mei
554 4943 663 5004 praeter
678 4954 705 4991 n.
721 4967 748 4978 -
761 4940 891 4991 verberum
902 4938 917 4990 l
930 4940 1042 5002 Orcum,
1055 4942 1108 4991 mei
1122 4945 1230 5006 praeter
1240 4942 1352 4994 dikln.
1372 4941 1526 5002 semborum,

199 5013 216 5062 i.
236 5026 260 5064 e.
279 5013 405 5064 horrendi
422 5015 556 5066 carminis.
585 5015 682 5066 Firmet
703 5017 754 5067 boc
777 5015 982 5077 Ambrosianus,
1008 5029 1069 5067 cum
1090 5015 1131 5067 alii
1149 5016 1265 5070 habeant
1279 5017 1420 5076 cutmen,
1447 5028 1527 5078 quam

199 5090 334 5140 notionem
346 5089 515 5154 amplectitur
525 5089 578 5140 iam
591 5101 617 5140 v.
632 5092 835 5155 mppttcicssm.»
848 5091 893 5140 Oa.
903 5090 928 5140 2.
938 5117 965 5127 —
979 5091 1020 5142 26.
1032 5096 1171 5142 verborum
1187 5093 1262 5144 Sct:
1279 5097 1388 5143 vestmm
1398 5090 1414 5144 l
1425 5091 1524 5142 Oronu.

199 5166 226 5216 et
241 5163 298 5218 rell.
316 5166 395 5230 lagg.
