3610 5860
332 435 396 503 itii
734 438 885 506 ostric
906 441 985 506 PRO
1007 441 1048 506 it.
1069 441 1246 508 FONTEIO

329 607 410 674 'reat
442 607 593 692 acceptas
614 608 731 694 populo
746 609 887 674 Romano
909 610 1060 694 pecunias
1081 631 1190 676 omnes
1211 611 1262 674 isti
1276 610 1477 676 rettuderunt:
1501 611 1528 675 si
1548 613 1664 696 proti-

333 725 392 770 nus
420 704 489 768 aliis
517 723 618 787 aeque
639 723 766 786 magnas
788 712 842 768 aut
863 705 1023 770 solverunt
1044 712 1098 768 aut
1121 703 1291 779 dederunt,
1319 711 1353 768 ut
1375 705 1461 789 quod
1481 712 1662 788 acceptum

333 797 449 882 populo
477 798 618 863 Romano
644 804 708 872 est,
736 798 768 861 id
796 819 968 882 expensum
998 799 1134 881 cuipiam
1161 799 1217 874 sit,
1234 805 1329 862 certe
1351 797 1430 861 nihil
1450 806 1555 882 potest
1577 817 1662 862 esse

332 893 512 956 detractum.
548 892 604 955 Sin
625 891 745 975 aliquid
767 890 895 956 domum
916 893 1068 967 tulerunt,
1089 912 1130 955 ex
1151 911 1259 956 eorum
1280 912 1353 956 arca
1374 914 1391 956 e
1413 912 1448 955 ra
1460 917 1533 956 *a*
1552 923 1595 938 —

308 987 324 1033 ⁶
415 986 468 1048 111.
482 983 512 1049 4.
533 986 670 1050 Deorum
690 985 915 1069 hominumque
936 985 1046 1050 fidemi
1068 987 1158 1050 testis
1171 1005 1237 1049 non
1255 985 1411 1050 invenitur
1431 986 1465 1050 in
1484 985 1657 1050 ducenties

333 1089 364 1146 et
388 1081 514 1144 triciens
542 1078 696 1143 sestertio.
736 1078 838 1155 Quam
859 1080 1027 1144 multorum
1047 1078 1232 1144 hominurn?
1260 1080 1480 1144 Sescentorum
1501 1079 1654 1164 amplius.

332 1176 452 1253 Quibus
472 1176 505 1238 in
527 1174 617 1237 terris
639 1179 761 1255 gestum
782 1175 943 1256 negotium
965 1176 1034 1239 esti
1067 1173 1142 1250 lllo,
1171 1175 1244 1250 illo,
1272 1177 1415 1259 inquam,
1444 1174 1529 1249 loco,
1552 1193 1653 1257 quem

331 1271 455 1335 videtis.
486 1269 584 1332 Extra
605 1268 789 1332 ordinemne
809 1269 943 1350 pecunia
964 1276 1012 1332 est
1032 1267 1125 1331 data?
1155 1269 1253 1334 Immo
1275 1289 1350 1334 vcro
1373 1289 1518 1332 nummus
1539 1267 1652 1330 nullus

179 1391 200 1484 ,p
331 1365 400 1428 sine
427 1362 539 1427 titteris
568 1361 674 1426 multis
696 1370 866 1426 commotus
888 1370 945 1426 est.
987 1361 1077 1438 Quae
1099 1369 1146 1426 est
1167 1364 1260 1446 igitur
1280 1364 1339 1427 iria
1360 1363 1533 1438 accusatio,
1564 1383 1650 1446 quae

171 1452 177 1468 '
294 1458 454 1541 ⁴⁰[acilius
481 1457 581 1540 possit
607 1456 704 1538 Alpes
732 1477 826 1541 44444
847 1476 962 1539 paucos
983 1445 1093 1519 aeferii
1114 1456 1228 1540 gradus
1249 1457 1437 1522 ascendere:
1465 1457 1650 1540 diligentius

330 1555 523 1617 Rutenorum
553 1570 648 1634 quam
675 1550 783 1633 populi
812 1549 944 1614 Romani
973 1548 1121 1614 defendat
1149 1552 1320 1615 aerarium:
1348 1551 1508 1615 lubentius
1530 1550 1649 1633 ignotis

331 1667 426 1730 quam
446 1645 529 1709 notis
550 1650 670 1717 utatur,
692 1643 878 1726 alienigenis
900 1663 994 1728 44444
1015 1643 1195 1708 domesticis
1209 1645 1359 1710 testibus:
1381 1644 1507 1728 planius
1521 1665 1556 1708 se
1570 1664 1650 1707 con·

329 1741 453 1804 firmare
484 1737 601 1802 crimen
633 1736 773 1802 lubidine
803 1737 1004 1802 barbarorum
1033 1757 1127 1822 quam
1154 1745 1331 1802 uestrorum
1352 1739 1512 1803 hominum
1534 1739 1648 1802 litteris

330 1834 518 1899 arbitretur?
554 1830 584 1894 5.
598 1832 737 1895 Duorum
752 1831 1000 1914 magistratuum,
1022 1853 1155 1915 quorum
1168 1840 1300 1917 uterque
1315 1833 1347 1896 in
1361 1833 1497 1916 pecunia
1510 1834 1649 1896 maxima

293 1927 489 1992 litractanda
516 1924 773 2010 procurandaque
793 1932 933 1988 versatus
959 1933 1022 2000 est,
1050 1926 1261 1990 triumviratus
1282 1935 1314 1990 et
1335 1933 1537 2011 quaesturae,
1565 1925 1648 1988 ratio

330 2023 376 2086 sic
396 2019 553 2094 redditur,
575 2018 767 2104 iudices,(ut
787 2019 821 2082 in
842 2019 881 2081 iis
902 2015 1016 2094 rebus}
1041 2039 1123 2102 quae
1145 2027 1216 2083 ante
1238 2020 1346 2083 oculos
1368 2027 1473 2102 gestae
1494 2028 1583 2094 sunt,
1605 2018 1649 2082 ad

329 2115 445 2180 multos
471 2113 704 2198 pertinuerunt,
736 2111 896 2176 conlectae
924 2113 1057 2197 publicis
1087 2112 1280 2196 privatisque
1308 2112 1420 2178 tabulis
1442 2121 1530 2186 sunt,
1549 2110 1650 2184 (nulla

132 2217 215 2303 vul(
330 2205 515 2292 significatio
537 2208 630 2283 furti,
651 2206 738 2270 nulla
759 2206 892 2270 alicuius
914 2204 1018 2269 delicti
1032 2207 1168 2290 suspicio
1183 2199 1357 2312 referatur)
1383 2203 1413 2268 6.
1427 2201 1650 2290 Hispaniensis

167 2293 185 2317 ⁶
228 2343 232 2355 ·
329 2302 446 2385 legatio
467 2309 636 2366 consecuta
657 2306 720 2374 est,
742 2300 1010 2364 turbulentissimo
1024 2300 1070 2362 rei
1087 2301 1230 2382 publicae
1245 2309 1401 2384 tempore,
1423 2321 1494 2362 cum
1508 2299 1650 2364 aduentu

292 2396 364 2460 sot.
387 2396 494 2460 Sullae
522 2397 554 2458 in
581 2394 703 2458 Italiam
733 2393 861 2459 maximi
887 2395 1042 2458 exercitus
1064 2395 1179 2458 civium
1203 2394 1392 2458 dissiderent
1411 2394 1446 2458 de
1465 2392 1587 2457 iudiciis
1609 2411 1650 2455 ac

329 2490 467 2574 legibus:
494 2495 589 2574 atque
610 2489 669 2552 hoc
690 2488 736 2552 rei
758 2487 903 2572 publicae
925 2495 1006 2552 statu
1027 2487 1193 2572 desperato
1215 2489 1318 2572 qualis
1338 2515 1406 2553 aas

537 2649 587 2718 Il.
620 2651 837 2739 Fragmenta
859 2651 902 2717 ab
925 2651 1006 2717 ultis
1027 2651 1252 2738 scriptoribus
1274 2657 1425 2720 seruata.
1501 2690 1506 2704 .
1547 2607 1550 2616 Ι

413 2774 464 2837 IV.
487 2769 518 2835 7.
547 2772 581 2834 Si
603 2771 692 2836 nulla
712 2769 848 2854 pecunia
874 2777 1038 2834 numerata
1066 2777 1129 2846 est,
1159 2771 1246 2836 cuius
1274 2771 1427 2854 pecuniae
1452 2770 1647 2855 quinquage-

330 2869 407 2933 sima
429 2869 501 2932 esti
889 2865 893 2872 '

394 3133 418 3183 4.
436 3133 462 3182 P.
481 3128 614 3182 440414Νο
631 3129 659 3190 P,
677 3128 742 3177 item
758 3139 783 3178 v.
802 3127 826 3176 3.
847 3154 874 3164 -
892 3126 946 3176 44444
962 3126 991 3176 P.
1012 3152 1039 3162 -
1056 3125 1204 3176 rettulerunt
1220 3127 1251 3176 P:
1269 3126 1406 3177 4444444444
1422 3125 1451 3179 0.
1471 3155 1499 3166 —-
1517 3129 1551 3180 rei
1566 3130 1593 3179 Ρ.
1613 3154 1639 3163 -

328 3209 351 3261 3,
370 3209 404 3260 ΙΙ)
419 3212 424 3268 Ι
438 3203 638 3258 DPXPENSVM
648 3203 675 3252 P.
691 3226 718 3237 -
737 3201 865 3264 quoipiam
876 3204 904 3253 Ρ.
919 3228 946 3239 -
965 3199 990 3252 l.
1008 3199 1104 3262 aliquia
1120 3203 1220 3252 4444444
1230 3202 1433 3254 Mommsenius:
1452 3201 1531 3264 aliqui
1546 3203 1643 3253 4444444

328 3286 384 3337 ΡΟ.
406 3311 433 3320 -
451 3278 594 3332 4440444444
610 3279 638 3329 Ρ.
661 3277 751 3326 «ilaec
769 3276 803 3326 ita
821 3275 893 3340 [orco
908 3291 921 3328 4
937 3276 978 3339 ra]
996 3276 1085 3338 divisi,
1105 3279 1166 3343 quia
1183 3289 1244 3328 area
1261 3278 1295 3328 sd
1312 3290 1370 3329 rern
1386 3277 1565 3344 pecuniariam
1581 3291 1642 3342 pro-

327 3362 383 3426 prie
404 3359 533 3424 pertinet,
559 3365 647 3418 neque
668 3349 813 3414 intelligere
833 3365 944 3416 possum
960 3351 1024 3415 quid
1041 3351 1067 3402 h.
1085 3349 1102 3402 i.
1122 3351 1172 3403 sibi
1188 3349 1251 3402 velit
1267 3365 1371 3413 arcera,
1397 3363 1559 3416 quamquam
1576 3353 1642 3403 hanc

327 3447 421 3486 vocem
442 3430 513 3498 apud
536 3431 693 3480 Ciceronem
712 3424 810 3477 lectam
831 3426 912 3477 luisse
934 3427 1033 3477 Nonius
1055 3426 1183 3489 siguificat
1200 3427 1223 3486 4,
1241 3427 1298 3476 iiii.
1318 3425 1352 3490 [p.
1371 3427 1412 3477 ee.
1431 3425 1473 3477 cd.
1493 3426 1597 3492 Mercl,
1617 3430 1643 3479 et

326 3507 449 3562 librarius
466 3505 627 3572 diphthongo
644 3516 676 3553 44
691 3514 832 3567 perperam
849 3500 971 3566 ponenda
983 3499 1122 3564 aliquoties
1133 3501 1244 3550 erravit:
1263 3500 1359 3552 deinde
1370 3513 1449 3562 vero,
1468 3503 1529 3565 quia
1538 3503 1643 3566 praeter

325 3586 409 3639 verba
432 3585 535 3636 eradere
559 3581 585 3631 et
609 3578 740 3630 uacuare
764 3589 887 3641 quaeque
910 3574 943 3626 ab
965 3576 997 3626 iis
1020 3574 1172 3626 derivantur
1188 3572 1257 3626 nulla
1274 3578 1347 3637 sunt,
1374 3575 1408 3626 do
1426 3575 1522 3640 quibus
1539 3577 1642 3640 cogitari

283 3647 285 3652 ’
325 3663 424 3728 possit,
446 3661 525 3724 atque
548 3654 667 3720 proiecto
688 3666 722 3703 ne
746 3651 779 3702 de
802 3652 843 3702 his
866 3651 983 3715 quidem.
1014 3647 1119 3713 Syllaba
1140 3664 1173 3700 ra
1193 3650 1278 3714 prima
1296 3649 1404 3702 alicuius
1422 3652 1536 3702 nominis
1552 3650 1641 3712 hierit3

326 3736 465 3789 rationibus
484 3731 561 3784 verbi
581 3730 689 3795 gratia.»
712 3729 834 3780 Nrsnoaa.
861 3724 1050 3778 Mommsenius
1073 3723 1193 3789 supplet:
1218 3723 1384 3775 erarioeiour
1398 3726 1492 3788 accepti
1508 3730 1531 3776 et
1545 3726 1644 3788 4444444

326 3811 455 3865 4444444444.
469 3836 496 3845 -
510 3809 534 3858 e.
547 3806 687 3856 4444444444
697 3805 725 3855 P.
741 3829 768 3840 -
782 3803 905 3853 4444444444
914 3799 1116 3852 Mommseuius:
1136 3798 1244 3850 ducentis
1254 3799 1273 3848 P
1282 3797 1311 3849 0.
1325 3825 1352 3834 -
1367 3799 1392 3849 6.
1403 3799 1546 3851 tricieteP:
1563 3799 1644 3850 tricies

326 3891 355 3940 0.
370 3913 397 3923 -
416 3887 580 3936 4444444444
595 3882 629 3931 P:
647 3883 819 3930 4444444444
834 3875 909 3927 Nieb.
931 3877 958 3926 et
974 3875 1003 3925 0.
1023 3899 1050 3909 -
1070 3873 1093 3924 9.
1113 3887 1160 3937 que
1175 3879 1210 3926 eat
1225 3875 1253 3924 Ρ.
1267 3899 1294 3909 -
1315 3874 1354 3925 to.
1372 3872 1455 3924 pem
1470 3877 1498 3924 P.
1511 3900 1539 3909 —
1558 3875 1644 3925 aerari

325 3966 355 4014 P.
370 3989 398 4000 -
416 3959 563 4010 4444444444
578 3956 608 4006 0.
623 3983 650 3993 —
670 3955 710 4005 44,
729 3956 898 4006 4444444444
914 3953 942 4002 P.
958 3977 984 3986 -
1001 3963 1060 4012 pop.
1078 3948 1132 4013 iio]
1149 3949 1196 4000 Pii.
1209 3951 1237 4000 P.
1252 3974 1280 3984 -
1303 3949 1342 3999 ti.
1360 3950 1438 4001 uoteis
1454 3951 1481 4000 et
1497 3950 1644 4000 4444444444

325 4041 354 4102 Ρ,
372 4037 422 4089 sed
438 4035 510 4086 idem
526 4032 624 4097 ignotis.
638 4058 665 4068 —
688 4031 729 4081 43.
741 4029 861 4080 tubaliter
876 4029 935 4078 P.-
956 4023 996 4076 44.
1008 4037 1131 4074 maxumo
1147 4024 1175 4074 P.
1189 4049 1216 4059 -
1233 4024 1273 4074 45.
1285 4023 1345 4074 Plio
1359 4028 1363 4082 i
1378 4023 1630 4088 cremauerunt

326 4111 425 4164 saris
438 4113 467 4161 Ρ.
482 4136 510 4146 -
523 4111 654 4171 quaestore
669 4107 696 4159 P.
711 4132 739 4141 -
757 4105 797 4156 46.
810 4104 858 4154 4444
869 4103 897 4152 Ρ.
916 4128 940 4137 -
958 4100 1003 4150 teis
1017 4099 1136 4160 redeoque
1152 4100 1180 4149 P.
1195 4124 1222 4135 -
1240 4101 1305 4163 peste
1315 4100 1344 4148 P.
1359 4123 1385 4133 -
1405 4099 1445 4150 tr.
1459 4100 1526 4159 4441
1542 4099 1598 4150 POS
1613 4101 1641 4150 P.

329 4215 355 4228 -
374 4187 480 4251 amiects
496 4186 524 4234 P.
545 4210 572 4220 -
587 4182 762 4245 priaotisquae
778 4181 806 4230 P.
824 4207 852 4216 -
869 4176 944 4228 SINT
957 4177 990 4236 P;
1009 4175 1122 4226 correxit
1137 4172 1224 4236 Nicb.,
1246 4173 1296 4223 nisi
1313 4171 1388 4224 maiis
1405 4175 1483 4225 antea
1499 4181 1580 4240 444444
1595 4175 1644 4226 siut

327 4267 355 4316 et
367 4260 534 4327 pertinuerint
551 4255 703 4308 emendare.
724 4281 751 4292 -
770 4255 810 4306 48.
827 4253 903 4317 furtes·
919 4253 947 4302 P.
959 4277 986 4286 -
1005 4249 1130 4312 aliquoius
1145 4250 1173 4299 P.
1193 4274 1222 4285 -
1240 4249 1358 4310 4444444444
1375 4251 1402 4299 P.
1423 4275 1450 4285 -
1470 4251 1511 4300 49.
1528 4263 1644 4300 4444444-

326 4344 375 4389 tasi
390 4335 604 4388 turbulentiarum
619 4333 682 4395 reip.
701 4333 729 4382 P.
744 4358 771 4368 -
789 4329 833 4380 Ab
849 4334 853 4389 Ι
870 4325 1152 4379 austrasianis
1166 4323 1431 4384 iliAXVlilliXEitCl
1442 4329 1446 4384 1
1463 4325 1520 4376 PVS
1535 4327 1573 4376 IN
1578 4325 1644 4375 iirt-

325 4411 421 4472 trini
437 4408 678 4462 GlVlVllDlSSlDll
693 4411 697 4467 Ι
710 4404 925 4458 PENTIVDICHS
945 4405 979 4464 P;
1005 4401 1120 4454 correxit
1143 4398 1314 4461 Niebuhrius,
1342 4400 1421 4450 etiam
1443 4399 1512 4452 hanc
1534 4400 1644 4452 alteram

326 4484 487 4538 emendandi
503 4485 631 4535 rationem
648 4494 817 4548 proponens:
836 4493 892 4529 4444
903 4479 960 4528 adu.
972 4478 1001 4528 l..
1014 4478 1040 4526 S.
1052 4475 1161 4527 44444444
1176 4473 1300 4524 4444444444
1314 4473 1406 4523 4444444
1421 4473 1533 4526 initalia
1544 4475 1643 4540 [quidni

325 4563 352 4612 tn
372 4561 449 4612 ltalia
470 4557 588 4623 4444444]
611 4558 694 4608 diuiti.
712 4558 742 4607 44
758 4558 809 4606 444.
839 4554 936 4617 Recepi
957 4550 1093 4604 Niebuhrii
1115 4549 1343 4609 emendationem,
1366 4552 1487 4612 quamvis
1504 4552 1537 4603 sit
1553 4549 1641 4600 dubia.

326 4635 529 4696 immutemus,
552 4633 596 4684 cui
617 4631 691 4684 loeus
708 4630 848 4682 lacunosae
864 4629 979 4691 videtur,
998 4628 1065 4678 haec
1081 4625 1233 4691 proposuit:
1261 4627 1368 4675 44444444
1383 4626 1412 4677 L.
1430 4625 1515 4676 Suiioe
1529 4625 1642 4676 4444444

325 4712 449 4764 aceruus
467 4709 564 4774 (gerit.)
581 4708 608 4757 44
623 4706 726 4758 ltaliam
741 4707 807 4757 sicea
821 4703 965 4756 4444444444
979 4702 1005 4750 ui
1021 4705 1044 4752 et
1060 4701 1153 4762 44444,
1171 4715 1221 4750 nou
1236 4701 1335 4751 iudiciis
1350 4713 1381 4750 44
1396 4700 1497 4764 lepidus.

390 4786 432 4841 24.
452 4784 484 4849 (5.
497 4784 531 4847 i.)
553 4783 582 4833 C.
600 4782 682 4832 lunius
698 4780 851 4875 Vrcrorpii.
871 4778 895 4843 5.
913 4779 938 4828 2.
957 4790 1017 4843 pag.
1035 4777 1092 4828 eie.
1111 4778 1154 4828 0r.
1182 4777 1229 4828 «lu
1247 4790 1277 4828 re
1298 4781 1381 4828 autem
1400 4776 1543 4828 coniectura
1561 4787 1642 4838 4444-

325 4867 409 4913 444444
425 4860 550 4910 ducrum
566 4871 584 4907 4
600 4859 665 4918 toto,
689 4862 806 4920 oporte,
830 4869 847 4904 4
863 4866 964 4918 peuere,
986 4865 1003 4901 a
1018 4852 1097 4914 specie
1115 4853 1166 4903 cet.
1180 4877 1208 4888 -
1224 4879 1251 4890 -
1263 4853 1297 4904 lit
1311 4857 1340 4903 ut
1355 4853 1391 4904 lt.
1410 4851 1502 4902 Tullius
1516 4851 1543 4901 44
1558 4850 1642 4914 444444-

325 4937 393 4988 sione
407 4935 465 5000 serit
476 4948 527 4998 pro
542 4931 659 4984 Fonteio:
682 4932 704 4982 si
723 4929 793 4982 nulla
814 4929 928 4995 pecunia
943 4929 1081 4978 uumomta
1098 4928 1151 4990 est,
1174 4928 1240 4991 quod
1254 4931 1290 4979 eat
1305 4933 1396 4980 utun:
1421 4928 1496 4978 cuius
1511 4925 1640 4992 pecuniae

326 5009 545 5076 quinquagesima
562 5009 624 5058 esti
641 5006 707 5069 quod
722 5012 859 5068 estpars.»
878 5031 905 5042 -
923 5002 997 5054 idem
1014 5003 1056 5054 Vi,
1075 5003 1099 5067 5.
1118 5002 1141 5055 i.
1160 5016 1187 5068 p.
1199 5004 1272 5055 itae
1292 5003 1641 5068 «Eiqucetadmcaunierrpro

288 5084 515 5150 ‚quoeeboruua
534 5080 1246 5146 praeesumereuceteeouraiocooeaeremus,
1266 5075 1642 5142 44444444444444444444

326 5173 358 5212 44
373 5173 414 5214 rer
428 5171 493 5226 4444
507 5159 535 5211 44
550 5157 718 5222 amatunam
732 5155 812 5219 44444,
829 5159 858 5206 ui
868 5154 1028 5219 4444444444
1038 5155 1074 5210 44.
1089 5154 1181 5208 Pulliae
1195 5155 1352 5219 4444444444
1369 5155 1449 5220 quod
1463 5154 1529 5208 eius
1544 5163 1641 5203 44444
