3642 5868
467 431 536 497 nn.
557 431 597 497 11.
626 429 701 497 cn.
722 421 951 497 urs-nrm.
977 428 1034 516 33.
1056 427 1250 497 ras-ua.
1460 425 1523 494 aro

136 659 137 664 ,
207 609 281 668 tano
303 603 340 666 A.
357 601 536 666 Claudiumt
559 609 590 666 et
607 603 668 668 nisi
690 609 810 667 mature
824 602 975 666 Laetilius
996 604 1029 666 in
1046 602 1181 667 Siciliam
1203 623 1273 667 oum
1293 601 1407 666 litteris
1420 601 1525 664 venis·

207 705 271 775 set,
292 703 398 762 minus
417 715 488 758 xxx
502 695 611 760 diebus
625 695 770 760 Metellus
785 705 883 762 totam
898 697 1025 762 triennii
1044 705 1221 782 praeturam
1235 705 1319 761 uram
1334 695 1523 760 rescidisset

291 786 363 854 444.
384 791 426 852 Et
445 790 594 873 quoniam
617 791 655 853 de
677 809 715 854 ea
735 793 882 874 pecuum,
905 811 997 875 quam
1018 793 1075 857 tibi
1090 790 1129 856 ad
1145 798 1277 855 statuam
1291 810 1438 855 censores
1452 807 1525 851 oon·

206 885 362 960 tulerunt,
385 883 471 946 dixi:
494 902 557 946 non
579 883 657 948 mihi
675 885 986 966 praetermittendum
1000 885 1178 950 videturne
1193 884 1271 948 illud
1286 883 1412 970 quidem
1427 900 1525 965 genus

206 980 360 1062 pecuniae
390 978 589 1052 conciliatae,
618 997 711 1061 quam
740 985 774 1042 tu
801 979 1017 1043 aoivitatibus
1039 985 1211 1042 statuarum
1231 980 1360 1044 nomine
1382 973 1549 1058 coegistis

205 1073 309 1137 Video
338 1073 422 1136 enim
453 1071 521 1136 eius
551 1073 703 1155 pecuniae
729 1092 880 1137 summam
903 1092 973 1135 esse
1001 1073 1225 1158 pergrandem,
1257 1072 1296 1135 ad
1318 1070 1378 1136 {rs
1401 1069 1525 1133 triciess

207 1175 327 1232 uotum
358 1162 522 1230 conficitur
549 1187 590 1229 ex
617 1168 805 1230 testimoniis
827 1173 858 1230 et
878 1167 992 1232 litteris
1015 1169 1185 1232 civitatum.
1227 1166 1268 1232 Et
1287 1167 1348 1230 iste
1369 1163 1430 1226 hoo
1450 1181 1526 1224 con·

207 1260 294 1328 cedit
314 1281 373 1324 neo
392 1265 499 1343 potest
519 1260 611 1324 aliter
632 1259 747 1325 dicere.
775 1260 879 1336 Quare
901 1261 1089 1326 cuiusmodi
1110 1268 1255 1343 putamus
1270 1279 1340 1324 esse
1354 1258 1423 1331 illa,
1446 1275 1525 1338 quae

206 1362 318 1439 negat,
348 1375 418 1418 oum
440 1354 517 1418 baec
538 1361 601 1418 tam
623 1356 767 1439 improba
787 1357 867 1430 sint,
895 1375 975 1439 quae
996 1355 1138 1419 fatetur?
1162 1355 1256 1432 ‘Quid
1278 1357 1362 1419 enim
1382 1354 1430 1418 ris
1452 1370 1526 1414 con·

208 1451 318 1515 stituit
340 1456 558 1531 consumptam
581 1468 650 1514 esse
673 1469 799 1512 omnem
812 1451 904 1514 istam
917 1452 1084 1533 pecuniam
1102 1452 1135 1515 in
1150 1450 1286 1514 statuis?
1309 1451 1370 1512 Fac
1383 1450 1427 1512 ita
1441 1465 1562 1514 esserto

207 1552 313 1608 tamen
334 1542 393 1606 boc
414 1541 578 1606 ferendum
599 1543 687 1606 nullo
709 1542 802 1606 modo
824 1550 889 1617 est,
920 1551 1036 1608 tantam
1058 1565 1077 1608 a
1099 1545 1192 1610 sociis
1213 1545 1379 1627 pecuniam
1400 1539 1525 1613 auferri,

206 1646 243 1703 nt
263 1639 297 1702 in
318 1636 463 1700 omnibus
486 1641 656 1722 angiportis
677 1638 845 1721 praedonis
867 1637 1090 1722 improbissimi
1108 1646 1209 1703 statua
1224 1645 1372 1722 ponatur,
1394 1655 1457 1719 qua
1471 1634 1527 1698 vix

207 1738 275 1796 tuto
297 1732 423 1794 uansiri
444 1751 538 1815 posse
559 1733 711 1796 rideatur.
744 1731 852 1795 LVIII.
874 1727 946 1794 444.
961 1733 1078 1795 Verum
1098 1733 1154 1797 ubi
1176 1733 1302 1797 tandem
1325 1737 1378 1795 ant
1399 1729 1434 1792 in
1456 1727 1526 1810 qui-

207 1827 266 1890 bus
288 1827 399 1888 statuis
421 1827 482 1889 ista
503 1835 589 1890 tanta
609 1827 743 1911 pecunia
756 1833 940 1908 consumpta
954 1829 1024 1889 est?
1059 1826 1281 1901 Consumetur,
1304 1826 1437 1910 inquies.
1461 1820 1527 1885 Soi-

207 1923 281 1986 licet
302 1928 520 2002 exspectemus
542 1921 715 2003 legitimum
743 1920 821 1983 illud
843 1923 1114 2004 quinquennium:
1143 1921 1171 1985 si
1191 1921 1253 1984 hoc
1273 1917 1438 1984 intervallo
1460 1933 1563 1988 non45

207 2016 451 2096 consumpserit,
475 2021 540 2078 tum
562 2015 699 2098 denique
721 2034 838 2078 nomen
863 2017 931 2078 eius
946 2015 985 2078 de
1000 2017 1142 2099 pecuniis
1157 2015 1339 2098 repetundis
1355 2019 1525 2077 statuarum

206 2109 333 2174 nomiae
355 2108 543 2174 deferemus.
575 2112 658 2174 Reus
681 2117 730 2173 est
750 2110 894 2173 maximis
911 2109 1116 2194 plurimisque
1132 2109 1314 2175 criminibus
1329 2109 1363 2173 in
1376 2103 1526 2171 iudicium

205 2210 354 2270 vocatus:
377 2203 437 2268 IIS
460 2204 565 2269 tricies
587 2225 629 2269 ex
649 2204 710 2267 boc
731 2225 795 2268 uno
817 2223 932 2286 genere
954 2212 1079 2288 captum
1095 2205 1247 2270 videmus.
1282 2205 1316 2270 Si
1337 2199 1527 2266 condemna·

205 2307 256 2364 tus
278 2299 357 2373 eris,
378 2319 460 2374 non,
482 2302 609 2384 opinor,
631 2298 664 2363 id
686 2318 776 2380 ages,
798 2305 833 2362 ut
854 2301 914 2363 ista
935 2302 1069 2382 pecunia
1083 2303 1117 2364 in
1133 2299 1349 2385 quinquennio
1364 2313 1527 2361 consuma-

205 2401 257 2458 tur
283 2394 316 2456 iu
346 2397 476 2458 statuis:
506 2396 556 2458 sin
587 2394 748 2458 absolutus
770 2393 848 2468 eris,
878 2395 948 2477 quis
971 2396 1031 2458 erit
1052 2401 1116 2459 um
1137 2415 1260 2470 amens,
1290 2393 1396 2476 quite
1419 2409 1460 2452 ex
1480 2394 1564 2460 totso

208 2489 364 2572 tantisque
393 2490 575 2552 criminibus
602 2489 742 2572 elapsum
772 2495 844 2571 post
865 2489 1116 2572 quinquennium
1138 2498 1309 2552 statuarum
1330 2487 1456 2549 nomine
1478 2501 1528 2548 ar·

208 2583 335 2646 cessati
358 2582 404 2644 Ita
426 2585 452 2646 si
474 2603 578 2665 neque
599 2582 701 2647 adhuc
723 2589 906 2666 consumpta
922 2590 970 2646 est
984 2586 1044 2646 ista
1062 2584 1205 2668 pecunia,
1220 2590 1253 2647 et
1267 2589 1314 2647 est
1326 2579 1527 2664 perspicuum

207 2696 271 2742 nou
286 2683 503 2760 consumptum
518 2679 574 2753 iri,
596 2678 671 2742 licet
685 2678 747 2740 iam
760 2675 970 2759 intelligamus
984 2679 1144 2742 inventurn
1159 2699 1230 2742 esse
1244 2679 1414 2749 rationem,
1429 2691 1527 2756 quare

208 2777 239 2834 et
259 2771 319 2834 iste
342 2769 402 2834 fla
425 2772 531 2836 tricies
554 2791 596 2836 ex
615 2772 676 2835 hoo
696 2790 761 2833 uno
783 2789 898 2852 genere
921 2772 1096 2836 conciliarit
1117 2780 1148 2836 et
1170 2775 1289 2857 ceperit
1310 2779 1342 2835 et
1364 2771 1477 2843 ceteri,
1499 2769 1526 2832 si

206 2865 266 2928 hoo
288 2883 307 2928 a
328 2865 417 2929 robis
440 2867 500 2929 erit
521 2866 771 2951 comprobatum,
800 2884 895 2949 quam
916 2866 1025 2930 volent
1051 2885 1180 2951 magnas
1201 2869 1262 2932 hoo
1282 2866 1410 2931 nomine
1432 2883 1564 2948 pecu-at

206 2962 277 3025 nias
298 2979 410 3044 capere
431 2961 569 3046 possint;
590 2969 626 3026 ut
647 2961 709 3024 iam
730 2959 894 3024 videamur
914 2980 978 3023 non
1001 2981 1020 3024 a
1040 2963 1183 3046 pecuniis
1199 2960 1363 3048 capiundis
1383 2960 1527 3024 homines

207 3054 383 3129 abstinere,
412 3054 484 3128 sed,
514 3075 584 3119 oum
606 3074 721 3138 genera
742 3053 896 3138 quaedam
917 3057 1120 3138 pecuniarum
1141 3057 1365 3140 capiundarum
1387 3073 1528 3138 compro

206 3149 362 3222 barimns‚
383 3147 518 3212 honesta
538 3152 666 3213 nomina
688 3148 876 3232 turpissimis
896 3148 990 3212 rebus
1012 3151 1183 3233 imponere.
1217 3146 1288 3214 443.
1309 3149 1436 3214 Etenim
1451 3149 1477 3212 si
1493 3149 1527 3212 C.

206 3244 321 3308 Verres
343 3243 403 3306 Hb*
425 3263 442 3307 c
465 3244 552 3307 miIIa
571 3245 721 3328 populum
742 3243 829 3306 verbi
851 3243 949 3324 gratia
971 3242 1208 3328 Centuripinum
1228 3247 1423 3328 poposcisset
1444 3262 1529 3306 eam·

208 3357 270 3422 que
291 3338 331 3401 ab
352 3338 392 3401 iis
412 3339 580 3421 pecuniam
602 3337 799 3411 abstulisset,
821 3357 903 3411 non,
926 3338 1054 3420 opinor,
1077 3345 1161 3402 esset
1179 3338 1324 3414 dubium,
1346 3341 1424 3421 quin
1446 3351 1565 3412 eumen

208 3451 279 3495 oum
300 3429 333 3494 id
353 3430 481 3513 planum
503 3429 609 3507 fieret,
631 3431 833 3496 condemnari
856 3451 986 3494 necesse
1008 3438 1101 3495 esset
1135 3431 1245 3508 Quint
1267 3433 1294 3495 si
1316 3430 1450 3497 eundem
1471 3453 1528 3518 po·

273 3716 298 3765 4.
315 3727 372 3765 aas
388 3714 404 3765 4.
422 3727 476 3765 oea.
495 3713 529 3766 I:
545 3727 601 3766 oen.
619 3725 643 3765 o.
661 3713 708 3765 4444.
726 3715 774 3766 (444.
793 3716 822 3766 0.
843 3741 871 3752 -
889 3714 914 3765 4.
931 3717 1012 3777 proca
1031 3717 1103 3762 tuam
1118 3711 1150 3763 I:
1167 3717 1316 3775 orsam
1332 3711 1380 3764 dtt.
1400 3741 1427 3751 -
1446 3713 1470 3765 4.
1488 3713 1530 3766 IIS

208 3791 289 3842 tricies
305 3793 374 3842 coni.
392 3793 511 3856 Zumpt:
528 3791 579 3844 IIS.
595 3791 670 3842 ntem
686 3792 754 3842 coni.
773 3792 874 3850 Garat.;
892 3789 942 3840 IIS.
959 3789 1044 3840 CXXX
1057 3789 1202 3852 434944;
1228 3789 1365 3842 samar
1379 3789 1527 3853 434444φ;

206 3867 256 3918 IIS.
270 3867 334 3918 CXX
346 3867 418 3918 milio
435 3868 463 3919 0.
490 3867 532 3918 stc
548 3867 573 3932 4.
591 3865 647 3918 444.
667 3867 740 3927 444.;
758 3865 855 3930 quibus
875 3864 940 3916 locis
956 3865 1028 3916 idem
1045 3877 1173 3916 numerus
1189 3865 1325 3917 restitutus
1342 3867 1392 3916 est.
1417 3865 1530 3930 Zumptii

208 3942 275 3992 cont.
295 3941 387 3994 codice
404 3943 440 4005 N,
463 3943 594 3994 Garatonii
612 3942 679 3993 coni
699 3941 790 3993 codice
808 3943 832 3993 44
850 3941 882 4004 (4.
902 3941 968 4005 465.)
986 3939 1121 3992 firmatur:
1147 3941 1233 3991 utram
1250 3939 1399 4005 praeferas,
1417 3937 1480 3992 nihil
1496 3937 1531 3990 ad

207 4027 275 4066 reru.
296 4044 323 4053 -
342 4017 366 4067 7.
384 4018 528 4082 corradetur
544 4016 661 4083 4344φ;
680 4018 812 4082 conficitur
828 4016 933 4080 434944.
955 4043 982 4054 -
1000 4021 1023 4066 et
1040 4015 1108 4081 4344
1124 4030 1150 4081 p.
1165 4029 1217 4066 m.:
1237 4029 1268 4066 oe
1284 4017 1329 4068 ott.
1347 4016 1376 4066 0.
1398 4043 1425 4053 -
1443 4015 1467 4067 8.
1485 4015 1531 4066 iiio

207 4103 256 4141 esse
272 4091 352 4143 Prisc.
370 4093 401 4143 11.
420 4105 447 4158 p.
466 4093 524 4145 446.
544 4119 573 4130 -
592 4093 617 4144 4.
635 4093 684 4143 siut
699 4093 796 4144 Prisc:
818 4095 876 4142 aas
890 4089 970 4141 codd.
989 4091 1052 4142 nott.
1073 4118 1100 4129 -
1124 4092 1236 4154 [44444444
1250 4091 1332 4142 Prisc.
1352 4115 1380 4128 ·-
1399 4089 1439 4141 44.
1456 4089 1531 4141 brom

207 4177 305 4218 man
320 4167 458 4231 434944.
478 4195 507 4206 -·
526 4169 567 4220 44.
584 4169 718 4232 [mendam
737 4165 857 4231 434944.
877 4191 906 4204 -
925 4181 943 4216 o
958 4165 1030 4217 coetis
1045 4165 1126 4230 4344ε
1148 4165 1180 4216 ob
1196 4165 1269 4217 444444
1284 4167 1330 4217 ott.
1348 4165 1377 4216 0.
1397 4189 1426 4204 ·-
1444 4167 1486 4216 44.
1503 4166 1531 4216 ts

207 4241 319 4294 coraibus
334 4241 402 4306 4344
419 4257 507 4310 p.·m.:
527 4245 639 4295 4444444444
654 4245 682 4294 io
692 4245 737 4294 ott.
751 4243 817 4294 0.-
834 4247 922 4292 4444444
933 4245 1046 4305 possmus·
1061 4240 1130 4306 4344
1146 4253 1172 4306 p.
1184 4253 1221 4292 m.
1233 4255 1274 4304 cp:
1291 4245 1389 4292 4444444
1403 4247 1532 4305 poscere

208 4319 253 4372 ott.
271 4319 300 4370 0.
321 4345 348 4356 -
368 4319 408 4370 43.
427 4319 573 4383 bomaio.
590 4321 708 4370 edoctor
724 4316 878 4382 434444φε
904 4317 1097 4379 ammonem
1112 4318 1244 4368 fidemus·
1259 4318 1304 4370 ott.
1326 4343 1353 4355 -
1372 4317 1413 4369 44.
1432 4319 1528 4382 depes.

206 4407 260 4456 rep.
279 4393 311 4445 4τ
330 4394 359 4445 de
373 4407 428 4457 rep.
443 4407 497 4457 poc.
516 4394 564 4445 444.
583 4396 612 4446 0.
634 4423 662 4433 -
681 4395 721 4444 tr.
739 4394 878 4457 deseram
895 4390 943 4442 Lb.
956 4390 1034 4452 4444;
1052 4393 1202 4456 deferrem
1218 4391 1295 4456 4344.
1314 4419 1342 4430 -
1361 4391 1401 4444 48.
1419 4393 1468 4444 HS.
1486 4394 1531 4444 tri-

207 4468 263 4533 aar]
280 4467 313 4521 oi.
332 4468 367 4519 ad
384 4469 408 4533 8.
427 4467 485 4520 444.
505 4468 596 4533 [habet
610 4470 639 4521 h.
657 4467 675 4520 4.
693 4467 762 4532 4344
777 4469 833 4529 XX,
852 4467 960 4519 firmans
977 4468 1063 4518 Garat.
1076 4467 1278 4532 coniecturam]
1297 4493 1325 4506 -
1343 4471 1446 4530 coptus
1461 4466 1530 4532 4344

207 4556 234 4608 p.
252 4555 305 4594 m.:
330 4547 406 4606 copta
423 4545 469 4594 ott.
487 4545 516 4594 0.
536 4570 565 4582 -
583 4545 624 4596 49.
642 4545 670 4596 io
685 4545 771 4607 3444443.
790 4542 879 4595 codd:
895 4543 925 4592 In
940 4553 994 4592 om.
1013 4542 1042 4592 0.
1063 4569 1090 4580 -
1112 4543 1153 4594 44.
1172 4547 1225 4594 tosa
1241 4555 1295 4594 om.
1313 4541 1382 4606 4344
1398 4555 1424 4608 p.
1442 4555 1479 4594 m.
1500 4569 1528 4580 -

208 4619 305 4668 denam
320 4619 351 4668 Α.
372 4641 399 4656 ·-
417 4617 459 4668 44.
478 4624 590 4670 arcanos
605 4619 642 4670 N:
670 4623 783 4668 ocem
797 4618 820 4667 V
836 4616 878 4669 alri
895 4617 960 4675 dtt.·‚
986 4622 1092 4668 masat
1108 4616 1176 4682 4344
1192 4631 1219 4684 p.
1231 4631 1283 4676 ηις
1301 4619 1435 4668 camber
1450 4619 1528 4683 4344.

200 4707 237 4732 ¹-
256 4692 297 4742 44.
316 4696 352 4742 est
365 4692 415 4742 Isto
427 4705 455 4754 o.
474 4691 542 4758 4344
558 4707 584 4758 p.
596 4705 633 4744 m.
651 4693 687 4742 V:
707 4695 757 4743 isto
777 4706 803 4756 p.
822 4693 918 4744 estoit.
937 4693 966 4744 0.
986 4719 1014 4730 -
1032 4691 1074 4744 44.
1092 4693 1141 4744 HS.
1161 4709 1186 4741 co
1203 4709 1229 4742 co
1246 4694 1281 4755 v;
1304 4691 1354 4746 HS.
1373 4692 1442 4744 CXX.
1459 4691 1531 4742 mido

208 4768 254 4819 ott.
272 4767 301 4816 0.
320 4791 350 4804 -
368 4767 582 4818 eaebocusov:
599 4767 763 4818 mbocom.
782 4769 826 4818 ott.
846 4768 875 4818 0.
896 4767 1127 4819 —riboeooob
1147 4767 1272 4833 434944ε
1290 4767 1475 4819 baccinum.
1492 4769 1527 4828 νς

206 4844 263 4894 aio
277 4840 333 4892 vob.
351 4841 396 4892 boc
412 4844 457 4894 ott.
476 4844 505 4894 0.
526 4869 552 4882 ·-
573 4843 614 4894 46.
629 4844 733 4906 pmsir
747 4843 1114 4906 capesso-emonam
1127 4843 1160 4896 V.
1175 4871 1202 4882 -
1220 4845 1261 4895 44.
1279 4843 1400 4894 abnam
1416 4841 1485 4907 4344
1500 4855 1527 4907 p.

207 4931 244 4970 m.
257 4930 297 4979 cp:
314 4915 451 4967 aduam
467 4917 506 4968 ev
522 4919 568 4968 ott.
581 4919 610 4968 0.
625 4943 653 4956 -
671 4918 884 4982 conprobatam
899 4917 1060 4982 43444444
1078 4918 1294 4982 comprobaturum
1309 4921 1353 4970 ott
1374 4945 1402 4956 -
1419 4917 1461 4969 44.
1478 4917 1528 4968 HS.

208 4993 236 5046 G.
253 4993 325 5044 naida
342 4993 409 5043 coni.
428 4993 547 5057 Zumpt:
571 4992 620 5044 iis.
644 5005 714 5044 coron
730 4993 765 5056 V,
792 4995 818 5044 In
835 5007 889 5058 qno
908 4993 1060 5045 VaddItum
1079 4997 1132 5059 est,
1158 4995 1207 5047 sed
1223 4997 1316 5061 postea
1333 4991 1462 5051 deletum
1488 4991 1530 5044 448

208 5069 351 5134 negem
368 5068 640 5120 Efflfflimdioctt.
659 5069 688 5120 0.
709 5069 1103 5132 -popoescocoomqosu
1123 5096 1150 5107 -
1170 5071 1211 5122 34.
1229 5069 1359 5121 4444444
1380 5068 1526 5120 44444444.

209 5147 238 5198 0.
258 5173 286 5184 -
304 5145 450 5209 adamica,
474 5145 693 5209 4444344444-
712 5144 937 5210 opioorressetv.
957 5167 984 5184 ··
1004 5145 1045 5202 44.
1062 5143 1509 5211 44444444,4;44444444444.0.
