3642 5862
495 456 563 522 ns.
584 456 624 520 v.
653 453 728 520 cn.
747 453 952 520 sm-srr.
978 449 1035 537 44
1057 446 1246 518 ror-ru.
1466 436 1530 510 444

213 625 290 711 quid
311 645 372 708 epo
393 627 658 690 commemorem?
689 627 825 690 Tantum
846 624 1031 688 brevissime
1052 623 1190 698 iudices,
1212 623 1300 687 dico:
1326 619 1449 684 nullum
1470 616 1530 682 icti

213 721 344 786 omnino
366 719 502 784 civitatis
522 721 585 783 isto
606 721 751 802 praetore
772 720 806 783 in
825 718 888 782 boc
909 736 1025 802 genere
1047 716 1223 780 discrimen.
1250 715 1362 799 ltaque
1375 714 1440 778 iam
1455 731 1531 774 coa-

211 813 379 880 suetudine
400 813 442 878 ad
463 832 597 896 corpora
618 814 733 877 civium
754 815 966 878 Romanorum
988 812 1084 878 etiam
1105 811 1175 874 sine
1196 810 1288 874 istius
1308 815 1389 872 nutu
1408 803 1531 870 tereba-

211 915 263 974 tur
289 927 402 972 manus
423 909 492 990 ipsa
513 907 642 972 lictoris.
685 907 763 970 LIV.
784 909 866 972 Num
888 915 980 992 putes
1001 904 1061 970 boc
1082 923 1214 987 negare,
1244 905 1374 976 Verres,
1403 900 1437 964 in
1458 897 1528 962 toro

211 1000 354 1086 Lilybaei
384 1001 523 1066 maximo
544 1008 702 1067 consentu
725 1002 758 1066 C.
781 1003 964 1078 Servilium,
997 997 1301 1087 ciremdliomanum
1331 994 1553 1058 soonrentul
1656 981 1686 1064 A

210 1095 451 1170 Panormitano,
472 1101 612 1160 veterem
633 1097 878 1179 negotiatorem,
899 1097 941 1160 ad
961 1093 1099 1159 tribunal
1121 1097 1194 1156 ante
1213 1090 1311 1173 pedes
1325 1097 1398 1154 tuos
1412 1089 1453 1152 ad
1468 1093 1530 1152 ter·

211 1209 277 1254 ram
298 1189 395 1271 virgis
416 1197 449 1254 et
469 1177 851 1254 verberibuffiiectumt
882 1189 974 1254 llude
993 1189 1055 1252 boc
1075 1187 1212 1272 primum
1226 1204 1356 1268 negare,
1379 1183 1407 1246 si
1428 1189 1530 1265 potes.
1643 1210 1645 1221 ·

210 1286 309 1350 Nemo
331 1281 476 1367 Lilybaei
496 1282 574 1360 tuit,
597 1285 674 1368 quin
696 1284 828 1348 viderit:
850 1304 944 1348 nemo
966 1284 999 1348 in
1019 1283 1143 1357 Sicilia,
1166 1280 1244 1365 quin
1259 1278 1405 1343 audierit.
1425 1273 1530 1358 Plagis

211 1377 389 1442 coniectum
411 1378 483 1444 dico
505 1397 525 1440 a
545 1377 710 1442 lictoribus
730 1380 794 1442 tuis
815 1381 916 1442 civem
937 1381 1114 1442 Romanum
1134 1383 1208 1440 ante
1230 1375 1340 1438 oculos
1361 1379 1434 1434 tuos
1455 1389 1531 1432 con-

210 1472 336 1536 cidisse.
369 1466 440 1535 lii.
462 1472 504 1534 At
525 1491 620 1556 quam
641 1473 683 1534 ob
698 1475 848 1536 causam?
870 1473 903 1537 di
916 1471 1126 1537 immortales!
1148 1470 1273 1533 tametsi
1286 1466 1433 1530 iniuriam
1447 1461 1567 1526 facino

210 1565 368 1630 communi
392 1585 505 1630 causae
528 1573 560 1630 et
580 1566 640 1630 iuri
663 1565 815 1630 civitatis:
838 1568 930 1650 quasi
951 1567 1035 1630 enim
1056 1565 1122 1628 ulla
1143 1565 1245 1647 possit
1258 1581 1328 1626 esse
1342 1578 1453 1633 causa,
1475 1577 1531 1621 cur

210 1661 271 1724 boc
299 1659 449 1742 cuiquam
476 1661 538 1724 civi
565 1662 707 1724 Romano
735 1661 804 1725 iure
833 1660 973 1733 accidat,
1005 1660 1049 1723 ita
1059 1659 1203 1746 (quaero,
1237 1676 1319 1750 qnae
1340 1655 1374 1718 in
1397 1649 1530 1716 Servilio
1612 1673 1626 1712 ‚s

211 1775 307 1820 causa
327 1744 445 1845 tuerit.)
475 1755 631 1837 Ignoscite
652 1755 685 1817 in
706 1755 769 1818 boc
790 1775 870 1831 uno,
892 1754 1030 1818 iudicesr
1053 1754 1087 1817 in
1110 1752 1222 1816 ceteris
1238 1751 1320 1814 enim
1335 1768 1399 1812 non
1416 1764 1531 1826 magno

211 1869 308 1933 opere
336 1867 448 1912 causas
468 1847 639 1931 requiram.
682 1849 820 1912 Locutus
847 1858 915 1913 erat
935 1849 1067 1912 liberius
1089 1847 1128 1910 dc
1148 1848 1240 1912 istius
1261 1841 1463 1926 improbitate
1485 1845 1532 1901 at-

211 1964 275 2028 que
296 1942 449 2026 nequitia.
492 1940 587 2017 Quod
609 1941 660 2005 isti
681 1942 813 2007 simulac
834 1943 1049 2006 renuntiatum
1070 1949 1134 2016 est,
1155 1939 1316 2004 bominem
1337 1937 1425 2001 iubet
1445 1932 1531 2017 Lily·
1540 1941 1569 1988 14

210 2039 325 2102 basum
347 2036 562 2101 vadimonium
583 2036 718 2099 Venerio
741 2056 833 2102 servo
853 2037 1047 2121 promittere.
1079 2035 1250 2099 Promittit:
1271 2031 1457 2116 Lilybaeum
1478 2049 1531 2094 se·

211 2132 307 2196 nitur.
351 2130 468 2212 Cogere
490 2145 563 2192 eum
585 2131 702 2214 coepit,
734 2149 806 2194 cnm
832 2138 940 2213 agerem
960 2149 1072 2206 nemo,
1100 2148 1194 2193 nemo
1216 2125 1418 2214 postularet„
1435 2141 1532 2205 spon·

211 2225 333 2293 sionem
347 2226 370 2304 'i
386 2223 509 2288 milium
530 2243 693 2288 nummum
714 2224 818 2288 facere
840 2245 912 2288 oum
934 2225 1044 2288 lictore
1065 2244 1139 2299 suo,
1174 2243 1207 2287 ru
1235 2241 1343 2286 araris
1365 2236 1531 2293 oreusrvrr

211 2337 365 2386 racanas.
399 2319 648 2401 Recuperatores
670 2337 740 2382 sese
762 2318 803 2382 de
824 2319 953 2383 cohorte
976 2339 1034 2384 sua
1055 2318 1179 2382 dicebat
1193 2316 1349 2380 daturum.
1379 2311 1531 2378 Servilius

210 2421 243 2477 et
263 2430 408 2476 recusare
430 2420 463 2476 et
481 2412 655 2494 deprecari,
677 2431 716 2476 nc
738 2413 856 2496 iniquis
878 2413 1049 2487 iudicibus,
1070 2411 1159 2474 nullo
1173 2409 1364 2484 adversario,
1378 2405 1568 2472 iudicium„

210 2507 321 2591 capitis
353 2507 386 2568 in
415 2525 450 2570 se
481 2507 734 2572 constitueretur.
779 2503 959 2572 11411444
990 2527 1062 2570 cum
1083 2505 1219 2569 maxime
1240 2504 1441 2588 loqueretur,
1473 2520 1532 2566 sex

210 2601 337 2666 lictores
359 2599 596 2663 circumsistunt
617 2599 822 2665 valentissimi
844 2608 876 2664 ct
896 2601 936 2664 ad
953 2601 1127 2684 pssandos
1141 2599 1417 2681 verberandosque
1431 2595 1532 2662 bomi-

209 2715 266 2760 nes
294 2693 565 2758 exercitatissimi:
595 2692 732 2758 caedunt
759 2695 910 2758 acerrime
939 2695 1052 2778 virgis:
1083 2694 1224 2778 denique
1244 2693 1409 2776 proximus
1430 2691 1531 2768 lictor,

209 2788 249 2853 de
271 2808 335 2872 quo
356 2786 420 2850 iam
441 2806 537 2871 saepe
559 2787 643 2862 dixi,
666 2789 809 2864 Sextius,
832 2808 985 2853 converso
1006 2789 1120 2854 baculo
1137 2787 1245 2852 oculos
1269 2788 1383 2850 misero
1398 2786 1531 2850 tundere

208 2881 484 2948 vehementissime
507 2881 621 2964 coepit.
656 2873 767 2966 Itaqb'e
790 2883 860 2958 ille,
882 2904 955 2947 cum
976 2883 1105 2965 sanguis
1127 2902 1162 2945 os
1183 2881 1358 2965 oculosque
1377 2882 1569 2965 comples-²⁸

209 2985 274 3051 set,
296 2975 449 3050 concidit,
471 2995 543 3040 cnm
561 2975 608 3040 illi
622 2976 724 3040 nibilo
739 2981 844 3042 minus
858 2979 974 3042 iacenti
988 2978 1087 3042 latera
1101 2975 1286 3050 tunderent,
1308 2975 1531 3060 utaliquando

209 3071 365 3154 spondere
395 3089 429 3134 se
458 3069 586 3134 diceret.
630 3070 681 3134 Sic
709 3071 764 3134 ille
785 3074 934 3148 allectus,
955 3072 1043 3134 illinc
1065 3079 1131 3135 tum
1152 3091 1209 3154 pro
1231 3077 1356 3134 mortuo
1379 3072 1532 3146 sublatus,

209 3163 354 3249 perbrevi
375 3169 487 3246 postea
509 3171 557 3226 est
578 3170 731 3228 mortuus.
764 3167 827 3228 Iste
848 3173 954 3228 autem
975 3166 1070 3229 bomo
1096 3167 1266 3239 Venerius,
1288 3163 1421 3228 affluens
1445 3165 1532 3230 omni

209 3260 317 3342 lepore
339 3277 376 3322 ac
397 3263 580 3332 venustate,
604 3257 643 3321 de
665 3259 758 3322 bonis
778 3258 865 3322 illius
885 3259 920 3322 in
941 3259 1021 3322 aede
1042 3260 1175 3323 Veneris
1197 3264 1382 3342 argenteum
1403 3256 1533 3339 Cupidi-

275 3499 298 3548 4.
316 3499 421 3560 iudices,
440 3499 494 3548 dico
510 3497 546 3550 143
557 3500 588 3551 l:
616 3501 685 3562 dico,
703 3500 795 3552 iudices
811 3501 875 3552 dett.
894 3502 923 3552 0.
943 3501 1034 3564 (dicam
1051 3501 1138 3566 igit.)
1158 3527 1187 3538 -
1205 3501 1230 3551 4.
1248 3499 1356 3550 moilatio
1371 3498 1425 3551 aa:
1443 3499 1532 3549 444444-

209 3573 273 3624 iibee
288 3573 372 3637 4ς49ς
395 3587 449 3624 cm.
468 3572 533 3624 dett.
552 3575 581 3624 0.
606 3601 634 3612 -
658 3575 681 3626 3.
700 3577 727 3626 iu
743 3577 777 3626 od
792 3589 901 3639 corporo
917 3578 946 3626 14.
967 3602 995 3613 -
1014 3575 1037 3627 1.
1055 3577 1156 3640 cepere]
1173 3588 1261 3640 penem
1277 3575 1323 3626 143.
1343 3601 1371 3613 -
1389 3577 1413 3626 b.
1432 3589 1446 3626 4
1460 3587 1531 3626 coeo.

209 3647 291 3702 aaa:
309 3650 422 3700 444444.
441 3648 506 3701 dett.
525 3650 597 3701 0.-
615 3652 640 3702 44.
657 3650 909 3704 momorum
926 3653 977 3714 1133
995 3653 1252 3703 mmmmm
1274 3652 1312 3702 04.
1331 3649 1424 3714 444144.
1442 3663 1533 3702 4444·

208 3731 283 3780 verbe
298 3727 474 3790 8444444444,
492 3727 520 3778 44
536 3739 561 3778 v.
580 3727 682 3792 Zumpt.
701 3725 735 3778 ud
752 3726 794 3778 lv.
813 3726 838 3792 4.
856 3729 897 3778 dd.
917 3751 946 3764 —
966 3731 1021 3778 4444
1036 3731 1134 3778 citare
1150 3727 1179 3780 44.
1198 3753 1225 3762 -
1245 3727 1269 3778 4.
1287 3726 1315 3776 irs
1330 3726 1436 3778 4141444444
1451 3728 1481 3778 a.
1502 3751 1528 3766 ··

210 3802 253 3866 oct
269 3799 380 3851 audicio
395 3801 416 3850 14
431 3813 472 3866 pr.
491 3814 527 3851 m.
546 3827 574 3838 -
594 3801 619 3852 9.
638 3803 752 3853 4444444444
768 3803 833 3854 Non.
851 3815 878 3867 p.
892 3802 960 3864 268..
978 3799 1028 3854 sed
1043 3815 1070 3867 p.
1083 3800 1140 3852 368.
1157 3802 1297 3852 concidisse.
1313 3829 1340 3840 -
1360 3803 1400 3854 40.
1418 3806 1532 3866 coruom

209 3875 240 3927 ob
255 3885 361 3926 cccecm
376 3873 412 3925 143
436 3875 479 3937 (cd
495 3873 537 3940 Ri²
565 3875 595 3926 ob
617 3889 695 3938 pacm
716 3889 821 3927 cccrum
843 3875 907 3928 dett.
926 3876 955 3926 0.
982 3875 1021 3927 ct.
1040 3875 1126 3926 114414.
1145 3889 1172 3941 p.
1191 3875 1249 3927 148.
1278 3903 1306 3914 -
1331 3877 1433 3929 icmort.
1452 3877 1481 3928 14.
1502 3901 1528 3914 -

210 3952 251 4002 41.
267 3950 363 4001 44444.
377 3976 405 3986 -
420 3951 499 4013 possit
512 3950 567 4002 elic
582 3951 725 4016 44444449ς
739 3965 831 4014 meere
845 3950 1015 4003 4444414440.
1029 3975 1057 3986 -·
1076 3951 1223 4016 4444444444
1239 3952 1406 4016 operabam:
1424 3965 1533 4017 4444444-

206 4039 268 4090 pere
282 4025 333 4086 43,
351 4024 430 4078 codd.
448 4023 505 4077 rell.
525 4053 554 4063 -
572 4025 612 4078 44.
631 4040 662 4080 oc
678 4041 734 4091 neq.
753 4027 830 4092 4449.
851 4054 879 4066 -
897 4028 938 4079 44.
956 4041 1027 4078 ncnc
1043 4025 1128 4080 semel
1144 4026 1246 4080 babent
1262 4027 1356 4088 codd.;
1375 4028 1476 4082 addidit
1493 4026 1533 4079 el-

210 4102 297 4152 terum
317 4101 400 4166 Naug.
428 4101 473 4166 [Er
489 4102 567 4168 lagg.
586 4101 630 4153 bie
646 4101 767 4154 delectus
783 4116 836 4154 non
853 4105 959 4154 notatus
978 4102 1036 4166 est.)
1063 4129 1090 4138 -
1115 4115 1196 4166 rporrs.
1213 4103 1321 4154 milicem
1335 4117 1465 4156 4444444444
1481 4103 1532 4164 143;

209 4176 272 4228 binc
295 4177 398 4242 Zumpt.
426 4177 510 4228 coni:
536 4191 617 4241 morri.
634 4179 667 4228 11.
684 4179 781 4230 mitium
804 4191 946 4239 4444444444
972 4177 1021 4230 llS.
1039 4175 1134 4228 4144444
1153 4177 1251 4230 militares
1268 4180 1422 4242 rpocdooem
1438 4179 1499 4230 inde
1516 4191 1532 4229 a

209 4251 291 4316 Naug.
310 4251 340 4315 0,
357 4249 406 4304 sed
423 4265 476 4317 qua
493 4251 546 4304 lide
564 4253 687 4306 codicum
703 4254 771 4306 baec
787 4255 1035 4318 complorantium,
1052 4265 1161 4318 prorsus
1177 4254 1308 4307 incertum
1325 4257 1374 4306 est.
1395 4253 1488 4319 [444114.
1505 4255 1535 4304 ut

208 4325 326 4388 videtum
345 4327 422 4380 codd.
436 4328 545 4394 quidem
556 4330 634 4394 Legg.
647 4329 709 4382 nibil
726 4328 827 4382 babent
841 4329 905 4380 nisi:
923 4328 965 4380 HS
974 4328 1129 4392 sparsionem
1140 4329 1240 4380 omisso
1251 4329 1424 4396 44444444-
1444 4331 1485 4382 48.
1497 4329 1533 4396 cil

207 4434 240 4472 ce
255 4422 334 4484 4444.
352 4421 416 4474 dett.
436 4445 464 4460 ·-
490 4423 530 4474 49.
551 4429 741 4488 4444444444444
760 4422 819 4487 nee]
840 4435 976 4484 numeror
995 4435 1021 4472 44
1041 4421 1066 4484 (i.
1086 4433 1110 4472 e.
1128 4422 1187 4485 eere)
1204 4421 1255 4481 ua;
1281 4433 1335 4474 om.
1352 4437 1404 4474 4444
1419 4423 1483 4476 dett.
1502 4425 1531 4474 0.

209 4497 259 4570 (red
275 4509 319 4560 epo
334 4499 514 4560 reciperatores
530 4499 618 4562 4449.)
636 4498 675 4550 ct.
693 4497 717 4563 4.
736 4499 788 4558 4444,
812 4495 858 4548 ubi
882 4509 933 4548 sese
948 4499 1021 4548 recte
1038 4497 1153 4548 restituit
1168 4497 1318 4562 Zumpttus,
1342 4499 1373 4548 ut
1387 4499 1451 4550 item
1469 4497 1496 4548 b.
1513 4496 1531 4548 1.

208 4585 271 4634 seer,
289 4584 342 4622 non
358 4585 395 4633 ee,
414 4571 487 4636 quod
503 4574 531 4624 Ζ.
544 4571 640 4636 babet,
658 4571 831 4625 scribendum
843 4573 892 4622 est.
912 4571 954 4635 [at
968 4572 1013 4622 bic
1030 4571 1140 4636 quidem
1155 4575 1277 4636 apertum
1295 4575 1336 4623 est
1350 4584 1534 4636 recuperarem

209 4659 242 4698 er
257 4650 444 4708 cmmemores
458 4660 483 4696 se
500 4649 621 4698 exortum
639 4647 719 4712 esse]
737 4673 764 4686 -
783 4645 878 4698 41444444
893 4646 944 4698 aa:
963 4646 1022 4696 dicit
1038 4645 1103 4698 dett
1122 4647 1151 4698 0.
1171 4673 1199 4683 -·
1216 4647 1258 4698 40.
1276 4647 1315 4712 oe]
1332 4647 1362 4696 de
1378 4647 1424 4699 144.
1444 4673 1472 4684 -
1490 4648 1531 4699 44.

207 4735 265 4773 mem
279 4721 394 4770 44444444.
412 4721 446 4771 de
464 4719 584 4774 Lambini
601 4723 670 4774 coni.
684 4723 745 4772 Ern.
760 4748 787 4758 -
801 4721 842 4772 43.
861 4733 990 4772 4444444444
1006 4722 1035 4774 14.
1050 4747 1078 4759 -
1091 4721 1133 4774 43.
1147 4723 1282 4785 prosimos
1297 4721 1378 4787 lictor]
1396 4722 1534 4774 «Comme-

208 4799 328 4848 moratur
336 4795 482 4848 4441414114
488 4797 536 4858 VS,
553 4797 624 4848 DlVl
636 4797 763 4848 Tlidllllll
771 4796 881 4848 Llcloll
892 4795 1054 4850 Plidlllltl's
1064 4798 1091 4849 in
1103 4799 1223 4864 lnscript.
1237 4811 1282 4863 ap.
1293 4800 1366 4850 Grut.
1379 4797 1531 4848 bbllXVlll.

209 4874 249 4923 l.»
268 4872 410 4922 0444411.
430 4897 458 4908 -
484 4871 526 4923 44.
544 4872 597 4922 tom
612 4885 686 4935 coepe
702 4870 766 4924 1434
783 4873 812 4936 lli
828 4873 903 4934 morl:
930 4885 1002 4934 saepe
1024 4885 1078 4924 om.
1096 4875 1180 4937 44493
1205 4887 1278 4936 coepe
1298 4875 1434 4926 4444441444.
1452 4875 1482 4924 0.
1502 4895 1529 4908 -

207 4949 299 5000 Seciae
319 4947 365 5000 144.
393 4975 421 4984 -
450 4947 537 4998 bacuio
558 4947 610 5000 lii:
638 4947 726 4998 4444444
748 4947 813 4998 dett.
831 4947 860 4998 0.
887 4948 954 4998 Non.
973 4961 996 4999 s.
1015 4961 1041 4998 v.
1065 4975 1092 4986 ·-
1114 4950 1156 5001 44.
1174 4949 1215 5000 itte
1237 4949 1290 4999 aa:
1317 4949 1355 5000 itti
1370 4949 1433 4999 dett.
1452 4948 1482 4998 0.
1502 4971 1531 4984 -

207 5023 248 5075 46.
261 5023 339 5074 lutere
349 5024 370 5076 14
380 5036 422 5088 pr.
434 5035 471 5074 m.
484 5049 512 5058 -
523 5023 686 5074 mcdmtor
696 5023 733 5074 aa
746 5023 807 5086 (non
818 5023 847 5086 lt)
860 5025 888 5073 et
898 5022 976 5086 bgli.
989 5049 1016 5060 -
1026 5023 1067 5074 44.
1085 5023 1157 5076 ilices
1173 5029 1226 5075 tum
1242 5027 1278 5085 14;
1296 5025 1334 5076 iiii
1349 5030 1402 5075 tren
1413 5022 1489 5086 4449.
1505 5049 1530 5062 -

207 5097 248 5150 44.
263 5097 379 5162 petroci
395 5099 432 5150 143
443 5098 526 5162 Laid:
545 5098 613 5149 44444
628 5098 693 5150 dett.
712 5099 742 5151 0.
757 5123 784 5136 -
799 5103 909 5150 44444444
925 5099 996 5166 apr.
1009 5111 1047 5152 m.
1062 5125 1090 5140 -
1103 5102 1217 5172 adlicere
1233 5101 1284 5154 lid:
1302 5105 1327 5152 44
1342 5101 1448 5166 umecta
1464 5097 1528 5152 dett.

208 5172 237 5224 0.
257 5199 283 5213 -
304 5174 345 5226 49.
363 5187 395 5226 oc
410 5173 448 5228 144
458 5173 542 5238 baill:
560 5178 584 5226 44
599 5173 664 5226 dett.
682 5174 712 5226 0.
