3638 5868
322 377 386 446 336
688 381 731 445 IN
752 379 920 446 temti
940 377 1064 444 acuo
1086 378 1271 448 SECUNDA

323 552 385 615 ista
405 549 599 633 intelligere,
627 555 733 614 tamen
754 550 861 616 mirari
889 549 1030 614 solebam
1050 550 1146 614 istum
1166 551 1200 614 in
1221 549 1272 614 his
1293 551 1371 634 ipsis
1392 551 1498 615 rebus
1526 551 1691 636 aliquem

322 666 451 710 sensum
472 645 599 721 habere,
622 665 717 730 quem
732 645 845 708 scirem
860 645 947 710 nulla
960 645 994 708 in
1008 666 1042 708 re
1058 643 1234 729 quidquam
1249 644 1352 708 simile
1367 645 1521 716 hominis
1539 645 1689 710 habere.

322 741 391 805 XV.
421 743 503 804 Turn
530 741 666 824 primum
693 739 837 803 intellexi
866 739 906 803 ad
937 759 1007 804 eam
1036 759 1102 803 rem
1124 740 1202 804 istos
1224 737 1335 804 iratres
1358 740 1537 824 Cibyratas
1562 739 1689 826 fuisse,

321 840 357 898 ut
378 836 438 899 iste
459 835 493 900 in
514 833 651 898 iurando
672 833 817 898 manibus
833 835 909 910 suis,
932 834 1035 898 oculis
1050 833 1177 897 illorum
1191 841 1340 898 uteretur.
1374 836 1415 898 At
1429 836 1478 900 ita
1496 837 1690 900 studiosus

300 935 370 994 test
390 929 486 993 huius
508 929 688 1012 praeclarae
710 929 966 1003 existimationis,
988 937 1024 992 ut
1043 936 1173 1012 putetur
1193 930 1228 992 in
1247 928 1336 992 hisce
1358 930 1454 994 rebus
1469 931 1689 1013 intelligens

322 1044 402 1100 esse,
423 1033 459 1089 ut
472 1041 575 1107 nuper
588 1055 631 1070 -
645 1022 752 1087 videte
765 1023 903 1087 bominis
918 1022 1105 1086 amentiam!
1121 1055 1163 1072 -
1177 1032 1385 1107 posteaquam
1402 1033 1450 1089 est
1464 1045 1688 1110 comperen-

321 1117 459 1193 dinatus,
481 1138 553 1182 cum
574 1117 638 1181 iam
659 1136 718 1200 pro
742 1118 889 1182 damnato
912 1124 1101 1202 mortuoque
1124 1125 1218 1192 esset,
1240 1117 1324 1181 ludis
1341 1118 1561 1184 Circensibus
1580 1139 1686 1184 mane

129 1210 266 1333 ›³3⁷ss
320 1213 405 1297 apud
426 1212 462 1276 L.
486 1211 669 1288 Sisennam,
691 1211 794 1276 virum
837 1205 1108 1294 rimarium,(cum
1130 1219 1237 1290 esseut
1260 1213 1398 1276 triclinia
1420 1221 1528 1278 strata
1555 1228 1686 1297 argen-

139 1289 174 1339 4⁷
321 1314 453 1391 tumque
483 1307 663 1389 expositum
691 1305 725 1368 in
754 1234 910 1382 aedlbus)
936 1327 1007 1370 cum
1035 1327 1093 1389 pro
1123 1305 1274 1389 dignitate
1303 1308 1338 1370 L.
1361 1307 1524 1372 Sisennae
1552 1309 1685 1372 domus

283 1407 406 1466 coesset
417 1402 514 1484 plena
526 1401 692 1464 hominum
706 1391 1019 1465 honestissimorum:
1041 1401 1175 1464 accessit
1189 1401 1229 1464 ad
1244 1409 1419 1483 argentum,
1442 1401 1683 1485 contemplari

320 1495 562 1579 unumquidque
585 1495 689 1559 otiose
711 1502 743 1557 et
765 1494 966 1560 considerare
989 1496 1104 1580 coepit
1148 1496 1255 1560 Mirari
1277 1497 1444 1560 stultitiam
1466 1497 1553 1572 alii,
1581 1493 1682 1580 quod

319 1590 444 1672 inipso
468 1588 587 1652 iudicio
610 1588 680 1653 eius
700 1588 801 1672 ipsius
824 1589 1025 1672 cupiditatis,
1049 1591 1138 1654 cuius
1161 1589 1413 1666 insimularetur,
1434 1591 1680 1675 suspicionem

319 1690 466 1767 augeret;
488 1683 544 1746 alii
566 1683 746 1758 amentiam,
769 1684 819 1747 cui
843 1685 1133 1767 comperendinato,
1156 1705 1227 1748 oum
1249 1691 1312 1748 tam
1334 1684 1424 1748 multi
1439 1691 1547 1748 testes
1566 1685 1680 1748 dixis-

319 1787 400 1854 sent,
425 1777 600 1861 quidquam
622 1779 748 1842 illorum
769 1779 892 1842 veniret
905 1780 938 1842 in
952 1788 1107 1843 mentem:
1129 1780 1220 1862 pueri
1235 1788 1340 1843 autem
1357 1779 1527 1854 Sisennae,
1554 1778 1677 1851 credo,

282 1874 377 1960 requi
407 1872 589 1948 audissent,
621 1893 701 1957 quae
728 1874 761 1936 in
788 1874 885 1937 istum
906 1874 1088 1939 testimonia
1115 1880 1222 1936 essent
1251 1873 1352 1948 dicta,
1381 1873 1490 1938 oculos
1525 1873 1573 1936 de
1607 1873 1675 1936 isto

317 1989 477 2053 nusquam
506 1968 643 2031 deiicere
674 1988 777 2053 neque
804 1969 844 2031 ab
869 1976 1000 2052 argento
1030 1968 1161 2050 digitum
1191 1966 1365 2031 discedere.
1407 1963 1459 2030 34.
1488 1968 1556 2032 Est
1587 1964 1674 2030 honi

318 2064 434 2128 iudicis
456 2063 560 2147 parvis
583 2083 625 2126 ex
645 2062 740 2126 rebus
763 2063 979 2128 coniecturam
1000 2062 1104 2126 lacere
1125 2063 1392 2146 uniuscuiusque
1413 2061 1615 2144 cupiditatis
1641 2066 1675 2122 et

320 2159 544 2224 continentiae.
589 2159 652 2236 Qui
674 2179 765 2235 reus,
793 2166 825 2222 et
846 2179 921 2222 reus
949 2159 1020 2240 lege
1042 2154 1356 2240 comperendinatus,
1385 2177 1420 2220 re
1442 2162 1475 2219 et
1496 2155 1672 2239 opinione

317 2255 481 2320 hominum
508 2275 610 2339 paene
640 2253 826 2329 damnatus,
857 2261 1034 2336 temperare
1057 2271 1123 2315 non
1150 2251 1290 2334 potuerit
1318 2251 1457 2314 maximo
1479 2255 1672 2320 conventu,

280 2352 397 2436 acquin
418 2351 454 2413 L.
477 2351 630 2414 Sisennae
652 2356 817 2432 argentum
839 2354 987 2412 tractaret
1008 2353 1041 2409 et
1062 2346 1286 2420 consideraret,
1307 2344 1392 2409 bunc
1414 2351 1608 2428 praetorem
1632 2343 1669 2406 in

317 2444 481 2530 provincia
502 2443 672 2528 quisquam
693 2442 819 2526 putabit
839 2462 859 2507 a
880 2441 1057 2505 Siculorum
1079 2447 1210 2524 argento
1234 2438 1438 2523 cupiditatem
1459 2446 1513 2504 aut
1539 2457 1668 2504 manus

317 2539 475 2605 abstinere
496 2540 665 2621 potuisset
1255 2573 1256 2576 =

401 2634 485 2698 XVI.
507 2629 560 2696 35.
582 2634 700 2696 Verum
722 2634 768 2697 uti
782 2631 977 2715 Lilybaeum,
994 2629 1079 2694 unde
1098 2629 1241 2713 digressa
1255 2636 1303 2692 est
1317 2628 1428 2702 oratio,
1442 2637 1666 2702 revertamur,

125 2753 128 2760 ’
174 2679 206 2804 d]
316 2728 443 2792 Diocles
472 2735 536 2803 est,
563 2725 719 2809 Pamphili
748 2745 845 2808 gener
870 2724 973 2798 illius,
1001 2743 1019 2787 a
1043 2743 1108 2808 quo
1137 2722 1251 2808 hydria
1272 2722 1377 2786 ablata
1398 2728 1462 2798 est,
1491 2722 1663 2806 Popillius

262 2823 517 2906 ,recognomine
559 2821 608 2883 Ab
635 2820 697 2883 hcc
725 2797 815 2882 abaci
841 2837 916 2882 rasa
938 2818 1062 2891 omnia,
1093 2825 1130 2880 ut
1158 2817 1304 2900 exposita
1331 2816 1476 2892 fuerunt,
1505 2815 1662 2880 abstulit.

316 2918 408 2981 Dicat
429 2936 463 2980 se
484 2915 560 2978 licet
582 2915 713 2978 emisse:
743 2914 860 2977 etenim
887 2912 941 2974 hic
969 2918 1099 2994 propter
1120 2910 1368 2994 magnitudinem
1390 2910 1466 2974 furti
1489 2918 1590 2986 sunt,
1623 2915 1662 2972 ut

317 3011 446 3094 opinor,
475 3009 599 3073 litterae
620 3009 732 3072 factae.
774 3007 870 3071 lussit
897 3005 1131 3069 Timarchidem
1159 3007 1326 3070 aestimare
1355 3012 1529 3088 argentum.
1581 3004 1660 3080 Quo

316 3105 434 3169 modo‘l
458 3123 523 3190 quo
541 3103 598 3187 qui
619 3122 769 3187 umquam
785 3101 969 3165 tenuissime
984 3101 1017 3164 in
1032 3100 1238 3164 donationem
1251 3098 1444 3162 histrionum
1458 3097 1658 3162 aestimavit.

316 3199 455 3262 Tametsi
477 3198 540 3262 iam
562 3196 682 3260 dudum
705 3216 764 3279 ego
787 3216 868 3271 erro,
891 3195 947 3280 qui
968 3202 1032 3259 tam
1054 3195 1152 3259 multa
1174 3196 1214 3258 de
1235 3195 1297 3257 tuis
1319 3193 1533 3277 emptionibus
1550 3191 1659 3258 verba

276 3309 306 3356 44
315 3293 428 3358 faciam
451 3300 485 3357 et
505 3312 665 3378 quaeram,
686 3298 792 3354 utrum
815 3290 930 3354 emeris
952 3309 1068 3364 necne,
1092 3296 1124 3352 et
1146 3309 1210 3372 quo
1226 3288 1321 3352 modo
1344 3295 1375 3350 et
1389 3290 1498 3372 quanti
1514 3287 1657 3351 emeris:

316 3389 402 3476 quod
423 3388 520 3455 verbo
543 3389 715 3471 transigere
743 3405 885 3471 possum.
928 3385 996 3448 Ede
1023 3383 1100 3448 milri
1129 3384 1298 3466 seriptum,
1328 3381 1405 3467 quid
1435 3377 1586 3466 [argenti]
1618 3380 1656 3443 in

379 3607 404 3657 4.
422 3603 480 3671 ista]
497 3603 536 3655 444
551 3605 629 3666 4433.
648 3601 714 3652 dett.
734 3626 762 3638 -
780 3598 917 3650 4.·4444444
933 3600 985 3661 Ga,
1004 3597 1051 3649 Ld.
1072 3625 1100 3635 -
1118 3596 1143 3649 4.
1162 3597 1271 3660 dmm]
1289 3609 1375 3648 coneo
1392 3597 1424 3646 444
1439 3597 1464 3647 4.
1485 3621 1512 3632 -
1531 3596 1556 3646 6.
1575 3595 1653 3646 video

314 3680 359 3744 443,
378 3678 404 3732 λ.
418 3707 445 3717 -
464 3679 688 3744 conperendinata
702 3677 731 3728 44.
747 3703 774 3713 -
788 3676 813 3726 8.
826 3677 954 3726 4444444444
965 3676 994 3727 44.
1010 3699 1037 3710 -
1051 3679 1248 3738 argmtomgcoe
1259 3673 1279 3722 44
1290 3685 1331 3737 pr.
1344 3685 1381 3723 m.
1395 3671 1472 3724 etsie
1483 3672 1603 3736 saepius.
1619 3695 1649 3706 -

314 3759 354 3809 40.
372 3758 530 3808 aeneorum
546 3756 624 3819 Lagg.
645 3781 674 3790 -
692 3752 793 3803 44444444
809 3751 855 3813 443,
874 3752 952 3814 4433.
972 3747 1057 3814 (prob.
1075 3747 1217 3798 Matthieeo
1233 3746 1268 3796 de
1285 3743 1442 3798 Anacoluth.
1461 3759 1487 3811 p.
1506 3746 1570 3809 ibi:
1600 3757 1650 3796 cc-

313 3833 412 3884 44444444
421 3834 453 3883 0.
468 3857 496 3868 -
510 3831 550 3881 44.
563 3829 748 3892 ancmqsricqae
758 3828 788 3888 R,
807 3826 889 3890 4349;
907 3825 1099 3888 cumquodeus
1109 3822 1156 3885 Ld,
1175 3821 1231 3874 rell.
1244 3824 1334 3887 4433,
1354 3823 1383 3873 0.
1399 3849 1426 3859 -
1439 3819 1571 3884 coepitvel
1581 3820 1650 3883 cepit

314 3907 392 3960 codd.
411 3909 478 3958 noti:
497 3904 644 3968 coopertio.
659 3929 686 3939 -
701 3901 740 3953 44.
758 3901 918 3964 maereo
933 3902 963 3952 a.
978 3927 1006 3939 -
1020 3899 1060 3950 44.
1079 3899 1173 3948 variet
1189 3899 1221 3949 R:
1239 3899 1343 3948 44444444
1360 3896 1405 3958 (43,
1423 3893 1440 3945 l
1457 3893 1506 3946 soll
1518 3908 1551 3946 er
1562 3896 1645 3946 notis.

315 4011 343 4020 -
362 3985 404 4035 44.
422 3981 573 4033 nomem
588 3980 667 4042 4433.
685 3978 793 4043 praeter
808 3976 854 4038 49,
873 3976 902 4027 0.
922 4001 949 4011 —
973 3979 1050 4026 444444
1066 3974 1134 4024 diem
1150 3974 1180 4035 44,
1198 3971 1257 4032 44.,
1276 3969 1331 4022 alii:
1350 3971 1417 4021 dicto
1433 3975 1511 4022 444444
1526 3971 1563 4022 Gi
1580 3973 1609 4022 et
1625 3970 1646 4020 L

314 4056 376 4122 [non
400 4042 465 4109 item
482 4054 566 4120 4349,
590 4057 620 4102 44
636 4052 673 4103 444
697 4049 827 4116 Zumpt.];
853 4050 1015 4100 caraecarae
1036 4049 1081 4099 (44.
1102 4073 1130 4084 -
1149 4048 1190 4098 46.
1209 4048 1303 4098 ceam
1319 4047 1352 4108 44,
1377 4049 1405 4097 44
1425 4047 1465 4097 sic
1484 4057 1595 4111 semper
1617 4044 1646 4095 ln

313 4133 467 4197 compositis
483 4129 561 4182 verbi
577 4127 668 4178 iacere.
689 4153 717 4164 —
737 4126 777 4176 44.
796 4123 941 4188 4444444444
956 4124 986 4184 R,
1005 4123 1037 4172 Gi
1057 4123 1082 4184 4,
1100 4119 1131 4198 λι
1150 4127 1174 4172 44
1189 4121 1272 4185 amici.
1290 4119 1349 4181 44.,
1368 4119 1432 4172 dett.
1451 4121 1480 4172 0.
1499 4145 1527 4154 -
1546 4123 1571 4169 et
1586 4131 1646 4171 coo-

312 4207 430 4258 4444444
440 4208 472 4268 a,
485 4207 536 4256 Gt:
556 4215 610 4256 cm.
624 4201 686 4262 Ld.;
704 4204 728 4252 44
738 4213 791 4251 om.
805 4201 857 4259 Gt;
876 4195 1211 4257 essecommoda
1229 4196 1373 4260 4444444444
1383 4201 1406 4247 et
1416 4194 1519 4247 inducit
1529 4194 1642 4257 Madvig.

312 4283 360 4347 Op.
374 4283 394 4333 1.
408 4295 435 4348 p.
448 4282 504 4333 348.
518 4305 547 4317 ·-
561 4280 602 4331 48.
615 4283 640 4329 et
649 4289 707 4328 reor
718 4274 832 4354 443444]
845 4275 906 4340 lege,
920 4277 943 4324 et
953 4285 1011 4323 reso
1022 4272 1087 4323 dett.
1101 4273 1130 4323 0.
1149 4271 1188 4323 (44.
1201 4271 1288 4324 Madv.
1301 4284 1343 4336 ep.
1357 4284 1384 4336 p.
1396 4271 1438 4322 444.
1451 4269 1513 4321 44444.
1526 4281 1553 4334 p.
1567 4269 1642 4320 48.-

310 4367 352 4418 49.
369 4372 451 4430 praet.
470 4367 497 4416 io
510 4364 644 4428 4444444444
660 4360 705 4422 (43,
723 4357 754 4410 λι
772 4361 798 4411 Ρ.
811 4361 839 4410 44.
858 4357 1052 4421 444344444σί44
1068 4358 1103 4417 44;
1121 4356 1366 4420 ioprooirwicmpr.
1378 4367 1396 4415 ς
1408 4354 1455 4420 (i);
1472 4351 1643 4416 topruoiocia

308 4445 390 4506 praet
409 4442 488 4506 4433.
508 4440 537 4490 0.
552 4466 580 4476 -
593 4439 634 4488 44.
651 4436 751 4499 peracit
767 4435 845 4498 4349.
860 4461 887 4469 -
901 4433 942 4484 43.
960 4431 1102 4494 lillebonam
1119 4433 1148 4482 44.
1164 4455 1191 4468 -
1205 4431 1321 4496 &pressa
1337 4429 1384 4481 Ld.
1398 4431 1426 4482 0.
1444 4453 1470 4466 -·
1484 4432 1644 4479 recor-tow

311 4519 358 4580 G3,
377 4516 455 4569 codd.
474 4513 582 4567 hamb:
599 4516 760 4564 revertantur
776 4512 810 4572 44;
828 4513 970 4560 revertatur
986 4507 1051 4559 dett.
1070 4508 1100 4559 0.
1120 4534 1148 4543 -
1166 4506 1206 4560 44.
1225 4507 1333 4570 Popiliae
1349 4507 1379 4556 44.
1394 4531 1422 4542 -
1435 4507 1476 4556 44.
1495 4503 1568 4555 abed
1584 4513 1638 4553 om.

311 4594 389 4658 4433.
404 4593 511 4660 praeter
522 4591 563 4642 49.
578 4615 606 4626 -
617 4589 720 4654 mesot
736 4585 795 4648 44.,
812 4583 882 4648 agis
899 4582 948 4635 soli
965 4596 998 4634 ex
1008 4583 1087 4644 node,
1099 4581 1129 4633 0.
1144 4607 1171 4618 -
1185 4581 1226 4632 it.
1239 4581 1295 4632 44444
1305 4593 1359 4632 om.
1373 4578 1453 4640 dett.;
1464 4578 1594 4630 44444440.
1609 4600 1638 4613 ·-

310 4673 368 4719 4444
383 4674 411 4720 ot
428 4669 517 4730 opinor
532 4666 579 4717 4444.
597 4666 682 4729 sactae
697 4664 728 4726 44,
746 4660 802 4712 alii:
821 4664 878 4710 saort
894 4657 911 4710 4.
929 4663 958 4709 ct
968 4673 1010 4722 cp.
1021 4659 1104 4722 factor
1115 4656 1161 4706 (43.
1181 4656 1235 4720 (litt.
1248 4661 1325 4718 stop.
1337 4659 1395 4705 aaut
1404 4655 1489 4719 factae
1499 4654 1528 4704 ut
1538 4651 1639 4703 vanam

309 4743 451 4796 lectionem
468 4739 545 4794 Nieb.
563 4740 590 4791 in
607 4740 726 4802 margine
743 4735 837 4799 habet,
863 4734 913 4786 sed
930 4731 1026 4784 oblitus
1043 4735 1085 4784 cst
1100 4745 1243 4784 numerum
1261 4731 1360 4782 mdicis
1376 4729 1420 4782 vel
1436 4731 1558 4784 codicum
1575 4731 1637 4790 443.

310 4819 484 4883 adscribere.)
504 4843 531 4853 -
549 4816 591 4866 44.
616 4828 664 4877 qao
686 4813 737 4878 qul]
761 4825 809 4875 qao
832 4824 886 4861 om.
905 4811 956 4872 443,
976 4809 1032 4860 alii:
1060 4824 1108 4872 pcc
1124 4809 1197 4859 orode
1214 4811 1258 4872 qui
1275 4811 1302 4860 L.
1334 4809 1410 4871 [Cum
1431 4807 1580 4872 quostiam
1602 4803 1636 4855 ab

310 4892 435 4945 omnibus
451 4894 529 4956 4433.
548 4888 619 4942 absit
635 4901 686 4940 nec
703 4889 730 4939 in
746 4886 800 4937 ullo
817 4885 876 4937 cod.
896 4888 1001 4937 exstare
1016 4884 1150 4947 videatur,
1170 4883 1290 4935 Lambini
1306 4882 1471 4945 emendatio,
1490 4883 1536 4946 qui
1551 4881 1636 4932 totum

310 4970 453 5032 qaro'modo
474 4966 592 5032 repetiit,
622 4961 791 5014 verisimilior
811 4965 852 5014 est
874 4973 955 5026 quam
981 4973 1049 5024 quae
1073 4961 1100 5011 in
1123 4959 1196 5010 editt.
1215 4959 1409 5010 circumiertur.
1436 4958 1529 5021 44444]
1556 4981 1584 4992 -
1609 4953 1635 5004 io

309 5045 443 5094 4444444444
453 5041 517 5092 dett.
531 5041 597 5092 0.-
610 5039 652 5090 49.
664 5039 718 5088 mm
728 5038 822 5088 444444
833 5051 878 5101 ego
890 5038 968 5100 4433.
981 5061 1008 5072 -
1022 5035 1063 5086 ³0.
1074 5048 1151 5086 ocare
1161 5047 1215 5086 om.
1228 5035 1294 5086 dett.
1307 5033 1492 5098 (macroce
1502 5029 1635 5094 quomodo

309 5118 398 5185 4349.)
412 5144 440 5157 -
453 5118 494 5170 34.
513 5115 580 5182 qaod
593 5113 669 5169 44444
678 5139 717 5153 --
727 5113 816 5178 coacti
831 5113 919 5166 4444444
935 5123 989 5164 cm.
1000 5109 1047 5164 443.
1062 5135 1089 5148 -
1103 5110 1203 5176 4434444
1213 5121 1266 5162 cm.
1279 5108 1358 5174 4349.
1377 5106 1547 5173 [tectionem.
1566 5115 1633 5170 quae
