3644 5874
634 422 708 498 uo,
730 423 871 492 x-xr
898 419 956 507 ςς.
977 417 1127 486 at-aa.
1484 409 1546 478 666

233 595 386 668 wius
400 594 531 671 tunicis,
552 593 632 660 selis
653 593 801 668 amictos,
822 612 888 661 non
908 592 1009 676 togis3
1030 588 1281 680 quorun(omnis
1295 585 1451 660 industria
1463 585 1548 652 ritae
1654 619 1684 684 5'·

232 697 264 754 et
283 688 434 772 vigilandi
456 688 545 755 labor
565 687 598 754 in
619 687 816 754 antelucanis
837 687 925 750 cenis
947 678 1162 772 expromitur.)
1193 681 1245 748 23.
1272 685 1310 754 ln
1329 682 1380 749 his
1400 679 1548 764 gregibus
1607 681 1710 748 m

231 802 341 852 omnes
362 782 534 856 aleatores,
563 801 673 849 omnes
694 778 843 855 adulteri,
873 799 983 844 omnes
1000 767 1120 862 uffart
1139 778 1353 862 impudicique
1373 779 1548 858 versantur·
1624 772 1655 853 Ζ

231 873 272 941 lii
293 875 468 958 puerilem
490 874 590 957 lepidi
611 894 649 938 ac
670 873 796 941 delicati
817 893 882 937 non
904 872 1008 939 solum
1037 892 1141 938 amare
1163 881 1194 938 et
1214 871 1330 946 amari,
1361 887 1466 950 neque
1487 863 1550 931 sal·

231 977 295 1035 tare
317 975 350 1038 et
371 974 514 1043 cantare,
547 967 605 1033 sed
626 969 721 1032 etiam
741 967 823 1032 sicas
844 967 968 1050 vibrare
988 973 1022 1032 at
1041 985 1188 1050 spargere
1209 984 1332 1031 venena
1353 962 1572 1066 didicerunttt

230 1061 286 1144 qui
309 1061 371 1128 nisi
394 1068 529 1136 exeunt,
552 1061 613 1125 nisi
634 1067 789 1144 pereunt,
811 1061 953 1127 etiamsi
976 1059 1111 1124 Catilina
1130 1059 1277 1143 perierit,
1300 1057 1411 1124 scitote
1432 1053 1494 1118 hoc
1515 1071 1550 1158 rn

228 1155 413 1238 republica
442 1155 647 1221 seminarium
678 1153 883 1218 Catilinarum
908 1153 1059 1218 futurum.
1105 1153 1222 1218 Verum
1250 1161 1356 1218 tamen
1384 1148 1461 1234 quid
1490 1145 1550 1211 siha

194 1291 197 1299 1
230 1249 282 1314 isti
306 1249 414 1315 miseri
435 1248 563 1315 volanti
594 1269 670 1314 num
692 1269 764 1315 suas
785 1267 892 1313 secum
914 1248 1112 1318 mulierculas
1134 1247 1262 1313 suntin
1284 1253 1386 1313 castra
1407 1239 1550 1309 ducturi?

232 1361 328 1426 quem
350 1339 390 1408 ad
412 1342 541 1409 modum
563 1349 668 1408 autem
689 1341 753 1406 illis
774 1361 881 1406 carere
902 1348 1067 1425 poterunt,
1090 1342 1141 1406 lris
1162 1340 1348 1426 praesertim
1368 1339 1431 1407 iam
1451 1334 1552 1441 nocti·

231 1435 312 1500 bust
342 1453 406 1520 quo
436 1441 543 1501 antem
568 1441 661 1519 pacto
692 1435 739 1500 illi
765 1435 989 1518 Appenninum
1016 1443 1112 1520 atque
1142 1434 1213 1505 illas
1240 1434 1371 1518 pruinae
1399 1451 1435 1495 ac
1462 1446 1588 1534 niveam

231 1528 411 1611 perferenti
432 1528 495 1598 nisi
516 1529 635 1594 idcirco
657 1528 836 1597 octacilius
858 1526 994 1594 hiemem
1016 1529 1203 1596 toleraturos
1224 1533 1352 1612 putant,
1374 1523 1460 1610 quod
1474 1520 1552 1588 nudr

231 1622 264 1686 in
286 1622 440 1694 conviviis
462 1622 576 1690 saltare
598 1622 785 1690 didicerunt
1530 1708 1537 1722 ι

315 1717 369 1782 lll.
405 1711 456 1778 64.
493 1715 521 1779 Ο
550 1715 669 1782 bellum
698 1736 811 1800 magno
839 1736 937 1800 opere
967 1717 1270 1801 pertimescendum,
1303 1736 1374 1780 cum
1401 1712 1484 1778 hanc
1511 1714 1555 1817 sat

229 1809 395 1879 habiturus
418 1809 552 1878 Catilina
572 1816 749 1876 scortorum
770 1811 930 1876 cohortem
951 1812 1159 1894 praetoriani
1190 1809 1340 1878 mannito
1354 1827 1452 1883 nuuc,
1474 1804 1553 1881 Qui·

229 1903 322 1978 ritas,
344 1908 454 1969 oontm
473 1902 532 1970 lras
553 1912 618 1967 tam
641 1903 816 1986 praeclaras
832 1903 984 1970 Catilinae
1005 1907 1114 1989 copias
1128 1912 1233 1982 metra
1245 1903 1404 1989 praesidia
1416 1905 1588 1972 vestros-u
1650 1911 1720 2016 Apa

230 2017 293 2081 que
326 1996 500 2072 exercitum
533 2003 566 2062 et
590 1996 728 2080 primum
756 1997 922 2079 gladiatori
952 1997 999 2064 illi
1029 1999 1172 2066 contecto
1203 2005 1236 2064 et
1267 1997 1376 2066 saucio
1404 1991 1551 2059 consules

228 2092 499 2177 imperatoresque
520 2097 643 2157 vestros
665 2091 835 2173 opponita3
856 2090 973 2156 deinde
995 2099 1104 2158 contra
1125 2093 1212 2162 illam
1233 2091 1455 2172 naufragorum
1468 2085 1552 2149 eiec-

227 2191 292 2253 tam
312 2203 350 2250 ac
372 2181 568 2254 debilitatam
589 2203 715 2251 manum
736 2185 848 2250 llorem
869 2185 967 2250 totius
988 2186 1097 2256 ltaliae
1123 2206 1160 2251 ac
1190 2187 1286 2254 robur
1307 2181 1441 2248 educite.
1484 2179 1550 2242 Iam

228 2297 304 2344 vero
324 2277 419 2342 urbes
441 2276 636 2347 coloniarum
663 2296 700 2343 66
721 2277 967 2362 municipiorum
988 2279 1227 2363 respondebunt
1247 2278 1400 2347 Catilinae
1422 2272 1550 2344 tumulis

229 2369 436 2437 siluestribus.
486 2371 597 2453 Neque
625 2389 683 2454 ego
711 2379 832 2462 ceteras
865 2373 988 2460 copias,
1021 2381 1222 2450 ornamenta,
1255 2370 1415 2457 praesidis
1446 2375 1587 2460 uestraso
1639 2387 1717 2476 ,ispa

230 2483 301 2536 curn
322 2462 409 2532 illius
437 2462 569 2531 latronis
598 2462 708 2546 inopia
728 2459 830 2548 'atque
857 2473 997 2549 egestate
1023 2467 1164 2534 conform
1192 2467 1303 2535 debeo.
1352 2464 1403 2530 26.
1431 2464 1494 2530 Sed
1522 2463 1548 2528 si
1663 2470 1675 2477 “’

229 2557 354 2620 omissis
375 2555 425 2620 his
446 2556 558 2631 rebus,
581 2557 697 2641 quibus
711 2577 771 2621 nos
785 2560 1038 2642 suppeditamur,
1060 2562 1214 2645 egetille,
1237 2570 1366 2636 senatu,
1389 2557 1550 2644 equitibus

227 2649 395 2725 Romanis,
418 2645 573 2734 [populo]
597 2650 691 2726 urbe,
713 2652 852 2729 aerario,
872 2654 1094 2740 vectigalibus,
1117 2665 1231 2722 cuncta
1251 2655 1356 2732 ltalia,
1378 2653 1549 2738 provinciis

291 2950 314 3002 4.
333 2948 457 3003 annom
472 2949 562 3002 4664646
578 2947 693 3002 ahisar
710 2949 1051 3016 instimulatione
1076 2953 1295 3020 (sedentariam
1316 2957 1439 3024 postest:
1466 2959 1549 3010 464644(

224 3025 314 3079 46664646
329 3025 375 3090 Lg.
395 3025 441 3085 46;
460 3025 583 3077 46464666
599 3039 631 3078 66
646 3025 712 3080 tritis
729 3023 780 3088 (vel
797 3025 897 3092 6464446)
915 3028 1005 3080 mon
1020 3030 1094 3084 sz
1111 3032 1157 3095 La.
1174 3031 1216 3084 34.
1234 3031 1266 3086 64
1284 3033 1312 3084 64
1326 3034 1360 3094 4.;
1379 3033 1445 3086 mas
1460 3034 1549 3087 46664646

225 3101 362 3157 Certux
379 3099 424 3166 ιε.
437 3098 479 3156 46.
491 3100 536 3160 63;
554 3100 621 3152 tritis
636 3099 758 3152 46466466(
773 3101 837 3164 (om.
850 3102 914 3168 466.)
932 3101 968 3156 dl
985 3102 1050 3168 (rell.
1068 3107 1145 3170 legg.
1166 3105 1244 3158 lectio
1260 3107 1414 3173 ignoratur).
1429 3136 1456 3145 -
1470 3111 1549 3161 666646

225 3189 279 3232 orn.
296 3187 327 3230 tr.
348 3200 375 3214 -
393 3175 448 3226 6446
463 3187 532 3242 acp
549 3175 595 3238 ις.
614 3175 655 3226 66.
675 3202 703 3211 -
721 3175 746 3226 2.
763 3177 831 3228 66646
846 3177 911 3228 mei:
938 3179 1019 3230 666646
1035 3178 1123 3244 rugo.
1143 3207 1170 3218 -·
1189 3183 1348 3246 optassem
1368 3181 1547 3247 aheilstw,

224 3249 271 3314 ng.
289 3249 313 3306 3.
331 3249 356 3300 6.
375 3249 399 3300 8.
418 3247 464 3299 il:
483 3248 635 3312 6664464466
651 3249 685 3310 lt.
704 3249 784 3300 etiam
800 3262 827 3318 p.
847 3276 876 3286 -
895 3252 920 3302 3.
939 3253 1061 3306 64664666(
1077 3269 1160 3308 omnes
1175 3258 1210 3319 B,
1232 3259 1278 3322 Lg.
1296 3257 1321 3308 3.
1339 3259 1368 3320 6;
1394 3273 1477 3310 omes
1493 3272 1546 3310 om.

225 3337 267 3390 ap
286 3323 370 3385 464664.
390 3337 484 3384 moue,
503 3323 622 3387 66644664,
645 3323 740 3388 imperi
756 3324 789 3386 z.)
808 3349 835 3360 -
854 3323 879 3378 4.
897 3325 1028 3392 444646;
1051 3329 1151 3382 lictu
1170 3356 1198 3368 -
1216 3336 1240 3382 64
1255 3332 1326 3382 delio.
1344 3336 1443 3398 6643.
1462 3333 1492 3393 ‘l;
1511 3340 1549 3385 64-

226 3412 273 3462 quc
291 3398 338 3452 6464.
357 3413 385 3460 z;
404 3403 457 3450 tom
473 3397 544 3450 (46446.
562 3399 608 3462 Lg.
626 3397 668 3450 43.
686 3397 727 3450 33.
746 3397 787 3448 66.
801 3399 897 3468 -oonJ
914 3403 958 3465 qut
972 3418 1023 3454 666
1039 3406 1222 3470 ssvqturz,
1240 3408 1256 3458 6
1273 3407 1316 3460 alii
1332 3411 1551 3473 laga-omero

229 3473 272 3526 vel
290 3474 388 3528 6666646
404 3486 427 3524 6.
442 3500 470 3512 -
483 3474 578 3526 saltare
594 3479 617 3524 at
632 3479 736 3526 cantore
752 3474 974 3542 Baciqsnzc,
1000 3481 1046 3545 43.
1064 3480 1105 3532 60.
1123 3481 1155 3532 ti
1178 3479 1235 3544 (sed
1250 3496 1266 3534 r
1281 3482 1381 3545 ederet:
1407 3489 1512 3536 6664666
1527 3491 1550 3536 et

226 3549 315 3607 6644446
332 3549 393 3612 loon
406 3547 522 3612 66644646)
541 3551 565 3610 4;
582 3554 688 3600 cantare
704 3553 728 3599 et
740 3547 849 3610 66644666
864 3550 888 3599 V
904 3552 949 3618 lg.
968 3554 1008 3604 46.
1028 3553 1073 3615 43;
1091 3559 1235 3609 contenet
1250 3555 1344 3608 6644666
1359 3559 1422 3618 liL3
1442 3560 1550 3623 perdere

223 3631 247 3676 et
262 3625 357 3678 6644666
373 3625 394 3674 0
411 3637 444 3677 er
461 3625 548 3678 Garat.
567 3625 635 3676 coni.
656 3651 683 3660 -
702 3625 726 3676 6.
745 3624 811 3676 sicas
826 3637 880 3680 om.
899 3626 926 3679 d.
946 3653 974 3666 -
993 3629 1018 3680 6.
1036 3629 1093 3696 nisi]
1109 3630 1159 3682 6464
1173 3631 1234 3684 ndi
1250 3632 1296 3695 Lg.
1314 3633 1355 3684 60.
1369 3661 1397 3672 -
1415 3648 1441 3686 e.
1459 3642 1550 3688 666664

223 3703 371 3766 upweard
387 3697 455 3762 dag
473 3699 508 3762 464
524 3699 559 3763 q).
580 3727 608 3737 -
626 3699 671 3750 666
688 3711 741 3752 om.
760 3698 797 3758 V;
816 3697 864 3752 666
881 3715 905 3752 6.
925 3729 952 3739 -
972 3705 997 3756 7.
1015 3705 1183 3758 collisionem
1199 3704 1334 3761 ablsux
1351 3709 1397 3772 ις,
1414 3709 1446 3762 63
1464 3712 1547 3764 oron.

223 3783 264 3838 ψ,
282 3775 299 3828 2
315 3773 399 3835 aare,
417 3775 556 3827 Parcensia
573 3772 632 3840 (aed
649 3773 676 3823 in
693 3785 711 3822 a
727 3771 738 3820 4
754 3781 813 3836 sup.
832 3770 903 3839 lini:
922 3777 1092 3832 0644466666
1107 3782 1118 3831 4
1134 3781 1215 3844 (errat
1231 3779 1309 3834 orell.
1326 3783 1353 3833 in
1364 3783 1408 3836 cd.
1421 3799 1446 3838 a.
1459 3786 1546 3850 4836);

222 3849 400 3906 catilinarium
415 3847 473 3903 lio.
495 3871 523 3886 -
542 3853 626 3902 464666
642 3860 696 3900 om.
715 3845 745 3896 V.
766 3869 793 3879 -
812 3847 837 3900 8.
855 3853 940 3908 6446644
956 3859 980 3904 et
995 3855 1105 3920 infelices
1118 3856 1205 3908 664664
1219 3870 1243 3908 r.
1263 3883 1290 3892 -
1308 3857 1378 3924 6666]
1395 3861 1454 3914 doc
1469 3874 1497 3914 u.
1517 3887 1546 3900 -

220 3939 304 3982 aecum
319 3921 1084 3994 md1socrm0m.o.-amomom.vd1q.-
1104 3931 1160 3997 illie]
1178 3931 1225 3982 4446
1241 3930 1269 3984 (4.
1289 3959 1316 3967 -
1335 3933 1387 3986 loru
1403 3948 1457 3988 om.
1475 3951 1498 3988 r.
1518 3964 1544 3976 -

221 4003 261 4052 40.
281 4014 330 4064 noo
346 4013 406 4066 erac
420 4005 496 4065 pacto
513 4015 536 4055 s.
556 4028 584 4039 -
602 4001 640 4052 4444
656 4014 710 4052 orn.
728 4003 761 4065 d;
785 3999 857 4052 44666
873 4006 892 4056 0
909 4006 955 4068 La.
973 4005 1015 4058 46.
1034 4007 1074 4058 63.
1095 4033 1123 4045 -
1142 4007 1311 4072 nppmoicaeo
1332 4009 1386 4060 mei
1402 4015 1509 4077 praeter
1526 4016 1545 4076 t,

219 4079 245 4130 in
264 4090 317 4148 quo
335 4079 377 4130 est
393 4075 558 4142 appennino:
576 4073 733 4138 4666646666
748 4079 799 4132 LO
816 4081 844 4132 64
859 4080 877 4129 h
895 4092 965 4130 corr.
984 4082 1030 4146 (Er
1046 4084 1126 4147 lagg.
1143 4083 1178 4136 de
1194 4085 1323 4149 scriptura
1339 4097 1398 4138 noc.
1411 4086 1547 4140 644646446-

219 4154 277 4207 tuna
295 4151 357 4216 est.)
370 4179 398 4190 -
409 4151 525 4214 6664664]
543 4149 645 4204 monos
661 4163 694 4215 p;
708 4152 810 4215 plevim
826 4155 871 4223 La.
884 4155 924 4207 60.
943 4155 984 4206 57.
1003 4157 1041 4212 ct.
1060 4171 1099 4208 or.
1117 4171 1144 4225 p.
1162 4159 1247 4210 Sestio
1264 4157 1290 4224 5.
1308 4159 1348 4212 ta.
1363 4187 1390 4200 -
1404 4161 1444 4212 tt.
1457 4162 1547 4215 iccirm

220 4241 242 4278 s.
262 4254 289 4263 -
307 4229 361 4292 soc.
377 4227 482 4282 44664646
496 4241 523 4280 ac
539 4228 575 4288 (ἔς
600 4240 626 4280 ac
640 4228 743 4283 4466666
763 4232 814 4295 sac.
832 4233 878 4294 ιε.
897 4231 943 4292 43;
968 4231 1072 4288 Nomos
1087 4246 1113 4284 66
1130 4234 1191 4298 (om.
1208 4234 1270 4298 fec.)
1292 4235 1338 4298 lg.
1356 4234 1397 4290 46.
1417 4261 1445 4274 -
1462 4243 1548 4303 meent

220 4301 246 4352 h.
262 4329 289 4338 -
302 4303 344 4353 43.
361 4302 388 4357 io
404 4316 476 4354 6666.
495 4303 557 4356 noct
574 4303 597 4352 V
613 4305 642 4354 et
656 4303 702 4367 Lg.
720 4305 761 4356 46.
774 4304 815 4358 43.
830 4334 858 4345 -
871 4308 1009 4360 (4464666664
1024 4321 1046 4358 r.
1062 4334 1089 4344 -
1103 4307 1143 4358 43.
1161 4321 1255 4373 mano
1271 4321 1344 4374 epm
1360 4323 1425 4365 arr
1441 4313 1544 4378 14⁴6:

218 4389 369 4442 6669666666
389 4377 420 4428 ll.
440 4404 468 4414 -
490 4377 556 4428 6666
583 4389 637 4428 om.
660 4391 720 4433 ms.
747 4405 775 4417 -
801 4381 842 4434 44.
865 4387 1032 4434 normam
1052 4383 1105 4434 666.
1127 4381 1208 4444 VL1;
1234 4383 1288 4436 664.
1310 4391 1450 4440 morum
1469 4387 1496 4439 d.
1517 4415 1544 4424 -
1638 4388 1639 4391 ’

220 4451 339 4509 instituite
357 4465 415 4508 urs.
436 4477 463 4490 —
484 4451 525 4505 46.
543 4457 680 4516 cormacus
701 4453 747 4506 ios
763 4455 815 4506 Cr.
834 4483 861 4491 —
885 4459 1013 4508 oestrosli
1036 4459 1082 4522 lg.
1101 4457 1142 4508 60.
1160 4457 1201 4508 64.
1221 4485 1249 4496 -
1268 4459 1309 4512 46.
1331 4459 1369 4512 illl
1387 4462 1455 4527 plcd.
1474 4477 1495 4515 r.
1513 4491 1546 4502 -

219 4526 342 4577 ramalem
358 4525 393 4585 li;
411 4527 506 4579 6666644
522 4527 539 4578 4.
560 4555 588 4566 -
608 4529 648 4580 47.
667 4528 829 4594 moratores
846 4545 860 4582 a
878 4533 906 4582 64
921 4532 967 4597 ag.
985 4534 1010 4586 3.
1028 4531 1070 4586 il.
1088 4531 1129 4586 43.
1148 4558 1177 4571 -
1195 4533 1266 4586 444664
1282 4547 1335 4588 om.
1355 4537 1374 4588 C
1391 4539 1437 4602 Lg.
1455 4538 1495 4592 46.
1515 4565 1543 4576 -

220 4603 260 4654 te.
283 4599 364 4665 66466]
387 4613 459 4656 crem
478 4601 596 4656 malebat
618 4604 749 4656 Garatoni.
769 4633 796 4644 -
820 4611 896 4672 64666
910 4608 940 4658 a.
956 4635 982 4646 -
1002 4609 1188 4673 6666464666
1204 4623 1227 4662 r.
1245 4637 1272 4647 -
1292 4609 1365 4662 Catil.
1382 4614 1495 4676 6666666.
1514 4628 1543 4674 ος

219 4677 341 4730 Catilinae
357 4689 412 4729 om.
430 4690 453 4728 s.
473 4703 500 4712 —
520 4678 562 4730 2⁰.
580 4679 636 4730 6446.
655 4680 755 4732 tenutis
771 4695 808 4741 νς
835 4681 940 4734 amidis
955 4682 1010 4734 6446.
1029 4681 1055 4736 (4.
1076 4708 1103 4719 -
1122 4682 1176 4748 sao]
1192 4685 1259 4738 66466
1274 4701 1305 4750 ς;
1331 4698 1390 4738 6666
1406 4687 1494 4738 vlo.
1516 4715 1542 4726 -

218 4750 311 4818 copiae]
329 4764 384 4814 cop.
400 4757 497 4804 ceram
513 4751 539 4802 d.
561 4779 589 4790 -
606 4759 691 4806 666466
703 4769 788 4818 proca
806 4757 868 4819 vq;
893 4769 976 4820 66666.
994 4763 1082 4810 666466
1099 4770 1141 4818 er;
1167 4765 1249 4814 666466
1266 4774 1319 4812 om.
1339 4760 1365 4811 (4.
1383 4786 1410 4795 -
1429 4761 1471 4812 44.
1488 4775 1546 4814 mco

218 4826 267 4876 44446
282 4826 387 4880 terronis
402 4841 434 4887 u;
453 4841 475 4878 6.
492 4828 543 4880 illia
557 4829 696 4882 4646664066
711 4832 731 4881 t.
750 4857 777 4867 -
796 4831 869 4884 (46466
886 4833 998 4896 conte-re
1013 4834 1158 4898 avuto.
1179 4863 1206 4873 -
1224 4838 1247 4886 64
1263 4850 1316 4888 om.
1334 4849 1368 4895 u;
1386 4835 1452 4886 6646(
1467 4834 1493 4886 (4.
1515 4864 1542 4876 -

218 4901 258 4952 aa.
276 4898 349 4958 redes
364 4898 474 4964 abisc
496 4903 541 4966 43.
559 4904 600 4954 60.
619 4905 665 4966 63,
685 4901 788 4967 schol..
811 4907 957 4958 Arusianus
973 4919 999 4972 p.
1018 4907 1080 4966 aot:
1102 4909 1176 4962 relos
1191 4911 1303 4962 66664466
1318 4909 1403 4962 nno.
1418 4935 1445 4946 -
1458 4923 1545 4974 nappe-

218 4978 326 5028 carmos
342 4977 350 5028 i
367 4976 394 5026 64
409 4977 455 5039 Lg.
473 4975 520 5038 46,
539 4980 574 5040 0;
591 4981 773 5044 sappeditarent
788 4993 821 5043 u;
844 4982 1055 5046 66666606646666
1069 4984 1104 5044 44;
1128 4984 1236 5038 firment
1250 4985 1439 5049 6666606666
1455 4986 1543 5040 schol.

218 5054 245 5103 et
261 5053 338 5104 mm.
359 5077 386 5088 -
404 5051 445 5103 4446
460 5057 514 5118 apat
530 5053 556 5104 d.
577 5081 603 5092 -
623 5057 711 5118 equitis
727 5057 750 5118 i;
773 5055 919 5120 cursitans.
939 5083 966 5092 —
985 5057 1025 5108 33.
1043 5059 1275 5127 ammaupopeto]
1294 5062 1332 5112 ,3.
1351 5060 1375 5110 Ρ.
1395 5059 1428 5120 b;
1451 5063 1543 5125 populo

217 5127 777 5198 Romanoe13flotoooiaom.lg.53;lt.
797 5131 859 5196 (om.
874 5133 975 5200 popolo)
992 5133 1097 5198 Baca3
1115 5137 1185 5188 44664.
1205 5137 1267 5203 (cm.
1275 5137 1376 5205 popum)
1395 5138 1418 5200 4,
1437 5137 1482 5204 La.
1494 5140 1536 5194 60.
