3610 5860
269 390 331 464 492
676 403 825 522 ontrlo
848 402 927 470 PRO
947 403 984 470 A.
1007 403 1177 472 CAECINA

267 591 343 638 nem
364 573 509 652 babebis,
536 593 598 661 qua
619 595 676 638 nos
697 577 746 638 usi
767 595 890 651 sumus,
921 595 962 640 an
983 575 1076 640 aliam
1098 577 1276 659 quampiam
1298 596 1336 640 an
1360 576 1488 641 omnino
1511 578 1591 642 nul-

270 665 354 731 lam‘l
403 668 528 732 Nullam
557 691 626 734 esse
655 670 808 733 actionem
837 668 941 733 dicere
970 671 1003 733 in
1032 691 1066 733 re
1095 676 1157 732 tam
1186 671 1301 781 insigni
1328 678 1455 757 tamque
1484 674 1593 736 atroci

269 781 375 846 neque
396 762 579 844 prudentiae
601 783 703 848 neque
725 763 919 827 auctoritatis
941 771 1013 828 tuae
1028 773 1089 827 cst:
1112 765 1212 828 alia
1187 786 1213 828 sr
1228 785 1308 846 quae
1322 766 1404 830 lorte
1419 774 1475 841 est,
1502 788 1593 852 quae

269 855 476 940 contugerit,
500 858 566 934 dic,
589 878 670 943 quae
693 859 748 934 sit,
771 859 863 941 cupio
886 858 1015 923 discere.
1057 856 1108 922 38.
1130 859 1215 922 Haec
1237 860 1264 922 si
1286 867 1348 937 est,
1372 861 1592 945 quanosusi

246 969 387 1024 neamus,
409 957 439 1014 te
460 951 562 1015 iudice
582 954 742 1017 vincamus
762 973 892 1016 necesse
915 960 972 1016 est
1005 929 1083 1016 Non
1106 953 1189 1016 enim
1211 974 1322 1019 vereor
1343 976 1383 1018 ne
1404 954 1465 1018 boc
1488 954 1592 1029 dicas,

268 1043 302 1105 in
331 1043 441 1108 eadem
470 1065 563 1109 causa
592 1046 704 1110 eodem
731 1046 897 1110 interdicto
925 1055 955 1109 te
983 1054 1126 1132 oportere
1155 1047 1295 1124 restitui,
1330 1047 1494 1116 Caecinam
1520 1069 1592 1112 non

268 1147 424 1222 oportere.
467 1141 588 1205 Etenim
612 1143 660 1206 cui
681 1162 745 1205 non
767 1142 967 1228 perspicuum
998 1149 1062 1216 est,
1091 1142 1131 1205 ad
1152 1143 1304 1208 incertum
1331 1142 1470 1207 revocari
1492 1143 1593 1217 bona,

266 1229 425 1310 fortunas,
453 1237 670 1319 possessiones
698 1237 854 1310 omnium,
880 1235 906 1297 si
928 1236 993 1300 ulla
1022 1255 1061 1298 ex
1083 1243 1171 1318 parte
1193 1238 1350 1301 sententia
1371 1237 1464 1301 buius
1487 1236 1593 1300 inter·

270 1321 346 1390 dicti
367 1325 527 1392 deminuta
548 1337 601 1392 ant
622 1329 777 1393 infirmata
798 1330 859 1393 sitt
888 1331 914 1391 si
937 1331 1121 1393 auctoritate
1141 1330 1280 1394 virorum
1302 1331 1409 1396 talium
1424 1331 1471 1393 vis
1485 1350 1592 1394 arma-

232 1437 258 1486 ιο
269 1425 370 1484 torum
390 1422 553 1486 hominum
576 1424 693 1488 iudicio
715 1425 883 1508 approbata
904 1424 1057 1499 videatur,
1080 1425 1111 1486 in
1134 1444 1197 1507 quo
1219 1425 1337 1488 iudicio
1359 1445 1422 1488 non
1438 1424 1477 1486 de
1492 1425 1589 1486 armis

269 1516 459 1593 dubitatum,
492 1518 547 1581 sed
577 1517 615 1580 de
644 1518 747 1582 verbis
776 1518 954 1603 quaesitum
980 1537 1049 1581 esre
1072 1519 1213 1581 dicatur‘t
1254 1521 1326 1582 lsne
1348 1517 1430 1602 apud
1452 1537 1507 1581 vos
1529 1517 1590 1579 ob-

267 1611 382 1675 tinebit
403 1631 528 1675 causam
550 1632 653 1686 suam,
676 1613 730 1696 qui
753 1633 787 1676 se
808 1613 852 1677 ita
874 1611 1063 1675 defenderit:
1095 1613 1225 1678 «Reieoi
1248 1633 1306 1696 ego
1328 1621 1360 1676 te
1381 1610 1505 1676 armatis
1527 1609 1588 1672 bo-

268 1703 423 1779 minibus,
453 1725 517 1770 non
538 1706 681 1782 deieci,u
713 1713 750 1769 ut
771 1713 891 1769 tantum
919 1705 1040 1770 facinus
1061 1726 1126 1769 non
1147 1707 1180 1770 in
1201 1707 1359 1790 aequitate
1382 1704 1586 1778 defensionis,

258 1799 324 1862 'sed
345 1798 379 1862 in
401 1819 464 1862 una
485 1801 587 1865 littera
609 1801 736 1865 latuisse
758 1800 920 1864 videatur?
959 1797 1009 1862 39.
1030 1801 1169 1865 Huiusce
1184 1802 1228 1864 rei
1242 1821 1297 1864 vos
1312 1803 1452 1864 statuetis
1466 1799 1586 1863 nullam

232 1911 260 1960 tt
270 1914 340 1958 esse
362 1896 527 1970 actionem,
549 1895 671 1959 nullum
693 1895 876 1979 experiundi
898 1895 948 1957 ius
971 1895 1184 1970 constitutum,
1207 1895 1262 1977 qui
1283 1893 1439 1958 obstiterit
1460 1891 1587 1958 armatis

269 1989 459 2065 hominibus,
483 1990 536 2073 qui
559 1989 758 2053 multitudine
780 1995 887 2052 coacta
908 2009 973 2052 nou
993 1989 1133 2064 introitu,
1155 1990 1210 2052 sed
1233 1990 1360 2053 omnino
1376 1990 1463 2053 aditu
1478 2008 1588 2072 quem·

269 2085 353 2168 piam
376 2083 593 2166 prohibuerit?
634 2085 718 2147 XIV.
743 2083 827 2160 Quid
850 2087 944 2167 ergo?
973 2082 1034 2146 boc
1057 2103 1150 2167 quam
1173 2083 1267 2147 habet
1288 2085 1373 2147 rimi
1409 2084 1449 2146 Ut
1471 2083 1588 2147 distare

270 2178 391 2261 aliquid
413 2186 466 2241 aut
488 2178 655 2263 exaliqua
676 2185 764 2262 parte
787 2178 912 2241 differre
926 2177 1080 2251 videatur,
1099 2184 1215 2252 utrum,
1237 2177 1349 2261 pedem
1365 2198 1434 2241 cum
1449 2178 1588 2242 intulero

269 2279 363 2356 atque
392 2272 424 2334 in
452 2272 652 2355 possessione
680 2272 848 2355 vestigium
878 2271 1000 2346 fecero,
1035 2278 1101 2334 tum
1136 2271 1277 2353 expellar
1305 2291 1341 2335 ac
1368 2270 1509 2347 deiiciar,
1546 2291 1588 2335 an

231 2365 379 2430 aoeadem
402 2367 433 2429 vi
456 2374 487 2429 et
507 2367 608 2430 isdem
630 2369 722 2430 armis
751 2365 826 2430 mibi
855 2374 926 2429 ante
955 2373 1150 2440 occurratur,
1179 2387 1220 2428 ne
1247 2386 1312 2429 non
1339 2366 1433 2430 modo
1461 2368 1588 2444 intrare,

269 2481 378 2524 verum
400 2459 562 2545 adspicere
585 2467 638 2523 aut
659 2460 818 2545 adspirare
840 2461 974 2543 possim:
1005 2459 1080 2543 quid
1109 2460 1169 2523 boc
1191 2459 1230 2522 ab
1252 2460 1307 2522 illo
1330 2460 1449 2534 differt,
1478 2461 1588 2524 utillo

270 2563 399 2637 cogatur
419 2555 601 2627 restituere,
633 2556 688 2637 qui
711 2557 884 2638 ingressum
906 2553 1078 2637 expulerit,
1100 2553 1172 2628 illo,
1195 2554 1249 2637 qui
1270 2553 1496 2637 ingredientem
1516 2575 1589 2636 rep·

154 2711 162 2718 ,
271 2650 397 2733 pulerit,
418 2668 483 2711 non
506 2652 656 2731 cogatur?
688 2645 739 2710 lo.
762 2649 885 2722 Videte,
907 2667 965 2730 per
986 2647 1061 2710 deos
1084 2647 1289 2711 immortales!
1315 2647 1401 2738 qupd
1423 2648 1472 2711 ius
1486 2649 1587 2723 nobis,

157 2780 167 2790 -
271 2763 366 2829 quam
387 2742 605 2807 condicionem
626 2743 781 2806 vobismet
801 2743 894 2825 ipsis,
922 2761 1016 2825 quam
1045 2740 1182 2824 denique
1211 2742 1329 2806 civitati
1349 2742 1451 2824 legem
1473 2743 1588 2807 consti-

231 2831 359 2902 rntu‘erc
380 2836 493 2900 velitis.
536 2836 674 2900 Huiusce
697 2838 822 2919 generis
844 2855 907 2898 una
928 2840 976 2897 est
997 2835 1075 2898 aetio
1105 2855 1163 2918 per
1188 2835 1249 2898 boc
1278 2836 1495 2912 interdictum,
1524 2855 1586 2920 quo

334 3092 358 3141 4.
376 3091 403 3140 tu
418 3103 447 3140 re
463 3089 544 3140 dicere
559 3089 587 3139 T.
603 3115 628 3126 -
644 3087 668 3140 3.
688 3088 749 3154 utta]
766 3089 853 3151 atiquo
869 3088 897 3137 Τ.
917 3086 978 3136 -si
995 3083 1265 3148 puneETatietb:
1284 3085 1491 3151 ιίᾳιισῦιδιις
1509 3091 1587 3153 ripato

270 3179 311 3229 m;
329 3167 350 3216 st
368 3179 418 3228 mm
434 3160 553 3215 RLbO.
569 3189 594 3201 -
609 3163 692 3226 [ortae
707 3163 735 3212 E.
751 3189 778 3199 -
791 3161 815 3214 4.
835 3163 883 3225 dic,
901 3175 966 3225 punc
982 3161 1022 3226 sit]
1041 3161 1080 3212 Cl.
1100 3158 1205 3221 Quintil.
1223 3159 1253 3210 V.
1266 3160 1307 3221 to,
1325 3160 1365 3210 63.
1380 3187 1408 3199 -
1422 3163 1446 3214 7.
1466 3179 1587 3215 ...um

268 3247 303 3294 eat
319 3241 353 3290 cd
369 3240 490 3290 incertmn
504 3238 619 3288 rovocari
629 3262 667 3275 --
678 3238 733 3287 ttcet
749 3243 831 3287 moron
847 3237 891 3288 boc
907 3238 1036 3287 interdicto
1054 3237 1086 3300 (5.
1105 3235 1156 3300 44.)
1178 3232 1259 3286 habet
1276 3237 1303 3285 P.
1324 3261 1351 3272 -
1369 3249 1419 3288 non
1431 3241 1588 3304 perspicuum

269 3318 364 3370 PET:
381 3314 538 3378 perspicimur
553 3328 603 3364 oon
620 3310 762 3364 alltc.
778 3339 805 3348 —
819 3317 854 3363 est
869 3315 903 3364 P:
920 3310 1101 3364 sitltALth.
1116 3337 1145 3349 ·-
1159 3311 1396 3375 bonnssortuucaE.
1416 3311 1454 3362 Ci.
1468 3313 1492 3378 S.
1505 3316 1545 3366 76.
1558 3339 1584 3352 -

268 3393 293 3442 8.
308 3391 465 3454 percusionis
482 3387 660 3454 ETaeptB.
674 3414 702 3424 —
721 3389 744 3438 9.
758 3388 915 3439 dontinutaT
932 3389 961 3451 [si
979 3387 1046 3439 tides
1064 3388 1106 3438 est
1117 3387 1241 3438 Harlessii
1257 3386 1367 3456 silentio]
1386 3389 1449 3440 LO:
1467 3391 1588 3442 diminuto

269 3469 288 3517 u
307 3466 395 3530 (etiarn
411 3466 439 3526 P,
458 3463 491 3514 de
510 3477 562 3528 quo
579 3466 650 3514 errat
666 3463 801 3526 lordonust
818 3459 876 3514 Ad.
901 3463 939 3514 Cl.
958 3463 982 3527 ἕ.
1001 3464 1025 3513 o.
1047 3463 1108 3512 -si
1124 3464 1272 3513 auctoritate
1289 3461 1401 3514 PLbO:
1420 3467 1466 3516 sim
1482 3469 1589 3517 unctori-

269 3547 318 3593 tnte
335 3543 354 3593 E
363 3556 368 3600 ;
386 3555 411 3591 ιι
426 3542 453 3590 tn
470 3539 619 3590 auctoritato
635 3540 666 3598 Τς
685 3539 720 3588 sic
735 3540 762 3588 in
779 3543 927 3591 auctmitate
943 3556 975 3601 a;
993 3542 1014 3591 ai
1025 3543 1051 3591 tn
1063 3543 1212 3592 auctoritate
1223 3543 1243 3593 14
1252 3542 1282 3592 Α.
1297 3568 1324 3579 —
1339 3543 1427 3592 tultum
1435 3542 1548 3592 morum
1558 3544 1585 3592 L.

270 3645 297 3655 ·-
316 3619 378 3666 otr-
390 3641 405 3652 -
416 3614 557 3678 adprobata
575 3615 622 3664 PL
642 3613 684 3678 lde
702 3615 840 3667 Hotomani
857 3617 1016 3679 contectura)
1036 3618 1067 3668 0:
1091 3618 1178 3667 ins--
1189 3617 1355 3681 approbatum
1371 3617 1586 3681 (adprobntannl't

269 3695 317 3745 nn
329 3690 354 3744 t.
375 3717 402 3727 —
421 3692 460 3742 40.
478 3691 594 3741 uideatur
605 3689 790 3739 --dubitutum
806 3704 859 3742 om.
878 3692 906 3742 Τ.
926 3717 953 3727 -
973 3693 1012 3742 ti.
1031 3691 1167 3755 defenderet
1183 3693 1210 3743 T.
1223 3719 1250 3728 —
1264 3693 1343 3744 lteteci
1359 3691 1475 3744 Kellerus
1494 3693 1527 3756 (p.
1540 3691 1586 3742 393

271 3795 299 3837 e·
313 3769 392 3832 400.)ε
411 3767 470 3818 eieci
486 3765 509 3819 a
527 3767 619 3830 (etiam
630 3767 649 3815 P
661 3769 688 3816 et
699 3765 849 3818 Rufinianus
867 3764 955 3828 desig.
969 3765 1036 3815 seut.
1055 3763 1078 3828 ἓ.
1094 3765 1127 3829 o.)
1140 3761 1253 3817 ALPO.
1273 3765 1311 3816 Cl.
1331 3767 1355 3830 ἓ.
1374 3768 1414 3819 il.
1433 3767 1473 3818 39.
1487 3766 1527 3818 l8.
1546 3766 1585 3816 66.

270 3846 310 3897 84.
331 3873 358 3882 -
382 3848 405 3893 te
420 3857 464 3906 epo
481 3842 510 3892 T.
532 3867 561 3878 -
587 3840 626 3891 43.
644 3840 797 3905 defmsionis]
822 3841 886 3890 iuris
906 3839 1066 3890 Rufinianus
1087 3865 1114 3877 -
1137 3842 1177 3891 to.
1195 3841 1291 3892 ordinm
1306 3842 1428 3893 Ervo:
1445 3843 1537 3892 nudius
1552 3843 1585 3900 G;

268 3921 360 3972 oulttlt
374 3919 461 3981 tetiam
470 3919 498 3978 P,
517 3917 539 3968 sl
556 3915 623 3966 fides
641 3918 681 3966 est
692 3917 805 3980 Peyroni
821 3915 935 3970 silentio:
954 3915 980 3964 tn
992 3913 1054 3965 edit.
1068 3917 1191 3966 Patavina
1209 3917 1280 3968 enim
1297 3930 1321 3967 a.
1336 3917 1408 3968 4753.
1421 3916 1515 3980 legitur
1526 3917 1588 3966 ιιιι444

268 3992 421 4059 eepcrtmct)
437 3988 521 4042 unt.
541 4015 569 4027 -
592 3991 635 4053 qui
651 3991 769 4040 obstiterit
790 3991 889 4041 PETk
902 3990 928 4040 et
939 3989 971 4040 0:
998 3991 1063 4053 quod
1084 3990 1201 4042 obstiterit
1221 3989 1332 4043 ΒΑΗ.
1361 3992 1399 4044 Cl.
1419 3993 1585 4043 Garatonium

270 4071 303 4121 ad
319 4069 404 4119 Vatin.
423 4067 447 4132 5.
466 4067 505 4116 li.
524 4079 550 4130 p.
563 4065 604 4116 449.
623 4064 665 4116 ed.
679 4064 763 4117 Halm.
780 4092 807 4102 —-
822 4066 860 4116 46.
880 4066 946 4126 quod
960 4065 1116 4115 multitudine
1131 4067 1160 4116 L.
1175 4093 1202 4102 -
1220 4067 1337 4117 introitus
1351 4069 1393 4116 aad
1408 4069 1436 4118 P.
1449 4095 1476 4105 -
1487 4070 1526 4118 t'l.
1544 4069 1588 4118 boc

270 4157 323 4195 om.
342 4145 369 4194 P.
383 4171 410 4179 -
424 4143 478 4202 boc,
496 4139 572 4190 *eieci
588 4152 633 4206 epo
649 4146 680 4202 tc,
698 4155 748 4191 noo
764 4139 870 4201 dotem*
887 4153 962 4203 qnam
979 4137 1003 4191 s.
1022 4143 1051 4192 ln
1064 4143 1082 4192 L
1093 4153 1207 4192 vacuum
1225 4146 1266 4193 est
1276 4145 1389 4206 spatium
1405 4145 1466 4207 post
1481 4157 1523 4193 vv.
1541 4145 1588 4193 bn-

269 4221 306 4270 444
320 4219 379 4268 obn.
400 4245 426 4254 -
448 4223 476 4267 ut
492 4217 585 4266 distare
601 4217 696 4279 aliquid
719 4221 763 4266 ant
778 4230 811 4266 en
821 4216 907 4279 aliqua
919 4221 995 4278 parte
1008 4219 1157 4281 Peyronns:
1179 4218 1589 4280 V.DlS.AltEALIQVlDTAUTEX

269 4291 531 4356 ebiomatarum
557 4297 585 4340 ut
606 4295 654 4341 isto
674 4305 702 4342 re
726 4291 822 4352 aliquid
843 4297 888 4340 aut
909 4291 997 4354 aliqua
1019 4305 1051 4341 eu
1070 4297 1144 4354 perte
1165 4292 1184 4342 E
1202 4293 1235 4351 T;
1261 4297 1289 4342 ut
1310 4294 1359 4341 istc
1375 4306 1415 4343 res
1431 4307 1487 4342 cum
1503 4295 1588 4357 utiquo

269 4384 302 4420 an
320 4373 395 4432 parte
410 4368 440 4428 lt,
466 4373 494 4417 ut
513 4368 562 4417 ista
581 4381 610 4417 re
632 4369 727 4430 aliquid
742 4381 798 4417 cum
814 4367 901 4428 atique
921 4380 954 4416 ec
971 4371 1045 4429 parte
1066 4368 1132 4424 nm
1157 4372 1186 4417 ut
1205 4367 1250 4416 illc
1270 4381 1311 4417 res
1332 4367 1427 4430 aliquid
1448 4368 1535 4430 aliqua
1555 4383 1588 4419 cn

267 4449 419 4508 parto-oum
436 4443 536 4492 Iuntina
554 4440 614 4502 to;
637 4447 665 4492 ut
681 4443 793 4492 itineres
809 4441 906 4504 aliquid
921 4442 1007 4504 atiquo
1023 4453 1056 4490 ecc
1070 4446 1143 4502 parte
1160 4443 1195 4502 (et
1211 4440 1338 4505 deinceps
1352 4441 1494 4506 uideantur)
1511 4443 1538 4493 L.
1558 4469 1586 4479 -

270 4522 309 4572 49.
325 4519 518 4582 possessionen:
534 4519 737 4580 possessurus:
754 4518 927 4580 possessionem
944 4513 1084 4567 nauto
1104 4543 1131 4552 —
1151 4529 1181 4565 cc
1197 4517 1245 4568 PE
1259 4518 1287 4568 T:
1305 4523 1380 4578 atque
1395 4516 1536 4570 RALPO.
1558 4545 1585 4554 —

270 4596 364 4647 deiciar
381 4594 471 4645 PET.
492 4619 519 4628 -
546 4605 580 4642 an
602 4595 688 4643 cadem
704 4592 827 4643 PETO:
852 4606 886 4642 on
903 4594 930 4642 iu
945 4593 1030 4641 radun
1047 4591 1146 4651 ltdL3
1173 4605 1207 4641 au
1224 4605 1300 4655 quum
1316 4593 1401 4642 ecdem
1417 4589 1442 4644 t.
1462 4619 1488 4628 -
1507 4593 1547 4643 rc.
1565 4597 1588 4643 et

269 4673 345 4722 isdem
364 4669 460 4720 PET:
486 4673 509 4718 et
529 4668 621 4718 hisdem
636 4667 670 4729 β;
695 4671 719 4717 et
740 4667 825 4716 iisdem
842 4667 941 4726 ne0;
967 4671 1041 4728 stow
1062 4667 1148 4716 iisdem
1170 4679 1231 4718 oum
1253 4665 1345 4717 Aldina
1363 4664 1392 4728 tl,
1415 4669 1479 4718 etio
1500 4668 1588 4718 circino

270 4747 386 4802 tuntina;
406 4748 481 4806 atque
497 4742 523 4791 io
540 4743 628 4792 cledon
645 4743 672 4792 L.
688 4769 714 4778 -
729 4743 795 4804 ante]
811 4754 845 4790 on
862 4753 916 4791 am
928 4753 946 4804 q
958 4741 1005 4804 tpr.
1019 4742 1065 4804 m.)
1077 4741 1116 4804 ιβ
1128 4743 1154 4792 et
1164 4746 1193 4792 Α.
1205 4768 1233 4777 -
1243 4741 1374 4805 syllabam
1390 4757 1419 4793 oc
1435 4757 1513 4808 supra
1530 4756 1588 4794 ver-

271 4833 331 4870 sum
347 4818 430 4869 babet
445 4817 474 4868 E.
496 4839 524 4852 -
543 4818 584 4868 et.
602 4829 690 4866 omum
706 4814 774 4868 aa:
801 4829 887 4866 voum
909 4816 984 4865 ettam
1004 4829 1065 4866 cum
1087 4815 1179 4868 Aldina
1195 4813 1284 4868 Lt0.
1304 4843 1330 4854 -
1350 4819 1459 4880 aspicere
1479 4819 1538 4870 PE.
1558 4846 1585 4854 -

270 4895 385 4957 aspirare
400 4894 429 4944 E.
450 4920 478 4930 -
498 4893 566 4955 quid,
585 4895 614 4941 ut
630 4890 736 4942 volebat
753 4891 904 4951 Lambinus,
924 4892 988 4942 PO:
1007 4891 1050 4953 qut
1066 4888 1185 4943 nant.
1206 4917 1233 4927 —
1252 4891 1292 4942 on
1308 4895 1420 4956 copulor]
1437 4893 1588 4956 inteutpatnr

269 4970 311 5020 itte
327 4975 432 5034 copulor
448 4969 477 5031 Ε,
496 4967 545 5018 sed
562 4967 627 5018 intra
644 4967 758 5018 verbum
773 4966 927 5030 intetltpctur
943 4964 1037 5016 lineola
1049 4966 1143 5030 posita,
1162 4977 1213 5032 qua
1226 4965 1367 5017 delendum
1380 4981 1439 5019 esse
1450 4967 1586 5017 indicatur·

273 5070 301 5080 -
319 5045 360 5095 ti.
377 5043 512 5107 reppulerit
529 5042 603 5106 Lide
618 5043 638 5093 T
654 5042 714 5095 silet
729 5041 899 5107 Harlessius):
916 5041 1034 5106 repulerit
1050 5037 1152 5094 nunt
1162 5041 1192 5092 0.
1202 5068 1229 5078 -
1240 5043 1280 5094 tt.
1298 5041 1370 5092 butus
1384 5042 1480 5108 amris
1491 5043 1521 5106 P;
1539 5039 1589 5093 sed

270 5129 299 5170 cc
315 5117 419 5170 videtur
435 5118 652 5189 superscriptum.
