3642 5862
311 399 373 466 asi
682 404 726 468 IN
747 403 915 470 VERREM
934 403 1057 470 ionio
1080 403 1263 470 SECUNDA

313 595 408 659 quam
430 595 500 639 esse
522 573 698 638 arbitretur.
742 569 793 638 l3.
821 577 925 660 litque
946 575 1025 640 baec
1047 575 1148 642 sicubi
1168 576 1252 640 iacta
1272 581 1362 650 sunt,
1383 572 1466 640 iacta
1487 583 1578 651 sunt,
1599 582 1644 640 ut

309 668 454 734 homines
483 667 650 754 populares
679 689 715 732 ac
742 668 1046 754 nobiles·supplicio
1068 677 1124 733 aut
1145 669 1259 734 exsilio
1288 670 1484 737 levarentur:
1517 678 1549 734 at
1570 691 1641 736 non

310 763 408 828 abiis
430 764 523 847 ipsis,
553 764 608 846 qui
636 761 844 836 iudicassent,
874 771 906 826 at
933 783 997 827 non
1027 765 1149 840 statim,
1179 771 1212 828 at
1232 783 1297 826 non
1320 783 1430 828 eorum
1459 763 1639 830 facinorum

310 857 465 932 damnati,
492 877 574 941 quae
596 855 635 919 ad
657 857 753 920 vitam
776 863 808 920 et
828 857 868 920 ad
889 857 1032 920 fortunas
1054 858 1195 922 omnium
1217 858 1423 940 pertinerent.
1466 859 1535 922 Hoc
1555 877 1637 922 vero

167 983 173 1006 ι
284 961 428 1016 tnovum
451 960 483 1016 et
504 953 572 1016 cius
594 952 681 1017 modi
703 959 761 1026 cst,
784 959 820 1014 nt
837 951 935 1035 magis
950 960 1081 1035 propter
1094 973 1182 1016 reum
1198 971 1292 1036 quarn
1307 960 1436 1036 propter
1449 975 1517 1018 rem
1532 955 1636 1038 ipsam

310 1045 460 1110 credibile
482 1046 641 1121 videatur,
663 1052 699 1110 ut
719 1046 863 1110 homines
885 1067 1010 1121 servos,
1039 1055 1075 1111 ut
1103 1048 1172 1129 ipse
1194 1047 1249 1131 qui
1271 1045 1442 1123 iudicarat,
1471 1048 1636 1112 utstatim

310 1160 328 1203 e
350 1140 455 1204 medio
478 1141 634 1224 supplicio
656 1141 821 1215 dimiserit,
842 1149 877 1204 ut
898 1140 967 1203 eius
987 1140 1137 1205 facinoris
1160 1139 1326 1206 damnatos
1348 1162 1466 1216 servos,
1489 1142 1572 1227 quod
1591 1139 1635 1204 ad

311 1236 451 1298 omnium
479 1234 648 1298 liberorum
678 1241 773 1318 caput
802 1239 835 1296 et
861 1237 1046 1318 sangninem
1075 1238 1256 1318 pertineret.
1305 1231 1356 1326 ll,
1385 1236 1411 1300 0
1438 1235 1633 1320 praeclarum

309 1330 530 1414 imperatorem
550 1349 610 1393 nec
632 1329 695 1392 iam
718 1348 788 1391 cum
810 1328 861 1392 Μ’.
883 1329 1026 1411 Aquilio,
1054 1329 1228 1394 fortissimo
1255 1329 1339 1404 viro,
1370 1329 1425 1394 scd
1455 1350 1530 1394 vero
1560 1349 1632 1393 cum

271 1424 442 1498 ioPaullis‚
473 1422 691 1506 Scipionibus,
721 1421 827 1486 lilariis
857 1422 1099 1488 conferenduml
1143 1425 1318 1488 Tantumne
1349 1423 1466 1488 vidisse
1492 1424 1525 1486 in
1546 1429 1631 1486 metu

307 1516 514 1601 periculoque
542 1515 741 1600 provinciae!
788 1517 865 1580 Cum
893 1517 1092 1581 servitiorum
1123 1519 1246 1582 animos
1274 1519 1308 1582 in
1330 1518 1441 1582 Sicilia
1461 1536 1631 1600 suspensos

307 1619 437 1696 propter
450 1609 570 1674 beilum
584 1611 691 1674 italiae
706 1609 911 1694 lugitivorum
927 1609 1064 1674 videret:
1087 1629 1127 1674 ne
1143 1611 1215 1694 quis
1230 1633 1264 1675 se
1279 1631 1476 1676 commovere
1490 1610 1632 1686 auderet,

307 1713 460 1792 quantum
488 1705 618 1768 terroris
648 1703 770 1768 iniecitl
815 1703 1048 1786 Comprehendi
1077 1705 1185 1768 iussit:
1214 1705 1287 1789 quis
1317 1726 1382 1770 non
1410 1707 1631 1789 pertimescat?

306 1821 433 1866 cauam
457 1799 562 1864 dicere
584 1799 747 1862 dominos:
777 1799 854 1882 quid
877 1819 966 1864 servo
988 1807 1051 1862 tam
1079 1799 1341 1866 formidolosum?
1377 1821 1503 1866 rscrsss
1525 1819 1632 1864 vinum

268 1907 296 1954 tc
305 1896 506 1980 pronuntiat:
529 1900 671 1956 exortam
693 1893 817 1956 videtur
838 1889 993 1956 flammam
1014 1913 1187 1975 paucorum
1209 1893 1318 1958 dolore
1340 1915 1377 1958 ac
1399 1905 1498 1961 morte
1520 1898 1632 1960 restin-

305 1991 401 2054 xisse.
446 1987 530 2063 Quid
554 1986 669 2052 deinde
692 1988 858 2070 sequitur?
901 1987 1040 2051 Verbera
1066 1994 1163 2072 atque
1189 1989 1278 2071 ignes
1300 1994 1332 2052 et
1353 1989 1409 2054 illa
1429 1999 1570 2054 extrema
1590 1989 1630 2053 ad

304 2083 497 2167 supplicium
518 2083 752 2155 damnatorum,
777 2089 895 2146 metum
918 2090 1105 2156 ceterorum,
1128 2089 1161 2146 et
1182 2084 1339 2146 cruciatus
1362 2091 1395 2146 et
1416 2105 1505 2148 crux.
1537 2083 1630 2146 Hisce

304 2178 449 2242 omnibus
471 2175 634 2260 suppliciis
657 2183 731 2238 sunt
758 2174 891 2239 liberati.
936 2176 1015 2252 Quis
1044 2176 1182 2251 dubitet,
1211 2177 1290 2262 quin
1320 2197 1482 2242 servorum
1509 2178 1631 2242 animos

306 2291 429 2336 summa
451 2269 623 2334 formidine
645 2270 856 2353 oppresserit,
884 2289 956 2334 cum
977 2270 1122 2333 viderent
1143 2290 1181 2334 ea
1200 2270 1352 2336 facilitate
1373 2280 1568 2356 praetorem,
1596 2279 1632 2335 ut

265 2367 343 2430 stab
366 2387 405 2430 eo
428 2385 590 2430 servorum
612 2363 742 2428 sceleris
764 2365 1057 2448 coniurationisque
1080 2365 1299 2430 damnatorum
1320 2367 1386 2432 vita
1406 2366 1457 2432 vel
1478 2367 1549 2450 ipso
1564 2386 1632 2432 car·

304 2460 397 2524 nilico
419 2459 617 2523 internuntio
639 2457 872 2523 redimeretur?

387 2555 456 2618 Vll.
485 2550 535 2616 io.
560 2553 669 2629 Quid?
699 2554 760 2618 boc
782 2554 816 2616 in
837 2552 1057 2636 Apolloniensi
1078 2554 1298 2630 Aristodemo,
1328 2554 1426 2638 quidt
1456 2556 1489 2618 in
1510 2555 1631 2618 Leonte

182 2679 208 2748 3
302 2647 516 2712 Imacharensi
540 2668 604 2710 non
627 2647 712 2712 idem
734 2647 861 2710 iecisti‘i
906 2645 1105 2736 Quidtp'iste
1137 2654 1239 2712 motus
1269 2649 1470 2714 seruitiorum
1491 2648 1630 2731 bellique

264 2717 278 2742 ⁸
303 2742 406 2806 subita
428 2723 695 2847 suspicio)utrum
717 2734 925 2810 tibiltandem
944 2740 1141 2822 diligentiam
1155 2741 1381 2806 custodiendae
1396 2735 1630 2827 provinciaeian

143 2875 224 2954 ὠ
263 2850 417 2902 sonoram
439 2837 593 2898 rationem
615 2834 842 2918 improbissimi
866 2824 1174 2927 quaestuslauulitb
1206 2836 1405 2920 Halicyensis
1425 2836 1630 2910 Eumenidae,

218 2951 248 3029 a(
302 2927 587 3030 nobilis-,hominis
617 2937 650 2993 et
675 2928 820 3004 honesti,
850 2947 982 3012 magnae
1011 2930 1163 3012 pecuniae
1186 2929 1298 2996 vilicus
1320 2951 1392 2994 cum
1413 2931 1553 3015 impulsu
1576 2939 1629 2996 tuo

368 3238 392 3290 i.
410 3237 488 3289 maii
503 3237 541 3288 ita
557 3236 635 3300 egio.
651 3263 678 3274 -
696 3237 766 3300 iacta
781 3235 847 3301 mai]
865 3237 893 3288 in
911 3236 1035 3288 omnibus
1053 3236 1131 3289 codd.
1149 3237 1217 3290 baec
1235 3236 1316 3288 verba
1333 3237 1417 3290 semei
1435 3236 1568 3302 legunturi
1587 3237 1629 3290 bis

301 3314 417 3382 primum
435 3313 606 3380 apparentia
625 3311 686 3364 edit.
707 3311 844 3363 Cratrrnd.
860 3339 887 3350 -
901 3313 926 3363 i.
945 3325 976 3362 ac
993 3313 1041 3364 iia:
1059 3318 1105 3364 cat
1121 3312 1186 3363 dcii.
1205 3312 1237 3372 0;
1257 3325 1310 3363 non
1328 3325 1389 3366 raro
1406 3328 1438 3366 ac
1455 3313 1629 3378 depravatum

303 3397 357 3447 est:
377 3393 410 3444 cl.
429 3392 495 3443 inira
506 3389 530 3454 5.
544 3386 590 3448 6i;
609 3393 655 3438 aut
669 3389 787 3439 retinens
798 3385 916 3438 Halmius
933 3389 968 3439 ita
986 3386 1109 3452 explicat,
1129 3391 1157 3436 nt
1172 3385 1263 3437 uanius
1280 3388 1398 3460 eosdernx
1409 3401 1469 3440 esse
1487 3388 1565 3448 dicat,
1584 3391 1629 3452 qui

303 3467 364 3522 alibi
376 3469 506 3532 optimates
517 3462 691 3530 appellantur.
710 3465 743 3513 iit
754 3476 807 3514 non
819 3461 937 3513 debebat
948 3464 1078 3526 optimates
1089 3461 1122 3526 lp.
1136 3463 1202 3512 sest.
1218 3462 1242 3525 5.
1256 3462 1287 3512 ot
1299 3476 1359 3527 sqq.
1372 3463 1404 3515 de
1419 3464 1481 3527 itep.
1495 3463 1527 3512 ii.
1541 3461 1564 3526 5.
1578 3459 1628 3525 ti.)

303 3543 466 3597 contundere
484 3552 546 3592 oum
562 3539 694 3600 nubibas,
713 3551 763 3590 nec
780 3537 841 3589 licet
858 3538 918 3603 [ii]
935 3538 1086 3601 disiungere
1095 3537 1231 3598 poprstarm
1241 3542 1286 3588 aut
1295 3537 1395 3599 cobibe,
1414 3537 1474 3602 quic
1485 3539 1629 3600 ulnamque

302 3623 328 3674 in
346 3619 442 3673 eodem
459 3618 567 3669 bomine
584 3629 644 3668 csse
661 3617 757 3680 potest.
787 3615 879 3677 Neque
897 3612 924 3662 h.
938 3609 954 3662 Ι.
967 3609 1019 3662 ulla
1035 3613 1076 3662 est
1087 3611 1269 3664 disiunctionis
1280 3614 1360 3671 ratim
1379 3614 1548 3677 opponantur
1558 3611 1630 3662 enim

300 3697 410 3748 umiae
421 3693 559 3758 populares
575 3707 606 3743 ac
621 3692 713 3742 mittes
730 3693 754 3754 (i.
774 3705 797 3741 e.
817 3690 861 3754 qui
879 3688 960 3739 iidem
977 3689 1038 3738 sunt
1055 3684 1164 3746 nobiles)
1183 3685 1322 3738 bominibus
1336 3688 1414 3738 amic
1429 3687 1445 3736 i.
1465 3691 1489 3736 θ’.
1507 3685 1629 3736 homines

301 3770 383 3823 nobili
399 3768 457 3821 loco
475 3769 528 3820 nati
546 3771 572 3820 et
589 3767 659 3833 apud
672 3765 799 3832 populum
811 3763 917 3830 gratiosi
928 3761 1080 3813 bominibus
1092 3759 1198 3810 intimae
1211 3760 1382 3812 condicionis.
1407 3763 1473 3812 Nam
1485 3762 1534 3812 nisi
1546 3761 1629 3812 homi·
1680 3779 1683 3786 Δ

302 3859 351 3898 nes
368 3843 470 3896 nobiles
486 3842 564 3895 simul
581 3840 723 3908 populares
741 3844 811 3902 sunt,
830 3853 884 3890 non
901 3835 976 3888 iacile
993 3837 1032 3898 tit,
1051 3839 1082 3885 ut
1097 3833 1225 3900 supplicio
1243 3838 1289 3886 aut
1305 3835 1396 3886 exsilio
1414 3833 1548 3902 leventur,
1567 3835 1628 3898 quia

301 3924 359 3974 eius
376 3922 415 3972 rei
432 3920 550 3985 potestas
567 3917 639 3982 apud
655 3915 783 3983 populum
801 3918 849 3966 est.
864 3939 891 3949 -
905 3913 930 3964 i.
949 3916 977 3961 at
987 3911 1045 3973 aon]
1062 3915 1091 3961 ut
1102 3925 1153 3960 noo
1171 3911 1228 3974 (ier)
1245 3913 1274 3963 ii.
1295 3913 1366 3974 (item
1378 3910 1485 3962 duobus
1496 3909 1629 3976 prioribus

301 3995 367 4048 locis
378 3995 465 4060 lagg.)
480 4021 507 4031 -
526 3993 551 4044 3.
564 3993 596 4044 ab
607 3992 647 4058 tis]
659 3992 691 4042 ab
702 3993 724 4042 is
735 3993 754 4043 ii
766 4004 807 4056 pr.
820 4002 867 4049 ηις
886 3987 918 4038 ab
929 3987 995 4038 birli
1009 3999 1078 4037 corr.
1092 3988 1120 4037 et
1130 3984 1187 4037 rell.
1201 3985 1251 4050 (vol
1263 3987 1331 4050 iiic.)
1343 4013 1370 4022 -
1391 3985 1414 4038 i.
1433 3993 1457 4038 ct
1467 3987 1509 4052 ad]
1522 3988 1557 4038 ad
1573 3999 1626 4038 om.

301 4073 334 4122 Gi
349 4072 427 4136 lagg.
441 4097 468 4106 -
486 4068 596 4119 omnium
611 4068 728 4132 fortunas
744 4067 789 4118 Gi.
809 4092 836 4101 -
856 4064 880 4114 6.
899 4061 1013 4113 credibile
1030 4075 1079 4112 essa
1094 4061 1144 4112 oid.
1158 4063 1235 4126 Lagg.
1250 4087 1277 4096 -
1292 4063 1333 4112 io.
1347 4063 1431 4112 Paulis
1442 4063 1470 4113 ii.
1484 4088 1511 4098 -
1526 4064 1565 4114 ii.
1579 4075 1629 4112 san

299 4160 390 4198 comm
404 4145 483 4209 Lgii.
498 4168 526 4181 -
546 4143 586 4194 43.
605 4143 748 4207 conprendi
764 4144 794 4193 ii.
809 4167 836 4178 —
856 4138 896 4191 tl.
915 4140 993 4189 rouo
1009 4138 1073 4189 deti.
1087 4139 1116 4189 0.
1131 4163 1158 4172 —
1179 4138 1219 4187 iil.
1233 4139 1388 4201 pronunciat
1405 4140 1438 4200 ii,
1454 4139 1629 4202 pronuntiauit

302 4222 367 4273 dett.
380 4223 410 4273 0.
424 4246 451 4257 -
471 4225 554 4271 ortam
566 4222 644 4284 Lagg.
658 4246 685 4255 -
706 4219 746 4269 i'i.
764 4223 788 4268 at
803 4216 930 4266 mutatio
942 4213 992 4266 nt:
1010 4220 1034 4266 ci
1045 4227 1098 4266 om.
1113 4213 1178 4266 deit.
1192 4212 1253 4264 0.-
1273 4213 1313 4264 48.
1332 4214 1375 4276 qai
1391 4215 1418 4264 in
1435 4215 1464 4267 n.
1478 4241 1505 4252 -
1524 4215 1565 4265 20.
1578 4227 1629 4264 scr-

299 4312 390 4350 ocrum
406 4311 459 4350 om.
478 4296 544 4348 dett.
563 4297 591 4347 0.
607 4296 704 4358 —ipsa
720 4295 749 4346 n.
764 4320 791 4329 -
804 4293 845 4344 ti.
863 4291 1032 4354 Apollonieosc
1048 4291 1126 4354 Lagg.
1142 4317 1169 4326 -
1182 4288 1272 4339 iconie
1288 4289 1370 4340 Prisc.
1389 4289 1410 4339 1.
1423 4303 1448 4354 p.
1462 4290 1518 4340 838.
1537 4289 1625 4354 Lugg:

300 4374 410 4426 Leonida
426 4371 471 4424 83.
491 4395 519 4407 -
538 4369 579 4422 88.
596 4367 765 4420 imacbarcnsi
780 4367 863 4419 Prisc.
880 4365 898 4418 l.
910 4366 928 4418 l.
948 4366 1008 4418 cod.
1027 4367 1096 4418 Ura:
1114 4364 1274 4416 iiacbareasi
1289 4365 1372 4429 again
1391 4365 1507 4416 murensi
1523 4365 1552 4416 ii.
1571 4362 1627 4426 (sed

300 4461 341 4514 pr.
359 4461 396 4498 m.
414 4443 514 4498 konidsi
530 4445 654 4504 warena,
673 4445 690 4494 i.
703 4457 728 4494 e.
745 4442 857 4494 Leonida
872 4439 1026 4506 Macareui)
1043 4441 1093 4498 (43;
1111 4440 1246 4490 Actarcasi
1262 4438 1340 4491 codd.
1358 4439 1465 4502 Lamb.;
1483 4438 1628 4504 iiaporcaci

300 4518 421 4586 linga,
439 4520 581 4586 disparente·
597 4516 630 4570 cl.
648 4518 678 4568 0.
697 4516 729 4568 ci.
749 4516 783 4567 ad
794 4517 836 4567 iii.
856 4515 879 4581 S.
893 4516 933 4568 it.
954 4541 981 4552 -
999 4520 1079 4566 matur
1095 4513 1172 4578 igit.
1189 4542 1216 4551 —
1229 4517 1387 4566 seruitiorum
1404 4513 1440 4564 443
1452 4511 1482 4564 λε
1499 4526 1628 4564 aemonias

300 4593 365 4647 dett.
384 4595 413 4646 O.
433 4621 461 4634 —
479 4593 520 4646 il.
538 4593 641 4656 ampitio
657 4594 687 4644 R.
702 4621 730 4630 -
743 4593 784 4643 85.
802 4592 962 4644 conmissum
978 4591 1056 4655 4388.
1071 4615 1098 4625 -
1112 4587 1286 4652 inprobisuimi
1302 4589 1331 4640 it.
1347 4617 1374 4626 -
1388 4587 1538 4640 iiaticicrucs
1553 4589 1583 4639 n.
1597 4613 1624 4623 -

299 4671 340 4723 iti.
358 4682 468 4734 magnac
481 4671 602 4734 peccuniae
616 4667 712 4734 siluas]
731 4668 769 4719 sic
787 4668 864 4732 iunge
881 4666 965 4718 verba
983 4664 1041 4718 coll.
1058 4665 1100 4716 iV.
1119 4663 1143 4728 5.
1156 4663 1197 4714 88.
1216 4663 1314 4728 aiguno
1329 4677 1438 4728 magicae
1450 4661 1579 4727 pecuarias.
1598 4674 1625 4727 p.

299 4745 377 4798 Rosc.
393 4749 452 4796 Am.
466 4745 491 4810 s.
505 4744 561 4796 roa.
577 4743 686 4807 praedic
702 4747 787 4794 tantm
796 4744 927 4806 pensatas.
940 4739 1000 4792 Sall.
1014 4742 1069 4804 iug.
1082 4751 1105 4788 c.
1119 4738 1159 4789 85.
1178 4752 1229 4788 aaa
1241 4739 1324 4801 pinis
1335 4739 1413 4802 pretii
1429 4750 1535 4802 coquina
1551 4749 1627 4800 quam

298 4822 399 4872 edinen
415 4821 512 4872 babere
539 4820 583 4870 Or.
602 4821 629 4870 et
646 4817 722 4870 Halm
739 4818 912 4882 distinguunt:
934 4830 1043 4882 mappae
1055 4815 1190 4879 pecuniae,
1211 4815 1306 4866 vitiem
1335 4816 1369 4865 it
1385 4818 1442 4865 tum
1459 4814 1552 4865 Cicero
1568 4813 1625 4862 sinc

299 4895 381 4948 dubio
399 4895 508 4948 <luisset
521 4894 658 4958 macrian,
676 4895 705 4944 ut
722 4893 746 4957 5.
760 4894 800 4944 48.
818 4893 870 4955 88,
889 4892 962 4958 quod
978 4890 1057 4942 simui
1074 4891 1237 4942 concinnitas
1255 4891 1379 4941 orationis
1396 4885 1550 4954 postularet.
1569 4883 1627 4937 Col-

299 4967 459 5023 locniiouem
476 4973 566 5021 autem
583 4967 728 5019 verborum
746 4969 852 5019 nocuae
870 4965 1037 5032 explicationi
1054 4979 1107 5016 non
1119 4965 1255 5029 refragari,
1274 4965 1301 5015 id
1313 4964 1384 5028 quod
1395 4963 1512 5016 Halmius
1524 4961 1624 5024 censet,

300 5059 363 5097 curn
374 5045 487 5098 Sallustii
498 5043 660 5109 exemplum,
679 5044 737 5093 turn
748 5044 813 5094 ratio
825 5043 882 5108 ipsa
893 5041 986 5098 docet;
1006 5038 1125 5092 consulto
1138 5041 1218 5101 eninr,
1236 5042 1266 5090 ut
1277 5038 1427 5090 intenderet
1437 5039 1491 5090 vim
1502 5037 1622 5098 notionis,

300 5122 428 5187 genitivos
439 5123 526 5189 primo
537 5119 596 5173 ioco
608 5115 753 5170 collocavit.
773 5117 946 5183 <scripturam
955 5116 1044 5170 cilina
1054 5116 1155 5169 hubent
1165 5117 1187 5170 ii
1198 5117 1225 5168 et
1234 5113 1334 5180 aliquot
1343 5113 1432 5180 Lagg.)
1446 5142 1473 5153 -
1486 5113 1586 5178 inpulsu
1592 5111 1621 5164 it.
