3610 5860
608 488 681 552 cn.
704 487 839 554 v-vr.
867 483 924 569 es.
946 477 1092 550 tt-tc.
1450 479 1511 548 ete

193 655 322 738 dignum
336 674 406 719 esse
422 655 543 720 ducetis
556 679 564 720 τ
579 689 620 705 -
636 678 674 722 ea
694 657 790 740 igitur
811 663 910 720 mater
923 655 1046 731 Habiti,
1068 654 1176 719 Melini
1193 653 1278 718 illius
1294 653 1512 729 adolescentis,

193 750 299 832 generi
321 749 388 824 sui,
411 758 637 835 contraquam
659 751 708 814 t'as
731 760 809 825 erat,
832 770 939 815 amore
961 757 1069 832 capta,
1091 749 1208 831 primo,
1230 768 1335 833 neque
1355 747 1388 811 id
1409 749 1512 830 ipsum

192 841 263 917 diu,
294 862 421 927 quoquo
451 845 544 908 modo
572 854 714 930 poterat,
743 847 776 908 in
798 845 854 909 illa
876 845 1047 928 cupiditate
1070 843 1304 920 continebatur;
1333 843 1447 906 deinde
1469 842 1513 906 ita

191 935 322 1018 flagrare
345 938 449 1019 coepit
470 939 623 1015 amentia,
646 941 691 1004 sic
713 941 903 1004 inflammata
923 938 997 1002 ferri
1017 937 1166 1012 libidine,
1180 933 1305 1028 (ietteam
1320 957 1385 1000 non
1399 935 1512 1018 pudor,

193 1025 269 1112 [non
283 1028 459 1115 pudicitia]
483 1052 548 1096 non
562 1034 674 1116 pietas,
696 1054 762 1097 non
779 1032 900 1096 macula
918 1031 1066 1106 familiae,
1082 1051 1148 1095 non
1163 1030 1324 1096 hominum
1338 1031 1431 1104 lama,
1447 1039 1534 1092 nont

190 1121 246 1187 lilii
262 1123 363 1200 dolor,
378 1145 443 1188 non
459 1123 541 1189 filiae
553 1147 676 1193 maeror
691 1148 709 1190 a
724 1125 895 1211 cupiditate
910 1117 1154 1218 revocaretfld.
1168 1125 1315 1188 Animum
1330 1123 1513 1189 adolescen·
1604 1103 1659 1176 *d

190 1217 245 1292 tis,
260 1219 402 1282 nondum
422 1219 555 1283 consilio
573 1241 610 1284 ac
630 1223 751 1284 ratione
768 1219 930 1294 firmatum,
952 1219 1083 1303 pellexit
1100 1220 1139 1283 iis
1155 1217 1298 1282 omnibus
1313 1219 1419 1293 rebus,
1442 1217 1513 1301 qui·

189 1309 249 1374 bus
270 1310 325 1375 illa
339 1319 426 1376 aetas
443 1314 511 1398 capi
528 1334 564 1378 ac
579 1314 714 1379 deleniri
728 1321 841 1399 potest.
871 1313 967 1387 Filia,
991 1334 1071 1398 quae
1089 1335 1153 1377 non
1169 1312 1270 1376 solum
1284 1312 1339 1377 illo
1355 1311 1511 1375 communi

191 1403 300 1468 dolore
322 1405 468 1470 muliebri
488 1408 522 1471 in
544 1409 611 1471 eius
634 1408 719 1471 modi
734 1407 792 1473 viri
814 1407 940 1470 iniuriis
957 1415 1143 1491 angeretur,
1165 1406 1221 1471 sed
1236 1406 1390 1470 netarium
1405 1405 1511 1469 matris

190 1498 372 1581 pellicatum
399 1499 480 1564 ferre
508 1523 572 1566 non
600 1509 724 1586 posset,
752 1501 791 1564 de
820 1521 884 1585 quo
912 1521 952 1565 ne
982 1503 1071 1585 queri
1094 1501 1225 1587 quidem
1246 1521 1280 1564 se
1302 1499 1371 1564 sine
1393 1499 1548 1563 sceleroso

190 1613 285 1674 posse
307 1593 524 1671 arbitraretur,
547 1603 668 1660 eeteros
691 1597 739 1660 sui
761 1595 839 1659 tanti
861 1594 936 1658 mali
958 1594 1085 1678 ignaros
1101 1615 1170 1659 esse
1185 1595 1347 1678 cupiebat:
1369 1593 1403 1655 in
1417 1592 1511 1655 huius

191 1686 398 1750 amantissimi
421 1689 471 1752 sui
491 1689 597 1754 fratris
619 1690 763 1756 manibus
785 1697 816 1753 et
844 1689 963 1771 gremio
984 1708 1125 1753 maerore
1147 1697 1179 1753 et
1200 1688 1337 1753 lacrimis
1359 1704 1512 1751 consene-

192 1781 306 1844 scebat
351 1776 403 1844 ll.
433 1783 515 1847 Ecce
546 1793 651 1847 autem
685 1783 823 1847 subitum
855 1783 1040 1857 divortium,
1073 1784 1159 1866 quod
1189 1782 1335 1846 solatium
1357 1781 1511 1844 malornm

192 1875 331 1939 omnium
352 1874 420 1938 fore
441 1877 616 1941 videbatur.
652 1877 794 1941 Discedit
814 1896 833 1940 a
854 1876 972 1940 Melino
989 1875 1147 1951 Cluentia,
1169 1884 1205 1939 ut
1224 1879 1258 1940 in
1276 1875 1370 1939 tantis
1385 1873 1511 1937 iniuriis

191 1990 256 2032 non
277 1969 390 2046 inrita,
415 1979 452 2033 nt
472 1991 492 2034 a
511 1972 579 2034 viro
602 1991 666 2034 non
688 1971 829 2034 libenter.
873 1973 952 2033 Tum
974 1990 1048 2034 vero
1074 1970 1130 2034 illa
1151 1971 1276 2054 egregia
1298 1977 1330 2033 et
1350 1968 1547 2052 pracclerats

192 2071 291 2127 mater
315 2064 419 2147 palam
441 2065 599 2128 exsultare
619 2065 755 2141 laetitia,
786 2063 976 2148 triumphare
997 2064 1112 2146 gaudio
1134 2065 1254 2148 coepit:
1284 2064 1397 2128 victrix
1416 2059 1510 2137 filiae,

191 2176 256 2220 non
284 2157 440 2233 libidinis,
469 2158 585 2222 diutius
615 2158 846 2243 suspicionibus
874 2157 1015 2221 obscuris
1041 2157 1124 2222 laedi
1145 2157 1260 2221 lamam
1282 2177 1372 2221 suam
1392 2155 1510 2219 noluitt

190 2248 307 2314 lectum
328 2249 418 2314 illum
440 2251 611 2336 genialem,
634 2273 728 2336 quem
750 2251 880 2315 biennio
903 2257 975 2314 ante
993 2251 1078 2315 filiae
1102 2270 1178 2316 suae
1199 2251 1331 2314 nubenti
1352 2255 1511 2322 sueverat,

190 2343 224 2405 in
247 2343 357 2408 eadem
380 2344 475 2409 domo
498 2345 557 2409 sibi
579 2348 683 2410 ornari
705 2352 738 2411 ct
759 2346 857 2409 sterni
879 2345 1014 2427 expulsa
1034 2353 1131 2429 etque
1147 2345 1311 2410 exturbata
1330 2340 1394 2408 lilia
1414 2342 1511 2407 iubet

190 2437 286 2502 Nubit
314 2457 432 2522 genero
459 2459 564 2503 socrus
592 2440 687 2505 nullis
714 2440 908 2523 auspicibus,
938 2438 1035 2502 nullis
1056 2440 1250 2515 auctoribus,
1279 2437 1412 2503 funestis
1433 2435 1547 2503 omi-so

191 2531 283 2595 nibus
311 2534 460 2595 omnium.
503 2535 557 2596 vl.
580 2528 630 2596 l5.
662 2534 688 2597 0
718 2533 859 2597 mulieris
886 2535 989 2599 scelus
1017 2534 1199 2599 incredibile
1226 2541 1257 2597 et
1284 2539 1410 2616 praeter
1429 2529 1511 2594 hanc

189 2644 285 2688 unam
307 2624 341 2686 in
363 2627 449 2689 omni
471 2628 535 2691 vita
556 2628 749 2690 inauditum!
783 2647 801 2690 o
825 2627 986 2692 libidinem
1009 2629 1189 2692 effrenatam
1212 2635 1244 2691 et
1265 2623 1465 2689 indomitaml
1491 2643 1511 2687 o

190 2718 351 2783 audaciam
374 2720 579 2803 singulareml
608 2742 714 2785 nonne
737 2722 894 2796 timuisse,
921 2723 947 2786 si
970 2723 1073 2785 minus
1095 2723 1159 2786 vim
1182 2723 1313 2785 deornm
1333 2720 1512 2782 bominum·

191 2833 253 2896 que
274 2812 406 2888 famam,
428 2822 461 2877 at
482 2815 569 2897 illam
591 2817 691 2898 ipsam
714 2823 839 2880 noctem
860 2814 1009 2899 facesque
1030 2815 1101 2908 illas
1124 2817 1303 2900 nuptiales?
1329 2833 1392 2876 non
1413 2812 1511 2875 limen

191 2907 326 2971 cubiculi
339 2911 354 2971 i
376 2927 441 2970 non
457 2908 560 2972 cubile
573 2909 681 2973 filiae‘t
703 2929 768 2972 non
783 2909 918 2992 parietes
934 2909 1072 2993 denique
1087 2909 1183 2992 ipsos,
1203 2910 1400 2992 superiorum
1415 2915 1548 2990 testesto

189 3003 392 3084 nuptiarum?
420 3002 571 3086 Periregit
592 3024 628 3066 ac
650 3003 816 3087 prostrauit
838 3003 943 3067 omnia
965 2999 1135 3086 cupiditate
1157 3022 1194 3066 ac
1215 3003 1337 3068 furore:
1359 3003 1434 3067 vicit
1454 3023 1511 3087 pu-

191 3095 299 3160 dorem
320 3095 437 3171 libido,
459 3098 602 3160 timorem
624 3097 771 3171 audacia,
800 3099 954 3161 rationem
976 3097 1122 3160 amentia.
1166 3092 1216 3159 46.
1238 3098 1325 3162 Tulit
1344 3097 1406 3161 hoc
1428 3115 1511 3160 com·

191 3209 286 3253 mune
309 3189 447 3253 dedecus
470 3189 628 3265 familiae,
660 3189 873 3273 cognationis,
900 3191 1037 3254 nominis
1059 3192 1194 3274 graviter
1214 3187 1315 3268 lilius3
1339 3189 1512 3274 augebatur

191 3291 297 3346 autem
319 3284 385 3345 eius
408 3283 552 3347 molestia
574 3284 765 3367 quotidianis
788 3283 994 3366 querimoniis
1016 3292 1047 3348 et
1059 3284 1187 3349 assiduo
1201 3286 1277 3348 lletu
1294 3285 1427 3348 sororis:
1450 3291 1512 3347 sta·

192 3377 251 3441 tuit
272 3385 377 3440 tamen
400 3376 477 3440 nibil
500 3377 559 3440 sibi
582 3377 615 3440 in
638 3377 732 3464 tantis
754 3376 877 3440 iniuriis
891 3395 928 3439 ac
942 3383 1030 3464 tanto
1045 3379 1163 3441 scelere
1178 3378 1286 3442 matris
1301 3378 1427 3462 gratim
1442 3394 1548 3442 esseio
1635 3374 1641 3385 '

191 3469 386 3545 iaciendum,
408 3490 503 3554 quam
524 3476 560 3534 ut
580 3469 634 3533 illa
656 3490 697 3533 ne
719 3476 877 3546 uteretur,
899 3489 956 3546 ne,
979 3490 1059 3555 quae
1074 3472 1182 3535 videre
1197 3473 1265 3534 sine
1278 3489 1400 3534 summo
1414 3469 1510 3534 animi

193 3562 303 3626 dolore
330 3584 394 3627 non
421 3570 561 3647 poterat,
595 3584 649 3639 ea,
682 3565 709 3628 si
732 3570 831 3628 matre
852 3572 1008 3641 uteretur,
1040 3585 1105 3630 non
1126 3566 1229 3631 solnm
1249 3565 1372 3641 videre,
1404 3583 1512 3629 venem

192 3656 288 3722 etiam
308 3657 441 3743 probare
463 3678 520 3723 suo
540 3657 658 3723 iudicio
678 3665 852 3743 putaretur.

257 3921 282 3972 4.
300 3919 401 3986 ducac]
417 3917 558 3970 mobilis
573 3920 599 3970 S.
615 3933 642 3956 -’-
660 3920 685 3972 2.
702 3919 789 3985 osque]
806 3933 854 3984 qao
869 3922 1019 3974 madet·
1037 3919 1062 3971 3.
1074 3919 1216 3984 emtuaou]
1232 3919 1333 3974 civium
1347 3923 1364 3972 S
1380 3934 1421 3986 pr.
1434 3932 1507 3970 m.-

191 3995 331 4048 cootinebct
346 3996 401 4047 ST.
419 3995 487 4046 Fort
504 3995 532 4044 s'o
546 3994 593 4044 illo
607 3994 741 4058 cupiditate
757 4008 782 4047 ss
797 3996 943 4048 continebat.
962 3995 1001 4048 Cl.
1020 3994 1055 4045 do
1071 3994 1130 4058 lege
1146 4007 1202 4059 agr.
1214 3995 1246 4045 11.
1264 3993 1289 4059 g.
1303 3996 1343 4046 97.
1361 3991 1455 4046 Parad.
1467 3991 1509 4043 111.

192 4069 215 4134 5.
234 4070 275 4122 at.
295 4097 323 4108 —·
345 4069 371 4123 4.
387 4068 555 4136 mnemia]
577 4071 699 4133 effrenato
715 4073 775 4121 Gar.
792 4071 817 4122 2.
837 4097 865 4108 -
889 4073 914 4122 b.
932 4085 983 4121 noo
1001 4070 1125 4134 pudiosa
1140 4081 1194 4120 om.
1213 4070 1271 4120 ST.
1293 4069 1332 4121 ct.
1350 4069 1461 4122 Bakinm
1476 4065 1512 4117 ad

193 4145 248 4198 Cic.
266 4145 301 4199 de
317 4148 396 4212 Legg.
409 4147 429 4196 l.
449 4145 473 4210 5.
485 4145 526 4195 so.
545 4158 571 4209 p.
585 4145 674 4196 litt-
693 4146 717 4197 6.
736 4146 807 4197 dolor
823 4147 965 4214 (superscr.
983 4159 1020 4198 m.
1033 4148 1057 4197 2.
1071 4145 1164 4209 pudor)
1181 4145 1208 4196 S.
1222 4170 1251 4184 -
1269 4145 1295 4196 7.
1311 4144 1418 4210 perisent
1433 4143 1467 4195 tt.
1481 4165 1508 4177 -

190 4219 227 4269 bis
243 4218 268 4271 s.
283 4247 311 4258 -
330 4219 354 4273 8.
373 4219 475 4272 cauom
491 4219 559 4271 llo:
577 4217 891 4276 mactassent-
910 4217 1512 4286 a.ouoesartsen--arttoaretwtroetanus

190 4294 302 4347 blessins
318 4307 346 4361 p.
358 4295 415 4347 stt.
435 4293 478 4346 ed.
490 4294 609 4346 liudem.
625 4323 652 4333 -
671 4296 711 4346 to.
730 4309 755 4348 ee
771 4297 823 4350 stae
838 4299 927 4350 melers
942 4297 988 4350 st
1004 4299 1032 4348 et
1041 4297 1202 4348 Arusianus:
1220 4295 1272 4346 sine
1287 4293 1377 4346 muro
1391 4305 1420 4342 ss
1433 4291 1511 4342 stt,

190 4361 336 4422 to-tt,
351 4372 691 4435 postremarusianus-
711 4371 795 4423 lbet
810 4371 835 4439 al
852 4379 881 4424 ct
896 4373 999 4424 clt-
1018 4374 1042 4420 st
1057 4370 1116 4422 st:
1138 4366 1388 4422 collimit-
1407 4364 1512 4416 ittae·

190 4443 429 4498 titics'l21tsetittc
444 4439 1511 4510 walsto-tatumootteteasrztotoaa1upeuoouatnt30.

190 4517 249 4568 Vld.
268 4518 380 4585 Spengel
396 4519 413 4571 l.
432 4518 449 4571 l.
467 4531 495 4585 p.
514 4519 571 4572 tss.
590 4545 618 4557 -
636 4522 678 4572 td.
696 4521 819 4572 Nostin
830 4523 940 4573 comino
956 4519 1127 4582 Quintilianus
1144 4520 1315 4582 1V.s,tst.;
1334 4517 1413 4569 iubos
1424 4515 1513 4565 Victor
1607 4515 1616 4538 ·

190 4604 217 4657 p.
235 4592 293 4645 att.
311 4607 336 4646 v.
355 4596 386 4647 344
403 4607 445 4659 sq.
465 4593 508 4645 ed.
527 4597 647 4656 nostram
674 4595 760 4647 schol.
784 4598 883 4648 Lucani
901 4599 931 4649 11.
949 4597 1017 4659 art,
1040 4597 1086 4661 qni
1108 4594 1206 4648 desinit
1227 4596 1253 4646 in
1269 4607 1296 4644 v.
1314 4589 1463 4655 mettun.
1483 4613 1510 4624 -

191 4667 310 4730 nummu
325 4670 351 4722 s.
373 4697 400 4708 -
422 4669 534 4720 masao
550 4671 611 4723 ru.
631 4697 659 4708 -
682 4673 723 4724 st.
742 4673 853 4724 maen
874 4686 927 4724 om.
946 4671 979 4724 s.
996 4697 1024 4707 -
1047 4669 1399 4732 cucero-wem
1414 4662 1513 4724 Qatnu

190 4738 275 4794 lienos
291 4743 334 4796 lv.
352 4744 381 4808 2,
400 4746 456 4797 too.
476 4769 504 4782 -
529 4745 595 4797 aeae
619 4759 723 4797 comem
742 4759 822 4798 onom
843 4747 897 4798 ΒΤ.
918 4773 946 4784 -
970 4747 1012 4798 43.
1029 4760 1111 4798 mccc
1126 4747 1213 4810 sti,
1240 4742 1389 4807 Quintiliani
1406 4739 1513 4792 codices

191 4816 296 4882 optimi:
314 4833 414 4871 nonme
423 4821 462 4881 bl;
479 4832 530 4871 ooo
541 4817 653 4872 Albo.
673 4820 712 4873 Cl.
724 4821 876 4873 Lachmann
887 4820 922 4872 ed
933 4822 1038 4874 Locret.
1050 4835 1079 4888 p.
1087 4820 1161 4873 rt·
1174 4820 1277 4872 midi
1288 4819 1342 4870 st.
1351 4843 1378 4854 -
1395 4816 1436 4866 ss.
1447 4811 1515 4864 cebi-

190 4891 249 4958 cels]
261 4892 347 4946 motta
357 4897 385 4948 Τ.
400 4921 428 4933 ·-
446 4895 488 4947 td.
501 4895 607 4962 octht
615 4897 634 4962 s.
648 4897 709 4950 stt.
724 4923 752 4933 —
769 4895 1180 4958 mm--womttooulntilianus
1192 4895 1234 4947 ut.
1248 4893 1275 4955 3,
1288 4893 1329 4945 st.
1341 4891 1382 4942 tr.
1395 4890 1437 4940 st.
1454 4885 1515 4938 Dio-

192 4966 286 5020 medes
299 4969 395 5036 pliti.
409 4997 438 5006 -
455 4971 496 5022 at.
510 4972 566 5022 Non
582 4971 681 5024 tucn.
696 4999 723 5010 -
741 4971 1093 5025 monacensem
1106 4971 1160 5021 tuos
1174 4966 1349 5023 suante.
1363 4987 1391 5001 -
1408 4963 1517 5013 stoto-

191 5041 270 5094 simio
285 5045 315 5097 ’4.
329 5071 357 5082 -
375 5045 416 5098 30.
434 5048 590 5099 essert:
609 5045 832 5102 omittto-
852 5040 1387 5100 at.st1csr:ttuuaeettttto.-
1402 5047 1435 5089 at
1450 5047 1516 5098 Μ

193 5127 254 5170 cnm
272 5121 411 5172 demtonio
428 5121 461 5173 0:
479 5135 587 5186 mque
603 5123 660 5184 st;
683 5137 715 5177 ae
730 5137 808 5189 mmm
823 5119 936 5178 uste.
957 5145 985 5162 -
1004 5121 1045 5175 ³2.
1061 5135 1094 5178 os
1109 5133 1141 5179 co
1155 5121 1184 5175 Τ.
1204 5143 1233 5163 -
1248 5127 1337 5173 sm
1352 5113 1410 5166 ST:
1435 5110 1514 5163 Μ

192 5189 305 5246 lli²0·
325 5198 697 5266 -nvtsrcurtoumaon
1424 5201 1435 5236 κ

235 5283 407 5340 omonn.
1257 5287 1298 5357 35
