3642 5862
518 386 589 453 ru.
611 386 649 454 v.
679 385 753 454 oe.
773 385 977 455 ιιι-ιιι.
1002 383 1061 472 es.
1082 381 1232 454 as-ss.
1474 383 1530 454 aa

214 555 377 632 omnibus,
406 561 514 621 oontm
538 554 602 634 las,
630 563 738 622 contra
767 555 924 641 auspicia,
954 563 1063 620 contra
1084 576 1194 622 omnes
1217 556 1340 624 divinas
1361 561 1457 642 atcpre
1477 557 1537 624 bu-

213 669 321 716 manas
348 648 529 734 religiones.

291 745 381 809 xlv.
403 741 454 807 35.
477 743 503 807 0
526 743 560 808 di
580 743 792 810 immortales!
817 743 902 820 Quid
924 743 1054 807 interest
1074 743 1158 808 inter
1178 751 1300 810 mentes
1319 743 1485 809 hominum
1505 749 1538 811 et

213 836 437 921 cogitationes!
470 837 518 902 lta
542 838 621 902 mibi
649 858 751 904 meam
771 839 967 902 voluntatem
993 857 1145 924 spemque
1165 840 1308 924 reliquae
1328 839 1413 903 ritae
1433 845 1538 912 vestra
1657 873 1662 886 ·

212 931 386 1018 populique
407 932 539 996 Romani
562 933 757 1016 existimatio
780 932 980 1016 comprobet,
1001 938 1038 996 ut
1053 952 1129 1015 ego,
1152 953 1232 1017 quos
1254 933 1357 997 adhuc
1379 933 1456 997 mibi
1471 944 1560 997 ma-tt
1653 933 1680 1006 j

213 1027 361 1110 gistratus
389 1026 530 1111 populus
558 1029 719 1092 Romanus
746 1026 924 1100 mandavit,
952 1026 997 1090 sic
1025 1045 1080 1090 eos
1107 1025 1228 1111 accepi,
1260 1032 1296 1089 ut
1322 1046 1373 1090 me
1395 1026 1536 1090 omnium

213 1119 389 1184 officiorum
421 1119 575 1203 obstringi
607 1120 760 1204 religione
788 1121 966 1184 arbitrarer.
1008 1120 1057 1184 Ita
1085 1126 1234 1204 quaestor
1263 1140 1331 1184 sum
1351 1118 1469 1196 factus,
1487 1127 1537 1190 ,ut

211 1211 290 1277 mibi
311 1211 403 1276 illum
422 1213 576 1278 honorem
598 1221 665 1278 tum
687 1235 751 1280 nou
773 1214 876 1278 solum
898 1212 1023 1289 datum,
1044 1213 1101 1278 sed
1123 1215 1219 1278 etiam
1234 1213 1387 1279 creditum
1402 1221 1434 1278 et
1450 1235 1536 1279 com·

212 1307 343 1370 missum
364 1315 523 1390 putarem:
545 1309 597 1372 sic·
612 1308 735 1372 obtinui
758 1315 960 1401 quaesturam
974 1307 1009 1371 in
1025 1307 1132 1372 Sicilia
1147 1307 1324 1391 prouincia,
1345 1316 1381 1373 ut
1394 1310 1535 1374 omnium

213 1399 321 1464 oeulos
341 1400 375 1465 in
395 1422 446 1466 me
459 1423 558 1466 unum
574 1403 734 1467 coniectos
750 1422 820 1466 esse
834 1401 1016 1476 arbitrarer,
1039 1403 1139 1466 ut'me
1152 1407 1418 1487 quaesturamque
1432 1422 1534 1467 meam
1542 1415 1572 1466 to

212 1494 303 1580 quasi
334 1494 368 1559 in
397 1494 506 1581 aliquo
529 1502 679 1560 terrarum
701 1495 785 1559 orbis
810 1495 933 1558 theatro
956 1495 1074 1559 versari
1096 1495 1325 1571 existimarem,
1354 1503 1391 1560 ut
1411 1518 1536 1583 semper

212 1589 334 1666 omnia,
365 1609 447 1673 quae
475 1589 613 1654 iucunda
640 1588 785 1653 videntur
813 1608 900 1665 esse,
929 1608 967 1653 ea
995 1610 1060 1654 non
1089 1590 1183 1653 modo
1203 1589 1254 1653 bis
1277 1591 1535 1655 extraordinariis

212 1683 453 1768 cupiditatibus,
474 1684 531 1748 sed
554 1685 647 1748 etiam
669 1682 731 1766 ipsi
752 1691 883 1747 naturae
904 1702 941 1746 ac
955 1683 1136 1747 necessitati
1151 1681 1349 1766 denegarem.
1379 1680 1431 1747 36.
1445 1685 1535 1747 Nune

211 1800 283 1844 sum
305 1778 487 1862 designatus
508 1776 642 1842 aedilis:
662 1775 765 1841 babeo
787 1778 957 1852 rationem,
980 1776 1057 1861 quid
1078 1797 1098 1842 a
1117 1778 1235 1862 populo
1249 1779 1390 1844 Romano
1405 1797 1535 1863 aceepe-
1577 1851 1579 1856 ,

211 1873 287 1940 rim:
319 1871 399 1936 mihi
428 1871 519 1935 ludos
548 1871 760 1935 sanctissimos
789 1871 927 1936 maxima
955 1891 1025 1934 cum
1054 1890 1130 1935 cura
1151 1877 1183 1936 et
1204 1872 1397 1936 caerimonia
1418 1871 1534 1949 Cereri,
1544 1882 1573 1932 tc

127 1966 130 1974 ’
211 1968 326 2032 Libero
347 1966 543 2052 Liberaeque
564 1963 745 2040 faciundos,
766 1964 843 2026 mibi
865 1963 988 2027 Floram
1010 1971 1142 2028 matrem
1162 1965 1281 2050 populo
1302 1966 1454 2054 plebique
1473 1967 1535 2048 lto-
1671 2009 1690 2062 3

213 2081 324 2142 mapae
352 2060 501 2124 ludorum
529 2057 710 2122 celebritate
738 2056 941 2142 placandam,
971 2057 1049 2122 mibi
1078 2058 1170 2124 ludos
1192 2053 1445 2144 antiquissimos,
1479 2060 1534 2146 qui
1659 2061 1674 2078 ⁹

212 2156 306 2243 primi
333 2154 468 2218 Romani
496 2153 648 2238 appellati
677 2160 767 2228 suut,
799 2171 870 2215 eum
898 2151 1051 2234 dignitate
1073 2153 1210 2217 maxima
1231 2160 1263 2217 et
1282 2154 1436 2238 religione
1457 2154 1534 2230 Iovi,

211 2249 325 2315 Iunoni
338 2248 566 2330 Minervaeque
582 2267 651 2311 esse
666 2245 846 2320 faciundas,
867 2245 945 2308 mibi
959 2265 1117 2310 sacrarum
1132 2247 1259 2311 aedium
1272 2250 1535 2332 procurationem,

212 2343 289 2410 mibi
311 2350 409 2406 totam
430 2341 540 2406 urbem
561 2340 712 2406 tuendam
734 2360 805 2404 esse
827 2339 1043 2418 commissam3
1076 2342 1117 2404 ob
1140 2361 1249 2406 earum
1269 2361 1374 2406 renum
1395 2341 1573 2408 laboremto

212 2445 245 2504 et
278 2419 669 2538 sollicitudinem(lructus
697 2434 770 2498 illos
799 2434 889 2499 datos
896 2413 934 2520 ,f
939 2435 1150 2521 antiquiorem
1171 2436 1205 2499 in
1226 2441 1339 2500 senatu
1359 2437 1536 2502 sententiae

212 2531 366 2598 dicendae
395 2528 516 2605 locum,
549 2537 654 2611 togam
681 2535 892 2615 praetextam,
924 2527 1034 2591 sellam
1064 2528 1221 2604 curulem,
1253 2529 1303 2592 ius
1327 2529 1474 2614 imaginis
1494 2530 1535 2595 ad
1589 2556 1595 2565 ¹
1603 2447 1642 2660 V

211 2625 395 2691 memoriam
423 2624 703 2709 posteritatemque
731 2597 954 2712 prQlendab’J)
965 2617 1017 2684 37.
1038 2621 1089 2687 Ex
1108 2622 1159 2686 his
1182 2642 1240 2707 ego
1262 2623 1408 2694 omnibus
1431 2625 1535 2702 rebus,

210 2722 346 2796 iudices,
369 2719 415 2784 ita
436 2717 514 2782 mibi
536 2737 645 2782 omnes
662 2716 740 2781 deos
760 2716 914 2802 propitios
933 2716 1040 2794 velim,
1061 2717 1184 2783 etiamsi
1198 2717 1276 2781 mibi
1290 2717 1536 2784 iucundissimus

212 2821 260 2879 est
280 2812 382 2879 honos
403 2811 529 2899 populi,
559 2819 665 2876 minen
695 2830 898 2896 nequaquam
919 2812 1011 2896 capio
1033 2817 1152 2876 tanbrm
1173 2811 1357 2897 voluptatis,
1384 2820 1574 2895 quantouis

210 2916 244 2973 et
264 2906 487 2973 sollicitudinis
509 2915 541 2970 et
561 2905 695 2982 laboris,
716 2912 753 2969 ut
772 2906 851 2969 haec
870 2905 940 2990 ipsa
961 2905 1120 2980 aedilitas,
1142 2925 1206 2969 non
1229 2905 1305 2991 quia
1324 2925 1454 2970 neeesse
1467 2907 1537 2972 iue-

210 3005 268 3079 rit,
298 3000 394 3065 alicui
422 3000 591 3066 candidato
624 2999 713 3076 data,
744 3000 801 3064 sed
830 2999 906 3084 quia
935 2999 980 3062 sie
1002 2999 1191 3082 oportuerit,
1221 3005 1307 3064 recte
1329 2999 1485 3066 collocata
1504 3009 1537 3066 et

211 3095 330 3160 iudicio
351 3095 460 3179 populi
481 3094 515 3158 in
536 3094 607 3159 loeo
631 3114 700 3160 esse
721 3094 826 3178 posita
846 3092 1000 3156 videatur.
1033 3093 1102 3156 XV.
1126 3088 1176 3154 38.
1199 3094 1247 3158 'lu
1261 3113 1333 3157 eum
1347 3114 1433 3158 esses
1446 3115 1537 3180 prae-

210 3199 260 3256 tor
280 3187 493 3264 renuntiatus,
517 3208 645 3274 quoquo
668 3187 819 3252 modo-
833 3188 922 3250 mitto
945 3189 1030 3252 enim
1052 3192 1085 3250 et
1104 3194 1286 3270 praetereo,
1308 3188 1386 3270 quid
1407 3196 1474 3253 tum
1495 3189 1539 3254 sit

211 3291 316 3350 aetum
330 3315 389 3358 -,
412 3280 468 3344 sed
490 3301 561 3346 cum
583 3301 670 3346 esses
692 3281 907 3358 renuntiatus,
927 3289 964 3346 ut
985 3279 1067 3356 dixi,
1088 3299 1154 3344 non
1176 3281 1246 3365 ipsa
1265 3283 1432 3364 praeconis
1459 3299 1574 3350 vocent

211 3377 367 3442 excitatus
394 3396 446 3452 es,
474 3377 530 3461 qui
559 3384 592 3440 te
614 3376 709 3440 toties
737 3375 898 3439 seniorum
920 3375 1145 3459 iuniorumque
1167 3374 1318 3438 centuriis
1339 3375 1395 3439 illo
1415 3375 1537 3442 honore

211 3469 297 3538 affici
317 3469 553 3554 pronuntiavit,
574 3475 610 3533 ut
629 3469 692 3533 boe
712 3476 857 3553 putares,
880 3469 1021 3555 aliquam
1041 3467 1089 3532 rei
1103 3468 1249 3553 publicae
1262 3475 1383 3552 partem
1398 3469 1455 3534 tibi
1469 3489 1537 3534 cre-

92 3617 102 3628 .
211 3565 323 3640 diem,
351 3582 469 3629 annum
497 3563 555 3628 tibi
580 3563 671 3628 illum
698 3584 797 3628 unum
825 3563 918 3630 domo
940 3562 1111 3629 carendum
1132 3582 1202 3626 esse
1223 3563 1422 3627 meretricis?
1459 3563 1537 3628 Cum
1570 3619 1573 3625 .

212 3660 271 3725 tibi
291 3664 376 3727 sorte
397 3657 578 3741 obtigisset,
605 3660 653 3727 uti
673 3658 724 3722 ius
747 3657 887 3735 diceres,
918 3666 1073 3743 quantum
1093 3656 1231 3740 negotii,
1253 3656 1330 3742 quid
1352 3658 1460 3722 oneris
1479 3658 1537 3724 ba·

277 3971 303 4022 t.
321 3968 400 4022 onon
415 3967 445 4018 n.
471 3993 498 4004 —
522 3965 547 4018 3.
565 3966 643 4017 diIt:
669 3966 706 4017 oo
722 3967 751 4018 0.
779 3993 804 4004 -
827 3968 852 4019 5.
866 3965 955 4030 populi
971 3965 1049 4030 ngas.
1071 3992 1099 4002 -
1122 3964 1147 4016 7.
1165 3963 1280 4029 religioni
1295 3965 1325 4016 lt.
1345 3992 1374 4004 -
1391 3965 1537 4022 mitem

212 4045 244 4096 Gt
259 4046 285 4099 2.
305 4071 332 4082 -
350 4045 374 4097 3.
392 4044 510 4096 momen
525 4041 596 4094 idum
612 4041 676 4094 dett.
695 4042 724 4092 0.
739 4069 767 4079 -
785 4042 845 4108 mm]
863 4048 934 4094 tecm
949 4043 979 4094 11.
994 4069 1022 4079 -
1040 4055 1072 4092 oc
1087 4053 1176 4092 omnm.
1195 4040 1260 4092 dett.
1273 4041 1302 4093 0.
1317 4065 1345 4079 -·
1364 4039 1389 4091 9.
1403 4043 1538 4106 provincie

212 4121 262 4172 Sto.
281 4119 345 4171 dett.
364 4120 394 4170 0.
414 4146 441 4158 -
461 4118 501 4168 to.
519 4129 598 4168 mum
614 4130 668 4168 om.
687 4118 723 4168 63
735 4114 760 4168 λ.
780 4117 841 4182 (non
857 4118 897 4181 R.)
917 4144 944 4155 -
963 4129 1012 4168 occe
1028 4128 1081 4167 om.
1100 4113 1116 4166 λ
1132 4113 1180 4166 td.
1194 4116 1272 4180 Lagg.
1293 4119 1400 4182 praeter
1410 4116 1451 4180 23,
1464 4117 1493 4169 0.
1505 4145 1533 4157 -

212 4195 252 4246 lt.
271 4199 398 4245 terram
414 4193 481 4244 orbis
497 4193 533 4245 aa
545 4191 579 4244 l:
604 4193 670 4244 orbis
686 4199 769 4245 maroe
785 4193 849 4245 dett.
868 4193 983 4244 Lacum.
1001 4192 1058 4242 Div.
1077 4192 1152 4242 lasti.
1170 4191 1213 4242 vt.
1230 4189 1271 4254 at,
1289 4191 1347 4254 20.;
1370 4190 1436 4243 orbis
1451 4196 1536 4244 ma-

210 4282 269 4321 rum
285 4270 315 4321 0.
334 4296 362 4307 -
381 4269 466 4320 οιιιιιῑα
480 4281 576 4332 tormer
592 4268 656 4320 dett.
670 4268 699 4320 0.
720 4268 794 4332 (muni
806 4269 846 4333 R.)
860 4294 888 4304 -
907 4269 947 4319 42.
964 4265 1082 4328 iucunda]
1100 4265 1292 4330 ulmensis.
1310 4294 1338 4304 -
1357 4279 1407 4320 csso
1421 4267 1537 4319 videntur

212 4343 257 4396 63.
278 4368 306 4382 -
325 4357 356 4394 ee
371 4345 421 4396 11³:
448 4356 502 4395 om.
521 4343 586 4396 dett.
604 4344 633 4395 0.
659 4370 686 4380 -
714 4343 754 4396 ta.
772 4344 814 4394 scd
829 4347 853 4394 ot
869 4345 901 4394 64
916 4343 941 4394 2.
968 4370 995 4379 -
1022 4355 1054 4392 ec
1070 4353 1124 4392 om.
1143 4342 1170 4392 L.
1191 4368 1219 4378 -
1245 4342 1285 4392 tt.
1304 4342 1369 4408 uait]
1385 4343 1485 4394 tonan.
1505 4369 1532 4380 -

210 4433 274 4474 estre
290 4423 313 4470 st
329 4431 383 4471 om.
402 4417 466 4470 dett.
484 4419 514 4469 0.
535 4445 562 4457 -
581 4418 622 4470 36.
641 4420 669 4470 et
685 4419 725 4469 49.
743 4419 870 4484 scandes
886 4419 933 4470 et.
953 4443 981 4454 —
1001 4417 1040 4468 48.
1060 4415 1181 4480 ameum
1197 4421 1254 4466 suot
1269 4416 1322 4468 as:
1340 4421 1398 4468 aaut
1412 4417 1537 4470 commoti

211 4495 276 4548 dett.
294 4494 324 4547 0.
344 4520 371 4532 -
395 4507 466 4546 mua.
485 4507 541 4544 cam
557 4494 626 4558 dign.
644 4506 675 4544 ne
691 4494 736 4545 ret.
756 4492 821 4545 dett.
840 4493 868 4544 O.
895 4518 922 4528 -
946 4493 987 4544 22.
1005 4494 1117 4544 ecimus
1133 4491 1180 4557 ius]
1205 4493 1347 4544 menate
1361 4493 1396 4555 lt;
1424 4494 1463 4545 ius
1479 4507 1533 4547 om.

211 4570 256 4623 63.
276 4597 304 4607 -
323 4571 441 4636 metata
456 4569 477 4622 lt
492 4582 534 4634 pr.
552 4581 599 4632 m,
618 4567 694 4631 dett,
711 4571 776 4620 Non.
795 4581 822 4633 p.
841 4565 898 4620 363.
917 4566 990 4618 tlte
1009 4568 1131 4632 imagines
1147 4568 1216 4618 Itur.
1230 4579 1295 4628 sec..
1309 4565 1353 4619 63.
1368 4593 1396 4604 -
1414 4567 1456 4620 23.
1469 4581 1536 4632 pro-

210 4647 303 4698 dendae
318 4645 341 4698 J.
360 4647 401 4698 Fr.
420 4646 566 4698 Gronovius
583 4645 720 4710 (Observv.
739 4646 759 4696 1.
778 4643 841 4708 42.);
857 4645 1012 4706 prodendam
1029 4643 1108 4696 codd.
1122 4643 1176 4695 Cic.
1190 4643 1217 4694 et
1230 4643 1313 4694 Nouii.
1328 4669 1355 4680 -
1373 4639 1446 4693 rebus
1456 4641 1532 4693 mant·

210 4719 383 4772 nodone.
404 4748 430 4758 —
453 4721 494 4773 23.
513 4721 570 4771 deos
590 4733 674 4772 omues
696 4718 760 4771 dett.
779 4719 808 4770 0.
828 4719 915 4782 (otone
930 4719 970 4784 a.)
998 4742 1026 4755 -
1049 4733 1125 4784 prop.
1150 4732 1199 4771 sace
1220 4717 1422 4771 adeodatae.
1448 4718 1482 4767 st
1499 4715 1533 4768 el.

209 4794 324 4847 Divinat.
342 4792 366 4858 5.
385 4793 426 4848 tt.
447 4821 475 4834 ·-
494 4794 591 4845 etiamsi
606 4794 657 4846 1³3:
675 4799 704 4844 ut
719 4795 815 4845 museus·
832 4793 896 4845 dett.
915 4794 944 4845 0.
965 4821 993 4830 -
1011 4795 1052 4846 23.
1071 4799 1169 4846 tantm
1184 4795 1256 4857 copto
1273 4793 1338 4844 dett.
1357 4792 1386 4843 0.
1405 4817 1433 4828 -
1451 4789 1492 4841 26.
1511 4793 1535 4841 ot

209 4871 264 4922 sou.
282 4869 318 4921 ue
329 4868 363 4921 l:
389 4875 412 4922 et
427 4883 480 4922 om.
499 4870 563 4922 dett.
582 4869 611 4920 0.
631 4895 658 4905 -
685 4869 726 4920 27.
745 4870 890 4921 candidatos
906 4871 935 4920 n.
962 4897 988 4907 —
1012 4877 1146 4936 recteom.
1164 4869 1242 4934 tgna.
1263 4897 1291 4907 -
1309 4867 1483 4920 emesena.
1502 4891 1530 4902 -

209 4945 251 4996 28.
270 4945 388 5010 digamia
404 4945 457 4996 loco
473 4945 571 4998 Victor.
590 4947 683 4996 contra
700 4943 778 4996 codd.
798 4972 825 4981 -
840 4946 926 5009 posite
941 4957 991 4996 esec
1007 4943 1072 4997 dett.
1085 4945 1115 4996 0.
1129 4971 1156 4981 -
1177 4943 1218 4995 33.
1236 4944 1323 4995 totiena
1337 4943 1367 4994 u.
1383 4969 1410 4980 -
1429 4939 1469 4991 32.
1488 4939 1533 4990 od-

209 5019 251 5084 flci
265 5021 444 5083 proomciauit
458 5022 488 5076 u.
507 5047 536 5060 -
551 5024 654 5090 pecteret
669 5019 716 5073 23.
735 5044 763 5057 -
782 5019 826 5072 tibi
842 5033 895 5072 om.
914 5021 992 5086 lagg.
1012 5048 1039 5060 —
1058 5019 1100 5072 ct.
1117 5020 1155 5072 stt
1171 5017 1280 5074 ltth:
1296 5022 1325 5070 ut
1341 5015 1406 5071 dett.
1424 5015 1457 5077 0;
1476 5025 1530 5066 om.

117 5112 126 5141 ι
212 5095 249 5147 G2
265 5094 311 5150 bd.
