3610 5860
311 435 372 504 titt
629 438 780 506 ontrto
802 441 855 504 DE
875 438 1044 506 IMPERIO
1067 440 1129 504 CN.
1150 439 1315 506 Poimen

309 614 460 687 istorum,
483 611 536 695 qui
557 609 632 675 huic
654 611 828 676 obtrectant
849 611 913 694 legi
934 617 1030 695 atque
1051 629 1180 684 musae,
1201 610 1236 673 L.
1251 608 1417 674 Lucullum
1431 606 1613 672 similiter
1629 626 1672 672 ex

308 706 369 769 lroc
391 705 462 768 loco
484 725 555 770 esso
580 705 749 770 laudatum.

395 801 450 863 tx.
474 797 525 864 62.
547 801 735 885 Requirstur
754 800 887 866 fortasse
909 819 1012 874 nuno,
1042 819 1135 883 quem
1159 798 1367 874 admodum,
1395 819 1474 862 cum
1503 798 1602 862 haec
1626 800 1673 864 ita

310 898 390 972 sint,
413 895 570 980 reliquum
592 894 692 977 possit
713 914 861 979 magnum
883 915 953 959 esse
981 895 1111 958 bellum.
1149 894 1351 976 cognoscite,
1380 893 1566 969 Quirites;
1602 914 1671 956 non

286 991 395 1056 renim
416 989 478 1053 hoc
500 990 569 1052 sine
591 1007 687 1052 causa
708 992 818 1073 quaeri
839 989 973 1054 ridetur.
1017 989 1156 1052 Primum
1177 1009 1217 1052 ex
1242 1007 1300 1050 suo
1322 1007 1419 1070 regno
1442 989 1500 1052 sic
1529 988 1671 1052 Mithri-

309 1086 398 1148 dates
420 1082 577 1166 profugit,
598 1090 634 1145 ut
656 1102 696 1145 ex
717 1084 830 1148 eodem
853 1084 952 1147 Ponto
976 1083 1088 1146 Medea
1108 1084 1163 1147 illa
1181 1083 1340 1166 quondam
1362 1082 1566 1164 profugisse
1585 1083 1670 1145 dici·

309 1187 377 1252 tur,
406 1197 502 1260 quam
530 1178 714 1260 praedicant
742 1178 775 1240 in
801 1178 875 1260 tuga
902 1176 1008 1240 fratris
1036 1177 1086 1241 sui
1108 1176 1248 1240 membra
1269 1177 1302 1239 in
1324 1177 1363 1240 iis
1384 1175 1489 1250 locis,
1531 1197 1609 1260 qua
1632 1197 1668 1240 se

308 1292 423 1355 parens
444 1279 705 1355 persequeretur,
728 1271 947 1355 dissipavisse,
968 1271 1013 1355 (ut
1034 1291 1144 1334 eorum
1166 1271 1310 1334 collectio
1333 1271 1477 1352 dispersa
1508 1291 1669 1334 maeror-

121 1360 238 1460 ,JK-.-
309 1386 372 1450 quo
393 1367 513 1449 patrius
535 1366 727 1429 celeritatem
750 1365 963 1450 persequendi
995 1349 1190 1450 rctqrdaret)
1215 1366 1267 1428 Sic
1289 1363 1492 1428 Mithridates
1520 1365 1665 1448 fugiens

143 1466 168 1484 '·'
212 1455 216 1463 ’
274 1460 479 1524 tumaximam
507 1461 571 1523 vim
600 1460 668 1523 auri
697 1466 794 1544 atque
822 1461 942 1542 argenti
971 1460 1318 1544 pulcherrimarumque
1347 1478 1450 1521 rerum
1482 1461 1664 1532 omnium,

311 1573 389 1638 quas
415 1562 447 1616 ct
477 1574 496 1616 a
524 1554 692 1618 maioribus
721 1563 885 1637 acceperat
906 1555 1027 1638 etipse
1048 1555 1132 1617 hello
1155 1554 1318 1637 superiore
1341 1573 1382 1616 er
1404 1559 1470 1616 tota
1496 1553 1590 1616 Asia
1614 1553 1664 1614 di-

310 1657 415 1731 reptas
436 1649 470 1710 iu
492 1669 584 1712 suum
605 1668 735 1731 regnum
758 1657 972 1732 congesserat,
994 1649 1026 1711 in
1042 1651 1141 1713 Ponto
1157 1668 1282 1712 omnem
1296 1648 1434 1730 reliquit.
1455 1647 1562 1710 llaec
1580 1646 1662 1710 dum

309 1744 408 1805 nostri
429 1742 583 1825 colligunt
604 1745 710 1806 omnia
732 1742 932 1825 diligentius,
954 1743 1101 1826 scripse
1123 1761 1140 1804 e
1163 1743 1309 1806 manibus
1324 1743 1442 1824 elingit.
1461 1729 1534 1824 (lta
1560 1742 1659 1805 illum

139 1873 207 1969 *22
309 1837 341 1898 in
370 1837 581 1921 persequendi
608 1837 712 1901 studio
741 1839 881 1912 maeror,
906 1838 965 1902 hos
992 1837 1112 1901 laetitia
1140 1833 1295 1928 tardavit.)
1326 1833 1377 1898 23.
1398 1836 1495 1901 Hunc
1534 1839 1575 1901 in
1599 1836 1659 1898 illo

156 1973 180 2063 ί
274 1931 424 1994 trtimoro
453 1939 485 1994 ct
512 1931 588 2014 iuga
609 1933 776 2015 Tigranes,
805 1951 862 1994 rer
891 1932 1077 2004 Armenius,
1109 1931 1235 2013 excepit
1256 1931 1526 2040 diffidentemque
1553 1931 1658 1994 rebus

105 1990 136 2084 3.
173 2029 177 2037 '
310 2027 375 2090 suis
397 2026 595 2092 confirmavit
615 2035 648 2089 et
668 2025 817 2089 afflictum
840 2026 942 2088 erexit
973 2025 1197 2108 perditumque
1219 2025 1390 2090 recrearit:
1419 2027 1515 2090 cuius
1541 2027 1582 2089 in
1606 2045 1659 2088 re·

310 2139 406 2201 guum
428 2128 633 2204 posteaquam
655 2121 690 2182 L.
712 2120 863 2184 Lucullus
885 2140 955 2184 cum
977 2119 1118 2183 exercitu
1142 2121 1244 2194 venit,
1273 2121 1380 2204 plures
1408 2121 1505 2184 etiam
1533 2127 1656 2202 gentes

309 2221 419 2276 contra
445 2215 666 2298 imperatorem
695 2221 839 2278 nostrum
861 2215 1035 2278 concitatae
1057 2223 1139 2277 sunt.
1175 2215 1251 2277 Erat
1271 2215 1355 2278 enim
1377 2221 1478 2278 metus
1502 2207 1655 2277 iniectus

308 2308 347 2370 iis
368 2309 566 2384 nationibus,
590 2331 670 2394 quas
692 2329 864 2392 numquam
885 2309 1022 2393 populus
1037 2309 1196 2372 ltomanus
1212 2328 1315 2392 neque
1336 2308 1544 2373 lacessendas
1563 2307 1654 2370 bello

273 2423 414 2486 sonsque
436 2404 603 2468 tentandas
623 2405 765 2488 putavit,
787 2410 854 2466 erat
876 2403 971 2468 etiam
994 2403 1057 2466 alia
1078 2403 1182 2485 gravis
1203 2411 1301 2485 atque
1321 2404 1491 2467 vehemens
1517 2402 1653 2485 opinio,

310 2518 392 2582 quae
415 2499 538 2562 animos
561 2499 701 2580 gentium
723 2498 926 2561 barbararum
948 2502 1148 2580 pervaserat,
1169 2497 1235 2560 leni
1255 2497 1494 2579 locupletissimi
1510 2505 1550 2560 et
1575 2496 1653 2558 reli·

310 2593 479 2675 giosissimi
501 2592 669 2675 diripiendi
692 2611 786 2656 causa
808 2592 842 2654 in
864 2612 917 2655 eas
934 2611 1006 2655 oras
1020 2599 1163 2654 nostrum
1178 2611 1248 2654 esse
1264 2591 1438 2654 exercitum
1453 2590 1649 2654 adductum.

310 2689 357 2750 lta
377 2687 522 2750 nationes
544 2686 663 2749 multae
684 2693 780 2770 atque
802 2704 935 2768 magnae
955 2704 1038 2748 novo
1061 2685 1201 2770 quodam
1224 2694 1341 2750 terrore
1363 2705 1399 2748 ac
1421 2693 1508 2749 metu
1534 2685 1650 2748 conci·

311 2780 466 2843 tabantur.
496 2781 609 2843 Noster
629 2787 734 2842 autem
755 2781 929 2854 exercitus,
952 2781 1075 2842 tametsi
1090 2780 1199 2843 urbem
1216 2801 1256 2844 ex
1271 2779 1413 2863 Tigranis
1428 2800 1529 2863 regno
1546 2800 1647 2862 cepe·

95 2891 118 2968 3
272 2881 358 2940 strat
379 2881 411 2937 et
431 2873 560 2957 proeliis
581 2893 659 2937 usus
681 2881 749 2937 erat
770 2872 935 2948 secundis,
958 2881 1062 2938 tamen
1084 2875 1183 2938 nimia
1198 2873 1428 2958 longinquitate
1442 2874 1592 2938 locorum
1608 2891 1646 2934 ac

311 2968 466 3033 desiderio
498 2988 626 3033 suorum
658 2968 924 3032 commovebatur.
967 2965 1018 3030 64.
1047 2969 1105 3032 llic
1133 2971 1195 3032 iam
1222 2970 1315 3053 plura
1337 2988 1401 3032 non
1423 2969 1547 3032 dicam:
1579 2967 1645 3030 fuit

311 3064 393 3128 enim
421 3062 501 3127 illud
529 3039 785 3136 extremum,(ut
813 3082 854 3126 ex
874 3063 915 3126 iis
936 3063 1016 3126 locis
1038 3082 1057 3125 a
1078 3063 1231 3126 militibus
1253 3063 1370 3127 nostris
1392 3061 1513 3126 reditus
1536 3062 1643 3143 magis

152 3142 218 3215 Η·
310 3165 452 3220 maturus
475 3176 568 3242 quam
591 3158 751 3240 processio
773 3157 899 3242 longior
921 3139 1144 3243 quaereretur)
1165 3157 1362 3221 Mithridates
1377 3165 1481 3220 autem
1498 3166 1531 3221 et
1546 3176 1641 3220 suam

158 3317 189 3340 a!
310 3271 437 3314 manum
458 3253 519 3315 iam
534 3249 731 3315 confirmarat
747 3249 924 3337 [eteorum
947 3249 1056 3337 quise
1073 3273 1113 3314 ex
1130 3253 1230 3335 ipsius
1245 3271 1343 3334 regno
1359 3247 1585 3334 collegerant],
1610 3257 1641 3312 et

163 3353 168 3370 '
212 3392 233 3426 „
272 3346 432 3429 somaguis
454 3345 638 3411 adventiciis
658 3347 786 3411 auxiliis
807 3347 978 3430 multprum
1000 3366 1107 3430 regum
1130 3353 1163 3408 et
1183 3347 1348 3409 nationum
1363 3343 1538 3409 iurabatur.
1571 3346 1638 3408 Iarn

376 3645 400 3694 4.
419 3643 639 3695 0444444440.-
659 3645 684 3696 6.
703 3645 945 3696 ὶαιιάαιιάιιιιιμ
964 3643 989 3694 4
1007 3655 1129 3708 mgnum
1144 3641 1269 3693 csssEV
1288 3655 1472 3706 memoraris
1488 3641 1636 3697 44460.

312 3718 384 3769 6
402 3719 447 3769 doc
463 3718 687 3782 0441444444οε
715 3735 769 3772 om.
787 3718 953 3774 4446.-
926 3721 1015 3768 -stc
1035 3732 1089 3769 om.
1108 3717 1216 3768 EV.-
1241 3719 1265 3769 6
1283 3731 1316 3768 cor
1332 3720 1441 3769 rodem-
1448 3715 1636 3780 -psrsrquasds'

310 3795 452 3846 retardaret
468 3793 555 3846 schol.
574 3797 720 3847 LucantX.
738 3795 795 3847 464.
819 3796 892 3847 Cont.
911 3796 965 3846 Cic.
985 3793 1019 3845 de
1037 3793 1110 3844 deor.
1130 3793 1183 3842 nat.
1201 3793 1244 3842 lll.
1264 3792 1287 3857 ἓ
1300 3794 1384 3844 66
1398 3793 1635 3856 promissaquoo-

312 3869 371 3918 dum
387 3869 464 3920 V.—
487 3871 538 3922 7.·
529 3885 557 3921 so
573 3871 620 3920 ldis
636 3871 702 3932 V,
692 3885 720 3921 us
736 3871 773 3922 ltis
789 3873 865 3921 4.-
889 3872 930 3921 to.
948 3871 1136 3932 maximamque
1151 3869 1227 3919 4.-
1251 3869 1290 3919 44.
1308 3881 1372 3930 quos
1388 3881 1406 3918 o
1422 3870 1485 3932 (om.
1504 3867 1536 3928 rt)
1553 3870 1583 3919 L.
1601 3891 1633 3904 —

310 3943 363 4005 tpso
381 3945 437 3997 44.
458 3972 486 3983 -
504 3947 627 4009 repeton·
643 3948 670 3997 F.
685 3973 713 3984 -
732 3945 771 3997 43.
788 3946 863 3996 uestri
880 3946 906 3996 F.
923 3970 947 3982 -
968 3945 988 4007 s]
1006 3958 1024 3994 o
1035 3941 1097 4006 Vl).
1115 3944 1182 4008 (Huc
1199 3944 1270 3995 euim
1287 3944 1425 3995 referenda
1443 3946 1485 3996 est
1495 3944 1555 3994 cod.
1570 3945 1634 3994 Par-

312 4019 399 4069 censis
416 4017 493 4070 lectio
510 4034 539 4082 a,
557 4035 612 4072 non
629 4021 663 4072 ad
680 4023 838 4084 sequentem
851 4033 943 4084 praep.
956 4018 1003 4081 in.)
1018 4047 1045 4055 -
1062 4020 1133 4070 illesa
1150 4032 1167 4069 o
1183 4023 1236 4070 torn
1252 4022 1295 4086 (er
1306 4019 1393 4084 glossa
1403 4023 1503 4080 attam,
1521 4023 1552 4070 ut
1562 4020 1633 4069 bene

311 4092 376 4143 vidit
392 4093 518 4160 Halmius)
535 4097 697 4158 persequendi
713 4096 773 4146 EV.
792 4121 820 4132 -
840 4095 880 4146 tt.
899 4096 1010 4146 tcrdoott
1026 4095 1090 4144 EV:
1109 4095 1247 4144 retardavit
1263 4094 1405 4148 atsto.
1426 4121 1453 4130 -
1477 4096 1517 4145 46.
1535 4091 1630 4155 tortore]

311 4175 419 4232 ternpore
435 4172 494 4222 EV.
511 4197 538 4208 ·-
554 4171 688 4223 Anacutas
703 4169 736 4234 44.
752 4195 779 4208 -
799 4171 839 4222 46.
857 4169 988 4235 recreavit]
999 4172 1132 4221 rcaorsoutt
1148 4171 1174 4220 F.
1188 4195 1216 4205 -
1236 4170 1276 4218 tl.
1295 4171 1322 4220 L.
1338 4182 1392 4220 om.
1410 4169 1469 4220 EV.
1496 4169 1534 4220 Cl.
1553 4169 1578 4233 5.
1590 4168 1630 4218 66.

310 4245 351 4296 66.
367 4271 394 4280 -
408 4246 447 4296 ts.
466 4247 558 4305 ditsV;
576 4248 614 4298 dis
629 4248 662 4307 ὓς
681 4248 707 4298 trs
723 4248 837 4298 disF.—
855 4260 1004 4297 osc--rrcc
1022 4247 1048 4296 F.
1063 4271 1089 4284 -
1111 4245 1171 4296 betto
1187 4245 1340 4296 locmsosdds
1357 4242 1449 4308 mgss.
1465 4271 1493 4282 -
1511 4245 1552 4294 60.
1571 4250 1633 4294 tem-

308 4322 417 4383 prandes
433 4322 492 4372 EV.
512 4348 540 4356 -
559 4322 599 4372 64.
618 4323 715 4372 animos
731 4323 795 4373 EV:
812 4335 858 4384 per
874 4322 972 4371 caimos
986 4319 1125 4374 444440.
1145 4347 1173 4358 -
1193 4321 1224 4387 et]
1242 4327 1316 4384 atquc
1332 4319 1364 4383 ill.
1385 4347 1412 4358 -
1429 4320 1539 4384 religiosi
1555 4320 1583 4370 F.
1602 4341 1628 4354 -

310 4397 352 4447 66.
365 4409 415 4446 esso
430 4396 641 4447 momtumEV:
659 4397 796 4447 enmdtum
812 4409 862 4446 esse
873 4399 891 4448 4
901 4398 920 4446 A
931 4396 1015 4451 4440.
1029 4423 1057 4434 -
1071 4399 1203 4448 oducctron
1213 4399 1240 4448 F.
1256 4423 1283 4434 -
1301 4395 1342 4447 st.
1355 4397 1451 4446 tament
1462 4395 1521 4455 EV,
1533 4391 1630 4444 Senot:

310 4471 471 4531 tametsiF;
498 4470 699 4526 4444444440.
721 4499 748 4508 -
775 4471 815 4533 cc]
839 4471 973 4537 etEtFr.)
984 4472 1015 4521 V.
1040 4471 1079 4522 ct.
1098 4473 1122 4538 g.
1141 4475 1165 4523 6.
1186 4499 1214 4510 -
1241 4472 1344 4536 Tiprcat
1365 4471 1413 4522 Ch.
1442 4471 1481 4521 ct.
1500 4471 1523 4533 S.
1542 4471 1583 4520 66.
1602 4493 1629 4504 -

310 4545 352 4596 66.
370 4545 516 4596 mouebatur
531 4543 564 4608 44.
583 4572 611 4583 -
635 4547 675 4597 67.
695 4546 767 4611 euim]
785 4551 868 4596 auten
885 4539 917 4610 4).
938 4573 965 4582 -
992 4547 1040 4597 lctis
1054 4548 1090 4608 V,
1116 4549 1153 4597 dis
1175 4549 1231 4598 Fa,
1251 4574 1278 4584 -
1305 4547 1399 4598 reditus
1413 4548 1495 4612 magis
1508 4539 1629 4604 matur-ud

310 4623 413 4672 recordo
429 4623 555 4672 maturior
571 4619 604 4684 64.
623 4649 651 4658 -
671 4623 711 4673 68.
728 4635 857 4685 processus
872 4621 957 4676 444.
978 4649 1005 4658 -
1030 4623 1071 4673 aa.
1089 4625 1252 4687 condonaret
1274 4635 1360 4673 eorsum
1375 4635 1454 4685 opero
1468 4621 1511 4684 qut
1527 4621 1561 4671 ad
1577 4631 1630 4671 suro

311 4713 344 4752 ss
366 4699 442 4760 ipsius
460 4711 538 4762 repro
558 4705 728 4748 concesserant
744 4698 882 4749 manifesta
905 4696 1105 4762 interpolatione
1124 4699 1170 4748 Ch.
1199 4697 1291 4758 «Quod
1307 4698 1463 4749 Matthiaeus
1481 4697 1517 4758 [et
1532 4696 1630 4747 4444ιί-

311 4773 378 4836 gius]
395 4777 418 4822 et
434 4774 495 4823 ante
512 4786 598 4823 conso
615 4772 724 4834 delerit,
743 4775 773 4822 ut
788 4786 878 4822 mosam
893 4786 979 4823 corum
996 4776 1082 4833 esset,
1101 4787 1169 4837 quae
1188 4775 1322 4824 constaret
1333 4787 1365 4824 ex
1381 4773 1424 4835 iis,
1443 4773 1488 4837 qui
1505 4785 1534 4822 se
1551 4770 1629 4824 colle-

311 4849 423 4912 gissent,
442 4848 469 4899 id
486 4849 507 4900 st
525 4861 578 4899 non
595 4861 690 4912 purum
702 4849 835 4910 Latinum,
854 4850 927 4899 certe
945 4847 979 4897 ita
997 4850 1085 4898 tamen
1104 4847 1200 4899 durum
1217 4851 1271 4908 est,
1289 4847 1391 4898 utterrt
1402 4846 1473 4898 nullo
1484 4849 1626 4911 pseusti.-

311 4924 441 4986 Bsracus,
463 4925 508 4987 qui
529 4924 612 4975 verba
636 4929 659 4974 st
680 4925 974 4988 sorum--cotteprroot
989 4924 1023 4973 ab
1041 4922 1126 4973 olisna
1143 4936 1224 4973 marm
1241 4921 1329 4974 addita
1346 4937 1406 4974 essa
1423 4925 1506 4987 putat.
1526 4948 1553 4958 -
1571 4935 1627 4972 coo·

310 4993 423 5062 portauit
439 4999 466 5049 F.
488 5025 513 5035 -
533 4999 611 5061 ipsius
627 4995 849 5062 enutrivit:
873 5001 926 5050 etus
943 4997 1111 5052 664440.
1137 5025 1165 5036 -
1189 4999 1229 5049 30.
1249 4999 1353 5049 aucillis
1368 4994 1558 5059 tschevtt,
1576 5007 1624 5058 mg.

311 5073 346 5128 2:
364 5088 418 5124 orn.
437 5074 579 5128 444440.
600 5101 627 5112 -
649 5075 780 5124 octioocso
795 5075 872 5137 copiis
887 5073 1022 5124 touobctur
1038 5087 1100 5126 cum
1117 5073 1160 5125 ed.
1179 5074 1279 5124 Veneta
1295 5087 1320 5124 a.
1339 5072 1412 5125 4486.
1431 5069 1515 5126 440.
1532 5097 1559 5107 -
1578 5072 1627 5122 sco

312 5149 357 5200 doc
373 5150 432 5214 EV,
451 5149 552 5202 schol:
570 5164 632 5205 ram
647 5151 692 5202 troc
708 5147 745 5214 43ς
763 5151 809 5202 doc
825 5152 878 5202 tom
894 5147 1036 5206 astte.
