<?xml version="1.0" encoding="UTF-8"?>
<!DOCTYPE html PUBLIC "-//W3C//DTD XHTML 1.0 Transitional//EN"
    "http://www.w3.org/TR/xhtml1/DTD/xhtml1-transitional.dtd">
<html xmlns="http://www.w3.org/1999/xhtml" xml:lang="en" lang="en">
 <head>
  <title>
</title>
<meta http-equiv="Content-Type" content="text/html;charset=utf-8" />
  <meta name='ocr-system' content='tesseract 3.04.00' />
  <meta name='ocr-capabilities' content='ocr_page ocr_carea ocr_par ocr_line ocrx_word'/>
</head>
<body>
  <div class='ocr_page' id='page_1' title='image "./mtulliiciceroni00baitgoog_0238.png"; bbox 0 0 3642 5868; ppageno 0'>
   <div class='ocr_carea' id='block_1_1' title="bbox 302 393 1242 466">
    <p class='ocr_par' dir='ltr' id='par_1_1' title="bbox 302 393 1242 466">
     <span class='ocr_line' id='line_1_1' title="bbox 302 393 1242 466; baseline 0.001 -3"><span class='ocrx_word' id='word_1_1' title='bbox 302 393 365 464; x_wconf 82' lang='grc'><strong>242</strong></span> <span class='ocrx_word' id='word_1_2' title='bbox 668 397 711 465; x_wconf 80' lang='lat' dir='ltr'><strong>Ill</strong></span> <span class='ocrx_word' id='word_1_3' title='bbox 731 397 896 465; x_wconf 80' lang='lat' dir='ltr'><strong>VERREM</strong></span> <span class='ocrx_word' id='word_1_4' title='bbox 917 397 1038 464; x_wconf 82' lang='lat' dir='ltr'><strong>serto</strong></span> <span class='ocrx_word' id='word_1_5' title='bbox 1061 398 1242 466; x_wconf 79' lang='lat' dir='ltr'>SECUNDA</span> 
     </span>
    </p>
   </div>
   <div class='ocr_carea' id='block_1_2' title="bbox 132 555 1622 3963">
    <p class='ocr_par' dir='ltr' id='par_1_2' title="bbox 302 555 1618 654">
     <span class='ocr_line' id='line_1_2' title="bbox 302 555 1618 654; baseline 0.001 -21"><span class='ocrx_word' id='word_1_6' title='bbox 302 555 541 654; x_wconf 60' lang='lat' dir='ltr'><strong>nequitiainon</strong></span> <span class='ocrx_word' id='word_1_7' title='bbox 569 565 672 631; x_wconf 90' lang='lat' dir='ltr'><strong>solum</strong></span> <span class='ocrx_word' id='word_1_8' title='bbox 697 567 795 650; x_wconf 85' lang='lat' dir='ltr'><strong>libido</strong></span> <span class='ocrx_word' id='word_1_9' title='bbox 822 576 853 644; x_wconf 84' lang='lat' dir='ltr'><strong>et</strong></span> <span class='ocrx_word' id='word_1_10' title='bbox 880 569 1041 652; x_wconf 75' lang='lat' dir='ltr'><strong>voluptas,</strong></span> <span class='ocrx_word' id='word_1_11' title='bbox 1068 590 1177 636; x_wconf 80' lang='lat' dir='ltr'><strong>verum</strong></span> <span class='ocrx_word' id='word_1_12' title='bbox 1205 569 1299 634; x_wconf 87' lang='lat' dir='ltr'><strong>etiam</strong></span> <span class='ocrx_word' id='word_1_13' title='bbox 1327 568 1429 652; x_wconf 89' lang='lat' dir='ltr'><strong>ipsius</strong></span> <span class='ocrx_word' id='word_1_14' title='bbox 1449 569 1618 654; x_wconf 85' lang='lat' dir='ltr'><strong>nequitiae</strong></span> 
     </span>
    </p>

    <p class='ocr_par' dir='ltr' id='par_1_3' title="bbox 132 649 1618 758">
     <span class='ocr_line' id='line_1_3' title="bbox 132 649 1618 758; baseline -0.001 -30"><span class='ocrx_word' id='word_1_15' title='bbox 132 649 211 758; x_wconf 48' lang='grc' dir='ltr'><strong>,ὥ</strong></span> <span class='ocrx_word' id='word_1_16' title='bbox 267 681 271 694; x_wconf 93' lang='grc'><strong><em>·</em></strong></span> <span class='ocrx_word' id='word_1_17' title='bbox 300 664 384 742; x_wconf 72' lang='lat' dir='ltr'><strong>fama</strong></span> <span class='ocrx_word' id='word_1_18' title='bbox 410 651 566 746; x_wconf 82' lang='lat' dir='ltr'><strong>delectat)</strong></span> <span class='ocrx_word' id='word_1_19' title='bbox 588 669 624 726; x_wconf 87' lang='lat' dir='ltr'><strong>ut</strong></span> <span class='ocrx_word' id='word_1_20' title='bbox 652 663 759 726; x_wconf 90' lang='lat' dir='ltr'><strong>multis</strong></span> <span class='ocrx_word' id='word_1_21' title='bbox 786 664 820 726; x_wconf 92' lang='lat' dir='ltr'><strong>in</strong></span> <span class='ocrx_word' id='word_1_22' title='bbox 848 662 926 727; x_wconf 86' lang='lat' dir='ltr'><strong>locis</strong></span> <span class='ocrx_word' id='word_1_23' title='bbox 948 673 1039 728; x_wconf 83' lang='lat' dir='ltr'><strong>notas</strong></span> <span class='ocrx_word' id='word_1_24' title='bbox 1060 685 1097 728; x_wconf 92' lang='lat' dir='ltr'><strong>ac</strong></span> <span class='ocrx_word' id='word_1_25' title='bbox 1119 664 1253 746; x_wconf 84' lang='lat' dir='ltr'><strong>vestigia</strong></span> <span class='ocrx_word' id='word_1_26' title='bbox 1273 683 1402 728; x_wconf 89' lang='lat' dir='ltr'><strong>suorum</strong></span> <span class='ocrx_word' id='word_1_27' title='bbox 1423 661 1618 748; x_wconf 83' lang='lat' dir='ltr'><strong>flagitiorum</strong></span> 
     </span>
    </p>

    <p class='ocr_par' dir='ltr' id='par_1_4' title="bbox 178 747 1618 848">
     <span class='ocr_line' id='line_1_4' title="bbox 178 747 1618 848; baseline -0.001 -25"><span class='ocrx_word' id='word_1_28' title='bbox 178 770 215 848; x_wconf 52' lang='grc' dir='ltr'>χ</span> <span class='ocrx_word' id='word_1_29' title='bbox 299 759 438 844; x_wconf 82' lang='lat' dir='ltr'>relinqui</span> <span class='ocrx_word' id='word_1_30' title='bbox 459 747 567 832; x_wconf 72' lang='lat' dir='ltr'><strong>vebat.</strong></span> <span class='ocrx_word' id='word_1_31' title='bbox 611 752 681 820; x_wconf 88' lang='grc'><strong>446.</strong></span> <span class='ocrx_word' id='word_1_32' title='bbox 708 757 848 821; x_wconf 78' lang='lat' dir='ltr'><strong>Ardebat</strong></span> <span class='ocrx_word' id='word_1_33' title='bbox 867 778 972 822; x_wconf 89' lang='lat' dir='ltr'><strong>amore</strong></span> <span class='ocrx_word' id='word_1_34' title='bbox 995 747 1081 824; x_wconf 89' lang='lat' dir='ltr'><strong>illius</strong></span> <span class='ocrx_word' id='word_1_35' title='bbox 1101 759 1262 842; x_wconf 77' lang='lat' dir='ltr'><strong>hospitae,</strong></span> <span class='ocrx_word' id='word_1_36' title='bbox 1292 768 1419 843; x_wconf 90' lang='lat' dir='ltr'><strong>propter</strong></span> <span class='ocrx_word' id='word_1_37' title='bbox 1440 779 1536 843; x_wconf 84' lang='lat' dir='ltr'><strong>quam</strong></span> <span class='ocrx_word' id='word_1_38' title='bbox 1556 758 1618 822; x_wconf 92' lang='lat' dir='ltr'><strong>bo-</strong></span> 
     </span>
    </p>

    <p class='ocr_par' dir='ltr' id='par_1_5' title="bbox 244 852 1619 937">
     <span class='ocr_line' id='line_1_5' title="bbox 244 852 1619 937; baseline -0.001 -19"><span class='ocrx_word' id='word_1_39' title='bbox 244 863 255 890; x_wconf 86' lang='lat'><strong>·</strong></span> <span class='ocrx_word' id='word_1_40' title='bbox 299 855 386 937; x_wconf 89' lang='lat' dir='ltr'><strong>spitii</strong></span> <span class='ocrx_word' id='word_1_41' title='bbox 406 855 477 917; x_wconf 89' lang='lat' dir='ltr'><strong>iura</strong></span> <span class='ocrx_word' id='word_1_42' title='bbox 497 852 638 917; x_wconf 82' lang='lat' dir='ltr'><strong>violarat.</strong></span> <span class='ocrx_word' id='word_1_43' title='bbox 679 852 747 916; x_wconf 90' lang='lat' dir='ltr'><strong>IIoc</strong></span> <span class='ocrx_word' id='word_1_44' title='bbox 769 873 833 916; x_wconf 90' lang='lat' dir='ltr'><strong>non</strong></span> <span class='ocrx_word' id='word_1_45' title='bbox 854 853 955 916; x_wconf 91' lang='lat' dir='ltr'><strong>solum</strong></span> <span class='ocrx_word' id='word_1_46' title='bbox 980 853 1053 916; x_wconf 88' lang='lat' dir='ltr'><strong>sciri</strong></span> <span class='ocrx_word' id='word_1_47' title='bbox 1075 861 1156 928; x_wconf 89' lang='lat' dir='ltr'><strong>tum,</strong></span> <span class='ocrx_word' id='word_1_48' title='bbox 1177 873 1287 917; x_wconf 84' lang='lat' dir='ltr'><strong>verum</strong></span> <span class='ocrx_word' id='word_1_49' title='bbox 1309 855 1404 918; x_wconf 89' lang='lat' dir='ltr'><strong>etiam</strong></span> <span class='ocrx_word' id='word_1_50' title='bbox 1425 872 1619 917; x_wconf 89' lang='lat' dir='ltr'><strong>commemo-</strong></span> 
     </span>
    </p>

    <p class='ocr_par' dir='ltr' id='par_1_6' title="bbox 275 947 1619 1032">
     <span class='ocr_line' id='line_1_6' title="bbox 275 947 1619 1032; baseline -0.003 -18"><span class='ocrx_word' id='word_1_51' title='bbox 275 949 361 1014; x_wconf 83' lang='lat' dir='ltr'><strong>orari</strong></span> <span class='ocrx_word' id='word_1_52' title='bbox 382 967 508 1031; x_wconf 89' lang='lat' dir='ltr'><strong>semper</strong></span> <span class='ocrx_word' id='word_1_53' title='bbox 528 947 663 1012; x_wconf 78' lang='lat' dir='ltr'><strong>volebat.</strong></span> <span class='ocrx_word' id='word_1_54' title='bbox 706 949 816 1031; x_wconf 89' lang='lat' dir='ltr'><strong>Itaque</strong></span> <span class='ocrx_word' id='word_1_55' title='bbox 838 969 879 1011; x_wconf 87' lang='lat' dir='ltr'><strong>ex</strong></span> <span class='ocrx_word' id='word_1_56' title='bbox 899 948 953 1010; x_wconf 88' lang='lat' dir='ltr'><strong>illa</strong></span> <span class='ocrx_word' id='word_1_57' title='bbox 979 948 1049 1031; x_wconf 85' lang='lat' dir='ltr'><strong>ipsa</strong></span> <span class='ocrx_word' id='word_1_58' title='bbox 1070 969 1122 1023; x_wconf 89' lang='lat' dir='ltr'><strong>re,</strong></span> <span class='ocrx_word' id='word_1_59' title='bbox 1154 968 1251 1032; x_wconf 90' lang='lat' dir='ltr'><strong>quam</strong></span> <span class='ocrx_word' id='word_1_60' title='bbox 1272 955 1438 1012; x_wconf 75' lang='lat' dir='ltr'><strong>accusante</strong></span> <span class='ocrx_word' id='word_1_61' title='bbox 1458 948 1619 1031; x_wconf 77' lang='lat' dir='ltr'><strong>Agathino</strong></span> 
     </span>
    </p>

    <p class='ocr_par' dir='ltr' id='par_1_7' title="bbox 298 1041 1619 1128">
     <span class='ocr_line' id='line_1_7' title="bbox 298 1041 1619 1128; baseline -0.002 -21"><span class='ocrx_word' id='word_1_62' title='bbox 298 1051 454 1127; x_wconf 74' lang='lat' dir='ltr'><strong>gesserat,</strong></span> <span class='ocrx_word' id='word_1_63' title='bbox 475 1043 591 1106; x_wconf 86' lang='lat' dir='ltr'><strong>Veneri</strong></span> <span class='ocrx_word' id='word_1_64' title='bbox 613 1041 811 1125; x_wconf 90' lang='lat' dir='ltr'><strong>potissimum</strong></span> <span class='ocrx_word' id='word_1_65' title='bbox 835 1041 943 1106; x_wconf 89' lang='lat' dir='ltr'><strong>deberi</strong></span> <span class='ocrx_word' id='word_1_66' title='bbox 964 1043 1138 1125; x_wconf 89' lang='lat' dir='ltr'><strong>praemium</strong></span> <span class='ocrx_word' id='word_1_67' title='bbox 1161 1042 1285 1119; x_wconf 88' lang='lat' dir='ltr'><strong>statuit,</strong></span> <span class='ocrx_word' id='word_1_68' title='bbox 1306 1062 1388 1128; x_wconf 90' lang='lat' dir='ltr'><strong>quae</strong></span> <span class='ocrx_word' id='word_1_69' title='bbox 1410 1043 1497 1106; x_wconf 87' lang='lat' dir='ltr'><strong>illam</strong></span> <span class='ocrx_word' id='word_1_70' title='bbox 1518 1051 1619 1106; x_wconf 86' lang='lat' dir='ltr'><strong>totam</strong></span> 
     </span>
    </p>

    <p class='ocr_par' dir='ltr' id='par_1_8' title="bbox 297 1133 1618 1220">
     <span class='ocr_line' id='line_1_8' title="bbox 297 1133 1618 1220; baseline -0.005 -15"><span class='ocrx_word' id='word_1_71' title='bbox 297 1137 532 1206; x_wconf 80' lang='lat' dir='ltr'><strong>accusationem</strong></span> <span class='ocrx_word' id='word_1_72' title='bbox 554 1135 771 1220; x_wconf 89' lang='lat' dir='ltr'><strong>iudiciumque</strong></span> <span class='ocrx_word' id='word_1_73' title='bbox 793 1137 952 1200; x_wconf 80' lang='lat' dir='ltr'><strong>conflaret</strong></span> <span class='ocrx_word' id='word_1_74' title='bbox 988 1137 1133 1200; x_wconf 86' lang='lat' dir='ltr'><strong>Putarem</strong></span> <span class='ocrx_word' id='word_1_75' title='bbox 1155 1144 1185 1200; x_wconf 90' lang='lat' dir='ltr'><strong>te</strong></span> <span class='ocrx_word' id='word_1_76' title='bbox 1207 1145 1330 1220; x_wconf 87' lang='lat' dir='ltr'><strong>gratum</strong></span> <span class='ocrx_word' id='word_1_77' title='bbox 1351 1139 1384 1200; x_wconf 95' lang='lat' dir='ltr'><strong>in</strong></span> <span class='ocrx_word' id='word_1_78' title='bbox 1400 1137 1491 1212; x_wconf 90' lang='lat' dir='ltr'><strong>deos,</strong></span> <span class='ocrx_word' id='word_1_79' title='bbox 1513 1137 1540 1199; x_wconf 87' lang='lat' dir='ltr'><strong>si</strong></span> <span class='ocrx_word' id='word_1_80' title='bbox 1554 1133 1618 1200; x_wconf 94' lang='lat' dir='ltr'><strong>hoc</strong></span> 
     </span>
    </p>

    <p class='ocr_par' dir='ltr' id='par_1_9' title="bbox 298 1229 1619 1315">
     <span class='ocr_line' id='line_1_9' title="bbox 298 1229 1619 1315; baseline -0.002 -19"><span class='ocrx_word' id='word_1_81' title='bbox 298 1233 417 1297; x_wconf 90' lang='lat' dir='ltr'><strong>donum</strong></span> <span class='ocrx_word' id='word_1_82' title='bbox 437 1231 553 1296; x_wconf 88' lang='lat' dir='ltr'><strong>Veneri</strong></span> <span class='ocrx_word' id='word_1_83' title='bbox 575 1250 639 1294; x_wconf 90' lang='lat' dir='ltr'><strong>non</strong></span> <span class='ocrx_word' id='word_1_84' title='bbox 663 1230 701 1294; x_wconf 94' lang='lat' dir='ltr'><strong>de</strong></span> <span class='ocrx_word' id='word_1_85' title='bbox 725 1230 848 1293; x_wconf 88' lang='lat' dir='ltr'><strong>Sthenii</strong></span> <span class='ocrx_word' id='word_1_86' title='bbox 869 1230 962 1293; x_wconf 88' lang='lat' dir='ltr'><strong>bonis</strong></span> <span class='ocrx_word' id='word_1_87' title='bbox 985 1230 1144 1307; x_wconf 83' lang='lat' dir='ltr'><strong>dedisses,</strong></span> <span class='ocrx_word' id='word_1_88' title='bbox 1166 1232 1222 1295; x_wconf 91' lang='lat' dir='ltr'><strong>sed</strong></span> <span class='ocrx_word' id='word_1_89' title='bbox 1244 1231 1283 1296; x_wconf 95' lang='lat' dir='ltr'><strong>de</strong></span> <span class='ocrx_word' id='word_1_90' title='bbox 1308 1233 1388 1306; x_wconf 91' lang='lat' dir='ltr'><strong>tuis,</strong></span> <span class='ocrx_word' id='word_1_91' title='bbox 1412 1231 1497 1315; x_wconf 94' lang='lat' dir='ltr'><strong>quod</strong></span> <span class='ocrx_word' id='word_1_92' title='bbox 1510 1229 1619 1294; x_wconf 86' lang='lat' dir='ltr'><strong>facere</strong></span> 
     </span>
    </p>

    <p class='ocr_par' dir='ltr' id='par_1_10' title="bbox 298 1325 1619 1409">
     <span class='ocr_line' id='line_1_10' title="bbox 298 1325 1619 1409; baseline -0.002 -19"><span class='ocrx_word' id='word_1_93' title='bbox 298 1327 452 1402; x_wconf 84' lang='lat' dir='ltr'><strong>debuisti,</strong></span> <span class='ocrx_word' id='word_1_94' title='bbox 474 1325 659 1409; x_wconf 86' lang='lat' dir='ltr'><strong>praesertim</strong></span> <span class='ocrx_word' id='word_1_95' title='bbox 681 1346 753 1388; x_wconf 91' lang='lat' dir='ltr'><strong>cum</strong></span> <span class='ocrx_word' id='word_1_96' title='bbox 774 1325 832 1386; x_wconf 93' lang='lat' dir='ltr'><strong>tibi</strong></span> <span class='ocrx_word' id='word_1_97' title='bbox 854 1325 909 1387; x_wconf 95' lang='lat' dir='ltr'><strong>illo</strong></span> <span class='ocrx_word' id='word_1_98' title='bbox 932 1325 1001 1408; x_wconf 89' lang='lat' dir='ltr'><strong>ipso</strong></span> <span class='ocrx_word' id='word_1_99' title='bbox 1023 1345 1107 1389; x_wconf 89' lang='lat' dir='ltr'><strong>anno</strong></span> <span class='ocrx_word' id='word_1_100' title='bbox 1131 1347 1150 1390; x_wconf 90' lang='lat' dir='ltr'><strong>a</strong></span> <span class='ocrx_word' id='word_1_101' title='bbox 1172 1325 1343 1390; x_wconf 85' lang='lat' dir='ltr'><strong>Chelidone</strong></span> <span class='ocrx_word' id='word_1_102' title='bbox 1365 1325 1505 1390; x_wconf 81' lang='lat' dir='ltr'><strong>venisset</strong></span> <span class='ocrx_word' id='word_1_103' title='bbox 1524 1325 1619 1388; x_wconf 90' lang='lat' dir='ltr'><strong>here·</strong></span> 
     </span>
    </p>

    <p class='ocr_par' dir='ltr' id='par_1_11' title="bbox 237 1415 1621 1504">
     <span class='ocr_line' id='line_1_11' title="bbox 237 1415 1621 1504; baseline -0.007 -14"><span class='ocrx_word' id='word_1_104' title='bbox 237 1422 388 1504; x_wconf 11' lang='lat' dir='ltr'><strong>taedias.</strong></span> <span class='ocrx_word' id='word_1_105' title='bbox 432 1415 503 1484; x_wconf 88' lang='grc'><strong>447.</strong></span> <span class='ocrx_word' id='word_1_106' title='bbox 525 1420 584 1483; x_wconf 88' lang='lat' dir='ltr'><strong>Hic</strong></span> <span class='ocrx_word' id='word_1_107' title='bbox 607 1441 681 1502; x_wconf 86' lang='lat' dir='ltr'><strong>ego,</strong></span> <span class='ocrx_word' id='word_1_108' title='bbox 704 1421 731 1483; x_wconf 92' lang='lat' dir='ltr'><strong>si</strong></span> <span class='ocrx_word' id='word_1_109' title='bbox 752 1419 834 1482; x_wconf 90' lang='lat' dir='ltr'><strong>hanc</strong></span> <span class='ocrx_word' id='word_1_110' title='bbox 857 1439 983 1482; x_wconf 88' lang='lat' dir='ltr'><strong>causam</strong></span> <span class='ocrx_word' id='word_1_111' title='bbox 1006 1441 1069 1484; x_wconf 89' lang='lat' dir='ltr'><strong>nou</strong></span> <span class='ocrx_word' id='word_1_112' title='bbox 1091 1421 1232 1484; x_wconf 90' lang='lat' dir='ltr'><strong>omnium</strong></span> <span class='ocrx_word' id='word_1_113' title='bbox 1247 1421 1426 1484; x_wconf 88' lang='lat' dir='ltr'><strong>Siculorum</strong></span> <span class='ocrx_word' id='word_1_114' title='bbox 1439 1426 1553 1502; x_wconf 85' lang='lat' dir='ltr'><strong>rogatu</strong></span> <span class='ocrx_word' id='word_1_115' title='bbox 1566 1439 1621 1482; x_wconf 92' lang='lat' dir='ltr'><strong>re-</strong></span> 
     </span>
    </p>

    <p class='ocr_par' dir='ltr' id='par_1_12' title="bbox 297 1501 1618 1602">
     <span class='ocr_line' id='line_1_12' title="bbox 297 1501 1618 1602; baseline -0.004 -22"><span class='ocrx_word' id='word_1_116' title='bbox 297 1519 467 1602; x_wconf 83' lang='lat' dir='ltr'><strong>cepissem,</strong></span> <span class='ocrx_word' id='word_1_117' title='bbox 496 1515 523 1580; x_wconf 91' lang='lat' dir='ltr'><strong>si</strong></span> <span class='ocrx_word' id='word_1_118' title='bbox 551 1515 611 1578; x_wconf 92' lang='lat' dir='ltr'><strong>boc</strong></span> <span class='ocrx_word' id='word_1_119' title='bbox 633 1535 652 1579; x_wconf 93' lang='lat' dir='ltr'><strong>a</strong></span> <span class='ocrx_word' id='word_1_120' title='bbox 674 1534 724 1578; x_wconf 93' lang='lat' dir='ltr'><strong>me</strong></span> <span class='ocrx_word' id='word_1_121' title='bbox 746 1514 885 1577; x_wconf 91' lang='lat' dir='ltr'><strong>muneris</strong></span> <span class='ocrx_word' id='word_1_122' title='bbox 908 1533 971 1578; x_wconf 90' lang='lat' dir='ltr'><strong>non</strong></span> <span class='ocrx_word' id='word_1_123' title='bbox 993 1515 1142 1577; x_wconf 83' lang='lat' dir='ltr'><strong>universa</strong></span> <span class='ocrx_word' id='word_1_124' title='bbox 1162 1515 1325 1599; x_wconf 80' lang='lat' dir='ltr'><strong>prouincia</strong></span> <span class='ocrx_word' id='word_1_125' title='bbox 1345 1501 1618 1598; x_wconf 84' lang='lat' dir='ltr'><strong>poposcisset,(si</strong></span> 
     </span>
    </p>

    <p class='ocr_par' dir='ltr' id='par_1_13' title="bbox 296 1597 1618 1694">
     <span class='ocr_line' id='line_1_13' title="bbox 296 1597 1618 1694; baseline -0.007 -14"><span class='ocrx_word' id='word_1_126' title='bbox 296 1636 346 1681; x_wconf 90' lang='lat' dir='ltr'><strong>me</strong></span> <span class='ocrx_word' id='word_1_127' title='bbox 369 1597 498 1678; x_wconf 63' lang='lat' dir='ltr'><strong>&#39;animus</strong></span> <span class='ocrx_word' id='word_1_128' title='bbox 526 1619 622 1694; x_wconf 89' lang='lat' dir='ltr'><strong>atque</strong></span> <span class='ocrx_word' id='word_1_129' title='bbox 651 1628 737 1694; x_wconf 90' lang='lat' dir='ltr'><strong>amor</strong></span> <span class='ocrx_word' id='word_1_130' title='bbox 764 1611 797 1672; x_wconf 90' lang='lat' dir='ltr'><strong>in</strong></span> <span class='ocrx_word' id='word_1_131' title='bbox 826 1628 892 1670; x_wconf 86' lang='lat' dir='ltr'><strong>rem</strong></span> <span class='ocrx_word' id='word_1_132' title='bbox 920 1608 1078 1692; x_wconf 83' lang='lat' dir='ltr'><strong>publicam</strong></span> <span class='ocrx_word' id='word_1_133' title='bbox 1100 1609 1354 1692; x_wconf 73' lang='lat' dir='ltr'><strong>existimatioque</strong></span> <span class='ocrx_word' id='word_1_134' title='bbox 1376 1610 1496 1672; x_wconf 85' lang='lat' dir='ltr'><strong>offensa</strong></span> <span class='ocrx_word' id='word_1_135' title='bbox 1516 1609 1618 1673; x_wconf 82' lang='lat' dir='ltr'><strong>nostri</strong></span> 
     </span>
    </p>

    <p class='ocr_par' dir='ltr' id='par_1_14' title="bbox 162 1691 1620 1861">
     <span class='ocr_line' id='line_1_14' title="bbox 162 1691 1620 1861; baseline -0.005 -86"><span class='ocrx_word' id='word_1_136' title='bbox 162 1692 239 1800; x_wconf 60' lang='lat'><strong>72</strong></span> <span class='ocrx_word' id='word_1_137' title='bbox 297 1710 417 1774; x_wconf 89' lang='lat' dir='ltr'><strong>ordinis</strong></span> <span class='ocrx_word' id='word_1_138' title='bbox 446 1727 485 1773; x_wconf 86' lang='lat' dir='ltr'><strong>ac</strong></span> <span class='ocrx_word' id='word_1_139' title='bbox 512 1707 704 1770; x_wconf 90' lang='lat' dir='ltr'><strong>iudiciorum</strong></span> <span class='ocrx_word' id='word_1_140' title='bbox 731 1724 795 1768; x_wconf 91' lang='lat' dir='ltr'><strong>non</strong></span> <span class='ocrx_word' id='word_1_141' title='bbox 823 1704 883 1767; x_wconf 89' lang='lat' dir='ltr'><strong>hoc</strong></span> <span class='ocrx_word' id='word_1_142' title='bbox 913 1704 1017 1768; x_wconf 88' lang='lat' dir='ltr'><strong>facere</strong></span> <span class='ocrx_word' id='word_1_143' title='bbox 1047 1691 1318 1861; x_wconf 50' lang='lat' dir='ltr'><strong>coegisseqqatque</strong></span> <span class='ocrx_word' id='word_1_144' title='bbox 1337 1702 1416 1767; x_wconf 82' lang='lat' dir='ltr'><strong>haec</strong></span> <span class='ocrx_word' id='word_1_145' title='bbox 1437 1725 1502 1768; x_wconf 87' lang='lat' dir='ltr'><strong>una</strong></span> <span class='ocrx_word' id='word_1_146' title='bbox 1522 1723 1620 1767; x_wconf 88' lang='lat' dir='ltr'><strong>causa</strong></span> 
     </span>
    </p>

    <p class='ocr_par' dir='ltr' id='par_1_15' title="bbox 180 1793 1620 1889">
     <span class='ocr_line' id='line_1_15' title="bbox 180 1793 1620 1889; baseline -0.008 -19"><span class='ocrx_word' id='word_1_147' title='bbox 180 1796 183 1804; x_wconf 59' lang='grc'>’</span> <span class='ocrx_word' id='word_1_148' title='bbox 295 1806 423 1881; x_wconf 88' lang='lat' dir='ltr'><strong>fuisset,</strong></span> <span class='ocrx_word' id='word_1_149' title='bbox 454 1802 542 1889; x_wconf 93' lang='lat' dir='ltr'><strong>quod</strong></span> <span class='ocrx_word' id='word_1_150' title='bbox 574 1801 710 1864; x_wconf 89' lang='lat' dir='ltr'><strong>amicum</strong></span> <span class='ocrx_word' id='word_1_151' title='bbox 737 1806 833 1883; x_wconf 89' lang='lat' dir='ltr'><strong>atque</strong></span> <span class='ocrx_word' id='word_1_152' title='bbox 863 1800 1020 1883; x_wconf 85' lang='lat' dir='ltr'><strong>hospitem</strong></span> <span class='ocrx_word' id='word_1_153' title='bbox 1041 1793 1189 1863; x_wconf 85' lang='lat' dir='ltr'><strong>meumS</strong></span> <span class='ocrx_word' id='word_1_154' title='bbox 1227 1799 1351 1874; x_wconf 89' lang='lat' dir='ltr'><strong>enium,</strong></span> <span class='ocrx_word' id='word_1_155' title='bbox 1384 1818 1480 1883; x_wconf 91' lang='lat' dir='ltr'><strong>quem</strong></span> <span class='ocrx_word' id='word_1_156' title='bbox 1502 1818 1561 1881; x_wconf 88' lang='lat' dir='ltr'><strong>ego</strong></span> <span class='ocrx_word' id='word_1_157' title='bbox 1582 1797 1620 1860; x_wconf 89' lang='lat' dir='ltr'><strong>in</strong></span> 
     </span>
    </p>

    <p class='ocr_par' dir='ltr' id='par_1_16' title="bbox 257 1892 1619 1986">
     <span class='ocr_line' id='line_1_16' title="bbox 257 1892 1619 1986; baseline -0.007 -25"><span class='ocrx_word' id='word_1_158' title='bbox 257 1908 468 1986; x_wconf 82' lang='lat' dir='ltr'><strong>sequaestura</strong></span> <span class='ocrx_word' id='word_1_159' title='bbox 498 1916 570 1961; x_wconf 89' lang='lat' dir='ltr'><strong>mea</strong></span> <span class='ocrx_word' id='word_1_160' title='bbox 601 1894 801 1977; x_wconf 76' lang='lat' dir='ltr'><strong>singulariter</strong></span> <span class='ocrx_word' id='word_1_161' title='bbox 833 1892 1031 1968; x_wconf 78' lang='lat' dir='ltr'><strong>dilexissem,</strong></span> <span class='ocrx_word' id='word_1_162' title='bbox 1065 1895 1104 1956; x_wconf 92' lang='lat' dir='ltr'><strong>de</strong></span> <span class='ocrx_word' id='word_1_163' title='bbox 1136 1913 1200 1977; x_wconf 91' lang='lat' dir='ltr'><strong>quo</strong></span> <span class='ocrx_word' id='word_1_164' title='bbox 1229 1894 1346 1977; x_wconf 88' lang='lat' dir='ltr'><strong>optime</strong></span> <span class='ocrx_word' id='word_1_165' title='bbox 1378 1893 1619 1966; x_wconf 83' lang='lat' dir='ltr'><strong>existimassem,</strong></span> 
     </span>
    </p>

    <p class='ocr_par' dir='ltr' id='par_1_17' title="bbox 297 1987 1621 2081">
     <span class='ocr_line' id='line_1_17' title="bbox 297 1987 1621 2081; baseline -0.009 -21"><span class='ocrx_word' id='word_1_166' title='bbox 297 2015 392 2081; x_wconf 85' lang='lat' dir='ltr'><strong>quens</strong></span> <span class='ocrx_word' id='word_1_167' title='bbox 414 1995 447 2059; x_wconf 91' lang='lat' dir='ltr'><strong>in</strong></span> <span class='ocrx_word' id='word_1_168' title='bbox 469 1990 634 2077; x_wconf 89' lang='lat' dir='ltr'><strong>provincia</strong></span> <span class='ocrx_word' id='word_1_169' title='bbox 655 1987 897 2053; x_wconf 90' lang='lat' dir='ltr'><strong>existimationis</strong></span> <span class='ocrx_word' id='word_1_170' title='bbox 919 2007 1008 2051; x_wconf 85' lang='lat' dir='ltr'><strong>mese</strong></span> <span class='ocrx_word' id='word_1_171' title='bbox 1030 1987 1296 2052; x_wconf 86' lang='lat' dir='ltr'><strong>studiosissimum</strong></span> <span class='ocrx_word' id='word_1_172' title='bbox 1311 1987 1621 2071; x_wconf 86' lang='lat' dir='ltr'><strong>cupidissimumque</strong></span> 
     </span>
    </p>

    <p class='ocr_par' dir='ltr' id='par_1_18' title="bbox 297 2079 1622 2176">
     <span class='ocr_line' id='line_1_18' title="bbox 297 2079 1622 2176; baseline -0.011 -20"><span class='ocrx_word' id='word_1_173' title='bbox 297 2109 497 2176; x_wconf 87' lang='lat' dir='ltr'><strong>cognossem,</strong></span> <span class='ocrx_word' id='word_1_174' title='bbox 519 2094 584 2150; x_wconf 89' lang='lat' dir='ltr'><strong>tam</strong></span> <span class='ocrx_word' id='word_1_175' title='bbox 607 2083 791 2158; x_wconf 87' lang='lat' dir='ltr'><strong>crudeliter,</strong></span> <span class='ocrx_word' id='word_1_176' title='bbox 814 2082 964 2146; x_wconf 90' lang='lat' dir='ltr'><strong>scelerate</strong></span> <span class='ocrx_word' id='word_1_177' title='bbox 985 2080 1169 2166; x_wconf 80' lang='lat' dir='ltr'><strong>nefarieque</strong></span> <span class='ocrx_word' id='word_1_178' title='bbox 1191 2089 1374 2145; x_wconf 87' lang='lat' dir='ltr'><strong>tractasses:</strong></span> <span class='ocrx_word' id='word_1_179' title='bbox 1395 2089 1502 2146; x_wconf 84' lang='lat' dir='ltr'><strong>tumen</strong></span> <span class='ocrx_word' id='word_1_180' title='bbox 1523 2079 1622 2162; x_wconf 88' lang='lat' dir='ltr'><strong>digna</strong></span> 
     </span>
    </p>

    <p class='ocr_par' dir='ltr' id='par_1_19' title="bbox 298 2175 1621 2262">
     <span class='ocr_line' id='line_1_19' title="bbox 298 2175 1621 2262; baseline -0.011 -11"><span class='ocrx_word' id='word_1_181' title='bbox 298 2205 393 2251; x_wconf 86' lang='lat' dir='ltr'><strong>causa</strong></span> <span class='ocrx_word' id='word_1_182' title='bbox 412 2183 589 2255; x_wconf 82' lang='lat' dir='ltr'><strong>rideretur,</strong></span> <span class='ocrx_word' id='word_1_183' title='bbox 611 2177 870 2262; x_wconf 89' lang='lat' dir='ltr'><strong>eurinimicitias</strong></span> <span class='ocrx_word' id='word_1_184' title='bbox 891 2177 1027 2240; x_wconf 92' lang='lat' dir='ltr'><strong>bominis</strong></span> <span class='ocrx_word' id='word_1_185' title='bbox 1042 2175 1266 2259; x_wconf 89' lang='lat' dir='ltr'><strong>improbissimi</strong></span> <span class='ocrx_word' id='word_1_186' title='bbox 1279 2175 1490 2259; x_wconf 88' lang='lat' dir='ltr'><strong>susciperem,</strong></span> <span class='ocrx_word' id='word_1_187' title='bbox 1511 2183 1548 2238; x_wconf 91' lang='lat' dir='ltr'><strong>ut</strong></span> <span class='ocrx_word' id='word_1_188' title='bbox 1560 2175 1621 2238; x_wconf 90' lang='lat' dir='ltr'><strong>ho·</strong></span> 
     </span>
    </p>

    <p class='ocr_par' dir='ltr' id='par_1_20' title="bbox 298 2265 1620 2367">
     <span class='ocr_line' id='line_1_20' title="bbox 298 2265 1620 2367; baseline -0.01 -22"><span class='ocrx_word' id='word_1_189' title='bbox 298 2281 387 2367; x_wconf 90' lang='lat' dir='ltr'><strong>spitis</strong></span> <span class='ocrx_word' id='word_1_190' title='bbox 415 2279 548 2344; x_wconf 88' lang='lat' dir='ltr'><strong>salutem</strong></span> <span class='ocrx_word' id='word_1_191' title='bbox 568 2274 776 2357; x_wconf 84' lang='lat' dir='ltr'><strong>fortunasque</strong></span> <span class='ocrx_word' id='word_1_192' title='bbox 805 2270 1016 2335; x_wconf 85' lang='lat' dir='ltr'><strong>defenderem.</strong></span> <span class='ocrx_word' id='word_1_193' title='bbox 1060 2265 1131 2333; x_wconf 91' lang='grc'><strong>448.</strong></span> <span class='ocrx_word' id='word_1_194' title='bbox 1159 2270 1314 2334; x_wconf 88' lang='lat' dir='ltr'><strong>Fecerunt</strong></span> <span class='ocrx_word' id='word_1_195' title='bbox 1341 2269 1402 2334; x_wconf 92' lang='lat' dir='ltr'><strong>boc</strong></span> <span class='ocrx_word' id='word_1_196' title='bbox 1424 2271 1514 2334; x_wconf 90' lang='lat' dir='ltr'><strong>multi</strong></span> <span class='ocrx_word' id='word_1_197' title='bbox 1535 2269 1620 2355; x_wconf 92' lang='lat' dir='ltr'><strong>apud</strong></span> 
     </span>
    </p>

    <p class='ocr_par' dir='ltr' id='par_1_21' title="bbox 205 2365 1620 2476">
     <span class='ocr_line' id='line_1_21' title="bbox 205 2365 1620 2476; baseline -0.006 -40"><span class='ocrx_word' id='word_1_198' title='bbox 205 2415 229 2476; x_wconf 61' lang='lat' dir='ltr'><em>s</em></span> <span class='ocrx_word' id='word_1_199' title='bbox 261 2376 432 2442; x_wconf 77' lang='lat' dir='ltr'><strong>aomaiores</strong></span> <span class='ocrx_word' id='word_1_200' title='bbox 453 2379 596 2438; x_wconf 85' lang='lat' dir='ltr'><strong>nostros:</strong></span> <span class='ocrx_word' id='word_1_201' title='bbox 617 2368 692 2432; x_wconf 91' lang='lat' dir='ltr'><strong>fecit</strong></span> <span class='ocrx_word' id='word_1_202' title='bbox 713 2367 808 2430; x_wconf 90' lang='lat' dir='ltr'><strong>etiam</strong></span> <span class='ocrx_word' id='word_1_203' title='bbox 830 2385 930 2450; x_wconf 91' lang='lat' dir='ltr'><strong>nuper</strong></span> <span class='ocrx_word' id='word_1_204' title='bbox 949 2366 1045 2429; x_wconf 89' lang='lat' dir='ltr'><strong>homo</strong></span> <span class='ocrx_word' id='word_1_205' title='bbox 1067 2365 1276 2440; x_wconf 87' lang='lat' dir='ltr'><strong>clarissimus,</strong></span> <span class='ocrx_word' id='word_1_206' title='bbox 1300 2365 1355 2428; x_wconf 88' lang='lat' dir='ltr'><strong>Cu.</strong></span> <span class='ocrx_word' id='word_1_207' title='bbox 1370 2365 1541 2440; x_wconf 87' lang='lat' dir='ltr'><strong>Domitius,</strong></span> <span class='ocrx_word' id='word_1_208' title='bbox 1563 2365 1620 2448; x_wconf 92' lang='lat' dir='ltr'><strong>qui</strong></span> 
     </span>
    </p>

    <p class='ocr_par' dir='ltr' id='par_1_22' title="bbox 196 2459 1620 2543">
     <span class='ocr_line' id='line_1_22' title="bbox 196 2459 1620 2543; baseline -0.011 -7"><span class='ocrx_word' id='word_1_209' title='bbox 196 2477 210 2536; x_wconf 74' lang='grc' dir='ltr'>ί</span> <span class='ocrx_word' id='word_1_210' title='bbox 297 2471 340 2534; x_wconf 85' lang='grc' dir='ltr'><strong>Μ.</strong></span> <span class='ocrx_word' id='word_1_211' title='bbox 363 2468 523 2541; x_wconf 89' lang='lat' dir='ltr'><strong>Silanum,</strong></span> <span class='ocrx_word' id='word_1_212' title='bbox 547 2463 746 2528; x_wconf 87' lang='lat' dir='ltr'><strong>consularem</strong></span> <span class='ocrx_word' id='word_1_213' title='bbox 765 2460 944 2536; x_wconf 89' lang='lat' dir='ltr'><strong>hominem,</strong></span> <span class='ocrx_word' id='word_1_214' title='bbox 966 2461 1127 2524; x_wconf 89' lang='lat' dir='ltr'><strong>accusavit</strong></span> <span class='ocrx_word' id='word_1_215' title='bbox 1140 2467 1269 2543; x_wconf 90' lang='lat' dir='ltr'><strong>propter</strong></span> <span class='ocrx_word' id='word_1_216' title='bbox 1281 2459 1489 2542; x_wconf 81' lang='lat' dir='ltr'><strong>Aegritomari</strong></span> <span class='ocrx_word' id='word_1_217' title='bbox 1504 2461 1620 2523; x_wconf 88' lang='lat' dir='ltr'><strong>Trans·</strong></span> 
     </span>
    </p>

    <p class='ocr_par' dir='ltr' id='par_1_23' title="bbox 298 2553 1619 2648">
     <span class='ocr_line' id='line_1_23' title="bbox 298 2553 1619 2648; baseline -0.011 -20"><span class='ocrx_word' id='word_1_218' title='bbox 298 2563 397 2648; x_wconf 88' lang='lat' dir='ltr'><strong>alpini</strong></span> <span class='ocrx_word' id='word_1_219' title='bbox 418 2559 555 2643; x_wconf 90' lang='lat' dir='ltr'><strong>hospitis</strong></span> <span class='ocrx_word' id='word_1_220' title='bbox 575 2555 718 2620; x_wconf 86' lang='lat' dir='ltr'><strong>iniurias.</strong></span> <span class='ocrx_word' id='word_1_221' title='bbox 761 2556 907 2618; x_wconf 90' lang='lat' dir='ltr'><strong>Putarem</strong></span> <span class='ocrx_word' id='word_1_222' title='bbox 928 2574 979 2618; x_wconf 92' lang='lat' dir='ltr'><strong>me</strong></span> <span class='ocrx_word' id='word_1_223' title='bbox 1000 2553 1167 2629; x_wconf 90' lang='lat' dir='ltr'><strong>idoneum,</strong></span> <span class='ocrx_word' id='word_1_224' title='bbox 1189 2553 1245 2636; x_wconf 91' lang='lat' dir='ltr'><strong>qui</strong></span> <span class='ocrx_word' id='word_1_225' title='bbox 1267 2553 1446 2636; x_wconf 91' lang='lat' dir='ltr'><strong>exemplum</strong></span> <span class='ocrx_word' id='word_1_226' title='bbox 1468 2572 1619 2638; x_wconf 89' lang='lat' dir='ltr'><strong>sequerer</strong></span> 
     </span>
    </p>

    <p class='ocr_par' dir='ltr' id='par_1_24' title="bbox 298 2646 1619 2737">
     <span class='ocr_line' id='line_1_24' title="bbox 298 2646 1619 2737; baseline -0.01 -16"><span class='ocrx_word' id='word_1_227' title='bbox 298 2655 504 2722; x_wconf 88' lang='lat' dir='ltr'><strong>humanitatis</strong></span> <span class='ocrx_word' id='word_1_228' title='bbox 526 2660 622 2737; x_wconf 89' lang='lat' dir='ltr'><strong>atque</strong></span> <span class='ocrx_word' id='word_1_229' title='bbox 643 2646 739 2713; x_wconf 85' lang='lat' dir='ltr'><strong>oflicii</strong></span> <span class='ocrx_word' id='word_1_230' title='bbox 760 2669 1032 2733; x_wconf 84' lang='lat' dir='ltr'><strong>proponeremque</strong></span> <span class='ocrx_word' id='word_1_231' title='bbox 1055 2668 1142 2732; x_wconf 90' lang='lat' dir='ltr'><strong>spem</strong></span> <span class='ocrx_word' id='word_1_232' title='bbox 1156 2649 1234 2710; x_wconf 88' lang='lat' dir='ltr'><strong>meis</strong></span> <span class='ocrx_word' id='word_1_233' title='bbox 1254 2646 1433 2731; x_wconf 90' lang='lat' dir='ltr'><strong>hospitibus</strong></span> <span class='ocrx_word' id='word_1_234' title='bbox 1456 2667 1492 2711; x_wconf 92' lang='lat' dir='ltr'><strong>ac</strong></span> <span class='ocrx_word' id='word_1_235' title='bbox 1511 2667 1619 2711; x_wconf 87' lang='lat' dir='ltr'><strong>neees-</strong></span> 
     </span>
    </p>

    <p class='ocr_par' dir='ltr' id='par_1_25' title="bbox 300 2742 1619 2834">
     <span class='ocr_line' id='line_1_25' title="bbox 300 2742 1619 2834; baseline -0.011 -18"><span class='ocrx_word' id='word_1_236' title='bbox 300 2752 401 2825; x_wconf 87' lang='lat' dir='ltr'><strong>sariis,</strong></span> <span class='ocrx_word' id='word_1_237' title='bbox 424 2768 488 2834; x_wconf 90' lang='lat' dir='ltr'><strong>quo</strong></span> <span class='ocrx_word' id='word_1_238' title='bbox 511 2747 659 2810; x_wconf 90' lang='lat' dir='ltr'><strong>tutiorem</strong></span> <span class='ocrx_word' id='word_1_239' title='bbox 680 2764 749 2807; x_wconf 87' lang='lat' dir='ltr'><strong>sese</strong></span> <span class='ocrx_word' id='word_1_240' title='bbox 763 2746 860 2808; x_wconf 82' lang='lat' dir='ltr'><strong>vitam</strong></span> <span class='ocrx_word' id='word_1_241' title='bbox 882 2764 952 2807; x_wconf 91' lang='lat' dir='ltr'><strong>mco</strong></span> <span class='ocrx_word' id='word_1_242' title='bbox 974 2742 1133 2826; x_wconf 89' lang='lat' dir='ltr'><strong>praesidio</strong></span> <span class='ocrx_word' id='word_1_243' title='bbox 1149 2742 1283 2806; x_wconf 82' lang='lat' dir='ltr'><strong>vicbtros</strong></span> <span class='ocrx_word' id='word_1_244' title='bbox 1299 2761 1369 2804; x_wconf 89' lang='lat' dir='ltr'><strong>esse</strong></span> <span class='ocrx_word' id='word_1_245' title='bbox 1384 2742 1619 2805; x_wconf 87' lang='lat' dir='ltr'><strong>arbitrarentur.</strong></span> 
     </span>
    </p>

    <p class='ocr_par' dir='ltr' id='par_1_26' title="bbox 263 2835 1620 2921">
     <span class='ocr_line' id='line_1_26' title="bbox 263 2835 1620 2921; baseline -0.006 -17"><span class='ocrx_word' id='word_1_246' title='bbox 263 2847 380 2910; x_wconf 81' lang='lat' dir='ltr'><strong>ssCum</strong></span> <span class='ocrx_word' id='word_1_247' title='bbox 401 2862 476 2907; x_wconf 87' lang='lat' dir='ltr'><strong>vero</strong></span> <span class='ocrx_word' id='word_1_248' title='bbox 497 2842 532 2905; x_wconf 92' lang='lat' dir='ltr'><strong>in</strong></span> <span class='ocrx_word' id='word_1_249' title='bbox 553 2838 769 2904; x_wconf 91' lang='lat' dir='ltr'><strong>communibus</strong></span> <span class='ocrx_word' id='word_1_250' title='bbox 790 2837 916 2900; x_wconf 89' lang='lat' dir='ltr'><strong>iniuriis</strong></span> <span class='ocrx_word' id='word_1_251' title='bbox 931 2837 1027 2901; x_wconf 90' lang='lat' dir='ltr'><strong>totius</strong></span> <span class='ocrx_word' id='word_1_252' title='bbox 1046 2837 1226 2921; x_wconf 80' lang='lat' dir='ltr'><strong>provinciae</strong></span> <span class='ocrx_word' id='word_1_253' title='bbox 1241 2835 1362 2899; x_wconf 90' lang='lat' dir='ltr'><strong>Sthenii</strong></span> <span class='ocrx_word' id='word_1_254' title='bbox 1383 2855 1511 2920; x_wconf 90' lang='lat' dir='ltr'><strong>quoque</strong></span> <span class='ocrx_word' id='word_1_255' title='bbox 1525 2851 1620 2898; x_wconf 87' lang='lat' dir='ltr'><strong>causa</strong></span> 
     </span>
    </p>

    <p class='ocr_par' dir='ltr' id='par_1_27' title="bbox 301 2923 1620 3016">
     <span class='ocr_line' id='line_1_27' title="bbox 301 2923 1620 3016; baseline -0.012 -11"><span class='ocrx_word' id='word_1_256' title='bbox 301 2940 498 3006; x_wconf 84' lang='lat' dir='ltr'><strong>contineatur</strong></span> <span class='ocrx_word' id='word_1_257' title='bbox 529 2923 683 3016; x_wconf 86' lang='lat' dir='ltr'><strong>multique</strong></span> <span class='ocrx_word' id='word_1_258' title='bbox 709 2953 774 2995; x_wconf 90' lang='lat' dir='ltr'><strong>uno</strong></span> <span class='ocrx_word' id='word_1_259' title='bbox 803 2939 942 3015; x_wconf 90' lang='lat' dir='ltr'><strong>tempore</strong></span> <span class='ocrx_word' id='word_1_260' title='bbox 970 2951 989 2994; x_wconf 92' lang='lat' dir='ltr'><strong>a</strong></span> <span class='ocrx_word' id='word_1_261' title='bbox 1017 2951 1068 2994; x_wconf 91' lang='lat' dir='ltr'><strong>me</strong></span> <span class='ocrx_word' id='word_1_262' title='bbox 1094 2930 1234 3014; x_wconf 90' lang='lat' dir='ltr'><strong>hospites</strong></span> <span class='ocrx_word' id='word_1_263' title='bbox 1262 2937 1358 3013; x_wconf 92' lang='lat' dir='ltr'><strong>atque</strong></span> <span class='ocrx_word' id='word_1_264' title='bbox 1382 2930 1474 2992; x_wconf 89' lang='lat' dir='ltr'><strong>amici</strong></span> <span class='ocrx_word' id='word_1_265' title='bbox 1495 2928 1620 3014; x_wconf 90' lang='lat' dir='ltr'><strong>publice</strong></span> 
     </span>
    </p>

    <p class='ocr_par' dir='ltr' id='par_1_28' title="bbox 300 3019 1620 3119">
     <span class='ocr_line' id='line_1_28' title="bbox 300 3019 1620 3119; baseline -0.013 -19"><span class='ocrx_word' id='word_1_266' title='bbox 300 3033 511 3119; x_wconf 82' lang='lat' dir='ltr'><strong>privatimque</strong></span> <span class='ocrx_word' id='word_1_267' title='bbox 533 3027 759 3093; x_wconf 88' lang='lat' dir='ltr'><strong>defendantur:</strong></span> <span class='ocrx_word' id='word_1_268' title='bbox 781 3025 921 3110; x_wconf 88' lang='lat' dir='ltr'><strong>profecto</strong></span> <span class='ocrx_word' id='word_1_269' title='bbox 943 3026 1045 3089; x_wconf 85' lang='lat' dir='ltr'><strong>vereri</strong></span> <span class='ocrx_word' id='word_1_270' title='bbox 1068 3045 1130 3088; x_wconf 90' lang='lat' dir='ltr'><strong>non</strong></span> <span class='ocrx_word' id='word_1_271' title='bbox 1153 3025 1270 3099; x_wconf 90' lang='lat' dir='ltr'><strong>debeo,</strong></span> <span class='ocrx_word' id='word_1_272' title='bbox 1292 3043 1333 3086; x_wconf 90' lang='lat' dir='ltr'><strong>nc</strong></span> <span class='ocrx_word' id='word_1_273' title='bbox 1349 3021 1511 3107; x_wconf 80' lang='lat' dir='ltr'><strong>quiahoc,</strong></span> <span class='ocrx_word' id='word_1_274' title='bbox 1534 3019 1620 3105; x_wconf 89' lang='lat' dir='ltr'><strong>quod</strong></span> 
     </span>
    </p>

    <p class='ocr_par' dir='ltr' id='par_1_29' title="bbox 299 3116 1621 3204">
     <span class='ocr_line' id='line_1_29' title="bbox 299 3116 1621 3204; baseline -0.012 -11"><span class='ocrx_word' id='word_1_275' title='bbox 299 3130 391 3204; x_wconf 83' lang='lat' dir='ltr'><strong>facio,</strong></span> <span class='ocrx_word' id='word_1_276' title='bbox 412 3147 477 3192; x_wconf 90' lang='lat' dir='ltr'><strong>non</strong></span> <span class='ocrx_word' id='word_1_277' title='bbox 491 3124 650 3188; x_wconf 87' lang='lat' dir='ltr'><strong>existimet</strong></span> <span class='ocrx_word' id='word_1_278' title='bbox 671 3143 721 3187; x_wconf 90' lang='lat' dir='ltr'><strong>me</strong></span> <span class='ocrx_word' id='word_1_279' title='bbox 742 3122 857 3186; x_wconf 88' lang='lat' dir='ltr'><strong>summi</strong></span> <span class='ocrx_word' id='word_1_280' title='bbox 879 3116 974 3184; x_wconf 86' lang='lat' dir='ltr'><strong>officii</strong></span> <span class='ocrx_word' id='word_1_281' title='bbox 996 3120 1117 3184; x_wconf 89' lang='lat' dir='ltr'><strong>ratione</strong></span> <span class='ocrx_word' id='word_1_282' title='bbox 1135 3119 1306 3204; x_wconf 88' lang='lat' dir='ltr'><strong>impulsum</strong></span> <span class='ocrx_word' id='word_1_283' title='bbox 1326 3125 1533 3200; x_wconf 88' lang='lat' dir='ltr'><strong>coactumque</strong></span> <span class='ocrx_word' id='word_1_284' title='bbox 1552 3134 1621 3178; x_wconf 90' lang='lat' dir='ltr'><strong>sus·</strong></span> 
     </span>
    </p>

    <p class='ocr_par' dir='ltr' id='par_1_30' title="bbox 301 3210 1620 3309">
     <span class='ocr_line' id='line_1_30' title="bbox 301 3210 1620 3309; baseline -0.013 -21"><span class='ocrx_word' id='word_1_285' title='bbox 301 3225 433 3309; x_wconf 89' lang='lat' dir='ltr'><strong>cepisse.</strong></span> <span class='ocrx_word' id='word_1_286' title='bbox 475 3219 615 3284; x_wconf 87' lang='lat' dir='ltr'><strong>XLVIII.</strong></span> <span class='ocrx_word' id='word_1_287' title='bbox 637 3218 740 3302; x_wconf 83' lang='lat' dir='ltr'><strong>Atque</strong></span> <span class='ocrx_word' id='word_1_288' title='bbox 768 3215 997 3299; x_wconf 90' lang='lat' dir='ltr'><strong>utaliquando</strong></span> <span class='ocrx_word' id='word_1_289' title='bbox 1025 3215 1064 3278; x_wconf 91' lang='lat' dir='ltr'><strong>de</strong></span> <span class='ocrx_word' id='word_1_290' title='bbox 1086 3213 1180 3277; x_wconf 89' lang='lat' dir='ltr'><strong>rebus</strong></span> <span class='ocrx_word' id='word_1_291' title='bbox 1202 3213 1241 3276; x_wconf 88' lang='lat' dir='ltr'><strong>ab</strong></span> <span class='ocrx_word' id='word_1_292' title='bbox 1262 3211 1323 3275; x_wconf 87' lang='lat' dir='ltr'><strong>isto</strong></span> <span class='ocrx_word' id='word_1_293' title='bbox 1336 3212 1479 3295; x_wconf 35' lang='lat' dir='ltr'><strong>,cognitis</strong></span> <span class='ocrx_word' id='word_1_294' title='bbox 1501 3210 1620 3274; x_wconf 83' lang='lat' dir='ltr'><strong>iudica·</strong></span> 
     </span>
    </p>

    <p class='ocr_par' dir='ltr' id='par_1_31' title="bbox 264 3304 1621 3402">
     <span class='ocr_line' id='line_1_31' title="bbox 264 3304 1621 3402; baseline -0.007 -26"><span class='ocrx_word' id='word_1_295' title='bbox 264 3319 406 3402; x_wconf 85' lang='lat' dir='ltr'><strong>actisque</strong></span> <span class='ocrx_word' id='word_1_296' title='bbox 429 3316 521 3380; x_wconf 92' lang='lat' dir='ltr'><strong>etde</strong></span> <span class='ocrx_word' id='word_1_297' title='bbox 542 3312 666 3378; x_wconf 88' lang='lat' dir='ltr'><strong>iudiciis</strong></span> <span class='ocrx_word' id='word_1_298' title='bbox 688 3311 767 3374; x_wconf 89' lang='lat' dir='ltr'><strong>datis</strong></span> <span class='ocrx_word' id='word_1_299' title='bbox 790 3311 895 3374; x_wconf 91' lang='lat' dir='ltr'><strong>dicere</strong></span> <span class='ocrx_word' id='word_1_300' title='bbox 918 3311 1104 3374; x_wconf 89' lang='lat' dir='ltr'><strong>desistamus</strong></span> <span class='ocrx_word' id='word_1_301' title='bbox 1127 3316 1173 3384; x_wconf 93' lang='lat' dir='ltr'><strong>et,</strong></span> <span class='ocrx_word' id='word_1_302' title='bbox 1197 3307 1348 3393; x_wconf 89' lang='lat' dir='ltr'><strong>quoniam</strong></span> <span class='ocrx_word' id='word_1_303' title='bbox 1369 3306 1452 3370; x_wconf 90' lang='lat' dir='ltr'><strong>facta</strong></span> <span class='ocrx_word' id='word_1_304' title='bbox 1471 3305 1565 3369; x_wconf 90' lang='lat' dir='ltr'><strong>istius</strong></span> <span class='ocrx_word' id='word_1_305' title='bbox 1586 3304 1621 3366; x_wconf 88' lang='lat' dir='ltr'><strong>iu</strong></span> 
     </span>
    </p>

    <p class='ocr_par' dir='ltr' id='par_1_32' title="bbox 200 3397 1622 3587">
     <span class='ocr_line' id='line_1_32' title="bbox 200 3397 1622 3495; baseline -0.011 -18"><span class='ocrx_word' id='word_1_306' title='bbox 200 3485 203 3492; x_wconf 47' lang='grc'><strong>,</strong></span> <span class='ocrx_word' id='word_1_307' title='bbox 300 3412 351 3476; x_wconf 90' lang='lat' dir='ltr'><strong>his</strong></span> <span class='ocrx_word' id='word_1_308' title='bbox 380 3409 548 3495; x_wconf 85' lang='lat' dir='ltr'><strong>generibus</strong></span> <span class='ocrx_word' id='word_1_309' title='bbox 575 3403 699 3471; x_wconf 84' lang='lat' dir='ltr'><strong>infinita</strong></span> <span class='ocrx_word' id='word_1_310' title='bbox 726 3412 816 3480; x_wconf 88' lang='lat' dir='ltr'><strong>sunt,</strong></span> <span class='ocrx_word' id='word_1_311' title='bbox 845 3424 905 3468; x_wconf 91' lang='lat' dir='ltr'><strong>nos</strong></span> <span class='ocrx_word' id='word_1_312' title='bbox 927 3405 1055 3467; x_wconf 91' lang='lat' dir='ltr'><strong>modum</strong></span> <span class='ocrx_word' id='word_1_313' title='bbox 1077 3403 1216 3486; x_wconf 87' lang='lat' dir='ltr'><strong>aliquem</strong></span> <span class='ocrx_word' id='word_1_314' title='bbox 1236 3409 1269 3464; x_wconf 87' lang='lat' dir='ltr'><strong>et</strong></span> <span class='ocrx_word' id='word_1_315' title='bbox 1289 3397 1383 3464; x_wconf 89' lang='lat' dir='ltr'><strong>finem</strong></span> <span class='ocrx_word' id='word_1_316' title='bbox 1404 3402 1541 3466; x_wconf 91' lang='lat' dir='ltr'><strong>orationi</strong></span> <span class='ocrx_word' id='word_1_317' title='bbox 1563 3419 1622 3463; x_wconf 93' lang='lat' dir='ltr'><strong>no-</strong></span> 
     </span>
     <span class='ocr_line' id='line_1_33' title="bbox 300 3497 1509 3587; baseline -0.009 -16"><span class='ocrx_word' id='word_1_318' title='bbox 300 3513 384 3571; x_wconf 87' lang='lat' dir='ltr'><strong>strae</strong></span> <span class='ocrx_word' id='word_1_319' title='bbox 406 3504 655 3587; x_wconf 90' lang='lat' dir='ltr'><strong>criminibusque</strong></span> <span class='ocrx_word' id='word_1_320' title='bbox 676 3499 847 3564; x_wconf 87' lang='lat' dir='ltr'><strong>faciamus:</strong></span> <span class='ocrx_word' id='word_1_321' title='bbox 868 3519 971 3582; x_wconf 83' lang='lat' dir='ltr'><strong>pauca</strong></span> <span class='ocrx_word' id='word_1_322' title='bbox 992 3519 1033 3562; x_wconf 91' lang='lat' dir='ltr'><strong>ex</strong></span> <span class='ocrx_word' id='word_1_323' title='bbox 1054 3499 1126 3561; x_wconf 88' lang='lat' dir='ltr'><strong>aliis</strong></span> <span class='ocrx_word' id='word_1_324' title='bbox 1147 3497 1316 3580; x_wconf 88' lang='lat' dir='ltr'><strong>generibus</strong></span> <span class='ocrx_word' id='word_1_325' title='bbox 1339 3515 1509 3560; x_wconf 90' lang='lat' dir='ltr'><strong>sumemus.</strong></span> 
     </span>
    </p>

    <p class='ocr_par' dir='ltr' id='par_1_33' title="bbox 385 3590 1620 3674">
     <span class='ocr_line' id='line_1_34' title="bbox 385 3590 1620 3674; baseline -0.008 -11"><span class='ocrx_word' id='word_1_326' title='bbox 385 3595 457 3662; x_wconf 87' lang='grc'><strong>449.</strong></span> <span class='ocrx_word' id='word_1_327' title='bbox 477 3597 620 3662; x_wconf 84' lang='lat' dir='ltr'><strong>Audistis</strong></span> <span class='ocrx_word' id='word_1_328' title='bbox 642 3594 754 3658; x_wconf 86' lang='lat' dir='ltr'><strong>obius</strong></span> <span class='ocrx_word' id='word_1_329' title='bbox 776 3593 947 3657; x_wconf 87' lang='lat' dir='ltr'><strong>dicendum</strong></span> <span class='ocrx_word' id='word_1_330' title='bbox 970 3593 1008 3668; x_wconf 86' lang='lat' dir='ltr'><strong>Q.</strong></span> <span class='ocrx_word' id='word_1_331' title='bbox 1023 3592 1152 3656; x_wconf 89' lang='lat' dir='ltr'><strong>Varium</strong></span> <span class='ocrx_word' id='word_1_332' title='bbox 1175 3590 1280 3655; x_wconf 90' lang='lat' dir='ltr'><strong>dicere</strong></span> <span class='ocrx_word' id='word_1_333' title='bbox 1301 3597 1523 3674; x_wconf 86' lang='lat' dir='ltr'><strong>procuratores</strong></span> <span class='ocrx_word' id='word_1_334' title='bbox 1545 3608 1620 3654; x_wconf 87' lang='lat' dir='ltr'><strong>suos</strong></span> 
     </span>
    </p>

    <p class='ocr_par' dir='ltr' id='par_1_34' title="bbox 301 3684 1621 3773">
     <span class='ocr_line' id='line_1_35' title="bbox 301 3684 1621 3773; baseline -0.008 -15"><span class='ocrx_word' id='word_1_335' title='bbox 301 3695 355 3759; x_wconf 89' lang='lat' dir='ltr'><strong>isti</strong></span> <span class='ocrx_word' id='word_1_336' title='bbox 376 3699 505 3756; x_wconf 90' lang='lat' dir='ltr'><strong>centum</strong></span> <span class='ocrx_word' id='word_1_337' title='bbox 525 3691 654 3773; x_wconf 87' lang='lat' dir='ltr'><strong>triginta</strong></span> <span class='ocrx_word' id='word_1_338' title='bbox 675 3686 763 3750; x_wconf 90' lang='lat' dir='ltr'><strong>milia</strong></span> <span class='ocrx_word' id='word_1_339' title='bbox 788 3707 952 3750; x_wconf 91' lang='lat' dir='ltr'><strong>nummum</strong></span> <span class='ocrx_word' id='word_1_340' title='bbox 974 3686 1118 3750; x_wconf 86' lang='lat' dir='ltr'><strong>dedisse:</strong></span> <span class='ocrx_word' id='word_1_341' title='bbox 1146 3685 1333 3749; x_wconf 89' lang='lat' dir='ltr'><strong>meministis</strong></span> <span class='ocrx_word' id='word_1_342' title='bbox 1356 3685 1394 3760; x_wconf 83' lang='lat' dir='ltr'><strong>Q.</strong></span> <span class='ocrx_word' id='word_1_343' title='bbox 1417 3684 1505 3750; x_wconf 86' lang='lat' dir='ltr'><strong>Varii</strong></span> <span class='ocrx_word' id='word_1_344' title='bbox 1533 3684 1621 3750; x_wconf 86' lang='lat' dir='ltr'><strong>testi-</strong></span> 
     </span>
    </p>

    <p class='ocr_par' dir='ltr' id='par_1_35' title="bbox 192 3773 1622 3871">
     <span class='ocr_line' id='line_1_36' title="bbox 192 3773 1622 3871; baseline -0.003 -22"><span class='ocrx_word' id='word_1_345' title='bbox 192 3773 227 3871; x_wconf 61' lang='grc' dir='ltr'><em>Ᾰ</em></span> <span class='ocrx_word' id='word_1_346' title='bbox 263 3788 444 3852; x_wconf 76' lang='lat' dir='ltr'><strong>samonium</strong></span> <span class='ocrx_word' id='word_1_347' title='bbox 464 3803 596 3870; x_wconf 89' lang='lat' dir='ltr'><strong>remque</strong></span> <span class='ocrx_word' id='word_1_348' title='bbox 616 3783 701 3847; x_wconf 87' lang='lat' dir='ltr'><strong>hanc</strong></span> <span class='ocrx_word' id='word_1_349' title='bbox 720 3786 820 3844; x_wconf 88' lang='lat' dir='ltr'><strong>totam</strong></span> <span class='ocrx_word' id='word_1_350' title='bbox 843 3779 877 3844; x_wconf 89' lang='lat' dir='ltr'><strong>C.</strong></span> <span class='ocrx_word' id='word_1_351' title='bbox 900 3780 1094 3857; x_wconf 88' lang='lat' dir='ltr'><strong>Sacerdotis,</strong></span> <span class='ocrx_word' id='word_1_352' title='bbox 1125 3779 1263 3844; x_wconf 90' lang='lat' dir='ltr'><strong>hominis</strong></span> <span class='ocrx_word' id='word_1_353' title='bbox 1293 3779 1501 3856; x_wconf 87' lang='lat' dir='ltr'><strong>ornatissimi,</strong></span> <span class='ocrx_word' id='word_1_354' title='bbox 1535 3781 1622 3845; x_wconf 89' lang='lat' dir='ltr'><strong>testi-</strong></span> 
     </span>
    </p>

    <p class='ocr_par' dir='ltr' id='par_1_36' title="bbox 197 3868 1622 3963">
     <span class='ocr_line' id='line_1_37' title="bbox 197 3868 1622 3963; baseline -0.007 -16"><span class='ocrx_word' id='word_1_355' title='bbox 197 3868 242 3917; x_wconf 67' lang='grc'><strong>””</strong></span> <span class='ocrx_word' id='word_1_356' title='bbox 301 3883 409 3946; x_wconf 91' lang='lat' dir='ltr'><strong>monio</strong></span> <span class='ocrx_word' id='word_1_357' title='bbox 432 3877 650 3963; x_wconf 82' lang='lat' dir='ltr'><strong>comprobari:</strong></span> <span class='ocrx_word' id='word_1_358' title='bbox 680 3874 769 3939; x_wconf 88' lang='lat' dir='ltr'><strong>scitis</strong></span> <span class='ocrx_word' id='word_1_359' title='bbox 793 3874 847 3936; x_wconf 85' lang='lat' dir='ltr'><strong>Cn.</strong></span> <span class='ocrx_word' id='word_1_360' title='bbox 870 3875 1024 3950; x_wconf 89' lang='lat' dir='ltr'><strong>Sertium,</strong></span> <span class='ocrx_word' id='word_1_361' title='bbox 1052 3877 1094 3938; x_wconf 87' lang='grc' dir='ltr'><strong>Μ.</strong></span> <span class='ocrx_word' id='word_1_362' title='bbox 1116 3871 1275 3948; x_wconf 83' lang='lat' dir='ltr'><strong>Medium,</strong></span> <span class='ocrx_word' id='word_1_363' title='bbox 1304 3875 1430 3957; x_wconf 89' lang='lat' dir='ltr'><strong>equites</strong></span> <span class='ocrx_word' id='word_1_364' title='bbox 1451 3875 1622 3951; x_wconf 81' lang='lat' dir='ltr'><strong>Romanos,</strong></span> 
     </span>
    </p>
   </div>
   <div class='ocr_carea' id='block_1_3' title="bbox 213 3957 1623 4147">
    <p class='ocr_par' dir='ltr' id='par_1_37' title="bbox 213 3957 1623 4147">
     <span class='ocr_line' id='line_1_38' title="bbox 213 3957 1623 4057; baseline -0.007 -15"><span class='ocrx_word' id='word_1_365' title='bbox 213 3957 235 4020; x_wconf 57' lang='lat' dir='ltr'><strong>l&#39;</strong></span> <span class='ocrx_word' id='word_1_366' title='bbox 301 3980 468 4042; x_wconf 87' lang='lat' dir='ltr'><strong>sexcentos</strong></span> <span class='ocrx_word' id='word_1_367' title='bbox 489 3981 654 4057; x_wconf 88' lang='lat' dir='ltr'><strong>praeterea</strong></span> <span class='ocrx_word' id='word_1_368' title='bbox 675 3969 760 4034; x_wconf 84' lang='lat' dir='ltr'><strong>cives</strong></span> <span class='ocrx_word' id='word_1_369' title='bbox 782 3968 940 4032; x_wconf 84' lang='lat' dir='ltr'><strong>Romanos</strong></span> <span class='ocrx_word' id='word_1_370' title='bbox 963 3969 1144 4053; x_wconf 90' lang='lat' dir='ltr'><strong>multosque</strong></span> <span class='ocrx_word' id='word_1_371' title='bbox 1160 3968 1284 4032; x_wconf 91' lang='lat' dir='ltr'><strong>Siculos</strong></span> <span class='ocrx_word' id='word_1_372' title='bbox 1305 3968 1426 4032; x_wconf 87' lang='lat' dir='ltr'><strong>dixisse</strong></span> <span class='ocrx_word' id='word_1_373' title='bbox 1448 3969 1550 4032; x_wconf 87' lang='lat' dir='ltr'><strong>scisti</strong></span> <span class='ocrx_word' id='word_1_374' title='bbox 1567 3987 1623 4053; x_wconf 89' lang='lat' dir='ltr'><strong>pe-</strong></span> 
     </span>
     <span class='ocr_line' id='line_1_39' title="bbox 301 4061 1623 4147; baseline -0.005 -13"><span class='ocrx_word' id='word_1_375' title='bbox 301 4069 427 4134; x_wconf 88' lang='lat' dir='ltr'><strong>cuniam</strong></span> <span class='ocrx_word' id='word_1_376' title='bbox 448 4065 489 4132; x_wconf 93' lang='lat' dir='ltr'><strong>ob</strong></span> <span class='ocrx_word' id='word_1_377' title='bbox 511 4067 562 4129; x_wconf 87' lang='lat' dir='ltr'><strong>ins</strong></span> <span class='ocrx_word' id='word_1_378' title='bbox 584 4063 756 4128; x_wconf 90' lang='lat' dir='ltr'><strong>dicendum</strong></span> <span class='ocrx_word' id='word_1_379' title='bbox 777 4063 912 4128; x_wconf 89' lang='lat' dir='ltr'><strong>dedisse.</strong></span> <span class='ocrx_word' id='word_1_380' title='bbox 953 4065 1000 4127; x_wconf 88' lang='lat' dir='ltr'><strong>De</strong></span> <span class='ocrx_word' id='word_1_381' title='bbox 1030 4083 1096 4147; x_wconf 91' lang='lat' dir='ltr'><strong>quo</strong></span> <span class='ocrx_word' id='word_1_382' title='bbox 1119 4064 1249 4127; x_wconf 92' lang='lat' dir='ltr'><strong>crimine</strong></span> <span class='ocrx_word' id='word_1_383' title='bbox 1273 4061 1350 4146; x_wconf 92' lang='lat' dir='ltr'><strong>quid</strong></span> <span class='ocrx_word' id='word_1_384' title='bbox 1373 4082 1431 4146; x_wconf 90' lang='lat' dir='ltr'><strong>ego</strong></span> <span class='ocrx_word' id='word_1_385' title='bbox 1453 4061 1623 4147; x_wconf 86' lang='lat' dir='ltr'><strong>disputem,</strong></span> 
     </span>
    </p>
   </div>
   <div class='ocr_carea' id='block_1_4' title="bbox 186 4217 1627 5271">
    <p class='ocr_par' dir='ltr' id='par_1_38' title="bbox 296 4217 1624 5043">
     <span class='ocr_line' id='line_1_40' title="bbox 365 4217 1624 4289; baseline -0.003 -13"><span class='ocrx_word' id='word_1_386' title='bbox 365 4225 390 4277; x_wconf 89' lang='grc'><strong>2.</strong></span> <span class='ocrx_word' id='word_1_387' title='bbox 408 4239 476 4278; x_wconf 77' lang='lat' dir='ltr'><strong>auor.</strong></span> <span class='ocrx_word' id='word_1_388' title='bbox 492 4225 554 4289; x_wconf 74' lang='grc'><strong>4443.</strong></span> <span class='ocrx_word' id='word_1_389' title='bbox 572 4220 598 4284; x_wconf 96' lang='grc'><strong>4,</strong></span> <span class='ocrx_word' id='word_1_390' title='bbox 615 4220 654 4270; x_wconf 85' lang='lat' dir='ltr'><strong>V:</strong></span> <span class='ocrx_word' id='word_1_391' title='bbox 681 4219 800 4270; x_wconf 58' lang='lat' dir='ltr'><strong>accensos</strong></span> <span class='ocrx_word' id='word_1_392' title='bbox 815 4233 917 4270; x_wconf 66' lang='lat' dir='ltr'><strong>mmm</strong></span> <span class='ocrx_word' id='word_1_393' title='bbox 933 4220 981 4271; x_wconf 91' lang='lat' dir='ltr'><strong>dtt.</strong></span> <span class='ocrx_word' id='word_1_394' title='bbox 1000 4221 1029 4271; x_wconf 93' lang='lat'><strong>0.</strong></span> <span class='ocrx_word' id='word_1_395' title='bbox 1050 4247 1078 4258; x_wconf 95' lang='lat'>-</span> <span class='ocrx_word' id='word_1_396' title='bbox 1097 4220 1121 4273; x_wconf 90' lang='grc'><strong>4,</strong></span> <span class='ocrx_word' id='word_1_397' title='bbox 1139 4221 1199 4270; x_wconf 73' lang='lat' dir='ltr'><strong>sctit</strong></span> <span class='ocrx_word' id='word_1_398' title='bbox 1215 4219 1275 4286; x_wconf 84' lang='lat' dir='ltr'><strong>tum]</strong></span> <span class='ocrx_word' id='word_1_399' title='bbox 1299 4219 1428 4282; x_wconf 81' lang='lat' dir='ltr'><strong>scirtptum</strong></span> <span class='ocrx_word' id='word_1_400' title='bbox 1443 4217 1478 4282; x_wconf 82' lang='lat' dir='ltr'><strong>V;</strong></span> <span class='ocrx_word' id='word_1_401' title='bbox 1504 4221 1624 4284; x_wconf 65' lang='lat' dir='ltr'><strong>espessa</strong></span> 
     </span>
     <span class='ocr_line' id='line_1_41' title="bbox 300 4293 1624 4367; baseline -0.005 -14"><span class='ocrx_word' id='word_1_402' title='bbox 300 4299 369 4365; x_wconf 89' lang='grc'><strong>4342</strong></span> <span class='ocrx_word' id='word_1_403' title='bbox 385 4315 412 4367; x_wconf 89' lang='lat' dir='ltr'><strong>p.</strong></span> <span class='ocrx_word' id='word_1_404' title='bbox 430 4313 467 4351; x_wconf 92' lang='lat' dir='ltr'><strong>m.</strong></span> <span class='ocrx_word' id='word_1_405' title='bbox 489 4327 516 4336; x_wconf 87' lang='lat'>-</span> <span class='ocrx_word' id='word_1_406' title='bbox 537 4299 561 4349; x_wconf 87' lang='grc'><strong>6.</strong></span> <span class='ocrx_word' id='word_1_407' title='bbox 579 4296 744 4348; x_wconf 64' lang='lat' dir='ltr'><strong>barlaamum</strong></span> <span class='ocrx_word' id='word_1_408' title='bbox 763 4297 848 4347; x_wconf 75' lang='lat' dir='ltr'><strong>Veners·</strong></span> <span class='ocrx_word' id='word_1_409' title='bbox 864 4296 895 4346; x_wconf 89' lang='lat' dir='ltr'><strong>V.</strong></span> <span class='ocrx_word' id='word_1_410' title='bbox 916 4321 943 4332; x_wconf 93' lang='lat'><em>—</em></span> <span class='ocrx_word' id='word_1_411' title='bbox 968 4296 992 4346; x_wconf 84' lang='lat'><strong>7.</strong></span> <span class='ocrx_word' id='word_1_412' title='bbox 1008 4301 1131 4359; x_wconf 78' lang='lat' dir='ltr'><strong>putorem</strong></span> <span class='ocrx_word' id='word_1_413' title='bbox 1147 4294 1214 4358; x_wconf 83' lang='grc'><strong>4324</strong></span> <span class='ocrx_word' id='word_1_414' title='bbox 1227 4293 1268 4346; x_wconf 90' lang='grc'><strong>42.</strong></span> <span class='ocrx_word' id='word_1_415' title='bbox 1287 4320 1314 4330; x_wconf 92' lang='grc'><strong>-</strong></span> <span class='ocrx_word' id='word_1_416' title='bbox 1339 4299 1362 4344; x_wconf 86' lang='lat' dir='ltr'><strong>ts</strong></span> <span class='ocrx_word' id='word_1_417' title='bbox 1378 4307 1431 4345; x_wconf 90' lang='lat' dir='ltr'><strong>om.</strong></span> <span class='ocrx_word' id='word_1_418' title='bbox 1449 4295 1481 4360; x_wconf 77' lang='lat' dir='ltr'><strong>V,</strong></span> <span class='ocrx_word' id='word_1_419' title='bbox 1499 4295 1548 4348; x_wconf 89' lang='lat' dir='ltr'><strong>sed</strong></span> <span class='ocrx_word' id='word_1_420' title='bbox 1563 4309 1624 4360; x_wconf 77' lang='lat' dir='ltr'><strong>gro·</strong></span> 
     </span>
     <span class='ocr_line' id='line_1_42' title="bbox 299 4368 1623 4442; baseline -0.005 -15"><span class='ocrx_word' id='word_1_421' title='bbox 299 4381 352 4427; x_wconf 80' lang='lat' dir='ltr'><strong>turn</strong></span> <span class='ocrx_word' id='word_1_422' title='bbox 367 4376 410 4426; x_wconf 91' lang='lat' dir='ltr'><strong>bis</strong></span> <span class='ocrx_word' id='word_1_423' title='bbox 426 4375 508 4442; x_wconf 88' lang='lat' dir='ltr'><strong>ponit.</strong></span> <span class='ocrx_word' id='word_1_424' title='bbox 528 4401 556 4410; x_wconf 94' lang='lat'><em>-</em></span> <span class='ocrx_word' id='word_1_425' title='bbox 583 4373 623 4423; x_wconf 82' lang='lat' dir='ltr'><strong>to.</strong></span> <span class='ocrx_word' id='word_1_426' title='bbox 643 4372 770 4437; x_wconf 67' lang='grc'><strong>4443444443</strong></span> <span class='ocrx_word' id='word_1_427' title='bbox 792 4370 860 4435; x_wconf 88' lang='grc'><strong>4342</strong></span> <span class='ocrx_word' id='word_1_428' title='bbox 877 4384 904 4436; x_wconf 87' lang='lat' dir='ltr'><strong>p.</strong></span> <span class='ocrx_word' id='word_1_429' title='bbox 922 4383 959 4422; x_wconf 90' lang='lat' dir='ltr'><strong>m.</strong></span> <span class='ocrx_word' id='word_1_430' title='bbox 977 4371 1015 4432; x_wconf 84' lang='lat' dir='ltr'><strong>u,</strong></span> <span class='ocrx_word' id='word_1_431' title='bbox 1034 4384 1087 4422; x_wconf 87' lang='lat' dir='ltr'><strong>non</strong></span> <span class='ocrx_word' id='word_1_432' title='bbox 1104 4368 1218 4435; x_wconf 90' lang='lat' dir='ltr'><strong>improb.</strong></span> <span class='ocrx_word' id='word_1_433' title='bbox 1238 4371 1324 4420; x_wconf 85' lang='lat' dir='ltr'><strong>Garat.</strong></span> <span class='ocrx_word' id='word_1_434' title='bbox 1343 4371 1373 4420; x_wconf 84' lang='grc' dir='ltr'><strong>ΙΙ.</strong></span> <span class='ocrx_word' id='word_1_435' title='bbox 1392 4369 1451 4421; x_wconf 93' lang='lat' dir='ltr'><strong>coll.</strong></span> <span class='ocrx_word' id='word_1_436' title='bbox 1468 4371 1573 4435; x_wconf 75' lang='lat' dir='ltr'><strong>oalqm</strong></span> <span class='ocrx_word' id='word_1_437' title='bbox 1588 4370 1623 4421; x_wconf 83' lang='lat' dir='ltr'><strong>ad</strong></span> 
     </span>
     <span class='ocr_line' id='line_1_43' title="bbox 298 4444 1621 4513; baseline -0.003 -11"><span class='ocrx_word' id='word_1_438' title='bbox 298 4452 356 4502; x_wconf 84' lang='lat' dir='ltr'><strong>Diu.</strong></span> <span class='ocrx_word' id='word_1_439' title='bbox 375 4452 418 4501; x_wconf 86' lang='lat'><strong>111.</strong></span> <span class='ocrx_word' id='word_1_440' title='bbox 437 4451 477 4501; x_wconf 85' lang='grc'><strong>63.</strong></span> <span class='ocrx_word' id='word_1_441' title='bbox 496 4451 524 4501; x_wconf 87' lang='lat' dir='ltr'><strong>et</strong></span> <span class='ocrx_word' id='word_1_442' title='bbox 541 4449 642 4500; x_wconf 85' lang='lat' dir='ltr'><strong>Charis.</strong></span> <span class='ocrx_word' id='word_1_443' title='bbox 660 4461 687 4513; x_wconf 89' lang='lat' dir='ltr'><strong>p.</strong></span> <span class='ocrx_word' id='word_1_444' title='bbox 706 4447 762 4498; x_wconf 87' lang='grc'><strong>434.</strong></span> <span class='ocrx_word' id='word_1_445' title='bbox 781 4445 866 4507; x_wconf 77' lang='lat' dir='ltr'><strong>Lino..</strong></span> <span class='ocrx_word' id='word_1_446' title='bbox 884 4445 930 4497; x_wconf 87' lang='lat' dir='ltr'><strong>abi</strong></span> <span class='ocrx_word' id='word_1_447' title='bbox 947 4447 1075 4511; x_wconf 67' lang='lat' dir='ltr'><strong>deputare</strong></span> <span class='ocrx_word' id='word_1_448' title='bbox 1090 4459 1139 4512; x_wconf 89' lang='lat' dir='ltr'><strong>pro</strong></span> <span class='ocrx_word' id='word_1_449' title='bbox 1155 4445 1291 4510; x_wconf 63' lang='lat' dir='ltr'><strong>septum</strong></span> <span class='ocrx_word' id='word_1_450' title='bbox 1307 4444 1449 4510; x_wconf 86' lang='lat' dir='ltr'><strong>legendum</strong></span> <span class='ocrx_word' id='word_1_451' title='bbox 1465 4445 1578 4498; x_wconf 84' lang='lat' dir='ltr'><strong>videtur.</strong></span> <span class='ocrx_word' id='word_1_452' title='bbox 1593 4475 1621 4485; x_wconf 97' lang='lat'>-</span> 
     </span>
     <span class='ocr_line' id='line_1_44' title="bbox 299 4518 1622 4591; baseline -0.002 -13"><span class='ocrx_word' id='word_1_453' title='bbox 299 4527 339 4578; x_wconf 78' lang='lat' dir='ltr'><strong>st.</strong></span> <span class='ocrx_word' id='word_1_454' title='bbox 358 4539 503 4591; x_wconf 70' lang='lat' dir='ltr'><strong>cognom</strong></span> <span class='ocrx_word' id='word_1_455' title='bbox 519 4522 605 4589; x_wconf 84' lang='grc'><strong>4342;</strong></span> <span class='ocrx_word' id='word_1_456' title='bbox 624 4533 794 4588; x_wconf 76' lang='lat' dir='ltr'><strong>copooscmm</strong></span> <span class='ocrx_word' id='word_1_457' title='bbox 809 4524 831 4572; x_wconf 87' lang='lat' dir='ltr'><strong>A</strong></span> <span class='ocrx_word' id='word_1_458' title='bbox 849 4521 876 4571; x_wconf 89' lang='lat' dir='ltr'><strong>et</strong></span> <span class='ocrx_word' id='word_1_459' title='bbox 892 4519 966 4571; x_wconf 86' lang='lat' dir='ltr'><strong>multi</strong></span> <span class='ocrx_word' id='word_1_460' title='bbox 983 4521 1031 4576; x_wconf 87' lang='lat' dir='ltr'><strong>dtt.</strong></span> <span class='ocrx_word' id='word_1_461' title='bbox 1051 4549 1078 4559; x_wconf 91' lang='lat'><em>-</em></span> <span class='ocrx_word' id='word_1_462' title='bbox 1106 4521 1146 4571; x_wconf 87' lang='grc'><strong>48.</strong></span> <span class='ocrx_word' id='word_1_463' title='bbox 1163 4521 1289 4570; x_wconf 62' lang='lat' dir='ltr'><strong>cucuso·</strong></span> <span class='ocrx_word' id='word_1_464' title='bbox 1303 4518 1334 4582; x_wconf 94' lang='grc'><strong>4,</strong></span> <span class='ocrx_word' id='word_1_465' title='bbox 1352 4520 1424 4580; x_wconf 68' lang='lat' dir='ltr'><strong>ue:</strong></span> <span class='ocrx_word' id='word_1_466' title='bbox 1451 4534 1505 4573; x_wconf 90' lang='lat' dir='ltr'><strong>om.</strong></span> <span class='ocrx_word' id='word_1_467' title='bbox 1523 4523 1571 4575; x_wconf 88' lang='lat' dir='ltr'><strong>dtt.</strong></span> <span class='ocrx_word' id='word_1_468' title='bbox 1592 4549 1622 4562; x_wconf 90' lang='lat'><em>-</em></span> 
     </span>
     <span class='ocr_line' id='line_1_45' title="bbox 298 4595 1621 4661; baseline -0.002 -11"><span class='ocrx_word' id='word_1_469' title='bbox 298 4599 327 4650; x_wconf 88' lang='grc'><strong>24</strong></span> <span class='ocrx_word' id='word_1_470' title='bbox 333 4639 339 4652; x_wconf 93' lang='grc'><strong>.</strong></span> <span class='ocrx_word' id='word_1_471' title='bbox 358 4602 481 4652; x_wconf 70' lang='lat' dir='ltr'><strong>bosom</strong></span> <span class='ocrx_word' id='word_1_472' title='bbox 497 4600 529 4653; x_wconf 78' lang='lat' dir='ltr'><strong>l:</strong></span> <span class='ocrx_word' id='word_1_473' title='bbox 547 4601 631 4651; x_wconf 70' lang='lat' dir='ltr'><strong>olm</strong></span> <span class='ocrx_word' id='word_1_474' title='bbox 647 4599 694 4650; x_wconf 89' lang='lat' dir='ltr'><strong>dtt.</strong></span> <span class='ocrx_word' id='word_1_475' title='bbox 713 4600 742 4649; x_wconf 89' lang='lat'><strong>0.</strong></span> <span class='ocrx_word' id='word_1_476' title='bbox 763 4624 791 4635; x_wconf 90' lang='lat'><em>-</em></span> <span class='ocrx_word' id='word_1_477' title='bbox 809 4596 977 4660; x_wconf 67' lang='lat' dir='ltr'><strong>Asgattoosars&#39;</strong></span> <span class='ocrx_word' id='word_1_478' title='bbox 993 4598 1028 4647; x_wconf 89' lang='lat' dir='ltr'><strong>F:</strong></span> <span class='ocrx_word' id='word_1_479' title='bbox 1055 4597 1207 4649; x_wconf 76' lang='lat' dir='ltr'><strong>Acritomcss&#39;</strong></span> <span class='ocrx_word' id='word_1_480' title='bbox 1222 4595 1308 4660; x_wconf 84' lang='grc'><strong>4342;</strong></span> <span class='ocrx_word' id='word_1_481' title='bbox 1325 4597 1481 4660; x_wconf 76' lang='lat' dir='ltr'><strong>Eprttousort</strong></span> <span class='ocrx_word' id='word_1_482' title='bbox 1496 4595 1574 4661; x_wconf 85' lang='lat' dir='ltr'><strong>vulgo</strong></span> <span class='ocrx_word' id='word_1_483' title='bbox 1591 4597 1621 4650; x_wconf 90' lang='lat'><strong>0.</strong></span> 
     </span>
     <span class='ocr_line' id='line_1_46' title="bbox 299 4669 1621 4742; baseline -0.003 -14"><span class='ocrx_word' id='word_1_484' title='bbox 299 4676 332 4728; x_wconf 87' lang='lat' dir='ltr'><strong>cf.</strong></span> <span class='ocrx_word' id='word_1_485' title='bbox 349 4678 435 4728; x_wconf 77' lang='lat' dir='ltr'><strong>Diria.</strong></span> <span class='ocrx_word' id='word_1_486' title='bbox 455 4677 479 4742; x_wconf 70' lang='lat' dir='ltr'><strong>g.</strong></span> <span class='ocrx_word' id='word_1_487' title='bbox 499 4677 539 4728; x_wconf 81' lang='grc'><strong>67.</strong></span> <span class='ocrx_word' id='word_1_488' title='bbox 559 4701 588 4711; x_wconf 83' lang='lat'><em>-</em></span> <span class='ocrx_word' id='word_1_489' title='bbox 605 4675 647 4726; x_wconf 88' lang='grc'><strong>22.</strong></span> <span class='ocrx_word' id='word_1_490' title='bbox 665 4672 773 4738; x_wconf 63' lang='lat' dir='ltr'><strong>moos]</strong></span> <span class='ocrx_word' id='word_1_491' title='bbox 791 4671 896 4722; x_wconf 71' lang='grc'><strong>4044444444</strong></span> <span class='ocrx_word' id='word_1_492' title='bbox 912 4671 980 4735; x_wconf 81' lang='grc'><strong>4342</strong></span> <span class='ocrx_word' id='word_1_493' title='bbox 996 4685 1024 4737; x_wconf 90' lang='lat' dir='ltr'><strong>p.</strong></span> <span class='ocrx_word' id='word_1_494' title='bbox 1041 4685 1079 4722; x_wconf 93' lang='lat' dir='ltr'><strong>m.</strong></span> <span class='ocrx_word' id='word_1_495' title='bbox 1100 4697 1127 4708; x_wconf 88' lang='lat'><em>-</em></span> <span class='ocrx_word' id='word_1_496' title='bbox 1145 4669 1186 4722; x_wconf 92' lang='grc'><strong>24.</strong></span> <span class='ocrx_word' id='word_1_497' title='bbox 1205 4684 1255 4722; x_wconf 85' lang='lat' dir='ltr'><strong>sess</strong></span> <span class='ocrx_word' id='word_1_498' title='bbox 1269 4671 1348 4721; x_wconf 82' lang='lat' dir='ltr'><strong>uttam</strong></span> <span class='ocrx_word' id='word_1_499' title='bbox 1365 4670 1398 4723; x_wconf 82' lang='lat' dir='ltr'><strong>l:</strong></span> <span class='ocrx_word' id='word_1_500' title='bbox 1415 4686 1440 4722; x_wconf 88' lang='lat' dir='ltr'><strong>o.</strong></span> <span class='ocrx_word' id='word_1_501' title='bbox 1458 4685 1508 4723; x_wconf 81' lang='lat' dir='ltr'><strong>sess</strong></span> <span class='ocrx_word' id='word_1_502' title='bbox 1523 4672 1572 4724; x_wconf 87' lang='lat' dir='ltr'><strong>dtt.</strong></span> <span class='ocrx_word' id='word_1_503' title='bbox 1590 4674 1621 4724; x_wconf 89' lang='grc'><strong>0.</strong></span> 
     </span>
     <span class='ocr_line' id='line_1_47' title="bbox 299 4745 1620 4822; baseline -0.003 -20"><span class='ocrx_word' id='word_1_504' title='bbox 299 4751 387 4822; x_wconf 55' lang='lat'><strong>‘2²⁸-</strong></span> <span class='ocrx_word' id='word_1_505' title='bbox 404 4764 445 4802; x_wconf 85' lang='lat' dir='ltr'><strong>ms</strong></span> <span class='ocrx_word' id='word_1_506' title='bbox 461 4750 545 4814; x_wconf 78' lang='grc' dir='ltr'><strong>4342ε</strong></span> <span class='ocrx_word' id='word_1_507' title='bbox 573 4764 627 4802; x_wconf 87' lang='lat' dir='ltr'><strong>om.</strong></span> <span class='ocrx_word' id='word_1_508' title='bbox 652 4749 783 4816; x_wconf 87' lang='lat' dir='ltr'><strong>plerique.</strong></span> <span class='ocrx_word' id='word_1_509' title='bbox 808 4775 834 4787; x_wconf 95' lang='lat'><em>-</em></span> <span class='ocrx_word' id='word_1_510' title='bbox 863 4746 905 4807; x_wconf 76' lang='grc' dir='ltr'><strong>3ο.</strong></span> <span class='ocrx_word' id='word_1_511' title='bbox 926 4753 950 4798; x_wconf 82' lang='lat' dir='ltr'><strong>st</strong></span> <span class='ocrx_word' id='word_1_512' title='bbox 969 4747 1068 4798; x_wconf 76' lang='lat' dir='ltr'><strong>tudiciis</strong></span> <span class='ocrx_word' id='word_1_513' title='bbox 1087 4745 1156 4810; x_wconf 90' lang='grc'><strong>4342</strong></span> <span class='ocrx_word' id='word_1_514' title='bbox 1177 4758 1204 4811; x_wconf 91' lang='lat' dir='ltr'><strong>p.</strong></span> <span class='ocrx_word' id='word_1_515' title='bbox 1222 4758 1259 4798; x_wconf 92' lang='lat' dir='ltr'><strong>m.</strong></span> <span class='ocrx_word' id='word_1_516' title='bbox 1284 4772 1312 4785; x_wconf 91' lang='lat'>-</span> <span class='ocrx_word' id='word_1_517' title='bbox 1339 4745 1379 4797; x_wconf 88' lang='grc'><strong>32.</strong></span> <span class='ocrx_word' id='word_1_518' title='bbox 1401 4759 1528 4798; x_wconf 72' lang='lat' dir='ltr'><strong>mmor</strong></span> <span class='ocrx_word' id='word_1_519' title='bbox 1543 4749 1571 4799; x_wconf 85' lang='lat'><strong>1..</strong></span> <span class='ocrx_word' id='word_1_520' title='bbox 1592 4774 1620 4784; x_wconf 87' lang='lat'>—</span> 
     </span>
     <span class='ocr_line' id='line_1_48' title="bbox 297 4818 1620 4891; baseline -0.001 -14"><span class='ocrx_word' id='word_1_521' title='bbox 297 4825 338 4877; x_wconf 86' lang='grc'><strong>33.</strong></span> <span class='ocrx_word' id='word_1_522' title='bbox 355 4826 485 4876; x_wconf 64' lang='lat' dir='ltr'><strong>mm</strong></span> <span class='ocrx_word' id='word_1_523' title='bbox 502 4825 570 4890; x_wconf 91' lang='grc'><strong>4342</strong></span> <span class='ocrx_word' id='word_1_524' title='bbox 587 4839 614 4891; x_wconf 92' lang='lat' dir='ltr'><strong>p.</strong></span> <span class='ocrx_word' id='word_1_525' title='bbox 632 4839 683 4877; x_wconf 85' lang='lat' dir='ltr'><strong>m.:</strong></span> <span class='ocrx_word' id='word_1_526' title='bbox 709 4823 844 4875; x_wconf 67' lang='lat' dir='ltr'><strong>dicundum</strong></span> <span class='ocrx_word' id='word_1_527' title='bbox 859 4820 916 4872; x_wconf 87' lang='lat' dir='ltr'><strong>rell.</strong></span> <span class='ocrx_word' id='word_1_528' title='bbox 935 4821 965 4872; x_wconf 91' lang='lat'><strong>0.</strong></span> <span class='ocrx_word' id='word_1_529' title='bbox 986 4847 1013 4858; x_wconf 88' lang='lat'>-</span> <span class='ocrx_word' id='word_1_530' title='bbox 1040 4822 1069 4882; x_wconf 82' lang='lat' dir='ltr'><strong>Q.</strong></span> <span class='ocrx_word' id='word_1_531' title='bbox 1091 4820 1216 4870; x_wconf 72' lang='lat' dir='ltr'><strong>Valerium</strong></span> <span class='ocrx_word' id='word_1_532' title='bbox 1231 4818 1264 4871; x_wconf 85' lang='lat' dir='ltr'><strong>al.</strong></span> <span class='ocrx_word' id='word_1_533' title='bbox 1282 4821 1310 4872; x_wconf 90' lang='lat' dir='ltr'><strong>in</strong></span> <span class='ocrx_word' id='word_1_534' title='bbox 1330 4833 1414 4885; x_wconf 82' lang='lat' dir='ltr'><strong>marg.</strong></span> <span class='ocrx_word' id='word_1_535' title='bbox 1432 4821 1524 4874; x_wconf 86' lang='lat' dir='ltr'><strong>Lamb.</strong></span> <span class='ocrx_word' id='word_1_536' title='bbox 1543 4821 1620 4878; x_wconf 81' lang='lat' dir='ltr'><strong>td8l;</strong></span> 
     </span>
     <span class='ocr_line' id='line_1_49' title="bbox 297 4895 1623 4967; baseline -0.005 -15"><span class='ocrx_word' id='word_1_537' title='bbox 297 4907 416 4964; x_wconf 69' lang='lat' dir='ltr'><strong>mmmm</strong></span> <span class='ocrx_word' id='word_1_538' title='bbox 432 4900 501 4966; x_wconf 89' lang='grc'><strong>4342</strong></span> <span class='ocrx_word' id='word_1_539' title='bbox 517 4916 545 4967; x_wconf 91' lang='lat' dir='ltr'><strong>p.</strong></span> <span class='ocrx_word' id='word_1_540' title='bbox 562 4914 600 4952; x_wconf 91' lang='lat' dir='ltr'><strong>m.</strong></span> <span class='ocrx_word' id='word_1_541' title='bbox 618 4902 652 4954; x_wconf 88' lang='lat' dir='ltr'><strong>u.</strong></span> <span class='ocrx_word' id='word_1_542' title='bbox 673 4927 701 4938; x_wconf 90' lang='lat'>—</span> <span class='ocrx_word' id='word_1_543' title='bbox 724 4898 765 4951; x_wconf 87' lang='grc'><strong>34.</strong></span> <span class='ocrx_word' id='word_1_544' title='bbox 784 4899 890 4963; x_wconf 69' lang='grc'><strong>44434444</strong></span> <span class='ocrx_word' id='word_1_545' title='bbox 905 4896 974 4961; x_wconf 89' lang='grc'><strong>4342</strong></span> <span class='ocrx_word' id='word_1_546' title='bbox 990 4909 1018 4962; x_wconf 87' lang='lat' dir='ltr'><strong>p.</strong></span> <span class='ocrx_word' id='word_1_547' title='bbox 1036 4909 1083 4947; x_wconf 86' lang='lat' dir='ltr'><strong>m:</strong></span> <span class='ocrx_word' id='word_1_548' title='bbox 1102 4901 1126 4946; x_wconf 88' lang='lat' dir='ltr'><strong>st</strong></span> <span class='ocrx_word' id='word_1_549' title='bbox 1141 4896 1199 4960; x_wconf 76' lang='lat' dir='ltr'><strong>trtg.</strong></span> <span class='ocrx_word' id='word_1_550' title='bbox 1218 4897 1263 4946; x_wconf 88' lang='lat' dir='ltr'><strong>ott.</strong></span> <span class='ocrx_word' id='word_1_551' title='bbox 1282 4896 1311 4948; x_wconf 93' lang='grc'><strong>0.</strong></span> <span class='ocrx_word' id='word_1_552' title='bbox 1331 4922 1360 4933; x_wconf 87' lang='grc'>-</span> <span class='ocrx_word' id='word_1_553' title='bbox 1384 4896 1413 4959; x_wconf 78' lang='grc'><strong>0.</strong></span> <span class='ocrx_word' id='word_1_554' title='bbox 1434 4896 1527 4948; x_wconf 74' lang='lat' dir='ltr'><strong>Valerii</strong></span> <span class='ocrx_word' id='word_1_555' title='bbox 1543 4895 1577 4948; x_wconf 86' lang='lat' dir='ltr'><strong>al.</strong></span> <span class='ocrx_word' id='word_1_556' title='bbox 1595 4897 1623 4946; x_wconf 92' lang='lat' dir='ltr'><strong>tn</strong></span> 
     </span>
     <span class='ocr_line' id='line_1_50' title="bbox 296 4970 1623 5043; baseline -0.005 -15"><span class='ocrx_word' id='word_1_557' title='bbox 296 4990 380 5043; x_wconf 86' lang='lat' dir='ltr'><strong>marg.</strong></span> <span class='ocrx_word' id='word_1_558' title='bbox 399 4976 492 5043; x_wconf 74' lang='lat' dir='ltr'><strong>hamb.</strong></span> <span class='ocrx_word' id='word_1_559' title='bbox 506 4976 584 5038; x_wconf 80' lang='lat' dir='ltr'><strong>scat,</strong></span> <span class='ocrx_word' id='word_1_560' title='bbox 602 4978 633 5027; x_wconf 88' lang='lat' dir='ltr'><strong>ut</strong></span> <span class='ocrx_word' id='word_1_561' title='bbox 648 4979 690 5028; x_wconf 88' lang='lat' dir='ltr'><strong>est</strong></span> <span class='ocrx_word' id='word_1_562' title='bbox 705 4977 731 5026; x_wconf 87' lang='lat' dir='ltr'><strong>in</strong></span> <span class='ocrx_word' id='word_1_563' title='bbox 743 4974 811 5039; x_wconf 90' lang='grc'><strong>4342</strong></span> <span class='ocrx_word' id='word_1_564' title='bbox 828 4988 868 5040; x_wconf 90' lang='lat' dir='ltr'><strong>pr.</strong></span> <span class='ocrx_word' id='word_1_565' title='bbox 881 4987 918 5024; x_wconf 92' lang='lat' dir='ltr'><strong>m.</strong></span> <span class='ocrx_word' id='word_1_566' title='bbox 933 5001 960 5010; x_wconf 94' lang='lat'><strong>—</strong></span> <span class='ocrx_word' id='word_1_567' title='bbox 979 4973 1021 5024; x_wconf 88' lang='grc'><strong>36.</strong></span> <span class='ocrx_word' id='word_1_568' title='bbox 1034 4973 1143 5024; x_wconf 64' lang='lat' dir='ltr'><strong>muso</strong></span> <span class='ocrx_word' id='word_1_569' title='bbox 1154 4973 1232 5036; x_wconf 87' lang='grc'><strong>4329,</strong></span> <span class='ocrx_word' id='word_1_570' title='bbox 1252 4970 1414 5024; x_wconf 80' lang='lat' dir='ltr'><strong>dividetur:</strong></span> <span class='ocrx_word' id='word_1_571' title='bbox 1432 4970 1538 5022; x_wconf 72' lang='grc'><strong>84444444</strong></span> <span class='ocrx_word' id='word_1_572' title='bbox 1553 4970 1623 5035; x_wconf 91' lang='grc'><strong>4342</strong></span> 
     </span>
    </p>

    <p class='ocr_par' dir='ltr' id='par_1_39' title="bbox 186 5047 1627 5271">
     <span class='ocr_line' id='line_1_51' title="bbox 186 5047 1625 5118; baseline -0.003 -16"><span class='ocrx_word' id='word_1_573' title='bbox 186 5095 189 5102; x_wconf 97' lang='grc'><strong>.</strong></span> <span class='ocrx_word' id='word_1_574' title='bbox 295 5053 341 5116; x_wconf 90' lang='lat' dir='ltr'><strong>[an</strong></span> <span class='ocrx_word' id='word_1_575' title='bbox 358 5067 391 5104; x_wconf 87' lang='lat' dir='ltr'><strong>ex</strong></span> <span class='ocrx_word' id='word_1_576' title='bbox 406 5051 556 5117; x_wconf 73' lang='lat' dir='ltr'><strong>Sttstmui];</strong></span> <span class='ocrx_word' id='word_1_577' title='bbox 574 5053 703 5118; x_wconf 68' lang='lat' dir='ltr'><strong>Swgtm,</strong></span> <span class='ocrx_word' id='word_1_578' title='bbox 720 5051 847 5112; x_wconf 64' lang='grc'><strong>84434444,</strong></span> <span class='ocrx_word' id='word_1_579' title='bbox 865 5049 1004 5100; x_wconf 63' lang='lat' dir='ltr'><strong>mosen</strong></span> <span class='ocrx_word' id='word_1_580' title='bbox 1020 5049 1098 5113; x_wconf 75' lang='lat' dir='ltr'><strong>legg.</strong></span> <span class='ocrx_word' id='word_1_581' title='bbox 1117 5048 1180 5109; x_wconf 87' lang='lat' dir='ltr'><strong>dtt.;</strong></span> <span class='ocrx_word' id='word_1_582' title='bbox 1204 5049 1315 5099; x_wconf 78' lang='lat' dir='ltr'><strong>Sostitsrs</strong></span> <span class='ocrx_word' id='word_1_583' title='bbox 1331 5047 1435 5112; x_wconf 76' lang='lat' dir='ltr'><strong>Zumpt.</strong></span> <span class='ocrx_word' id='word_1_584' title='bbox 1455 5069 1482 5084; x_wconf 91' lang='lat'>-</span> <span class='ocrx_word' id='word_1_585' title='bbox 1505 5047 1545 5098; x_wconf 79' lang='lat'><strong>³¹1.</strong></span> <span class='ocrx_word' id='word_1_586' title='bbox 1564 5061 1625 5098; x_wconf 77' lang='lat' dir='ltr'><strong>sca&gt;-</strong></span> 
     </span>
     <span class='ocr_line' id='line_1_52' title="bbox 296 5121 1627 5193; baseline -0.002 -15"><span class='ocrx_word' id='word_1_587' title='bbox 296 5128 386 5193; x_wconf 81' lang='lat' dir='ltr'><strong>csotos]</strong></span> <span class='ocrx_word' id='word_1_588' title='bbox 404 5127 457 5180; x_wconf 79' lang='lat' dir='ltr'><strong>Gi.</strong></span> <span class='ocrx_word' id='word_1_589' title='bbox 471 5140 495 5178; x_wconf 90' lang='lat' dir='ltr'><strong>s.</strong></span> <span class='ocrx_word' id='word_1_590' title='bbox 514 5131 611 5178; x_wconf 80' lang='lat' dir='ltr'><strong>costum</strong></span> <span class='ocrx_word' id='word_1_591' title='bbox 627 5124 696 5190; x_wconf 86' lang='grc'><strong>4342</strong></span> <span class='ocrx_word' id='word_1_592' title='bbox 711 5139 739 5191; x_wconf 88' lang='lat' dir='ltr'><strong>p.</strong></span> <span class='ocrx_word' id='word_1_593' title='bbox 757 5138 794 5175; x_wconf 90' lang='lat' dir='ltr'><strong>m.</strong></span> <span class='ocrx_word' id='word_1_594' title='bbox 812 5149 840 5161; x_wconf 92' lang='lat'>-</span> <span class='ocrx_word' id='word_1_595' title='bbox 858 5137 883 5176; x_wconf 84' lang='lat' dir='ltr'><strong>ss</strong></span> <span class='ocrx_word' id='word_1_596' title='bbox 899 5123 968 5189; x_wconf 87' lang='grc'><strong>4342</strong></span> <span class='ocrx_word' id='word_1_597' title='bbox 984 5137 1025 5188; x_wconf 74' lang='grc' dir='ltr'><strong>φτ</strong></span> <span class='ocrx_word' id='word_1_598' title='bbox 1043 5137 1096 5177; x_wconf 90' lang='lat' dir='ltr'><strong>om.</strong></span> <span class='ocrx_word' id='word_1_599' title='bbox 1116 5125 1161 5176; x_wconf 89' lang='lat' dir='ltr'><strong>ctt.</strong></span> <span class='ocrx_word' id='word_1_600' title='bbox 1175 5149 1203 5161; x_wconf 89' lang='lat'>-</span> <span class='ocrx_word' id='word_1_601' title='bbox 1221 5123 1262 5176; x_wconf 79' lang='lat'><strong>38.</strong></span> <span class='ocrx_word' id='word_1_602' title='bbox 1280 5123 1411 5178; x_wconf 67' lang='lat' dir='ltr'><strong>dimum</strong></span> <span class='ocrx_word' id='word_1_603' title='bbox 1425 5122 1518 5190; x_wconf 71' lang='grc'><strong>44334</strong></span> <span class='ocrx_word' id='word_1_604' title='bbox 1536 5121 1627 5176; x_wconf 69' lang='grc'><strong>4444444-</strong></span> 
     </span>
     <span class='ocr_line' id='line_1_53' title="bbox 297 5201 714 5271; baseline -0.002 -16"><span class='ocrx_word' id='word_1_605' title='bbox 297 5202 358 5255; x_wconf 75' lang='lat' dir='ltr'><strong>otoo</strong></span> <span class='ocrx_word' id='word_1_606' title='bbox 373 5203 402 5256; x_wconf 91' lang='lat'><strong>0.</strong></span> <span class='ocrx_word' id='word_1_607' title='bbox 425 5203 468 5257; x_wconf 81' lang='lat' dir='ltr'><strong>Sto</strong></span> <span class='ocrx_word' id='word_1_608' title='bbox 483 5203 549 5257; x_wconf 88' lang='lat' dir='ltr'><strong>ttem</strong></span> <span class='ocrx_word' id='word_1_609' title='bbox 564 5216 592 5271; x_wconf 86' lang='lat' dir='ltr'><strong>p.</strong></span> <span class='ocrx_word' id='word_1_610' title='bbox 611 5201 668 5269; x_wconf 81' lang='grc'><strong>243,</strong></span> <span class='ocrx_word' id='word_1_611' title='bbox 689 5201 714 5254; x_wconf 83' lang='grc'><strong>6.</strong></span> 
     </span>
    </p>
   </div>
   <div class='ocr_carea' id='block_1_5' title="bbox 0 0 1829 5860">
    <p class='ocr_par' dir='ltr' id='par_1_40' title="bbox 0 0 1829 5860">
     <span class='ocr_line' id='line_1_54' title="bbox 0 0 1829 5860; baseline 0 0"><span class='ocrx_word' id='word_1_612' title='bbox 0 0 1829 5860; x_wconf 95' lang='lat' dir='ltr'><strong> </strong></span> 
     </span>
    </p>
   </div>
  </div>
 </body>
</html>
