<?xml version="1.0" encoding="UTF-8"?>
<!DOCTYPE html PUBLIC "-//W3C//DTD XHTML 1.0 Transitional//EN"
    "http://www.w3.org/TR/xhtml1/DTD/xhtml1-transitional.dtd">
<html xmlns="http://www.w3.org/1999/xhtml" xml:lang="en" lang="en">
 <head>
  <title>
</title>
<meta http-equiv="Content-Type" content="text/html;charset=utf-8" />
  <meta name='ocr-system' content='tesseract 3.04.00' />
  <meta name='ocr-capabilities' content='ocr_page ocr_carea ocr_par ocr_line ocrx_word'/>
</head>
<body>
  <div class='ocr_page' id='page_1' title='image "./mtulliiciceroni00baitgoog_0098.png"; bbox 0 0 3648 5888; ppageno 0'>
   <div class='ocr_carea' id='block_1_1' title="bbox 274 401 1471 526">
    <p class='ocr_par' dir='ltr' id='par_1_1' title="bbox 274 401 1471 526">
     <span class='ocr_line' id='line_1_1' title="bbox 274 401 1471 526; baseline 0 -20"><span class='ocrx_word' id='word_1_1' title='bbox 274 437 315 509; x_wconf 78' lang='lat'><strong>72</strong></span> <span class='ocrx_word' id='word_1_2' title='bbox 401 441 554 509; x_wconf 66' lang='lat' dir='ltr'><strong>ottavo</strong></span> <span class='ocrx_word' id='word_1_3' title='bbox 576 401 658 508; x_wconf 84' lang='lat' dir='ltr'><strong>PllO¹</strong></span> <span class='ocrx_word' id='word_1_4' title='bbox 680 440 770 507; x_wconf 80' lang='lat' dir='ltr'><strong>SEX.</strong></span> <span class='ocrx_word' id='word_1_5' title='bbox 783 437 931 505; x_wconf 77' lang='lat' dir='ltr'><strong>Roscio</strong></span> <span class='ocrx_word' id='word_1_6' title='bbox 953 439 1136 506; x_wconf 82' lang='lat' dir='ltr'><strong>AilEllINO</strong></span> <span class='ocrx_word' id='word_1_7' title='bbox 1160 439 1234 506; x_wconf 75' lang='lat' dir='ltr'><strong>Cn.</strong></span> <span class='ocrx_word' id='word_1_8' title='bbox 1248 439 1328 506; x_wconf 84' lang='lat' dir='ltr'><strong>Llll.</strong></span> <span class='ocrx_word' id='word_1_9' title='bbox 1349 437 1383 526; x_wconf 68' lang='grc'><strong>3.</strong></span> <span class='ocrx_word' id='word_1_10' title='bbox 1398 436 1413 505; x_wconf 89' lang='lat' dir='ltr'><strong>l</strong></span> <span class='ocrx_word' id='word_1_11' title='bbox 1420 435 1471 506; x_wconf 67' lang='lat' dir='ltr'><strong>ll.</strong></span> 
     </span>
    </p>
   </div>
   <div class='ocr_carea' id='block_1_2' title="bbox 239 609 1600 1813">
    <p class='ocr_par' dir='ltr' id='par_1_2' title="bbox 239 609 1600 1813">
     <span class='ocr_line' id='line_1_2' title="bbox 274 609 1599 698; baseline 0.001 -18"><span class='ocrx_word' id='word_1_12' title='bbox 274 614 413 690; x_wconf 84' lang='lat' dir='ltr'><strong>nomini,</strong></span> <span class='ocrx_word' id='word_1_13' title='bbox 434 614 555 689; x_wconf 80' lang='lat' dir='ltr'><strong>videte,</strong></span> <span class='ocrx_word' id='word_1_14' title='bbox 577 633 637 698; x_wconf 87' lang='lat' dir='ltr'><strong>per</strong></span> <span class='ocrx_word' id='word_1_15' title='bbox 657 611 735 676; x_wconf 83' lang='lat' dir='ltr'><strong>deos</strong></span> <span class='ocrx_word' id='word_1_16' title='bbox 756 611 966 689; x_wconf 86' lang='lat' dir='ltr'><strong>immortales,</strong></span> <span class='ocrx_word' id='word_1_17' title='bbox 989 632 1084 697; x_wconf 88' lang='lat' dir='ltr'><strong>quem</strong></span> <span class='ocrx_word' id='word_1_18' title='bbox 1104 613 1138 676; x_wconf 89' lang='lat' dir='ltr'><strong>in</strong></span> <span class='ocrx_word' id='word_1_19' title='bbox 1152 612 1258 677; x_wconf 81' lang='lat' dir='ltr'><strong>losum</strong></span> <span class='ocrx_word' id='word_1_20' title='bbox 1271 609 1512 696; x_wconf 82' lang='lat' dir='ltr'><strong>rempublicam</strong></span> <span class='ocrx_word' id='word_1_21' title='bbox 1526 631 1599 698; x_wconf 86' lang='lat' dir='ltr'><strong>per·</strong></span> 
     </span>
     <span class='ocr_line' id='line_1_3' title="bbox 275 707 592 791; baseline -0.013 -17"><span class='ocrx_word' id='word_1_22' title='bbox 275 716 442 775; x_wconf 88' lang='lat' dir='ltr'><strong>venturam</strong></span> <span class='ocrx_word' id='word_1_23' title='bbox 463 707 592 791; x_wconf 81' lang='lat' dir='ltr'><strong>putetis.</strong></span> 
     </span>
     <span class='ocr_line' id='line_1_4' title="bbox 359 798 1598 888; baseline 0.002 -22"><span class='ocrx_word' id='word_1_24' title='bbox 359 798 433 866; x_wconf 71' lang='lat' dir='ltr'><strong>ttt.</strong></span> <span class='ocrx_word' id='word_1_25' title='bbox 459 803 614 867; x_wconf 81' lang='lat' dir='ltr'><strong>Homines</strong></span> <span class='ocrx_word' id='word_1_26' title='bbox 642 801 801 886; x_wconf 86' lang='lat' dir='ltr'><strong>sapientes</strong></span> <span class='ocrx_word' id='word_1_27' title='bbox 830 807 863 864; x_wconf 87' lang='lat' dir='ltr'><strong>et</strong></span> <span class='ocrx_word' id='word_1_28' title='bbox 888 801 949 865; x_wconf 89' lang='lat' dir='ltr'><strong>ista</strong></span> <span class='ocrx_word' id='word_1_29' title='bbox 979 802 1164 866; x_wconf 83' lang='lat' dir='ltr'><strong>auctoritato</strong></span> <span class='ocrx_word' id='word_1_30' title='bbox 1193 807 1225 864; x_wconf 89' lang='lat' dir='ltr'><strong>et</strong></span> <span class='ocrx_word' id='word_1_31' title='bbox 1245 807 1399 885; x_wconf 74' lang='lat' dir='ltr'>potestate</span> <span class='ocrx_word' id='word_1_32' title='bbox 1420 801 1598 888; x_wconf 83' lang='lat' dir='ltr'><strong>praeditos,</strong></span> 
     </span>
     <span class='ocr_line' id='line_1_5' title="bbox 276 894 1598 990; baseline 0.002 -27"><span class='ocrx_word' id='word_1_33' title='bbox 276 918 340 984; x_wconf 87' lang='lat' dir='ltr'><strong>qua</strong></span> <span class='ocrx_word' id='word_1_34' title='bbox 360 918 420 962; x_wconf 84' lang='lat' dir='ltr'><strong>vos</strong></span> <span class='ocrx_word' id='word_1_35' title='bbox 442 898 535 972; x_wconf 89' lang='lat' dir='ltr'><strong>estis,</strong></span> <span class='ocrx_word' id='word_1_36' title='bbox 558 918 599 962; x_wconf 84' lang='lat' dir='ltr'><strong>ex</strong></span> <span class='ocrx_word' id='word_1_37' title='bbox 621 896 737 982; x_wconf 88' lang='lat' dir='ltr'><strong>quihus</strong></span> <span class='ocrx_word' id='word_1_38' title='bbox 758 896 853 959; x_wconf 90' lang='lat' dir='ltr'><strong>rebus</strong></span> <span class='ocrx_word' id='word_1_39' title='bbox 875 895 1012 960; x_wconf 82' lang='lat' dir='ltr'><strong>maxime</strong></span> <span class='ocrx_word' id='word_1_40' title='bbox 1034 914 1084 959; x_wconf 85' lang='lat' dir='ltr'><strong>res</strong></span> <span class='ocrx_word' id='word_1_41' title='bbox 1106 894 1233 990; x_wconf 71' lang='lat' dir='ltr'><strong>publiea</strong></span> <span class='ocrx_word' id='word_1_42' title='bbox 1246 896 1383 973; x_wconf 84' lang='lat' dir='ltr'><strong>laborat,</strong></span> <span class='ocrx_word' id='word_1_43' title='bbox 1405 897 1445 962; x_wconf 89' lang='lat' dir='ltr'><strong>iis</strong></span> <span class='ocrx_word' id='word_1_44' title='bbox 1460 899 1598 966; x_wconf 84' lang='lat' dir='ltr'><strong>maxime</strong></span> 
     </span>
     <span class='ocr_line' id='line_1_6' title="bbox 251 991 1598 1074; baseline 0.004 -22"><span class='ocrx_word' id='word_1_45' title='bbox 251 993 396 1057; x_wconf 77' lang='lat' dir='ltr'><strong>smoderi</strong></span> <span class='ocrx_word' id='word_1_46' title='bbox 419 993 577 1056; x_wconf 79' lang='lat' dir='ltr'><strong>convenit</strong></span> <span class='ocrx_word' id='word_1_47' title='bbox 608 993 756 1055; x_wconf 88' lang='lat' dir='ltr'><strong>Vestrum</strong></span> <span class='ocrx_word' id='word_1_48' title='bbox 776 1010 870 1054; x_wconf 86' lang='lat' dir='ltr'><strong>nemo</strong></span> <span class='ocrx_word' id='word_1_49' title='bbox 893 999 942 1055; x_wconf 87' lang='lat' dir='ltr'><strong>est</strong></span> <span class='ocrx_word' id='word_1_50' title='bbox 958 991 1037 1074; x_wconf 86' lang='lat' dir='ltr'><strong>quin</strong></span> <span class='ocrx_word' id='word_1_51' title='bbox 1052 991 1222 1074; x_wconf 74' lang='lat' dir='ltr'><strong>intelligat,</strong></span> <span class='ocrx_word' id='word_1_52' title='bbox 1244 991 1400 1074; x_wconf 83' lang='lat' dir='ltr'><strong>populum</strong></span> <span class='ocrx_word' id='word_1_53' title='bbox 1412 993 1598 1070; x_wconf 83' lang='lat' dir='ltr'><strong>Romanum,</strong></span> 
     </span>
     <span class='ocr_line' id='line_1_7' title="bbox 275 1083 1600 1172; baseline 0.002 -22"><span class='ocrx_word' id='word_1_54' title='bbox 275 1083 331 1172; x_wconf 69' lang='lat' dir='ltr'><strong>qui</strong></span> <span class='ocrx_word' id='word_1_55' title='bbox 354 1085 515 1171; x_wconf 86' lang='lat' dir='ltr'><strong>quondam</strong></span> <span class='ocrx_word' id='word_1_56' title='bbox 537 1087 571 1149; x_wconf 91' lang='lat' dir='ltr'><strong>in</strong></span> <span class='ocrx_word' id='word_1_57' title='bbox 592 1085 701 1150; x_wconf 89' lang='lat' dir='ltr'><strong>hostes</strong></span> <span class='ocrx_word' id='word_1_58' title='bbox 723 1085 904 1148; x_wconf 87' lang='lat' dir='ltr'><strong>lenissimus</strong></span> <span class='ocrx_word' id='word_1_59' title='bbox 919 1085 1172 1161; x_wconf 76' lang='lat' dir='ltr'><strong>existimabatur,</strong></span> <span class='ocrx_word' id='word_1_60' title='bbox 1193 1086 1256 1149; x_wconf 85' lang='lat' dir='ltr'><strong>hoo</strong></span> <span class='ocrx_word' id='word_1_61' title='bbox 1270 1094 1410 1169; x_wconf 87' lang='lat' dir='ltr'><strong>tempore</strong></span> <span class='ocrx_word' id='word_1_62' title='bbox 1425 1087 1600 1152; x_wconf 83' lang='lat' dir='ltr'><strong>domestica</strong></span> 
     </span>
     <span class='ocr_line' id='line_1_8' title="bbox 275 1179 1598 1266; baseline 0.001 -20"><span class='ocrx_word' id='word_1_63' title='bbox 275 1181 462 1246; x_wconf 83' lang='lat' dir='ltr'><strong>crudelitato</strong></span> <span class='ocrx_word' id='word_1_64' title='bbox 483 1180 637 1245; x_wconf 86' lang='lat' dir='ltr'><strong>laborare.</strong></span> <span class='ocrx_word' id='word_1_65' title='bbox 680 1180 771 1244; x_wconf 86' lang='lat' dir='ltr'><strong>liano</strong></span> <span class='ocrx_word' id='word_1_66' title='bbox 792 1179 895 1243; x_wconf 90' lang='lat' dir='ltr'><strong>tollite</strong></span> <span class='ocrx_word' id='word_1_67' title='bbox 918 1199 958 1244; x_wconf 83' lang='lat' dir='ltr'><strong>ex</strong></span> <span class='ocrx_word' id='word_1_68' title='bbox 980 1180 1123 1256; x_wconf 83' lang='lat' dir='ltr'><strong>civitate,</strong></span> <span class='ocrx_word' id='word_1_69' title='bbox 1151 1180 1289 1257; x_wconf 89' lang='lat' dir='ltr'><strong>iudices,</strong></span> <span class='ocrx_word' id='word_1_70' title='bbox 1309 1179 1392 1244; x_wconf 85' lang='lat' dir='ltr'><strong>hane</strong></span> <span class='ocrx_word' id='word_1_71' title='bbox 1413 1182 1478 1266; x_wconf 86' lang='lat' dir='ltr'><strong>pati</strong></span> <span class='ocrx_word' id='word_1_72' title='bbox 1499 1182 1598 1247; x_wconf 83' lang='lat' dir='ltr'><strong>nolite</strong></span> 
     </span>
     <span class='ocr_line' id='line_1_9' title="bbox 277 1271 1598 1359; baseline 0.002 -21"><span class='ocrx_word' id='word_1_73' title='bbox 277 1277 395 1339; x_wconf 88' lang='lat' dir='ltr'><strong>diutius</strong></span> <span class='ocrx_word' id='word_1_74' title='bbox 418 1275 588 1339; x_wconf 81' lang='lat' dir='ltr'><strong>inhaere</strong></span> <span class='ocrx_word' id='word_1_75' title='bbox 610 1275 738 1358; x_wconf 85' lang='lat' dir='ltr'><strong>publica</strong></span> <span class='ocrx_word' id='word_1_76' title='bbox 759 1274 898 1350; x_wconf 82' lang='lat' dir='ltr'><strong>versari3</strong></span> <span class='ocrx_word' id='word_1_77' title='bbox 924 1294 1005 1359; x_wconf 86' lang='lat' dir='ltr'><strong>quae</strong></span> <span class='ocrx_word' id='word_1_78' title='bbox 1027 1295 1092 1338; x_wconf 89' lang='lat' dir='ltr'><strong>nou</strong></span> <span class='ocrx_word' id='word_1_79' title='bbox 1113 1271 1208 1337; x_wconf 89' lang='lat' dir='ltr'><strong>modo</strong></span> <span class='ocrx_word' id='word_1_80' title='bbox 1231 1273 1264 1336; x_wconf 91' lang='lat' dir='ltr'><strong>id</strong></span> <span class='ocrx_word' id='word_1_81' title='bbox 1284 1275 1380 1338; x_wconf 87' lang='lat' dir='ltr'><strong>habet</strong></span> <span class='ocrx_word' id='word_1_82' title='bbox 1401 1276 1434 1338; x_wconf 90' lang='lat' dir='ltr'><strong>in</strong></span> <span class='ocrx_word' id='word_1_83' title='bbox 1456 1297 1490 1341; x_wconf 91' lang='lat' dir='ltr'><strong>se</strong></span> <span class='ocrx_word' id='word_1_84' title='bbox 1512 1277 1598 1355; x_wconf 91' lang='lat' dir='ltr'><strong>mali,</strong></span> 
     </span>
     <span class='ocr_line' id='line_1_10' title="bbox 276 1368 1597 1457; baseline 0.002 -24"><span class='ocrx_word' id='word_1_85' title='bbox 276 1370 363 1457; x_wconf 89' lang='lat' dir='ltr'><strong>quod</strong></span> <span class='ocrx_word' id='word_1_86' title='bbox 392 1377 439 1433; x_wconf 90' lang='lat' dir='ltr'><strong>tot</strong></span> <span class='ocrx_word' id='word_1_87' title='bbox 467 1369 552 1434; x_wconf 72' lang='lat' dir='ltr'><strong>eires</strong></span> <span class='ocrx_word' id='word_1_88' title='bbox 582 1371 779 1434; x_wconf 84' lang='lat' dir='ltr'><strong>atrocissimo</strong></span> <span class='ocrx_word' id='word_1_89' title='bbox 804 1369 945 1445; x_wconf 78' lang='lat' dir='ltr'><strong>sustulit,</strong></span> <span class='ocrx_word' id='word_1_90' title='bbox 974 1390 1084 1433; x_wconf 87' lang='lat' dir='ltr'><strong>verum</strong></span> <span class='ocrx_word' id='word_1_91' title='bbox 1107 1369 1202 1433; x_wconf 87' lang='lat' dir='ltr'><strong>etiam</strong></span> <span class='ocrx_word' id='word_1_92' title='bbox 1222 1368 1404 1434; x_wconf 89' lang='lat' dir='ltr'><strong>hominihus</strong></span> <span class='ocrx_word' id='word_1_93' title='bbox 1426 1371 1597 1437; x_wconf 84' lang='lat' dir='ltr'><strong>leuissimis</strong></span> 
     </span>
     <span class='ocr_line' id='line_1_11' title="bbox 239 1463 1597 1530; baseline 0.002 -3"><span class='ocrx_word' id='word_1_94' title='bbox 239 1482 267 1529; x_wconf 80' lang='lat' dir='ltr'><strong>to</strong></span> <span class='ocrx_word' id='word_1_95' title='bbox 277 1466 395 1529; x_wconf 87' lang='lat' dir='ltr'><strong>ademit</strong></span> <span class='ocrx_word' id='word_1_96' title='bbox 416 1463 665 1529; x_wconf 89' lang='lat' dir='ltr'><strong>misericordiam</strong></span> <span class='ocrx_word' id='word_1_97' title='bbox 687 1463 917 1529; x_wconf 88' lang='lat' dir='ltr'><strong>cousuetudine</strong></span> <span class='ocrx_word' id='word_1_98' title='bbox 938 1463 1220 1528; x_wconf 87' lang='lat' dir='ltr'><strong>incommodorum.</strong></span> <span class='ocrx_word' id='word_1_99' title='bbox 1257 1465 1336 1528; x_wconf 89' lang='lat' dir='ltr'><strong>Nam</strong></span> <span class='ocrx_word' id='word_1_100' title='bbox 1358 1485 1430 1530; x_wconf 87' lang='lat' dir='ltr'><strong>eum</strong></span> <span class='ocrx_word' id='word_1_101' title='bbox 1451 1465 1597 1530; x_wconf 88' lang='lat' dir='ltr'><strong>omuibus</strong></span> 
     </span>
     <span class='ocr_line' id='line_1_12' title="bbox 275 1557 1597 1644; baseline -0.001 -20"><span class='ocrx_word' id='word_1_102' title='bbox 275 1561 364 1624; x_wconf 89' lang='lat' dir='ltr'><strong>horis</strong></span> <span class='ocrx_word' id='word_1_103' title='bbox 387 1559 509 1643; x_wconf 87' lang='lat' dir='ltr'><strong>aliquid</strong></span> <span class='ocrx_word' id='word_1_104' title='bbox 531 1559 679 1624; x_wconf 83' lang='lat' dir='ltr'><strong>atrociter</strong></span> <span class='ocrx_word' id='word_1_105' title='bbox 700 1557 768 1623; x_wconf 88' lang='lat' dir='ltr'><strong>fieri</strong></span> <span class='ocrx_word' id='word_1_106' title='bbox 789 1559 933 1624; x_wconf 86' lang='lat' dir='ltr'><strong>videmus</strong></span> <span class='ocrx_word' id='word_1_107' title='bbox 956 1567 1010 1623; x_wconf 90' lang='lat' dir='ltr'><strong>aut</strong></span> <span class='ocrx_word' id='word_1_108' title='bbox 1031 1559 1193 1636; x_wconf 84' lang='lat' dir='ltr'><strong>audimus,</strong></span> <span class='ocrx_word' id='word_1_109' title='bbox 1216 1559 1309 1622; x_wconf 88' lang='lat' dir='ltr'><strong>etiam</strong></span> <span class='ocrx_word' id='word_1_110' title='bbox 1333 1560 1388 1644; x_wconf 86' lang='lat' dir='ltr'><strong>qui</strong></span> <span class='ocrx_word' id='word_1_111' title='bbox 1409 1566 1523 1625; x_wconf 88' lang='lat' dir='ltr'><strong>natura</strong></span> <span class='ocrx_word' id='word_1_112' title='bbox 1539 1561 1597 1624; x_wconf 91' lang='lat' dir='ltr'><strong>mi-</strong></span> 
     </span>
     <span class='ocr_line' id='line_1_13' title="bbox 275 1652 1597 1730; baseline 0.002 -13"><span class='ocrx_word' id='word_1_113' title='bbox 275 1654 390 1717; x_wconf 85' lang='lat' dir='ltr'><strong>tissimi</strong></span> <span class='ocrx_word' id='word_1_114' title='bbox 422 1674 547 1730; x_wconf 89' lang='lat' dir='ltr'><strong>sumus,</strong></span> <span class='ocrx_word' id='word_1_115' title='bbox 580 1652 765 1718; x_wconf 76' lang='lat' dir='ltr'><strong>assiduitate</strong></span> <span class='ocrx_word' id='word_1_116' title='bbox 794 1654 1008 1718; x_wconf 88' lang='lat' dir='ltr'><strong>molestiarum</strong></span> <span class='ocrx_word' id='word_1_117' title='bbox 1035 1674 1164 1718; x_wconf 84' lang='lat' dir='ltr'><strong>sensum</strong></span> <span class='ocrx_word' id='word_1_118' title='bbox 1185 1671 1311 1718; x_wconf 82' lang='lat' dir='ltr'><strong>omuem</strong></span> <span class='ocrx_word' id='word_1_119' title='bbox 1331 1654 1534 1719; x_wconf 85' lang='lat' dir='ltr'><strong>humanitatis</strong></span> <span class='ocrx_word' id='word_1_120' title='bbox 1555 1674 1597 1719; x_wconf 83' lang='lat' dir='ltr'><strong>ex</strong></span> 
     </span>
     <span class='ocr_line' id='line_1_14' title="bbox 275 1748 595 1813; baseline 0.003 -1"><span class='ocrx_word' id='word_1_121' title='bbox 275 1748 389 1812; x_wconf 88' lang='lat' dir='ltr'><strong>animis</strong></span> <span class='ocrx_word' id='word_1_122' title='bbox 411 1749 595 1813; x_wconf 86' lang='lat' dir='ltr'><strong>amittimus.</strong></span> 
     </span>
    </p>
   </div>
   <div class='ocr_carea' id='block_1_3' title="bbox 275 1967 1596 2189">
    <p class='ocr_par' dir='ltr' id='par_1_3' title="bbox 275 1967 1596 2189">
     <span class='ocr_line' id='line_1_15' title="bbox 341 1967 1595 2042; baseline 0.004 -21"><span class='ocrx_word' id='word_1_123' title='bbox 341 1971 364 2022; x_wconf 85' lang='lat' dir='ltr'><strong>t.</strong></span> <span class='ocrx_word' id='word_1_124' title='bbox 392 1967 552 2024; x_wconf 61' lang='lat' dir='ltr'><strong>demam</strong></span> <span class='ocrx_word' id='word_1_125' title='bbox 568 1986 642 2038; x_wconf 88' lang='lat' dir='ltr'><strong>susp.</strong></span> <span class='ocrx_word' id='word_1_126' title='bbox 655 1972 748 2025; x_wconf 89' lang='lat' dir='ltr'><strong>Lamb.</strong></span> <span class='ocrx_word' id='word_1_127' title='bbox 766 2001 793 2011; x_wconf 97' lang='lat'>-</span> <span class='ocrx_word' id='word_1_128' title='bbox 812 1973 837 2024; x_wconf 85' lang='grc'><strong>3.</strong></span> <span class='ocrx_word' id='word_1_129' title='bbox 858 1974 1050 2036; x_wconf 76' lang='lat' dir='ltr'><strong>sepiostisslmos</strong></span> <span class='ocrx_word' id='word_1_130' title='bbox 1065 1975 1142 2025; x_wconf 79' lang='lat' dir='ltr'><strong>Arus.</strong></span> <span class='ocrx_word' id='word_1_131' title='bbox 1161 1974 1239 2025; x_wconf 79' lang='lat' dir='ltr'><strong>ileos.</strong></span> <span class='ocrx_word' id='word_1_132' title='bbox 1257 1988 1284 2040; x_wconf 90' lang='lat' dir='ltr'><strong>p.</strong></span> <span class='ocrx_word' id='word_1_133' title='bbox 1297 1973 1346 2026; x_wconf 79' lang='lat' dir='ltr'><strong>ato</strong></span> <span class='ocrx_word' id='word_1_134' title='bbox 1363 1974 1437 2027; x_wconf 89' lang='lat' dir='ltr'><strong>Lind.</strong></span> <span class='ocrx_word' id='word_1_135' title='bbox 1452 2000 1480 2012; x_wconf 96' lang='lat'><em>-</em></span> <span class='ocrx_word' id='word_1_136' title='bbox 1499 1981 1523 2027; x_wconf 82' lang='lat' dir='ltr'><strong>et</strong></span> <span class='ocrx_word' id='word_1_137' title='bbox 1538 1975 1595 2042; x_wconf 61' lang='lat' dir='ltr'><strong>eta]</strong></span> 
     </span>
     <span class='ocr_line' id='line_1_16' title="bbox 275 2049 1596 2116; baseline 0.003 -18"><span class='ocrx_word' id='word_1_138' title='bbox 275 2060 329 2099; x_wconf 88' lang='lat' dir='ltr'><strong>om.</strong></span> <span class='ocrx_word' id='word_1_139' title='bbox 347 2053 371 2099; x_wconf 81' lang='lat' dir='ltr'><strong>ot</strong></span> <span class='ocrx_word' id='word_1_140' title='bbox 387 2050 416 2099; x_wconf 85' lang='lat' dir='ltr'><strong>G.</strong></span> <span class='ocrx_word' id='word_1_141' title='bbox 437 2076 464 2084; x_wconf 84' lang='lat'>—</span> <span class='ocrx_word' id='word_1_142' title='bbox 483 2051 508 2100; x_wconf 77' lang='lat' dir='ltr'><strong>t.</strong></span> <span class='ocrx_word' id='word_1_143' title='bbox 533 2050 602 2115; x_wconf 74' lang='lat' dir='ltr'><strong>qais]</strong></span> <span class='ocrx_word' id='word_1_144' title='bbox 626 2050 669 2112; x_wconf 76' lang='lat' dir='ltr'><strong>qut</strong></span> <span class='ocrx_word' id='word_1_145' title='bbox 691 2050 744 2100; x_wconf 85' lang='lat' dir='ltr'><strong>Gv.</strong></span> <span class='ocrx_word' id='word_1_146' title='bbox 766 2076 792 2086; x_wconf 97' lang='lat'><em>-</em></span> <span class='ocrx_word' id='word_1_147' title='bbox 815 2050 839 2099; x_wconf 89' lang='grc'><strong>6.</strong></span> <span class='ocrx_word' id='word_1_148' title='bbox 863 2049 1084 2102; x_wconf 64' lang='lat' dir='ltr'><strong>testimoiu-</strong></span> <span class='ocrx_word' id='word_1_149' title='bbox 1103 2049 1239 2101; x_wconf 62' lang='lat' dir='ltr'><strong>masinae</strong></span> <span class='ocrx_word' id='word_1_150' title='bbox 1255 2051 1308 2101; x_wconf 85' lang='lat' dir='ltr'><strong>Gv.</strong></span> <span class='ocrx_word' id='word_1_151' title='bbox 1330 2078 1357 2086; x_wconf 97' lang='lat'>-</span> <span class='ocrx_word' id='word_1_152' title='bbox 1376 2051 1400 2100; x_wconf 82' lang='lat'><strong>9.</strong></span> <span class='ocrx_word' id='word_1_153' title='bbox 1419 2049 1504 2116; x_wconf 67' lang='lat' dir='ltr'><strong>emm]</strong></span> <span class='ocrx_word' id='word_1_154' title='bbox 1521 2050 1596 2102; x_wconf 65' lang='lat' dir='ltr'><strong>olom</strong></span> 
     </span>
     <span class='ocr_line' id='line_1_17' title="bbox 275 2123 1485 2189; baseline 0.003 -15"><span class='ocrx_word' id='word_1_155' title='bbox 275 2124 341 2187; x_wconf 73' lang='lat' dir='ltr'><strong>qood</strong></span> <span class='ocrx_word' id='word_1_156' title='bbox 356 2125 390 2186; x_wconf 73' lang='grc' dir='ltr'><strong>ις</strong></span> <span class='ocrx_word' id='word_1_157' title='bbox 410 2123 460 2176; x_wconf 88' lang='lat' dir='ltr'><strong>sed</strong></span> <span class='ocrx_word' id='word_1_158' title='bbox 476 2124 565 2177; x_wconf 86' lang='lat' dir='ltr'><strong>firmat</strong></span> <span class='ocrx_word' id='word_1_159' title='bbox 580 2123 650 2189; x_wconf 81' lang='lat' dir='ltr'><strong>vulg.</strong></span> <span class='ocrx_word' id='word_1_160' title='bbox 669 2125 729 2176; x_wconf 86' lang='lat' dir='ltr'><strong>soh.</strong></span> <span class='ocrx_word' id='word_1_161' title='bbox 750 2147 777 2164; x_wconf 89' lang='lat'><strong>-·</strong></span> <span class='ocrx_word' id='word_1_162' title='bbox 797 2125 838 2175; x_wconf 79' lang='lat' dir='ltr'><strong>ts.</strong></span> <span class='ocrx_word' id='word_1_163' title='bbox 857 2136 890 2174; x_wconf 75' lang='lat' dir='ltr'><strong>aa&gt;</strong></span> <span class='ocrx_word' id='word_1_164' title='bbox 905 2125 996 2175; x_wconf 63' lang='lat' dir='ltr'><strong>auimo</strong></span> <span class='ocrx_word' id='word_1_165' title='bbox 1012 2137 1066 2176; x_wconf 87' lang='lat' dir='ltr'><strong>om.</strong></span> <span class='ocrx_word' id='word_1_166' title='bbox 1084 2126 1176 2177; x_wconf 82' lang='lat' dir='ltr'><strong>Fraus.</strong></span> <span class='ocrx_word' id='word_1_167' title='bbox 1196 2151 1224 2164; x_wconf 89' lang='lat'><em>-</em></span> <span class='ocrx_word' id='word_1_168' title='bbox 1243 2125 1283 2177; x_wconf 73' lang='grc'><strong>43.</strong></span> <span class='ocrx_word' id='word_1_169' title='bbox 1301 2126 1442 2178; x_wconf 71' lang='lat' dir='ltr'><strong>mulum</strong></span> <span class='ocrx_word' id='word_1_170' title='bbox 1457 2139 1485 2188; x_wconf 83' lang='grc' dir='ltr'><strong>χ.</strong></span> 
     </span>
    </p>
   </div>
   <div class='ocr_carea' id='block_1_4' title="bbox 0 0 1828 5888">
    <p class='ocr_par' dir='ltr' id='par_1_4' title="bbox 0 0 1828 5888">
     <span class='ocr_line' id='line_1_18' title="bbox 0 0 1828 5888; baseline 0 1"><span class='ocrx_word' id='word_1_171' title='bbox 0 0 1828 5888; x_wconf 95' lang='lat' dir='ltr'><strong> </strong></span> 
     </span>
    </p>
   </div>
  </div>
 </body>
</html>
