3684 5862
286 410 327 478 30
572 417 723 486 ORATIO
745 417 824 486 PRO
846 417 935 488 SEX.
957 418 1105 488 ROSCIO
1127 421 1312 490 mauro

368 592 393 657 I.
416 585 446 654 l.
469 589 569 655 Credo
592 612 651 676 ego
665 611 740 668 ros,
761 592 898 670 iudices,
921 593 1045 670 44444444,
1068 593 1145 678 quid
1161 594 1203 658 sit
1218 593 1319 678 quod,
1341 613 1412 658 cum
1427 597 1475 656 tot
1489 592 1604 656 summi

287 694 428 752 oratores
455 685 666 772 hominesque
698 686 886 752 nobilissimi
915 689 1064 764 sedeant,
1094 709 1153 774 ego
1175 689 1376 773 potissimum
1398 688 1602 763 surrexerim,

286 785 341 867 qui
364 803 468 868 neque
490 789 592 846 aetate
614 802 719 865 neque
740 783 869 866 ingenio
891 775 996 867 neque
1019 784 1205 847 auctoritate
1227 783 1287 846 sim
1309 782 1460 857 cumbis,
1483 781 1537 866 qui
1553 802 1603 844 se·

285 879 398 952 deant,
422 877 662 960 comparandus.
698 875 816 940 Omnes
837 877 888 952 bi,
912 898 993 962 quos
1015 879 1129 942 ridetis
1152 879 1279 954 adesse,
1303 879 1336 942 in
1357 878 1417 940 bac
1439 896 1534 940 causa
1554 877 1603 939 in·

261 973 396 1036 siuriam
423 991 508 1036 novo
538 970 658 1034 scelere
682 972 847 1034 conflatam
868 979 983 1055 putant
1004 978 1150 1054 oportere
1174 972 1318 1046 defendi,
1350 969 1518 1034 defendere
1540 969 1601 1053 ipsi

284 1075 415 1150 propter
434 1065 636 1148 iniquitatem
658 1070 836 1149 temporum
857 1086 922 1128 non
944 1067 1070 1128 audent.
1102 1067 1149 1129 lta
1170 1064 1220 1140 lit,
1243 1074 1278 1129 ut
1299 1067 1404 1129 adsint
1424 1072 1601 1149 propterea,

285 1162 371 1245 quod
393 1157 533 1224 officium
556 1167 747 1243 sequuntur,
771 1167 895 1222 taceant
915 1167 1021 1223 autem
1043 1160 1179 1235 ideirco,
1204 1161 1279 1244 quia
1300 1159 1476 1243 periculum
1490 1161 1600 1223 vitant

282 1253 312 1318 2.
337 1257 422 1332 Quid
444 1255 542 1337 ergo?
565 1253 793 1317 audacissimus
816 1273 874 1336 ego
891 1273 931 1316 ex
946 1254 1116 1319 omnibus?
1149 1255 1289 1319 Minime.
1322 1257 1364 1318 At
1377 1263 1464 1318 tanto
1480 1253 1602 1321 officio·

284 1353 349 1414 sior
377 1370 472 1435 quam
502 1352 620 1415 ceteri?
655 1354 702 1416 Ne
732 1351 823 1414 istius
851 1353 981 1435 quidem
1009 1351 1111 1414 laudis
1141 1351 1185 1412 ita
1207 1349 1266 1412 sim
1290 1352 1439 1434 cupidus,
1474 1356 1509 1414 ut
1530 1350 1601 1413 aliis

246 1459 353 1509 toeam
374 1453 572 1530 praereptam
594 1447 698 1510 velim.
734 1446 825 1521 Quae
848 1467 898 1509 me
920 1445 1016 1528 igitur
1036 1465 1088 1507 res
1110 1451 1235 1526 praeter
1258 1451 1380 1508 ceteros
1402 1444 1545 1527 impulit,
1567 1452 1602 1507 ut

283 1560 410 1604 causam
433 1541 505 1604 Sex.
527 1542 633 1604 Roscii
654 1541 851 1624 reciperem?
883 1539 982 1615 Quia,
1005 1540 1031 1602 si
1055 1537 1109 1621 qui
1132 1537 1265 1603 istorum
1288 1539 1435 1614 dixisset,
1459 1537 1602 1623 44444(νί-

283 1634 365 1698 detis
386 1634 514 1710 adesse,
545 1635 578 1697 in
600 1635 716 1718 quibus
739 1652 861 1712 summa
883 1633 1054 1695 auctoritas
1077 1639 1125 1694 est
1146 1639 1241 1716 atque
1263 1629 1461 1732 amplitudo)
1483 1633 1510 1698 si
1532 1654 1602 1718 rer·

281 1729 357 1791 bum
379 1730 419 1792 de
439 1750 473 1793 re
496 1729 623 1813 publica
638 1727 782 1802 fecisset,
805 1727 838 1789 id
855 1727 941 1809 quod
955 1727 989 1790 in
1003 1726 1063 1788 bac
1079 1745 1174 1788 causa
1188 1723 1256 1788 fieri
1271 1745 1401 1790 necesse
1416 1734 1479 1802 est,
1501 1727 1600 1790 multo

281 1825 374 1908 plura
395 1824 531 1900 dixisse,
562 1843 658 1907 quam
680 1823 831 1895 dixisset,
860 1827 1043 1903 putaretur:
1071 1817 1100 1882 3.
1125 1840 1183 1903 ego
1207 1821 1302 1884 etiam
1325 1822 1351 1884 si
1374 1823 1496 1898 omnia,
1519 1841 1600 1906 quae

245 1919 416 1982 indicenda
438 1926 527 1994 sunt,
549 1918 647 1981 libere
663 1917 790 1991 dixero,
813 1935 1016 1999 nequaquam
1030 1923 1136 1979 44444444
1151 1915 1297 1979 similiter
1312 1915 1412 1979 oratio
1428 1936 1498 1979 mea
1512 1917 1600 1980 exire

282 2019 377 2096 atque
399 2012 432 2077 in
453 2013 567 2095 vulgus
589 2030 735 2074 emanare
760 2009 891 2093 poterit:
915 2009 1043 2084 deinde,
1067 2009 1154 2092 quod
1170 2016 1347 2072 ceterorum
1362 2030 1467 2094 neque
1482 2009 1600 2073 dictum

282 2106 451 2171 obscurum
472 2115 669 2190 potestesse
691 2113 822 2187 propter
843 2103 1041 2166 nobilitatem
1056 2111 1088 2165 et
1102 2103 1343 2186 amplitudinem
1365 2123 1470 2188 neque
1484 2109 1601 2166 temere

282 2201 366 2265 dicto
396 2201 528 2264 concedi
559 2206 689 2284 propter
714 2204 849 2262 aetatem
872 2204 905 2259 et
925 2197 1143 2279 prudentiam:
1172 2217 1231 2279 ego
1253 2198 1280 2262 si
1302 2199 1381 2282 quid
1402 2199 1532 2262 liberius
1555 2199 1602 2261 di-

280 2315 374 2370 xero,
396 2295 448 2358 vel
471 2296 630 2359 occultum
652 2313 739 2368 esse,
761 2298 929 2376 propterea
951 2292 1038 2374 quod
1060 2293 1201 2354 nondum
1220 2294 1260 2354 ad
1281 2313 1348 2356 rem
1369 2293 1529 2375 publicam
1551 2312 1601 2357 ac·

244 2390 379 2465 4044444,
410 2389 462 2452 rel
490 2390 612 2472 ignosci
639 2387 872 2452 adolescentiae
894 2386 1030 2468 poterit:
1050 2373 1189 2462 (tametsi
1212 2407 1277 2450 non
1299 2388 1393 2451 modo
1416 2387 1601 2471 ignoscendi

280 2485 377 2559 ratio,
399 2503 509 2546 rerum
531 2484 627 2547 etiam
648 2480 862 2567 cognoscendi
885 2481 1082 2543 consuetudo
1104 2482 1167 2544 iam
1190 2481 1229 2544 de
1252 2483 1377 2546 civitate
1400 2483 1530 2569 subl-ata
1544 2474 1616 2576 est.)

280 2576 311 2640 i.
333 2577 465 2640 Accedit
486 2577 541 2641 illa
564 2598 692 2662 quoque
716 2596 826 2649 causa,
850 2576 937 2658 quod
960 2594 978 2637 a
1000 2575 1114 2638 ceteris
1135 2576 1268 2639 forsitan
1291 2577 1335 2640 ita
1356 2578 1490 2661 petitum
1512 2577 1554 2639 sit
1567 2582 1603 2639 ut

281 2675 437 2746 dicerent,
467 2679 504 2734 ut
523 2673 678 2735 utrumvis
701 2671 788 2734 salvo
812 2665 917 2732 officio
939 2668 1043 2731 lacere
1066 2689 1101 2731 se
1123 2689 1217 2753 posse
1240 2672 1484 2735 arbitrarentur:
1512 2693 1530 2734 a
1551 2691 1601 2733 me

281 2775 386 2830 autem
408 2765 431 2828 ii
453 2766 699 2838 contenderunt,
730 2765 785 2849 qui
815 2764 900 2846 apud
922 2784 972 2826 me
996 2770 1028 2826 et
1048 2764 1187 2828 amicitia
1209 2773 1241 2828 et
1262 2763 1424 2830 beneficiis
1447 2774 1478 2828 et
1500 2765 1602 2849 digni·

243 2868 345 2924 rotate
367 2860 538 2943 plurimum
552 2866 704 2942 possunt,
728 2878 864 2942 quorum
883 2878 942 2941 ego
958 2877 1017 2920 nec
1031 2857 1285 2923 benevolentiam
1301 2880 1376 2943 erga
1390 2880 1440 2923 me
1455 2860 1600 2943 ignorare

280 2974 338 3017 nec
360 2952 580 3017 auctoritatem
602 2952 764 3036 aspernari
786 2971 845 3015 nec
860 2952 1055 3015 voluntatem
1078 2951 1239 3035 negligere
1255 2954 1395 3016 debeam.
1431 2955 1469 3016 11.
1492 2953 1521 3016 5.
1543 2953 1601 3017 llis

281 3051 320 3113 de
343 3048 446 3112 causis
467 3067 526 3130 ego
548 3047 623 3111 huic
646 3066 759 3110 causae
782 3052 935 3129 patronus
958 3045 1082 3122 exstiti,
1105 3066 1170 3108 non
1193 3047 1312 3110 electus
1334 3068 1435 3122 unus,
1459 3048 1514 3133 qui
1536 3068 1601 3110 ma-

279 3145 366 3207 ximo
394 3143 540 3227 ingenio,
574 3143 629 3205 sed
660 3142 788 3205 relictus
818 3160 859 3202 ex
881 3141 1041 3215 omnibus,
1075 3141 1131 3224 qui
1152 3142 1284 3205 minimo
1306 3143 1449 3225 periculo
1472 3163 1598 3226 possem

280 3238 403 3311 dicere,
430 3257 535 3322 neque
561 3235 609 3302 uti
639 3236 715 3300 satis
742 3231 832 3299 firmo
854 3234 1020 3319 praesidio
1043 3234 1192 3298 defensus
1216 3236 1289 3298 Sex.
1311 3236 1461 3312 Roscius,
1490 3256 1599 3300 rerum

60 3311 134 3406 rsit.
242 3331 326 3395 444444
348 3353 388 3396 ne
411 3329 540 3395 omnino
563 3332 707 3395 desertus
730 3336 822 3393 esset.
842 3327 1003 3396 (Forsitan
1024 3329 1200 3411 quaeratis,
1224 3329 1278 3416 qui
1301 3329 1361 3392 iste
1383 3336 1485 3394 terror
1507 3331 1548 3396 sit
1568 3337 1600 3393 et

79 3433 172 3567 {aa
193 3468 249 3532 ,43
280 3446 362 3521 :prae
384 3431 472 3489 tanta
491 3424 645 3501 formido,
677 3443 759 3518 quae
790 3430 896 3487 totae
918 3423 997 3487 tales
1019 3423 1105 3488 viros
1127 3419 1301 3520 impediat)
1315 3443 1392 3520 [quo
1414 3425 1520 3489 minus
1541 3443 1598 3508 pro

165 3515 191 3541 ι’
225 3520 230 3548 Ι
327 3518 339 3528 '⁴
599 3529 602 3542 4
701 3513 711 3528 ‘
738 3515 756 3524 '⁸¹

123 3585 198 3684 pq
344 3641 481 3692 lacrumo
498 3648 635 3689 onericus.
670 3637 706 3688 Μ.
726 3636 751 3687 T.
770 3636 797 3688 C.
811 3650 862 3700 pru
878 3636 946 3688 Sesto
962 3637 1048 3688 Roscio
1064 3636 1180 3688 4444444444
1196 3637 1278 3688 oratio
1294 3637 1381 3699 44444444
1396 3631 1436 3698 li:
1463 3637 1536 3689 84444
1551 3637 1601 3690 flo-

278 3718 323 3769 4444
338 3715 445 3768 4444444444
461 3715 543 3782 cretio
559 3711 690 3776 incipitis
705 3725 794 3776 gerere
809 3712 918 3762 4444444444
934 3712 1014 3774 Gud.;
1033 3714 1060 3764 in
1078 3715 1098 3763 G
1114 3711 1184 3764 nulle
1202 3717 1244 3764 est
1258 3715 1336 3764 vetus
1353 3714 1497 3779 inscriptio.

345 3793 369 3844 3.
389 3793 431 3856 poi
447 3791 603 3844 Vblvec:
621 3789 643 3838 tr
658 3788 703 3850 que
720 3789 782 3850 GL,
801 3788 816 3838 4
834 3787 912 3839 codd.
932 3786 994 3838 Lall.
1009 3813 1036 3825 -
1056 3789 1257 3842 bisttvao:
1275 3789 1323 3839 44444
1339 3791 1360 3839 G
1377 3791 1415 3855 (ut
1431 3803 1540 3857 semper
1555 3791 1602 3843 ba·

279 3867 326 3920 bet
342 3869 369 3918 et
385 3880 433 3934 pro
449 3867 487 3917 444
503 3868 531 3917 44
546 3877 595 3930 pro
610 3864 654 3926 tie,
674 3863 746 3927 quod
763 3865 875 3928 posthac
891 3878 945 3915 non
961 3865 1097 3929 enotabo);
1115 3867 1147 3916 444
1163 3866 1241 3917 codd.
1255 3865 1305 3916 alii.
1321 3891 1348 3902 -
1366 3867 1449 3918 sedeci
1464 3867 1553 3933 ibag.
1571 3893 1598 3906 —

279 3943 304 3996 4.
322 3943 498 4006 coeperamus
513 3941 544 3991 V.
567 3967 591 3979 -
613 3953 695 3990 omnes
710 3937 736 3988 444
751 3939 785 4000 V,
810 3940 886 4003 Sch.,
906 3942 966 4005 Lag.
985 3943 1033 3993 65:
1058 3955 1140 3993 omne:
1161 3943 1227 3993 4444444
1242 3942 1267 3991 it
1284 3939 1340 3992 rell.
1359 3943 1388 3993 0.
1409 3969 1436 3978 -
1455 3944 1551 4005 444444,
1574 3941 1601 3994 to

278 4020 326 4070 4444
342 4018 429 4083 como]
447 4018 485 4069 sic
502 4015 618 4068 distinxit
634 4016 653 4066 1.
668 4016 701 4066 bl.
715 4015 874 4078 Heusinger:
892 4014 934 4066 olii
946 4029 1050 4069 comma
1062 4020 1122 4084 post
1133 4031 1211 4068 cosso
1221 4017 1330 4069 habent.
1350 4018 1389 4070 Ci.
1403 4019 1489 4070 Madv.
1503 4021 1598 4085 opusc.

279 4097 310 4146 11.
328 4109 355 4160 p.
374 4094 431 4146 338.
449 4095 504 4145 not.
523 4093 547 4144 4.
568 4117 595 4128 -
614 4092 637 4141 b.
656 4089 711 4154 ipsi]
728 4091 776 4153 ipsi
792 4093 879 4140 sotem
896 4091 926 4142 V.
946 4117 974 4128 -
999 4094 1023 4144 6.
1041 4095 1157 4156 4444444444
1173 4095 1233 4157 Lag.
1246 4093 1270 4142 0.
1291 4119 1317 4130 -
1343 4092 1367 4144 i.
1385 4099 1504 4156 sepootw
1519 4093 1549 4144 V.
1570 4117 1598 4130 ·-

280 4174 363 4221 4444444
386 4182 439 4220 om.
457 4169 519 4231 Lag.
538 4166 578 4218 60.
600 4193 627 4204 -
645 4167 726 4216 vitant
741 4165 777 4214 V:
801 4170 912 4217 4444444444
934 4166 990 4218 rell.
1010 4169 1038 4218 0.
1059 4195 1087 4206 -
1107 4170 1131 4221 8.
1150 4169 1186 4234 ot]
1205 4169 1243 4219 sic
1260 4167 1339 4219 codd.
1359 4166 1414 4219 lere
1432 4181 1543 4220 omnes:
1570 4181 1601 4218 oc

279 4244 303 4294 V
319 4246 346 4295 et
366 4244 427 4307 Lag.
445 4244 491 4302 46;
518 4257 553 4294 oo
573 4243 633 4293 Sch.
657 4243 741 4308 (atque
760 4241 861 4292 minime
882 4247 952 4294 teoto
972 4243 1011 4306 G.)
1035 4268 1063 4280 -
1087 4245 1111 4295 9.
1129 4245 1176 4296 :tm
1192 4245 1214 4295 V
1232 4247 1259 4295 et
1274 4245 1335 4308 Lag.
1354 4244 1399 4295 26:
1427 4258 1480 4295 om.
1499 4245 1546 4294 44444
1562 4245 1598 4304 G:

278 4333 334 4370 som
349 4317 405 4370 rell.
425 4319 453 4370 0.
473 4345 502 4356 -
521 4320 560 4369 40.
579 4332 636 4369 eom
651 4331 704 4369 om.
724 4318 784 4380 Lag.
803 4317 844 4367 46.
865 4345 892 4355 -
911 4318 951 4369 44.
971 4321 1041 4370 Rosci
1056 4320 1087 4370 V.
1108 4346 1135 4358 -
1155 4322 1176 4370 44
1193 4321 1236 4383 ost
1251 4320 1287 4370 V:
1305 4321 1327 4370 st
1344 4321 1399 4382 ooo
1414 4318 1470 4372 rell.
1489 4321 1518 4371 0.
1546 4320 1599 4383 Ego

279 4392 385 4446 malim:
405 4395 425 4444 si
442 4395 604 4458 4444044444.
619 4421 646 4430 -
666 4393 705 4444 43.
723 4393 803 4442 4444444
814 4393 843 4444 G.
859 4422 886 4431 -
905 4395 945 4445 44.
959 4397 1035 4446 etism
1049 4396 1234 4448 sthlvac:
1252 4395 1442 4447 etsicbarisius
1453 4407 1479 4459 p.
1494 4395 1541 4446 440
1554 4395 1598 4454 L.;

279 4477 364 4522 4444444
379 4471 400 4520 rt
416 4471 439 4520 V
456 4469 541 4530 solus,
560 4482 642 4534 quern
657 4470 685 4519 b.
703 4467 719 4518 l.
739 4470 846 4534 propter
864 4469 973 4521 Charisii
991 4473 1174 4523 auctoritatem
1191 4473 1268 4535 sequi
1285 4469 1364 4522 nolui.
1392 4469 1430 4521 Cf.
1443 4471 1533 4520 tamen
1545 4471 1601 4519 ior·

278 4548 331 4599 dan
348 4547 374 4596 in
390 4546 504 4596 zeitschr.
521 4547 566 4610 fite
580 4547 620 4595 444
634 4545 815 4596 Attertbsmsw.
833 4541 906 4596 4844.
925 4559 951 4611 p.
971 4547 1027 4598 659.
1047 4573 1075 4584 -
1094 4548 1134 4597 46.
1153 4547 1242 4611 444944
1257 4547 1288 4596 V.
1312 4569 1339 4584 -
1362 4546 1404 4598 40.
1422 4545 1600 4596 &mertias

277 4624 315 4675 V:
337 4622 515 4672 odobsoemtoe
529 4633 600 4672 444444
615 4619 672 4670 4444.
691 4622 720 4671 0.
741 4647 768 4658 -
789 4620 829 4670 44.
847 4621 900 4671 icen
916 4634 970 4672 om.
989 4624 1017 4672 G.
1038 4649 1065 4659 -
1090 4623 1190 4673 44444444
1206 4623 1262 4685 ipso
1277 4624 1307 4673 G.
1328 4649 1355 4658 -
1381 4621 1502 4672 4440444444
1517 4621 1548 4671 V.
1570 4643 1596 4656 -

277 4700 319 4751 44.
338 4710 435 4762 guoque
450 4710 504 4749 om.
523 4696 584 4747 Scb.
604 4721 631 4731 -
649 4695 690 4746 43.
708 4701 737 4746 ot
753 4697 814 4746 ante
829 4700 881 4746 ser.
900 4709 953 4746 om.
970 4697 1025 4747 Vv.
1047 4725 1074 4734 -
1092 4700 1175 4762 faeere
1191 4710 1257 4748 sev:
1275 4698 1320 4760 fo.
1333 4735 1338 4748 .
1351 4735 1356 4748 .
1370 4711 1398 4747 ,4
1414 4695 1599 4761 V(·absoissis

278 4773 362 4824 ultimi
383 4784 477 4823 versus
497 4769 603 4832 litteris,
625 4769 782 4834 videturque
799 4783 852 4821 non
870 4773 998 4823 omissum
1015 4772 1095 4824 luisse
1111 4785 1274 4839 pronomen,
1298 4772 1347 4824 sed
1368 4774 1496 4838 scriptum
1516 4773 1600 4837 444444

277 4863 311 4912 sa,
330 4848 403 4914 qnod
420 4846 481 4899 edd.
500 4846 633 4910 principes
651 4844 802 4898 exhibent.»
817 4847 963 4910 bissonum
982 4861 1007 4898 44
1022 4848 1105 4910 facere
1122 4851 1262 4903 Gitone.
1287 4849 1325 4900 ci.
1344 4848 1367 4912 g.
1381 4849 1428 4899 ⁴0:
1447 4847 1601 4912 osomlom

277 4937 318 4976 4444
330 4937 402 4988 posse
417 4923 535 4987 iotctttpc.
555 4945 583 4958 -
606 4920 648 4972 44.
666 4922 685 4970 it
702 4922 756 4982 444,
778 4933 831 4972 ec:
853 4922 878 4972 444
895 4924 975 4984 Vidi,
993 4937 1020 4974 v.
1041 4951 1069 4961 -
1091 4930 1152 4988 aput
1168 4925 1218 4976 VG
1235 4925 1284 4991 (sic
1300 4937 1408 4990 semper
1425 4925 1463 4986 G).
1483 4949 1510 4959 -
1535 4921 1600 4972 beci-

276 5001 340 5065 444444
356 5002 386 5051 G.
406 5025 434 5036 -
452 5000 493 5050 43.
511 5011 556 5049 ooo
572 4998 636 5048 VL:
657 5010 736 5060 oeque
752 4996 809 5048 rell.
822 4999 851 5049 0.
872 5026 900 5036 -
918 4999 1106 5051 beniuolentiam
1123 5002 1243 5064 Gilva,
1260 5004 1290 5052 ut
1306 5012 1421 5065 semper.
1437 5021 1464 5034 -
1484 5010 1545 5061 erge
1561 5007 1600 5047 me

279 5087 332 5125 om.
352 5075 413 5139 Lag.
427 5075 468 5126 440.
482 5101 510 5111 -
528 5073 570 5125 44.
588 5086 667 5136 mooe
680 5072 722 5124 bis
733 5085 750 5122 v
766 5073 815 5138 pio
826 5087 879 5126 nec.
893 5102 921 5112 -
934 5075 1049 5127 debebam
1060 5076 1128 5125 coni.
1141 5075 1252 5127 Ernesti.
1268 5103 1295 5113 -
1314 5075 1354 5126 47.
1368 5072 1440 5124 extiti
1451 5073 1519 5122 Gva
1529 5083 1553 5132 o,
1571 5071 1601 5120 ut

279 5163 395 5218 semper.
407 5178 435 5190 -
447 5152 489 5206 28.
497 5151 592 5218 posim
602 5149 634 5216 V,
647 5151 693 5216 qui
703 5151 748 5203 hio
759 5150 863 5204 desinit.
876 5176 905 5188 -
917 5150 959 5203 30.
972 5151 1095 5216 amoos
1105 5152 1167 5215 Lag.
1180 5151 1220 5203 48.
1235 5177 1263 5189 -
1276 5150 1317 5204 34.
1330 5149 1447 5201 44444444
1458 5146 1598 5210 eteiagg.
