3648 5888
613 432 687 500 cn.
708 431 921 498 xv-xur.
948 429 1004 515 §a
1026 427 1175 498 rr-ca.
1514 435 1556 501 ss

233 623 321 669 cesse
341 609 391 668 est
411 604 606 668 castissimus
628 609 661 668 ct
681 602 956 667 constantissimus
971 622 1040 666 esse
1055 601 1215 680 rideatur,
1239 605 1359 690 quiid,
1384 604 1472 692 quod
1487 608 1557 686 scit,

232 699 443 764 familiaribus
465 699 531 763 suis
553 699 639 763 dicit
683 695 815 792 l8.(l)ic
836 718 937 773 nunc,
959 698 986 762 si
1007 706 1116 781 potes,
1138 699 1165 762 si
1187 719 1255 775 res,
1277 701 1304 763 si
1320 719 1414 765 causa
1428 701 1557 785 patitur,
1634 701 1713 807 (ᾖ

234 793 380 858 Cluvium
403 814 472 858 esse
494 794 688 903 mentitum.)
703 793 854 857 Mentitus
876 800 925 857 cst
940 793 1091 857 Cluvius?
1118 794 1192 877 lpsa
1206 794 1283 856 mihi
1298 797 1415 861 veritas
1430 795 1558 861 manum

231 888 336 952 iniicit
357 894 388 952 et
410 888 573 973 paulisper
594 895 767 952 consistere
790 896 822 951 et
843 889 1032 952 commorari
1054 889 1147 970 cogit.
1182 889 1270 952 Unde
1291 890 1353 954 hoc
1375 897 1478 954 totum
1500 891 1558 954 du-

233 989 318 1046 ctum
339 989 371 1045 e't
392 979 563 1047 conflatum
584 982 783 1046 mendacium
807 985 880 1046 esti
913 983 1048 1060 Roscius
1070 990 1118 1045 est
1135 983 1284 1047 videlicet
1304 983 1401 1048 homo
1424 984 1558 1048 callidus
1581 1007 1596 1054 a

233 1085 265 1140 et
285 1082 443 1141 versutus.
485 1079 554 1142 lloc
584 1078 676 1141 initio
706 1078 845 1160 cogitare
875 1079 1000 1162 eoepit:
1031 1078 1183 1161 quoniam
1204 1073 1344 1143 Fannius
1367 1099 1385 1142 a
1407 1097 1457 1142 me
1479 1079 1560 1164 petit

232 1173 292 1238 Hs
315 1189 402 1247 moo,
424 1182 532 1256 petam
554 1192 573 1235 a
597 1172 630 1235 C.
654 1171 782 1247 Cluvio,
813 1171 924 1256 equite
944 1173 1101 1244 Romano,
1130 1173 1332 1236 ornatissimo
1354 1173 1502 1249 homine,
1523 1180 1560 1238 ut

233 1288 304 1333 mea
325 1288 421 1332 causa
442 1266 632 1342 mentiatur3
655 1266 741 1328 dicat
762 1265 957 1329 decisionem
977 1265 1093 1329 factam
1115 1287 1203 1356 esse,
1226 1268 1405 1352 quaefacta
1419 1290 1484 1332 non
1500 1277 1558 1345 est,

232 1364 292 1429 Hs
315 1381 443 1425 cccrono
466 1381 485 1424 a
505 1361 616 1424 Flavio
638 1360 711 1422 data
734 1379 803 1422 esse
826 1358 965 1434 Fannio,
997 1379 1079 1443 quae
1108 1360 1181 1423 data
1207 1381 1273 1424 non
1295 1369 1378 1426 sunt.
1419 1364 1477 1426 Est
1497 1363 1559 1426 hoc

232 1458 425 1542 principium
437 1456 576 1540 improbi
591 1454 706 1528 animi,
728 1455 834 1517 miseri
850 1454 986 1538 ingenii,
1001 1452 1233 1536 nulliconsilii.
1255 1453 1306 1519 49.
1322 1457 1407 1533 Quid
1422 1457 1558 1522 deinde?
1568 1482 1596 1530 to
1669 1435 1692 1509 ἶ

232 1553 442 1636 Posteaquam
471 1569 506 1614 se
535 1550 695 1634 praeclare
718 1546 930 1624 confirmavit,
958 1549 1046 1613 venit
1067 1549 1108 1611 ad
1131 1548 1287 1614 Cluvium.
1331 1552 1434 1627 Quem
1456 1541 1559 1616 homiss
1662 1530 1679 1559 ‘

231 1648 329 1710 nemi
372 1647 511 1709 Larem?
542 1646 640 1708 immo
663 1643 892 1725 gravissimum.
933 1643 1106 1706 Mobilemi
1138 1645 1235 1708 immo
1258 1647 1558 1711 constantissimum.

232 1737 454 1806 Familiarer'nt
483 1739 581 1801 immo
604 1738 843 1800 alienissimum.
886 1739 978 1801 Hunc
1004 1745 1115 1820 postea
1137 1759 1233 1823 quarn
1249 1731 1419 1816 salutavit,
1447 1762 1559 1825 rogare

233 1836 339 1918 coepit
359 1831 476 1898 blande
492 1841 524 1895 et
541 1833 696 1896 concinne
712 1831 849 1894 scilicet:
871 1831 1004 1894 mandre
1019 1851 1090 1896 mea
1105 1853 1217 1908 causa;
1235 1834 1313 1898 viris
1334 1837 1473 1918 optimis,
1496 1837 1559 1899 tuis

232 1928 443 1994 familiaribus
465 1927 684 2011 praesentibus
706 1922 758 1988 dic
778 1925 921 1989 Flavium
944 1946 1016 1990 cum
1028 1928 1151 1990 Fannio
1173 1928 1212 1990 de
1226 1929 1372 2011 Panurgo
1394 1928 1559 2007 decidisse,
1569 1953 1597 2000 ts

235 2023 292 2108 qui
319 2022 401 2085 nihil
431 2021 601 2104 transegit;
634 2020 686 2084 dic
707 2019 767 2084 HS
789 2038 918 2081 ccciccc
941 2020 1083 2096 dedisse,
1115 2021 1170 2106 qui
1193 2041 1295 2086 assem
1317 2022 1441 2086 nullum
1463 2024 1560 2089 decit

235 2118 320 2195 Quid
341 2117 397 2179 ille
419 2113 611 2199 respondit?
646 2117 715 2198 Ego
736 2135 813 2178 vero
836 2115 951 2199 cupide
973 2123 1005 2180 et
1026 2117 1163 2180 libenter
1184 2117 1321 2181 mentiar
1341 2127 1396 2186 tua
1410 2119 1506 2182 causa
1519 2126 1560 2195 et,

235 2217 262 2279 si
286 2211 414 2298 quando
437 2232 487 2274 mc
509 2209 558 2274 vis
579 2209 744 2292 peierare,
765 2201 803 2272 ut
824 2201 989 2293 paululum
1010 2219 1046 2274 tu
1068 2209 1251 2295 compendii
1271 2211 1385 2287 facias,
1415 2218 1561 2296 paratum

234 2310 302 2373 fore
324 2307 420 2382 scit03
442 2303 591 2369 nonfuit
612 2324 724 2379 causa,
747 2323 803 2367 cur
824 2309 948 2367 tantum
969 2305 1111 2368 laborem
1133 2325 1262 2389 caperes
1286 2315 1318 2370 et
1339 2307 1379 2370 ad
1400 2328 1452 2370 mc
1473 2305 1562 2369 veni-

235 2424 300 2467 res:
323 2422 382 2485 per
400 2391 546 2464 mintium
562 2399 639 2475 hoc,
662 2400 749 2483 quod
767 2405 835 2462 erat
848 2407 913 2462 tam
928 2399 1015 2477 leve,
1037 2403 1212 2484 transigere
1227 2402 1373 2485 potuisti.
1395 2401 1495 2466 XVII.
1509 2391 1598 2476 5030

233 2499 292 2560 Pro
321 2495 416 2558 deum
444 2496 673 2578 bominumque
695 2491 807 2556 lideml
841 2494 902 2557 hoc
925 2502 981 2558 aut
1003 2495 1134 2558 Roscius
1156 2515 1308 2580 umquam
1331 2517 1350 2560 a
1373 2497 1484 2560 Cluvio
1506 2516 1562 2578 pe-

234 2593 338 2667 tisset,
361 2591 388 2653 si
411 2590 471 2654 Hb
486 2589 589 2652 milies
612 2590 645 2651 in
667 2587 821 2652 iudicium
836 2589 983 2663 haberet,
1005 2596 1062 2651 aut
1077 2589 1207 2654 Cluvius
1221 2591 1336 2654 Roscio
1350 2591 1470 2674 petenti
1485 2577 1562 2653 con-

234 2686 394 2760 cessisset,
425 2684 451 2748 si
479 2684 647 2748 universae
674 2683 811 2768 praedae
832 2685 991 2768 particeps
1014 2687 1123 2748 esset?
1166 2685 1229 2772 Vir
1251 2681 1489 2749 mediusfidius
1510 2690 1560 2761 tu,

232 2780 350 2853 Fanni,
384 2799 403 2841 a
429 2779 573 2842 Ballione
601 2786 656 2841 aut
684 2779 792 2863 aliquo
821 2781 891 2843 eius
918 2777 1013 2842 simili
1041 2780 1103 2842 hoc
1131 2785 1163 2843 et
1190 2769 1352 2864 postulare
1373 2779 1508 2860 auderes
1530 2787 1562 2843 ct

233 2877 401 2960 impetrare
428 2893 554 2957 posses,
592 2869 679 2958 qnod
710 2893 780 2937 cum
804 2881 852 2937 est
873 2873 1004 2936 veritate
1026 2872 1160 2948 falsum,
1193 2881 1260 2937 tum
1282 2874 1406 2938 ratione
1431 2894 1599 2959 quoquens

234 2978 282 3034 est
303 2968 500 3032 incredibile.
526 2947 722 3044 (Obliviscor
744 2967 828 3032 enim
850 2969 1001 3061 Roscium
1024 2975 1055 3031 et
1078 2967 1225 3032 Cluvium
1245 2971 1331 3062 piros
1354 2955 1424 3044 esse
1445 2957 1562 3053 primass
1641 2959 1752 3054 fg}

232 3065 316 3127 rios:
339 3063 502 3146 improbos
524 3063 677 3147 temporis
698 3084 795 3127 causa
816 3083 885 3128 esse
900 3059 1005 3146 lingo.i
1033 3059 1084 3126 ai.
1106 3064 1233 3126 Falsum
1250 3064 1434 3128 subornavit
1447 3071 1562 3127 testem

233 3159 367 3222 Roscius
391 3134 547 3221 Clffium.
583 3158 648 3223 Cur
667 3164 730 3222 tam
753 3159 848 3220 sero‘i
871 3176 942 3232 cur,
965 3122 1037 3220 calm
1057 3157 1156 3220 altera
1170 3159 1283 3241 pensio
1301 3156 1454 3221 solvenda
1468 3163 1562 3236 esset,

233 3275 299 3318 non
321 3260 405 3329 tum,
438 3272 509 3315 cum
537 3253 662 3335 prima‘l
696 3253 775 3315 Nam
806 3252 870 3314 ianr
897 3259 990 3314 antea
1012 3251 1071 3340 HR
1094 3271 1164 3312 roco
1188 3252 1386 3315 dissolverat.
1428 3250 1561 3325 Deinde,

235 3349 262 3413 si
284 3350 347 3411 iam
366 3341 564 3430 vpersuasum
592 3353 659 3409 erat
682 3346 813 3422 Cluvio,
843 3352 878 3410 ut
899 3347 1101 3421 mentiretur,
1131 3367 1187 3410 cur
1207 3346 1319 3429 potiusn
1339 3345 1399 3410 HS
1422 3364 1599 3420 cccrooo,30

235 3463 331 3527 quam
352 3459 480 3502 cccrooo
503 3457 631 3502 cccrooo
654 3460 781 3528 cccrooo
805 3441 877 3505 data
899 3440 982 3503 dixit
995 3441 1117 3503 Fannio
1141 3461 1162 3530 a
1174 3435 1297 3516 Flavio,
1321 3461 1392 3503 cum
1410 3460 1450 3503 ex
1471 3427 1562 3504 restiss

234 3533 399 3622 pulationc
420 3556 494 3630 pars
517 3538 585 3618 eius
608 3537 738 3600 dimidia
758 3535 865 3600 Roscii
888 3537 995 3599 esset?
1031 3534 1097 3596 lam
1127 3534 1295 3616 intelligis,
1327 3534 1360 3597 C.
1382 3535 1472 3612 Piso,
1501 3531 1563 3608 sibi

235 3629 311 3706 soli,
334 3629 477 3693 societati
500 3629 581 3693 nihil
602 3633 751 3696 Roscium
773 3633 900 3715 petisse.
934 3630 1002 3694 Hoc
1025 3650 1097 3693 cum
1117 3631 1213 3693 sentit
1229 3629 1372 3693 Saturius
1388 3649 1457 3693 esse
1472 3648 1563 3714 aper·⁴

235 3733 319 3801 tum,
351 3723 498 3788 resistcre
527 3732 559 3789 et
578 3745 756 3809 repugnare
779 3734 890 3789 contra
911 3727 1076 3789 veritatem
1098 3745 1163 3788 non
1185 3723 1296 3787 audet:
1331 3723 1418 3788 aliud
1441 3721 1563 3788 fraudis

235 3826 268 3883 et
287 3819 476 3883 insidiarum
496 3820 530 3882 in
552 3819 665 3883 eodem
686 3821 819 3904 vestigio
843 3819 1073 3884 deverticulum
1094 3819 1245 3902 repperit
1571 3842 1600 3890 as

319 3910 370 3977 52.
393 3912 531 3988 Petisse,
562 3914 683 3999 inquit,
710 3934 799 3977 suam
820 3921 943 3998 partem
964 3913 1116 3976 Roscium
1137 3933 1156 3975 a
1177 3912 1287 3976 Flavio
1309 3909 1480 3988 confiteor;
1508 3932 1563 3975 ra-

235 4028 325 4074 cuam
347 4013 381 4071 et
401 4008 555 4091 integram
577 4008 746 4093 reliquisse
768 4008 880 4070 Fannii
902 4007 1061 4070 concedo:
1092 4005 1166 4082 scd,
1191 4006 1278 4090 quod
1301 4005 1362 4069 sibi
1385 4005 1507 4089 exegit,
1529 4006 1563 4069 id

235 4123 402 4167 commune
429 4103 589 4168 societatis
618 4103 735 4166 factum
765 4123 835 4165 esse
857 4101 1028 4167 contendo.
1062 4100 1134 4178 Quo
1157 4100 1238 4164 nibil
1260 4099 1435 4185 captiosius
1456 4119 1562 4184 neque

283 4255 307 4304 t.
321 4254 496 4304 marusa
506 4269 535 4304 α.
547 4281 574 4292 -
593 4253 618 4305 l.
628 4254 708 4304 inlicit
718 4253 870 4304 Ernestius:
884 4253 966 4304 taison
978 4265 1040 4304 curn
1051 4249 1311 4304 codicibussrso
1332 4248 1491 4315 dipticae.
1502 4252 1560 4302 Aru.

235 4327 259 4392 9.
271 4329 312 4380 23.
325 4357 353 4366 -
365 4329 390 4378 7.
408 4329 521 4379 Romano
533 4341 586 4379 orn.
598 4343 618 4378 α
627 4329 656 4378 G.
672 4355 699 4364 -
718 4327 758 4378 40.
777 4330 869 4379 callias
884 4329 980 4380 consilii
991 4327 1046 4382 LE.
1068 4327 1141 4393 (ouili
1157 4339 1292 4392 superscr.
1305 4337 1342 4378 m.
1356 4338 1412 4377 sec.
1424 4325 1516 4376 sattim
1533 4341 1561 4389 α,

236 4403 320 4453 :Nulli
335 4415 384 4468 pro
396 4403 503 4453 audias»
516 4416 569 4467 mg.
583 4403 624 4467 Α.)
643 4402 681 4454 Ct.
695 4415 721 4468 p.
734 4402 854 4463 Quinctio
867 4404 891 4468 ἓ.
905 4405 929 4454 5.
942 4430 969 4439 -
984 4404 1024 4456 tt.
1041 4403 1167 4466 enacim]
1186 4403 1403 4453 continuatim.
1419 4429 1446 4438 -
1464 4402 1565 4452 martiri

235 4479 326 4528 atili.
347 4505 374 4515 -
393 4491 451 4529 meo
466 4491 545 4530 caasa
559 4478 630 4543 ciris]
648 4491 704 4528 eom
719 4491 776 4528 meo
791 4479 854 4529 ciris
871 4481 900 4540 G,
919 4493 983 4529 mea.
1002 4480 1064 4529 virts
1079 4479 1113 4530 ni.
1134 4507 1162 4517 -
1182 4478 1222 4528 t'l.
1239 4476 1365 4539 rospondit
1382 4490 1444 4528 cum
1461 4479 1563 4528 Iuntina

235 4565 288 4603 om.
305 4553 333 4616 L,
352 4551 415 4605 secl.
427 4553 456 4605 0.
466 4553 515 4604 sal.
535 4555 597 4620 (non
609 4553 637 4616 L)
656 4553 721 4616 Ouid
736 4553 799 4604 ille?
814 4569 859 4618 epo
875 4569 934 4604 cero
950 4555 1037 4618 crepida
1053 4560 1077 4606 at
1092 4553 1203 4615 libenter,
1221 4553 1315 4616 inquit,
1333 4553 1456 4604 martiar·
1467 4564 1521 4616 mg.
1534 4550 1561 4605 ἓ.

238 4656 265 4665 -
280 4628 319 4684 48.
332 4629 371 4677 cis
386 4641 439 4680 om.
450 4626 536 4684 anu
553 4633 579 4682 et
590 4631 617 4688 F,
637 4629 662 4679 in
675 4642 727 4694 quo
740 4629 867 4694 deinceps
880 4632 1043 4694 estpatercrc
1054 4629 1191 4694 oportuerit
1205 4634 1234 4679 ot
1246 4631 1297 4679 cet.
1310 4655 1337 4665 ·-
1355 4628 1396 4678 20.
1410 4628 1455 4676 hoc
1465 4627 1564 4689 quidm

236 4709 289 4754 tom
311 4703 361 4754 leva
377 4705 403 4756 1².
429 4735 456 4744 —
483 4709 523 4758 it.
539 4708 649 4771 petiisset
665 4708 714 4756 aa
724 4707 741 4756 L
751 4705 776 4760 2.
804 4706 910 4770 (petisset
930 4704 979 4768 BG
989 4705 1031 4768 bl.)
1052 4734 1078 4743 —
1105 4705 1146 4756 Ἠ.
1166 4702 1215 4756 nal.
1234 4706 1261 4754 ia
1281 4703 1386 4754 iudicio»
1408 4713 1461 4765 mg.
1483 4699 1509 4754 2.
1533 4727 1560 4737 -

236 4778 277 4830 ii.
296 4782 319 4829 ct
332 4779 460 4842 postolare
476 4783 647 4833 Garatonius:
666 4782 825 4844 expostulare
842 4795 904 4833 cum
922 4779 1060 4832 codicibus
1077 4779 1142 4842 AO,
1159 4780 1287 4843 postolare
1304 4791 1365 4829 cum
1379 4775 1510 4840 Naugerio
1528 4773 1563 4836 (in

235 4853 397 4917 Victoriana,
416 4869 468 4907 non
485 4858 511 4908 in
529 4856 621 4910 Aldina
639 4871 761 4923 quoque,
779 4860 809 4908 ut
825 4858 921 4909 asserit
934 4855 1097 4917 Garatoninsl
1115 4853 1169 4908 Li.
1186 4881 1212 4892 -—
1231 4855 1273 4906 26.
1291 4851 1440 4904 incredibilis
1454 4847 1517 4912 ori.
1533 4875 1560 4886 —

235 4927 277 4980 28.
295 4941 342 4979 cor
358 4934 428 4981 tanto
444 4945 499 4984 sero
516 4935 546 4983 Α.
567 4961 594 4969 -
613 4933 654 4983 3⁴.
674 4947 691 4982 o
708 4947 761 4984 om.
779 4931 899 4994 elidit.
916 4961 942 4969 -
962 4932 1001 4982 32.
1018 4931 1137 4995 iotcltiaes
1152 4929 1215 4993 βΜ.
1231 4959 1258 4968 -
1277 4930 1318 4980 33.
1331 4927 1445 4979 Rosciam
1461 4924 1523 4975 sibit
1532 4939 1560 4974 α.

237 5031 265 5042 -
281 5005 378 5068 petiisse
394 5009 425 5056 A.
447 5037 473 5045 -
493 5007 533 5060 3l.
553 5007 601 5058 sal.
619 5014 643 5060 et
655 5022 787 5072 pappare»
806 5021 859 5073 mg.
878 5007 904 5062 8.
926 5037 952 5045 -
977 5007 1017 5058 35.
1036 5007 1063 5057 io
1080 5021 1171 5058 errore
1189 5009 1293 5072 typogr.
1313 5017 1366 5055 orn.
1385 4998 1412 5056 ἓ.
1432 5027 1459 5038 -
1478 4999 1563 5052 divor·

235 5081 339 5142 semaa
354 5079 531 5144 abnuat.
547 5110 574 5120 -
609 5085 719 5147 reppetit
735 5085 806 5134 Gli:
823 5084 917 5147 reperit
932 5082 1047 5138 ΑΗΘ.
1063 5110 1090 5120 -
1110 5081 1150 5133 36.
1164 5082 1263 5144 petiisse
1277 5081 1316 5143 A,
1330 5077 1444 5146 politian
1458 5071 1560 5138 Bit,—

234 5161 339 5224 anam
354 5159 447 5214 alib.
468 5187 495 5200 -·
514 5159 546 5214 38
563 5171 604 5230 sq.
623 5160 699 5216 «tort.
716 5173 794 5227 oeque
809 5158 936 5223 iniquius»
955 5170 1009 5224 mg.
1026 5155 1054 5213 d.
1078 5156 1118 5211 ei.
1137 5155 1162 5222 5.
1180 5155 1223 5207 29.
