3578 5862
339 408 401 476 eas
708 419 762 484 nn
783 415 888 484 anca
909 415 1088 484 seman
1109 417 1228 484 annu
1248 417 1288 482 n.
1362 379 1364 383 ’

338 585 524 668 Pompeios,
545 587 709 652 Nuceriam
730 589 795 652 suis
816 587 981 671 praesidiis
1003 587 1198 665 devincient3
1220 587 1369 652 Puteolos
1384 607 1497 662 sero,
1525 587 1589 671 qni
1608 605 1685 650 nuuc
1743 572 1744 581 ¹

340 679 372 742 in
394 699 452 744 sua
473 687 629 764 potestate
651 688 739 757 sunt,
761 701 818 772 suo
841 682 909 746 iure
932 681 1137 765 libertateque
1159 688 1306 756 utuntur,
1328 689 1412 746 totos
1432 701 1542 746 novo
1568 681 1685 764 populo

338 779 434 857 atque
454 775 641 838 adventiciis
663 775 761 858 copiis
783 775 992 857 occupabunt.
1035 775 1167 838 XXXII.
1191 777 1279 840 Tunc
1300 775 1378 840 illud
1399 775 1585 839 vexillum
1604 773 1687 838 Cam-

338 886 440 949 panae
462 867 621 942 coloniae,
648 868 851 932 vehementer
871 867 944 932 huic
967 868 1100 950 imperio
1122 869 1309 942 timendum,
1332 869 1490 951 Capuam
1517 890 1541 934 a
1565 869 1687 932 deceru-

314 960 413 1024 ⁶viris
434 960 603 1024 inferetur:
632 968 706 1024 tunc
727 971 835 1026 contra
861 962 942 1026 hanc
963 963 1113 1037 Romam,
1142 981 1339 1028 communem
1361 965 1517 1056 pffiam
1544 963 1687 1027 omniun

337 1061 496 1129 nostrum,
517 1054 572 1118 illa
593 1055 691 1119 altera
711 1056 809 1119 lloma
826 1063 1003 1140 quaeretur.
1046 1052 1097 1118 87.
1117 1057 1153 1118 ln
1174 1057 1208 1118 id
1224 1056 1375 1142 oppidum
1388 1057 1563 1120 homines
1579 1053 1688 1118 nefarii

335 1169 403 1211 rem
423 1147 579 1231 publicam
600 1157 740 1213 nostram
762 1149 932 1214 transferre
954 1158 1121 1224 conantur,
1143 1169 1208 1235 quo
1227 1150 1260 1214 in
1275 1149 1393 1234 oppido
1408 1149 1577 1214 maiores
1592 1148 1687 1212 nostri

335 1243 456 1307 nullam
484 1243 611 1307 omnino
642 1263 708 1306 rem
738 1241 893 1327 publicam
917 1244 1193 1319 essevolumus,
1224 1245 1280 1328 qui
1303 1243 1508 1308 trossulum
1534 1243 1638 1307 urbes
1658 1242 1688 1304 in

336 1337 427 1400 terris
449 1337 612 1412 omnibus,
641 1336 881 1428 Karthaginem,
905 1337 1105 1413 Corinthum,
1130 1338 1267 1422 Capuam
1289 1345 1476 1404 statuerunt
1501 1357 1612 1422 posse
1633 1337 1687 1400 im·

173 1420 176 1429 ’
299 1432 415 1515 ⁴⁰perii
444 1431 628 1514 gravitatem
659 1451 695 1494 ac
723 1451 840 1494 nomen
862 1433 1027 1496 sustinere.
1070 1434 1181 1496 Deleta
1202 1434 1361 1516 Karthago
1384 1442 1450 1508 est,
1491 1431 1687 1516 quodcum

334 1525 498 1590 hominum
520 1524 636 1609 copiis,
664 1534 731 1590 tum
760 1526 830 1609 ipsa
851 1533 964 1590 natura
985 1547 1021 1590 ao
1048 1526 1136 1601 loco,
1166 1528 1324 1592 succincta
1352 1528 1535 1611 portibus,
1567 1531 1686 1588 armata

335 1619 448 1695 muris,
471 1639 639 1683 excurrere
661 1640 702 1684 ex
716 1619 837 1695 Africa,
863 1620 1027 1684 imminere
1052 1615 1119 1704 [ita]
1143 1620 1397 1684 fructuosissimis
1418 1621 1553 1684 insulis
1577 1618 1686 1702 populi

334 1715 465 1778 Romani
485 1713 660 1778 videbatur.
696 1714 838 1778 Corinthi
861 1714 1028 1796 vestigium
1049 1715 1104 1776 vix
1129 1713 1272 1778 relictum
1294 1721 1352 1778 est.
1393 1715 1476 1778 Erat
1502 1714 1604 1778 enim
1629 1729 1685 1793 po-

335 1809 395 1872 sita
422 1809 456 1871 in
484 1809 636 1891 angustiis
658 1816 753 1893 atque
776 1809 809 1871 in
834 1807 976 1872 faucibus
1000 1809 1147 1872 Graeciae
1170 1809 1231 1882 sic,
1258 1815 1295 1872 ut
1315 1815 1398 1872 terra
1419 1808 1579 1872 claustra
1601 1803 1684 1866 loco·

299 1909 405 1966 tirum
426 1909 548 1966 teneret
570 1909 602 1966 et
624 1903 687 1966 duo
710 1903 808 1967 maria
829 1901 964 1966 maxime
980 1902 1174 1985 navigationi
1190 1902 1315 1966 diversa
1328 1923 1430 1985 paene
1446 1902 1682 1981 coniungeret.

335 2017 407 2060 cum
427 1997 572 2080 pertenui
595 1997 773 2060 discrimine
796 2003 1024 2081 separarentur.
1066 1995 1170 2070 llaec,
1200 2016 1282 2081 quae
1303 1997 1413 2080 procul
1434 2002 1542 2060 erant
1566 2013 1589 2056 a
1610 2011 1681 2054 con·

335 2097 445 2174 spectu
469 2089 611 2173 imperii,
642 2109 706 2154 non
737 2091 839 2154 solum
862 2089 1058 2164 afflixerunt,
1087 2089 1279 2164 sedetiam,
1307 2111 1349 2154 ne
1371 2091 1510 2174 quando
1536 2091 1679 2152 recreata

336 2204 507 2267 exsurgere
528 2191 623 2269 atque
646 2185 767 2268 erigere
790 2205 824 2248 se
845 2193 990 2267 possent,
1019 2183 1178 2260 funditus,
1200 2193 1236 2249 ut
1257 2185 1344 2260 dixi,
1366 2184 1593 2248 sustulerunt.
1631 2175 1678 2240 88·

334 2281 382 2343 Dc
398 2279 507 2363 Capua
527 2279 660 2343 multum
683 2285 784 2342 estet
806 2277 860 2341 diu
875 2278 1103 2342 consultatum:
1126 2285 1251 2342 exstant
1265 2279 1398 2354 litterae,
1421 2277 1601 2354 Quirites,
1622 2293 1678 2356 pu·

299 2375 453 2448 20blicae;
476 2380 549 2436 sunt
570 2379 697 2438 senatus
720 2373 862 2438 consulta
875 2373 1047 2456 complura.
1070 2373 1254 2437 Statuerunt
1273 2374 1418 2438 homines
1434 2373 1630 2458 sapientes,
1650 2365 1685 2452 si

335 2489 444 2552 agrum
468 2465 634 2550 Campanis
655 2466 865 2541 ademissent,
897 2465 1109 2549 magistratus,
1144 2463 1325 2550 [senatum]
1356 2467 1528 2550 publicum
1554 2485 1601 2529 ex
1624 2461 1674 2525 illa

336 2564 413 2625 urbe
442 2561 606 2624 consilium
636 2561 853 2635 sustulissent,
882 2561 1051 2642 imaginem
1073 2561 1118 2622 rei
1140 2560 1284 2643 publicae
1307 2561 1426 2624 nullam
1448 2560 1672 2644 reliquissent,

336 2640 416 2720 nihil
441 2654 517 2719 iore·
536 2656 624 2738 quod
651 2654 789 2738 Capuam
818 2655 1009 2717 timeremus.
1053 2654 1163 2738 ltaque
1184 2655 1246 2717 hoe
1266 2655 1474 2740 perscriptum
1497 2656 1537 2718 in
1561 2671 1673 2717 monu-

302 2797 303 2800 ,
336 2749 451 2814 mentis
477 2748 633 2814 veteribus
662 2747 846 2830 reperietis,
872 2754 907 2810 ut
936 2755 1022 2810 esset
1050 2748 1142 2822 urbs,
1174 2767 1257 2831 quac
1278 2768 1330 2811 res
1351 2766 1421 2822 eas,
1449 2749 1577 2832 quibus
1599 2765 1670 2827 ager

298 2844 515 2926 sotampauus
549 2841 722 2915 coleretur,
755 2839 956 2925 suppeditare
984 2846 1108 2924 posset,
1140 2850 1177 2904 ut
1203 2849 1287 2906 esset
1313 2842 1400 2906 locus
1425 2839 1669 2928 comportandis

336 2938 577 3020 condendisque
599 2935 770 3009 fructibus,
792 2942 828 2998 ut
848 2941 987 2998 aratores
1009 2936 1093 3000 cultu
1114 2956 1262 3020 agrorum
1284 2936 1400 3000 defessi
1420 2936 1510 3000 urbis
1535 2931 1666 2998 domici·

335 3031 387 3096 liis
408 3037 586 3104 uterentur,
608 3029 725 3092 idcirco
746 3028 802 3092 illa
822 3029 965 3092 aedificia
985 3049 1049 3092 non
1072 3051 1143 3094 esse
1164 3028 1277 3093 deleta.
1305 3031 1454 3094 XXXIII.
1468 3029 1524 3094 89.
1542 3029 1666 3098 videte,

337 3129 488 3209 quantum
518 3123 719 3187 intervallum
749 3125 789 3187 sit
816 3123 1016 3187 interiectum
1040 3123 1122 3187 iuter
1142 3123 1296 3188 maiorum
1322 3131 1503 3188 nostrorum
1534 3119 1664 3187 consilia

336 3225 367 3282 et
387 3220 470 3282 inter
490 3217 624 3281 istorum
645 3218 805 3282 hominum
828 3218 1027 3284 dementiam.
1071 3218 1120 3280 llli
1142 3217 1279 3301 Capuam
1302 3219 1541 3301 receptaculum
1565 3221 1664 3280 arato·

297 3323 421 3388 torum,
449 3312 607 3376 nundinas
635 3313 840 3387 rusticorum,
870 3313 983 3376 cellam
1009 3320 1107 3396 atque
1135 3311 1283 3376 horreum
1313 3309 1463 3395 Campani
1495 3313 1569 3396 agri
1598 3325 1661 3373 esse

335 3407 519 3472 volueruntr
545 3407 580 3471 hi
608 3406 748 3490 expulsis
770 3407 960 3480 aratoribus,
989 3407 1098 3470 etiusis
1119 3425 1156 3470 ac
1179 3405 1340 3489 dissipatis
1361 3405 1515 3471 fructibus
1540 3404 1661 3472 vesun.

335 3502 469 3566 eandem
499 3499 637 3583 Capuam
666 3499 773 3564 sedem
802 3521 903 3564 novae
931 3499 1147 3583 reipublicae
1177 3500 1385 3575 constituunt,
1413 3501 1533 3564 molem
1556 3505 1659 3562 eontra

335 3603 474 3660 veterem
495 3615 560 3658 rem
582 3593 741 3678 publicam
763 3601 953 3678 comparant.
987 3593 1080 3669 Quod
1103 3594 1130 3656 si
1149 3593 1283 3658 maiores
1303 3594 1402 3658 nostri
1425 3593 1660 3659 existimassent

335 3709 526 3774 quemquam
548 3691 581 3753 in
602 3697 666 3752 tam
687 3689 803 3752 illustri
825 3688 958 3771 imperio
980 3695 1095 3752 ettam
1117 3688 1278 3769 praeclara
1291 3687 1402 3770 populi
1417 3688 1554 3752 Romani
1569 3683 1656 3750 disci·

295 3796 326 3843 es
335 3785 421 3870 plina
442 3785 484 3848 Μ.
505 3783 592 3848 Bruti
614 3788 669 3846 aut
690 3785 723 3846 P.
745 3783 830 3846 Rulli
852 3782 987 3846 similem
1013 3781 1152 3846 futurum
1173 3814 1214 3827 -
1235 3782 1293 3846 hos
1316 3781 1402 3845 enim
1422 3801 1480 3846 nos
1502 3782 1586 3846 duos
1607 3776 1656 3842 ad·

335 3879 397 3944 huc
418 3877 570 3953 vidimus,
593 3878 648 3962 qui
669 3878 751 3941 banc
771 3873 1007 3959 rempublicam
1023 3876 1163 3958 Capuam
1179 3881 1275 3938 totam
1291 3874 1459 3939 transferre
1473 3875 1596 3939 vellent
1608 3902 1653 3942 -s

334 3971 475 4056 prolecto
502 3991 619 4035 nomen
644 3971 729 4036 illius
758 3971 845 4035 urbis
871 3990 935 4034 non
963 3970 1175 4054 reliquissent.
1218 3965 1268 4031 90.
1291 3971 1406 4034 Verum
1428 3969 1655 4034 arbitrabantur

337 4065 477 4130 Corinthi
509 4072 541 4130 et
573 4064 777 4149 Karthagini,
809 4065 903 4133 etiam
934 4065 962 4129 si
995 4072 1137 4130 senatum
1170 4072 1202 4128 et
1228 4065 1427 4148 magistratus
1457 4061 1653 4130 sustulissent

400 4309 423 4357 t.
443 4307 599 4360 dosbscmtli
610 4307 636 4358 F.
647 4331 676 4345 -
686 4307 711 4358 i.
724 4306 836 4358 libertate
846 4311 1012 4370 qucutmuur
1023 4307 1109 4367 EFP;
1122 4306 1234 4357 libertate
1244 4317 1327 4369 coquo
1337 4309 1443 4357 temtum
1453 4305 1649 4358 Mommsenins.

337 4410 365 4420 —
375 4384 399 4435 3.
417 4387 493 4446 atque
509 4395 562 4435 om.
581 4383 610 4434 Ε.
623 4383 780 4434 -oesctllom
795 4383 938 4446 Compesce
953 4382 1138 4434 henredanus:
1155 4381 1260 4434 mthuos
1276 4393 1415 4444 corrspuooe
1431 4377 1514 4440 Pam
1532 4380 1652 4433 wmhssrs

316 4459 473 4521 ‘cosapooce
484 4459 517 4516 E;
529 4471 651 4522 cmapcoo
661 4459 764 4510 mima
775 4459 802 4510 F.
812 4458 869 4509 -l.
883 4459 997 4522 Capuam
1008 4459 1068 4509 AL:
1083 4457 1170 4520 capua
1181 4459 1201 4509 E
1211 4454 1270 4517 F&
1284 4457 1386 4520 Copuco
1397 4469 1459 4509 cum
1470 4457 1529 4508 cod.
1542 4451 1650 4509 Turnebi

335 4535 366 4585 0.
386 4561 413 4572 -
424 4534 447 4585 6.
465 4539 574 4586 antrum
589 4536 646 4586 EF.
658 4558 685 4572 ·-
695 4535 733 4584 llll
749 4535 778 4586 Ε.
790 4561 816 4570 -
830 4535 927 4598 cesaris
942 4533 1055 4585 EFPA.
1073 4533 1230 4584 Emendavit
1246 4533 1391 4596 Naugerius
1408 4532 1435 4582 in
1452 4532 1495 4584 ed.
1513 4533 1613 4585 Aldina.
1624 4554 1648 4566 ..

335 4610 360 4660 7.
372 4613 483 4660 suebant
498 4609 546 4660 EF
556 4611 583 4661 P.
595 4609 708 4660 -vestri
723 4605 779 4660 at.
793 4636 820 4646 -
832 4611 873 4660 tt.
888 4608 1002 4671 portibus
1017 4609 1075 4659 EF:
1091 4607 1214 4671 portubus
1230 4603 1314 4660 AFO.
1327 4633 1354 4644 —
1365 4609 1405 4658 ti.
1418 4608 1464 4674 ito]
1480 4607 1649 4662 iomlllotrius

335 4684 379 4748 (cl.
392 4684 418 4748 ἓ.
430 4683 471 4736 lt).
489 4697 516 4748 p.
530 4683 632 4736 Cluent.
646 4685 670 4749 5.
683 4684 723 4736 39.
742 4685 821 4736 Troas
837 4685 872 4736 ad
882 4684 963 4735 Taciti
975 4686 1097 4734 German.
1116 4697 1142 4748 p.
1156 4683 1221 4747 ath
1238 4683 1327 4734 ltaliae
1337 4695 1368 4732 cc
1380 4695 1442 4734 oum
1453 4679 1607 4736 Laureda'no
1617 4681 1646 4736 bi

335 4759 431 4812 cauom
442 4758 577 4811 Gebhardt
592 4759 610 4810 l.
623 4759 641 4810 l.
654 4761 696 4810 lll.
709 4773 735 4824 p.
749 4761 780 4810 ti
792 4773 852 4824 sqq.
866 4787 892 4798 -
903 4762 943 4810 tt.
956 4759 1130 4816 mammeam
1146 4761 1262 4810 maximo
1273 4760 1300 4810 F.
1314 4785 1340 4795 -
1351 4759 1391 4809 ts.
1404 4764 1552 4823 soporantes·
1563 4755 1646 4810 ales

333 4840 488 4898 separaretur
503 4836 533 4887 Α.
555 4835 712 4887 Emendavit
727 4837 873 4899 Naugerius
884 4837 910 4887 in
922 4835 964 4886 ed.
978 4833 1078 4886 Aldina.
1091 4861 1118 4870 -
1129 4835 1169 4886 48.
1183 4841 1259 4899 atque
1268 4836 1364 4898 eripere
1374 4836 1392 4885 F
1401 4837 1429 4886 P.
1442 4861 1469 4872 -
1479 4834 1519 4886 sa.
1533 4830 1646 4884 consalta·

335 4915 387 4960 tum
399 4912 431 4960 L:
451 4909 589 4962 dubitatum
600 4913 635 4972 G;
653 4911 791 4962 contraitum
801 4912 892 4962 ceteri.
905 4937 931 4946 -
942 4912 983 4960 it.
996 4915 1109 4976 sanctum
1120 4921 1173 4960 om.
1187 4910 1215 4960 Τ.
1227 4935 1254 4945 -
1263 4909 1304 4960 ab.
1317 4909 1501 4972 coosportasrdts
1510 4909 1530 4960 Ε
1540 4910 1573 4959 F:
1589 4916 1645 4957 corr

332 4988 456 5049 porcariis
471 4983 529 5038 AF.
542 5013 569 5024 -
580 4986 621 5036 33.
640 4986 844 5038 mistimcoirreat
856 4988 884 5038 Τ.
897 5013 924 5022 ·-
938 4987 978 5036 35.
996 4986 1031 5036 ll.
1050 4983 1237 5036 Lauredanus:
1256 4997 1310 5036 om.
1323 4985 1370 5035 EF
1378 4985 1399 5034 Α
1408 4984 1427 5034 l.
1436 4980 1461 5036 p·
1480 4984 1519 5036 Cl.
1532 4983 1555 5049 5.
1568 4985 1606 5035 st.
1620 5003 1642 5016 -

335 5065 362 5112 Ρ.
375 5075 428 5113 om.
447 5063 475 5113 1..
495 5089 522 5099 -
542 5063 582 5113 36.
599 5061 706 5112 emanso
729 5063 915 5114 Lauredanus:
941 5061 1051 5110 cidem
1074 5061 1159 5110 ΕΗ.
1183 5085 1210 5096 ·-
1237 5060 1302 5110 hmsc
1318 5071 1371 5110 om.
1390 5059 1419 5110 Ε.
1440 5085 1467 5098 -
1486 5057 1526 5110 38.
1545 5050 1644 5110 eosiult'

337 5137 427 5190 El'a:
446 5137 563 5192 Goriotlso
579 5149 641 5188 oum
657 5135 700 5188 ed.
718 5137 820 5190 Iuntina
838 5133 922 5190 hio.
936 5160 964 5172 -
982 5136 1303 5204 maismacensem:
1321 5135 1498 5213 mahhelm»
1512 5127 1641 5187 EFaht·
