3642 5868
487 443 494 460 ·
557 429 626 494 Lm.
648 427 687 492 Π.
717 426 790 492 Car.
812 425 972 490 lx-xl.
1000 421 1056 509 33.
1078 420 1229 489 24-49.
1484 409 1555 493 485Ι

225 603 288 666 bus.
304 599 482 665 nominibus
504 597 660 664 auferret?
690 599 799 682 ecquis
820 595 983 670 Volcatio,
1012 596 1039 659 si
1060 615 1116 658 sua
1138 601 1248 678 sponte
1270 592 1422 664 venisset,
1449 607 1544 651 unam

224 697 362 762 libellam
388 693 548 760 dedisset?
583 695 696 757 Veniat
722 712 823 764 nuuc,
861 691 1058 774 experiatur:
1091 696 1173 752 tecto
1201 689 1332 772 recipiet
1359 704 1463 748 nemo.
1505 683 1548 744 ,44

224 811 281 874 434
302 791 435 875 amplius
457 788 544 851 dico:
567 788 627 852 HS
650 785 907 871 quadringenties
922 785 1042 868 cepisse
1057 791 1088 845 te
1103 802 1200 865 arguo
1215 789 1321 847 contra
1335 779 1421 862 44344
1435 799 1442 841 :
1464 794 1547 858 nego

222 887 278 950 tibi
299 885 358 969 ipsi
378 883 477 947 adlum
498 902 660 946 nummum
682 901 752 944 esse
774 887 987 944 numeratum:
1013 878 1069 942 sed
1092 898 1162 941 cum
1183 877 1223 940 ob
1244 883 1298 940 tua
1319 874 1462 945 decreta,
1494 865 1546 952 [ob

161 1025 163 1032 ·
222 974 352 1060 edicta,]
384 977 424 1040 ob
451 975 600 1060 imperia,
623 975 664 1040 ob
694 973 809 1038 iudicia
835 973 988 1057 pecuniae
1016 971 1183 1045 dabantur,
1213 991 1277 1034 non
1306 975 1372 1032 erat
1392 979 1569 1051 quaerens

223 1073 316 1147 dum,
338 1072 427 1135 ouius
449 1089 545 1133 manu
566 1075 821 1141 numerarentur,
853 1066 909 1130 sed
932 1067 1019 1129 cuius
1042 1066 1154 1128 iniuria
1175 1069 1369 1147 cogerentur.
1413 1057 1464 1123 27.
1487 1060 1547 1123 Co-

222 1168 312 1231 mites
335 1165 382 1229 illi
403 1165 449 1228 tui
471 1163 585 1227 delecti
605 1183 716 1226 manus
739 1168 828 1226 erant
848 1169 938 1224 tuae:
966 1159 1133 1244 praefecti,
1161 1159 1296 1232 scribae,
1319 1156 1458 1229 accensi,
1480 1173 1547 1218 me-

222 1261 299 1335 dici,
320 1259 518 1343 haruspices,
553 1277 725 1341 praecones
758 1275 869 1319 manus
902 1262 991 1318 erant
1019 1262 1101 1318 tuae.
1145 1253 1185 1317 Ut
1205 1253 1338 1336 quisque
1358 1257 1390 1314 te
1411 1248 1547 1311 maxime

222 1355 422 1438 cognatione,
444 1351 612 1426 affinitate,
633 1349 867 1414 necessitudine
890 1349 997 1436 al-iqpa
1017 1347 1203 1431 attingebat,
1224 1349 1268 1410 ita
1287 1345 1421 1408 maxime
1436 1359 1546 1404 manus

221 1458 275 1513 tua
295 1447 477 1532 putabatur:
507 1447 619 1510 cohors
650 1453 713 1509 tota
735 1445 805 1518 illa,
833 1463 914 1527 quae
936 1444 1007 1527 plus
1029 1443 1103 1507 mali
1126 1440 1212 1504 dedit
1233 1440 1372 1512 Siciliae,
1404 1456 1495 1520 434444
1518 1435 1546 1496 si
1555 1455 1583 1502 44

223 1550 349 1606 centum
379 1541 523 1604 cohortes
552 1539 752 1622 fugitivorum
773 1538 921 1612 firissent,
950 1545 1003 1601 tua
1024 1557 1135 1601 manus
1157 1537 1225 1599 sine
1247 1531 1458 1598 controversia
1478 1529 1546 1592 fuit.

223 1634 387 1726 Quidquid
409 1635 448 1696 ab
470 1634 582 1697 borum
604 1634 752 1718 quopiam
774 1640 895 1717 captum
919 1641 980 1707 est,
1011 1631 1043 1696 id
1066 1652 1130 1694 non
1151 1629 1244 1694 modo
1265 1629 1322 1692 tibi
1344 1625 1468 1697 datum,
1490 1622 1546 1686 sed

221 1740 275 1794 tua
300 1748 396 1793 manu
425 1734 621 1791 numeratum
652 1725 781 1790 iudicari
811 1747 943 1790 necesse
972 1733 1029 1790 est.
1072 1728 1149 1790 Nam
1178 1727 1204 1788 si
1229 1724 1310 1786 hanc
1332 1721 1547 1786 defensionem

221 1823 412 1909 probabitis,
437 1823 525 1884 «Non
547 1822 666 1905 accepit
686 1821 754 1904 ipse
767 1841 799 1882 :o
823 1821 897 1884 licet
910 1823 1015 1884 omnia
1028 1820 1068 1884 de
1085 1819 1226 1903 pecuniis
1239 1815 1420 1901 repetundis
1434 1813 1547 1879 iudicia

221 1918 347 1982 tollatis.
392 1918 492 1980 Nemo
514 1935 664 1998 umquam
686 1922 749 1978 4444
771 1917 947 1989 convictus,
969 1924 1033 1978 4444
1053 1933 1172 1978 nocens
1194 1911 1384 1984 adducetur,
1414 1910 1467 1994 qui
1488 1909 1585 1972 istaes

222 2010 408 2076 defensione
429 2029 493 2073 non
516 2011 614 2092 possit
634 2009 688 2072 uti.
718 2009 842 2072 Etenim
864 2029 935 2072 oum
956 2011 1070 2073 Verres
1092 2015 1205 2081 utatur,
1227 2008 1297 2090 quis
1319 2005 1377 2068 erit
1398 2021 1548 2085 umquam

221 2104 351 2190 postbao
380 2123 454 2167 reus
476 2111 538 2166 tam
567 2101 723 2186 perditus,
754 2104 894 2186 quinon
916 2103 956 2165 ad
979 2102 1018 2178 Q.
1039 2104 1135 2167 Mucii
1155 2101 1365 2164 innocentiam
1385 2099 1547 2170 referatur,

223 2199 249 2261 si
271 2217 342 2260 cum
365 2197 425 2259 isto
448 2195 647 2259 conferatur?
680 2198 791 2280 Neque
813 2204 981 2260 nunciam
1003 2196 1079 2260 mihi
1099 2197 1151 2260 isti
1166 2197 1294 2259 Verrem
1317 2192 1488 2257 defendere
1502 2191 1548 2252 vi·

224 2291 353 2364 dentur,
385 2309 480 2373 434444
508 2290 540 2352 44
568 2290 665 2352 Veme
694 2289 888 2354 defensionis
916 2297 1036 2354 tentare
1064 2292 1226 2354 rationem.
1276 2285 1327 2352 28.
1350 2289 1421 2366 Qua
1441 2287 1481 2350 de
1503 2307 1547 2360 re,

221 2384 356 2458 iudices,
378 2401 492 2465 magno
513 2403 608 2466 opere
636 2385 723 2448 vobis
752 2384 978 2468 providendum
1001 2391 1057 2448 est.
1093 2385 1232 2448 Pertinet
1251 2382 1312 2445 hoc
1333 2382 1373 2446 ad
1395 2395 1585 2447 summamso

221 2476 466 2561 rempublicam
496 2485 526 2540 et
553 2477 592 2540 ad
625 2480 886 2542 existimationem
907 2478 1025 2541 ordinis
1046 2479 1144 2553 nostri
1165 2478 1359 2560 salutemque
1382 2477 1546 2539 sociorum.

223 2575 256 2636 Si
279 2573 362 2635 enim
384 2573 568 2636 innocentes
584 2573 754 2636 existimari
776 2573 936 2647 volumus,
959 2573 1135 2636 nonsolum
1157 2591 1215 2636 nos
1233 2565 1468 2655 [abstinentes],
1491 2567 1546 2632 aed

223 2669 317 2732 etiam
350 2666 478 2729 comites
508 2674 633 2730 nostros
660 2659 817 2750 praestare
847 2667 1007 2732 debemus.
1051 2668 1106 2730 lll.
1135 2668 1271 2730 Primum
1292 2665 1431 2730 omnium
1452 2680 1548 2745 opera

223 2760 327 2824 danda
349 2766 411 2833 est,
433 2767 469 2822 ut
490 2779 545 2823 cos
567 2761 730 2846 nobiscum
753 2761 939 2836 aducamus,
963 2762 1018 2844 qui
1040 2767 1164 2854 nos-trae
1185 2759 1287 2823 famae
1302 2758 1459 2842 capitique
1473 2775 1548 2819 con·

221 2855 340 2920 sulant:
370 2852 501 2929 deinde,
532 2855 559 2918 si
588 2855 622 2916 in
649 2854 828 2918 bominibus
857 2854 1012 2938 eligendis
1040 2875 1098 2918 nos
1121 2875 1192 2939 spes
1215 2853 1368 2918 amicitiae
1388 2849 1585 2920 fefelleriass

220 2958 255 3014 ut
274 2947 489 3022 vindicemus,
519 2950 632 3012 missos
652 2947 819 3024 faciamus,
848 2971 974 3032 semper
1001 2951 1044 3013 ita'
1064 2950 1218 3024 vivamus,
1246 2954 1283 3012 ut
1302 2946 1455 3010 rationem
1475 2940 1548 3005 red-

1676 1349 1696 1412 3

221 3042 357 3108 dendam
379 3041 468 3106 nobis
491 3043 685 3106 arbitremur.
724 3039 775 3105 29.
797 3043 935 3107 Africani
957 3051 1005 3107 est
1025 3044 1101 3117 boc,
1122 3042 1259 3107 hominis
1280 3037 1488 3107 liberalissimi
1505 3067 1547 3082 -
1659 3015 1692 3128 s

221 3159 329 3204 verum
344 3144 449 3200 444444
472 3157 510 3200 44
531 3136 702 3201 liberalitas
724 3144 773 3200 est
792 3136 968 3221 probanda,
991 3157 1073 3220 quae
1095 3139 1163 3202 sine
1184 3135 1324 3220 penicillo
1346 3133 1548 3198 existimatio·

221 3233 270 3296 nis
291 3238 355 3306 est,
377 3230 465 3292 utin
487 3230 542 3293 illo
562 3229 622 3294 fuit
635 3253 693 3293 -c
723 3250 794 3293 cum
815 3230 854 3292 ab
877 3251 915 3294 eo
931 3231 1057 3315 quidam
1072 3239 1162 3296 vetus
1183 3237 1353 3296 assectator
1376 3236 1407 3292 et
1428 3247 1468 3291 ex
1489 3248 1547 3292 nu-

221 3490 350 3557 exemplis
366 3488 489 3542 Tullianis
506 3489 639 3550 firmetur,
658 3490 684 3540 h.
698 3488 715 3540 l.
734 3491 893 3555 optimorum
911 3492 1033 3543 codicum
1050 3492 1235 3542 auctoritatem
1252 3490 1328 3554 sequi
1344 3488 1494 3540 maluimus.
1513 3487 1545 3540 cl.

221 3571 324 3632 Zumpt.
338 3567 371 3618 ad
383 3567 425 3618 444.
439 3565 463 3630 g.
478 3567 533 3616 444.
552 3567 572 3616 l.
586 3566 610 3628 5.
623 3567 664 3616 47.
684 3564 743 3616 coll.
757 3567 798 3616 lV.
812 3565 835 3630 fl.
850 3567 922 3619 sr.-
942 3569 966 3618 4.
979 3568 1062 3631 ecquis
1073 3565 1155 3630 Lgtl:
1174 3571 1197 3616 44
1208 3566 1263 3628 pois
1274 3565 1351 3615 codd.
1365 3562 1433 3625 rell..
1447 3565 1506 3614 444.
1518 3589 1546 3600 -

221 3656 270 3694 suc
286 3643 307 3691 44
325 3641 400 3704 4349.
416 3667 444 3676 -
462 3642 487 3691 4.
505 3641 613 3690 444444-
624 3653 721 3692 -44444
738 3655 791 3692 om.
806 3641 891 3704 4340;
910 3642 937 3692 44
954 3643 1003 3693 ΑΒ
1021 3641 1069 3692 4144
1086 3655 1167 3692 manu
1185 3641 1316 3705 adscripta
1328 3641 1398 3691 sunt.
1413 3667 1440 3677 -
1460 3639 1483 3690 3.
1496 3638 1547 3690 HS.

221 3717 299 3770 0000
314 3714 381 3780 4344
399 3729 425 3780 p.
443 3727 480 3766 m.
500 3717 571 3779 (cum
588 3713 682 3768 lineola
699 3715 765 3766 intra
783 3716 870 3778 ducta]
888 3718 915 3767 F.
931 3741 957 3754 -
977 3720 1066 3780 cepisse
1082 3716 1151 3781 4344
1168 3731 1194 3782 p.
1214 3729 1250 3768 m.
1269 3717 1287 3766 F
1304 3715 1380 3781 prob.
1399 3716 1486 3765 04444.
1505 3715 1546 3764 ll:

221 3792 342 3854 accepisse
359 3793 405 3841 444.
424 3791 452 3840 0.
474 3817 501 3828 -·
519 3789 544 3842 4.
562 3804 613 3840 coa
628 3791 725 3841 44444444
740 3804 845 3841 cumam
856 3791 930 3855 4344
947 3806 974 3857 p.
987 3807 1023 3844 m.
1039 3819 1067 3830 -
1088 3805 1145 3842 cam
1161 3792 1191 3842 ob
1208 3815 1223 3828 -
1234 3817 1248 3829 —
1264 3791 1366 3856 44444444]
1384 3791 1423 3841 444
1440 3788 1508 3854 4344
1519 3802 1546 3853 p.

221 3881 258 3919 m.
278 3867 345 3918 Fili:
364 3878 421 3915 cum
437 3865 467 3914 cb
484 3869 529 3914 teo
545 3865 643 3916 44444444
659 3865 689 3915 ob
705 3867 831 3928 imperata
847 3865 877 3916 ob
893 3867 1006 3917 44444444
1023 3869 1084 3931 (om.
1098 3867 1128 3917 ob
1144 3867 1234 3932 edicta)
1253 3866 1301 3916 dtt.
1315 3867 1344 3917 0.
1363 3865 1461 3916 Firmat
1472 3864 1546 3916 liert.

222 3945 287 4008 Cep.
305 3955 332 4006 p.
351 3939 399 3991 498
417 3941 460 3990 Gr.
480 3938 536 3998 4448
553 3940 593 4002 Κ.)
626 3939 656 3990 40
671 3941 778 4002 iudicia,
797 3940 827 3991 44
842 3941 959 4002 imperia.
979 3969 1005 3980 -
1025 3945 1049 3994 s.
1067 3943 1132 4008 4444]
1150 3948 1185 3993 est
1199 3944 1238 3993 444
1254 3943 1328 3994 llari.
1347 3941 1443 4005 Cap·
1463 3941 1487 3990 6,
1505 3953 1549 3989 44.

221 4019 261 4069 ias
276 4018 304 4067 44
318 4029 398 4066 mccc
413 4015 455 4064 vir
471 4015 565 4066 doctus
582 4015 607 4064 ln
626 4013 797 4066 Lambiuiaoa
813 4013 915 4076 Orellii;
936 4018 963 4066 44
979 4019 1050 4067 caius
1064 4031 1143 4068 444444
1160 4017 1227 4068 conl.
1247 4018 1333 4067 Garat.
1359 4019 1393 4067 At
1409 4016 1442 4067 44.
1461 4016 1485 4080 g.
1504 4016 1545 4066 27.

224 4121 251 4132 -
269 4095 462 4157 cooperarentur
477 4090 552 4141 llari.
572 4091 635 4154 Cap.
649 4091 692 4141 ed.
706 4091 799 4154 capp,
818 4103 872 4140 non
888 4090 971 4156 Kopp.
984 4119 1012 4129 -
1031 4094 1055 4143 7.
1074 4094 1111 4143 444
1128 4106 1182 4144 om.
1197 4091 1267 4156 4349
1284 4091 1359 4143 liert.
1373 4091 1436 4155 Cap.
1454 4089 1547 4154 Aquila

221 4170 251 4220 44.
269 4171 288 4219 l.
307 4167 348 4219 48.
368 4191 396 4202 -
421 4178 471 4214 scr.
489 4177 542 4214 444.
560 4165 624 4214 cred
643 4165 711 4228 4344
728 4179 754 4229 p.
774 4177 824 4216 m.:
844 4177 892 4215 scr.
910 4169 974 4217 med.
994 4181 1048 4218 444.
1068 4171 1113 4219 444.
1132 4169 1161 4218 0.
1182 4196 1210 4206 —
1238 4167 1349 4225 4444444,
1373 4165 1475 4227 44444444,
1499 4165 1548 4214 44-

220 4244 342 4306 mrpim,
359 4241 456 4294 scribae
473 4249 532 4294 4444
551 4249 624 4294 erant
640 4256 732 4294 444444
750 4245 824 4295 Mart.
847 4245 911 4308 Cap.
930 4241 1023 4307 Aquila
1042 4245 1071 4294 44.
1094 4269 1122 4280 -
1146 4244 1170 4294 8.
1195 4248 1267 4294 44444
1291 4255 1382 4292 mous
1402 4245 1462 4291 tuce
1483 4239 1545 4292 edd.

221 4332 301 4370 nonu.
319 4321 410 4369 contra
427 4317 507 4370 codd.
525 4345 550 4357 -
570 4323 598 4368 444
610 4319 713 4382 quiaque
723 4345 760 4357 -·
771 4318 908 4384 uttiopeboi
923 4317 992 4383 4344
1007 4333 1032 4384 p.
1049 4333 1086 4370 m.
1099 4321 1194 4372 Filii:
1213 4333 1262 4382 quo
1276 4319 1379 4380 44444444
1389 4343 1429 4359 --
1439 4319 1549 4382 4444434-

221 4393 263 4444 444
279 4395 348 4458 4349
359 4395 408 4445 ΑΒ
424 4392 468 4452 4Ι.;
486 4398 515 4444 ot
535 4393 638 4456 quisque
660 4395 691 4456 (s.
709 4394 826 4456 quisquis)
847 4399 869 4444 44
884 4395 1060 4458 faeniiicritnte
1079 4396 1199 4458 ottipsrct
1216 4392 1309 4458 Aquila
1329 4394 1358 4443 it.
1379 4399 1456 4443 ut--
1466 4393 1550 4456 44444-

221 4475 271 4519 tote
286 4480 340 4517 om.
362 4468 411 4518 dtt.
432 4495 459 4504 -
483 4470 523 4519 40.
542 4473 595 4519 tota
611 4468 657 4517 4444
673 4467 741 4531 4344
761 4481 787 4534 p.
807 4482 854 4520 m.:
872 4473 925 4518 tota
941 4475 987 4519 tuo
1003 4469 1048 4520 4444
1065 4470 1178 4533 434944;
1197 4475 1242 4519 tuo
1258 4473 1311 4519 tote
1326 4469 1416 4528 44444;
1435 4473 1488 4519 toto
1503 4468 1549 4518 4444

220 4549 266 4594 tuo
282 4543 330 4594 dtt.
348 4541 392 4596 0.;
410 4548 455 4593 444
471 4542 505 4592 ab
522 4543 667 4608 interprete
684 4555 744 4595 esse
762 4543 881 4594 additum
901 4545 954 4594 iam
971 4557 1004 4595 ex
1018 4545 1091 4595 varia
1106 4546 1180 4596 vocis
1196 4543 1367 4596 collocatione
1383 4545 1504 4610 apparet.
1518 4569 1546 4580 -

221 4619 261 4671 44.
272 4618 386 4681 probetis
396 4617 456 4668 cod.
470 4619 525 4670 Urs.
540 4645 568 4654 -
583 4620 622 4668 48.
636 4623 690 4668 4444
700 4619 834 4679 conomius,
847 4623 901 4668 tom
911 4631 1001 4669 444444
1011 4619 1080 4684 4344
1093 4633 1118 4684 p.
1129 4633 1177 4670 m.:
1194 4633 1252 4670 4444
1262 4626 1315 4670 mm
1325 4619 1473 4669 4444444444
1486 4617 1546 4668 cod.

221 4695 278 4745 Urs.
299 4693 390 4742 Frano.
409 4693 446 4751 0;
464 4697 518 4742 tam
534 4706 591 4743 reue
606 4707 697 4744 444444
707 4694 791 4757 4349;
811 4699 865 4744 tam
879 4707 938 4744 4444
953 4699 1006 4743 tam
1021 4708 1112 4744 444444
1127 4697 1174 4746 444.
1190 4721 1216 4732 -
1235 4696 1276 4746 40.
1288 4695 1358 4744 cotis
1371 4706 1465 4758 444344
1475 4705 1549 4754 opere

222 4768 270 4818 dtt.
284 4767 354 4816 0.-
372 4767 413 4816 44.
426 4780 479 4816 rein
486 4781 513 4829 p.
527 4767 685 4831 434944φε
703 4769 768 4830 reip.
781 4770 826 4819 444.
839 4795 866 4804 -
879 4773 903 4818 44
920 4767 993 4818 aciat.
1006 4769 1075 4832 4344
1088 4782 1114 4832 p.
1127 4781 1163 4820 m.
1180 4795 1208 4804 -
1220 4769 1299 4819 nostri
1311 4766 1378 4831 4344
1389 4781 1416 4832 p.
1430 4780 1466 4817 m.
1479 4767 1545 4826 lltp:

222 4855 276 4893 om.
295 4843 341 4892 444.
360 4841 389 4891 0.
409 4867 436 4876 -
455 4841 496 4892 43.
514 4845 614 4893 comites
628 4847 726 4892 nostros
742 4842 810 4906 4344
827 4856 854 4907 p.
873 4855 923 4894 m.:
950 4848 1013 4892 4444.
1036 4857 1098 4893 coin.
1118 4846 1162 4895 ott.
1182 4845 1211 4894 0.
1234 4869 1256 4881 -
1279 4843 1390 4893 monium
1406 4853 1459 4892 om.
1479 4839 1547 4904 4344

221 4929 248 4982 p.
262 4929 298 4966 m.
315 4941 341 4952 ·-
360 4915 401 4968 44.
420 4917 506 4966 44444
516 4915 608 4981 43644
618 4917 649 4969 48
659 4919 695 4968 B:
714 4921 787 4968 44444
803 4919 889 4968 danda
900 4919 944 4968 cit.
960 4943 987 4954 -
1007 4919 1140 4968 4444444444
1155 4917 1224 4982 4344
1236 4920 1306 4978 Νφ;
1325 4918 1445 4967 4444444444
1460 4917 1505 4964 444.
1516 4914 1545 4964 0.

224 5017 252 5028 -
271 4992 312 5041 48,
328 4991 463 5041 4444444444
474 4993 579 5055 ugias.
600 5019 627 5029 -
640 4993 940 5056 semper--aroitremor
954 4993 1071 5043 Lactant.
1089 4993 1146 5044 Diu.
1165 4995 1228 5044 lust.
1242 4993 1284 5042 Vl.
1302 4991 1344 5052 44,
1362 4991 1402 5040 40.
1415 5015 1442 5024 -
1459 4988 1500 5038 48.
1514 4993 1549 5038 est

222 5079 254 5117 44
270 5066 408 5116 liberalitas
419 5067 504 5130 4349;
523 5080 554 5117 44
564 5067 685 5117 sodalitas
700 5073 735 5118 cst
752 5067 819 5132 4344
837 5081 863 5132 p.
877 5079 913 5118 m.
924 5093 951 5102 -
970 5068 1011 5117 40.
1024 5073 1048 5116 44
1064 5079 1097 5118 ec
1107 5083 1132 5118 4.
1146 5066 1215 5131 4344
1226 5081 1252 5131 p.
1265 5079 1302 5116 m.
1315 5067 1354 5115 N:
1372 5077 1486 5114 444444.
1500 5065 1545 5113 ott.

222 5140 252 5192 0.
278 5141 443 5207 optimorum
461 5141 575 5192 duonum
593 5141 717 5194 codicum
733 5143 893 5211 scripturam
909 5153 963 5196 noa
979 5141 1067 5197 solum
1082 5141 1143 5196 ideo
1162 5143 1330 5210 recepimus,
1357 5138 1430 5206 quod
1446 5144 1470 5192 et
1485 5139 1547 5192 ante
