3642 5868
409 444 476 507 no.
498 442 552 505 111.
582 440 657 506 cn.
677 437 1008 504 xxxv-xxxva.
1040 435 1097 522 ss.
1118 435 1267 502 so-ss.
1443 425 1506 498 soc

179 612 227 674 illi
249 611 395 687 Docimo,
416 610 476 675 hoc
497 618 545 675 est
559 610 701 684 Tertiae,
723 609 818 673 tritici
840 607 978 673 modium
998 611 1023 674 V
1044 616 1076 672 et
1096 608 1308 672 accessionem
1322 605 1505 688 adscripsis-

181 712 230 770 set
251 705 311 770 Hs
333 725 406 779 uro,
428 695 530 787 osigia
546 705 735 767 Acestenses
757 704 918 768 allocimo
940 703 1124 766 tantundem
1145 702 1268 787 publice
1290 701 1450 783 accipere,
1472 697 1504 760 id

181 798 267 882 quod
289 817 331 860 ex
350 799 568 862 Acestensium
590 797 716 881 publico
738 798 915 862 testimonio
937 799 1126 879 cognoscite.
1167 796 1274 860 Recita
1294 791 1506 862 testimonium

180 892 350 978 publicum.
393 892 549 967 Audistis,
577 893 687 976 quanti
716 892 864 955 decumas
891 891 1048 974 acceperit
1068 912 1087 955 a
1107 893 1236 954 Docimo
1259 891 1383 962 civitas,
1412 883 1507 950 tritici

180 984 320 1050 modium
345 988 368 1050 V
388 993 421 1049 et
441 986 664 1050 accessionem.
709 986 896 1068 Cognoscite
917 1005 1018 1060 nunc,
1049 985 1159 1069 quanti
1189 1005 1222 1046 se
1244 983 1424 1047 vendidisse
1446 984 1533 1042 ret-t

181 1079 297 1142 tulerit.
329 1079 400 1142 Lsx
421 1099 556 1144 nncvurs
577 1098 754 1144 vannvrnrs
778 1078 811 1142 C.
825 1080 935 1142 Venae
957 1099 1006 1142 ra.
1045 1078 1114 1140 lloo
1135 1078 1261 1142 nominc
1282 1075 1395 1140 videtis
1416 1072 1509 1136 tritici

180 1172 321 1237 modium
344 1191 394 1234 cro
411 1191 461 1234 cm
478 1191 528 1234 cro
553 1172 592 1236 de
615 1175 713 1256 capite
736 1192 806 1236 esse
829 1173 970 1255 dempta,
993 1192 1075 1256 quac
1097 1193 1166 1235 oum
1188 1169 1227 1233 de
1249 1170 1357 1255 populi
1377 1165 1509 1231 Romani

180 1267 279 1342 victu,
302 1267 342 1330 de
366 1267 564 1350 vectigalium
585 1269 709 1342 nervis,
732 1266 771 1331 de
794 1267 947 1349 sanguine
962 1266 1151 1330 detraxisset
1162 1266 1288 1340 aerarii,
1311 1263 1435 1327 Tertiae
1450 1260 1509 1324 mi-

180 1381 250 1426 mae
271 1361 469 1425 condonavit
513 1360 620 1424 Utrum
645 1359 858 1443 impndeuiius
887 1360 926 1422 ab
949 1361 1040 1423 sociis
1062 1359 1210 1424 abstrditt
1239 1379 1279 1422 an
1300 1358 1420 1444 tirrpius
1443 1375 1508 1419 me·

180 1457 286 1520 rotrici
308 1455 417 1518 dediti
440 1473 481 1516 an
503 1453 674 1538 improbius
695 1453 811 1538 populo
833 1455 974 1518 Romano
995 1453 1133 1516 ademit?
1156 1473 1196 1516 an
1217 1451 1366 1516 audacius
1387 1448 1508 1514 tabulas
1519 1463 1547 1512 to

180 1550 320 1634 publicas
351 1549 578 1612 commutavit?
596 1527 664 1615 (Ex
693 1548 803 1611 borum
831 1548 998 1611 severitate
1025 1554 1057 1610 te
1081 1547 1146 1636 ulla
1167 1548 1214 1610 vis
1237 1545 1351 1628 eripiet
1370 1551 1423 1608 ant
1444 1541 1510 1626 ulla
1593 1545 1618 1618 ,i
1632 1527 1710 1621 :aab

180 1643 329 1726 largitio?
372 1644 443 1705 Non
465 1639 609 1742 eripiet.)
632 1641 695 1704 Sed
718 1643 744 1704 si
766 1643 931 1726 eripuerit,
959 1661 1023 1704 non
1052 1641 1201 1723 intelligis
1221 1639 1315 1712 baec,
1343 1657 1425 1721 quae
1448 1637 1508 1699 iam

181 1737 300 1801 dudum
322 1737 451 1820 loquor,
483 1734 523 1798 ad
552 1735 644 1799 aliam
667 1737 885 1818 quaestionem
906 1744 1001 1819 atque
1023 1735 1062 1800 ad
1085 1733 1247 1818 peculatus
1269 1731 1417 1796 iudicium
1438 1749 1509 1811 per-

182 1834 307 1894 tinere?
351 1825 401 1891 84.
427 1830 537 1912 ltaque
557 1828 619 1893 boc
641 1828 717 1891 mibi
738 1829 905 1893 reservabo
926 1849 1026 1912 genus
1048 1836 1146 1892 totum
1168 1828 1342 1910 integrum:
1363 1824 1404 1888 ad
1422 1822 1508 1886 illam

182 1945 277 2009 quam
299 1923 419 1986 institui
442 1942 566 1987 censam
587 1921 737 1986 frumenti
757 1942 793 1986 ac
816 1922 1015 1986 decumarum
1038 1928 1185 1986 revertar.
1518 1932 1546 1982 is

267 2017 330 2092 Qui
351 2037 421 2080 cum
443 2036 533 2099 agros
555 2017 708 2080 maximos
729 2037 765 2080 ac
786 2015 994 2081 feracissimos
1016 2036 1074 2100 per
1095 2035 1129 2079 sc
1151 2016 1269 2099 ipsum,
1290 2012 1351 2078 boc
1366 2019 1430 2086 est,
1452 2029 1510 2095 per

181 2110 372 2195 Apronium,
394 2110 524 2192 Verrem
546 2110 697 2184 alterum,
719 2110 976 2195 depopularetur,
998 2110 1038 2174 ad
1061 2110 1199 2175 minores
1214 2107 1357 2172 civitates
1374 2105 1510 2171 babebat
1627 2071 1657 2160 l

181 2207 278 2279 alios,
309 2224 389 2288 quos
416 2212 575 2287 tamquam
604 2224 698 2268 canes
726 2205 924 2279 immitteret,
954 2225 1091 2289 nequam
1113 2203 1257 2267 homines
1279 2210 1312 2266 et
1332 2201 1509 2284 improbos,

181 2300 296 2384 quibus
326 2306 380 2361 aut
410 2296 601 2359 frumentum
629 2304 684 2361 aut
710 2299 876 2380 pecuniam
903 2298 1029 2382 publice
1059 2298 1190 2382 cogebat
1220 2297 1296 2362 dari.
1347 2295 1509 2360 XXXVII.

180 2395 218 2456 A.
229 2391 394 2456 Valentius
415 2397 463 2453 est
484 2389 517 2452 in
540 2390 647 2454 Sicilia
668 2391 838 2474 interpres,
862 2412 925 2476 quo
947 2392 1007 2457 iste
1028 2393 1200 2475 interprete
1221 2412 1285 2456 non
1307 2391 1347 2455 ad
1368 2390 1548 2471 linguamac

181 2488 347 2560 Graecam,
381 2484 436 2548 sed
464 2485 504 2547 ad
532 2483 616 2548 furta
637 2493 669 2548 et
694 2486 809 2569 flagitia
829 2487 874 2548 nti
896 2486 1027 2550 solebat.
1069 2488 1119 2550 Fit
1138 2487 1294 2569 interpres
1316 2486 1381 2560 bio,
1413 2483 1509 2568 bomo
1633 2469 1667 2562 ζ

180 2582 259 2645 levis
282 2587 376 2664 atque
399 2598 512 2659 egens,
533 2585 666 2661 repente
690 2579 893 2642 decumanus.
926 2579 1011 2643 Emit
1031 2581 1098 2663 agri
1120 2581 1316 2663 Liparensis,
1338 2577 1443 2643 miseri
1465 2583 1510 2642 at-

182 2696 245 2760 que
266 2675 380 2747 ieiuni,
405 2671 552 2736 decumas
574 2673 670 2735 tritici
693 2671 859 2736 medimnis
882 2691 943 2736 inc.
974 2675 1163 2758 Liparenses
1184 2681 1354 2739 vocantur:
1376 2672 1438 2757 ipsi
1459 2689 1510 2734 ac-

183 2770 287 2852 cipere
309 2765 456 2829 decumas
478 2773 509 2830 et
530 2786 696 2830 numerare
717 2767 864 2830 Valentio
888 2776 1042 2850 coguntur
1062 2769 1141 2832 lucri
1164 2768 1223 2832 Hs
1238 2788 1306 2832 xxx
1325 2766 1419 2831 milia.
1451 2767 1511 2828 Per

184 2864 260 2927 deos
281 2860 489 2924 immortalesi
522 2868 626 2924 uirum
648 2861 704 2924 tibi
726 2880 830 2924 sumes
852 2862 892 2924 ad
915 2861 1155 2926 defensionem?
1177 2869 1305 2928 tantone
1327 2860 1456 2926 minoris
1479 2867 1549 2926 isac

182 2957 328 3020 decumas
349 2953 549 3028 vendidisse,
578 2960 614 3017 ut
635 2956 675 3017 ad
696 2953 856 3018 medimna
877 2975 928 3016 roc
950 2956 1010 3020 Hb
1032 2977 1099 3020 xxx
1121 2958 1207 3020 milia
1228 2957 1307 3021 lucri
1329 2957 1431 3020 statim
1453 2975 1511 3020 sua

179 3049 339 3114 voluntate
362 3048 470 3111 civitas
491 3046 637 3122 adderet,
666 3048 727 3112 boc
757 3057 806 3112 est
834 3050 928 3112 tritici
957 3051 1152 3115 medimnum
1174 3071 1199 3114 rr
1224 3051 1331 3115 miliat
1361 3070 1417 3124 an,
1440 3069 1510 3114 cum

178 3162 292 3225 magno
315 3140 463 3204 decumas
485 3141 700 3216 vendidisses,
722 3149 754 3205 tc
778 3145 972 3226 expressisse
995 3145 1034 3206 ab
1057 3145 1162 3208 invitis
1184 3146 1407 3229 Liparensibus
1428 3143 1510 3208 benc

179 3235 370 3320 pecuniam?
413 3232 465 3296 85.
489 3235 551 3298 Sed
574 3236 652 3319 quid
675 3255 734 3318 ego
757 3256 798 3298 err
820 3243 852 3298 te
874 3255 1010 3320 quaero,
1033 3238 1109 3321 quid
1125 3238 1314 3302 defensurus
1337 3239 1381 3302 sis
1403 3240 1510 3321 potius
1584 3315 1595 3332 .

180 3350 277 3414 quam
299 3347 488 3411 cognoscam
510 3349 551 3392 ex
571 3331 641 3412 ipsa
663 3330 802 3405 civitate,
826 3330 902 3414 quid
925 3339 1048 3414 gestum
1070 3333 1132 3396 siti
1166 3334 1274 3396 Recita
1295 3332 1547 3396 testimoniumao

179 3423 343 3508 publicum
356 3422 594 3504 Liparensium,
617 3423 732 3486 deinde
747 3423 899 3507 quemad
915 3424 1046 3489 modum
1062 3427 1182 3490 nummi
1196 3427 1342 3491 Valentio
1358 3429 1421 3491 sint
1434 3427 1510 3489 dati.

180 3640 209 3689 o.
231 3664 259 3674 -
278 3637 423 3687 menaea
438 3635 516 3700 ugia.
532 3663 559 3672 -
578 3637 602 3687 ⁴.
620 3637 665 3686 soc
681 3640 716 3687 se
734 3637 828 3688 rassae
844 3638 913 3702 ngas
926 3640 958 3690 r:
978 3639 1075 3690 reram
1091 3651 1145 3689 om.
1164 3637 1220 3691 ren.
1234 3641 1264 3690 o.
1280 3667 1307 3676 -
1325 3623 1467 3705 moa.”v‘(r.
1484 3653 1508 3692 e.

180 3722 299 3774 modium
323 3723 440 3785 quinque
462 3719 576 3784 mitibus)
595 3720 626 3772 i:
651 3722 762 3771 audium
782 3723 890 3785 quicque
912 3723 1020 3774 millibus
1036 3725 1065 3774 0.
1091 3709 1509 3790 -s.r110]cosngia,X.b

180 3797 263 3863 L329;
282 3794 377 3862 reliqui
389 3797 444 3848 iere
455 3814 481 3846 ω
497 3799 550 3848 deo
565 3795 607 3848 vel
619 3813 644 3845 ω
659 3797 684 3846 d.
699 3796 806 3862 [desunt
817 3799 867 3849 bas
879 3797 950 3850 lectt.
964 3799 1035 3864 apud
1047 3799 1249 3864 Zumptiuml-
1262 3802 1407 3852 tentandae
1423 3801 1508 3866 Lgit:

181 3874 299 3924 masidam
321 3875 365 3923 ott.
385 3873 414 3923 0.
442 3897 470 3909 -
498 3872 522 3922 3.
545 3873 630 3922 Recita
650 3876 667 3922 t.
692 3871 818 3934 pudieam
835 3886 888 3924 orn.
908 3873 932 3924 l.
956 3872 1064 3924 Addidit
1085 3876 1105 3924 0
1123 3887 1156 3925 er
1173 3876 1278 3926 Hotom.
1298 3877 1377 3938 coni,
1396 3881 1425 3927 ut
1441 3877 1510 3940 Leti

181 3947 281 4000 babere
306 3947 425 3997 videtur:
459 3947 680 3998 TESTIMONIVM
703 3948 871 3999 PVBLICVM.
901 3977 927 3986 -
952 3950 976 3999 6,
995 3949 1061 3999 LEX
1069 3951 1164 4000 --Plt
1189 3963 1242 4001 om.
1267 3952 1335 4016 ngas
1355 3951 1387 4003 ia
1412 3953 1446 4016 (in
1470 3951 1510 4003 la-

181 4025 257 4087 cuna)
274 4023 334 4074 AB.
364 4020 425 4085 [Sed
443 4023 581 4088 exscripsit
597 4021 673 4073 Nieb.
692 4035 725 4073 ex
742 4023 840 4074 eodem
857 4024 925 4088 Lgib
941 4025 1101 4089 scripturam
1119 4025 1196 4087 Gaio,
1215 4029 1245 4076 ut
1262 4030 1307 4077 aut
1324 4028 1381 4092 ipse
1398 4030 1444 4077 aut
1459 4028 1510 4078 La-

181 4100 355 4163 gomersinius
373 4109 476 4149 errasse
493 4097 635 4162 videniur]
655 4124 682 4132 —
699 4098 787 4148 videtis
802 4097 872 4162 Lali
885 4101 922 4149 N:
943 4101 1040 4149 cicutis
1056 4100 1101 4149 cti.
1123 4127 1149 4136 —·
1170 4101 1193 4150 7.
1211 4103 1322 4152 modium
1339 4100 1424 4165 Lgl8:
1442 4103 1509 4152 mod.

181 4174 227 4235 li,
244 4175 338 4224 modios
354 4174 432 4222 cit·
451 4173 475 4224 8.
493 4175 608 4223 vicim—
621 4173 738 4223 resones
755 4174 779 4237 5.
792 4174 832 4224 86.
846 4187 872 4224 v.
886 4174 925 4226 ii.
939 4175 1021 4226 babet
1031 4177 1062 4225 V.
1076 4201 1102 4211 -
1122 4177 1209 4225 cerari
1219 4176 1283 4226 V.-
1303 4177 1326 4228 9.
1344 4179 1431 4240 inpud.
1443 4179 1507 4228 V.-

180 4249 213 4300 ob
229 4248 259 4311 i,
277 4250 312 4298 V:
331 4263 349 4298 o
365 4249 410 4298 ctt.
429 4250 458 4299 0.
479 4277 507 4286 -
526 4249 627 4312 apstcltt
644 4247 673 4298 V.
694 4273 721 4283 *
742 4248 781 4298 40,
800 4249 867 4312 iopr.
886 4250 917 4300 V.
932 4277 960 4287 -·
979 4251 1019 4301 it.
1038 4251 1208 4301 cornmutobat
1224 4249 1301 4314 ugia.
1318 4280 1345 4290 -
1365 4255 1404 4304 ia.
1423 4253 1511 4315 cripiet

180 4351 194 4363 -
206 4351 220 4362 -
238 4337 288 4374 oon
305 4323 391 4386 cripiet
407 4324 531 4375 VABN:
557 4325 649 4387 eripiat
660 4349 696 4359 --
707 4336 758 4372 noo
773 4324 847 4386 eripit
864 4324 947 4388 ngas:
974 4325 1075 4388 cripiet,
1098 4331 1144 4375 oui
1161 4339 1187 4375 a.
1208 4326 1311 4390 lorpttio
1327 4327 1414 4391 eripiet
1430 4327 1508 4378 codd.

181 4397 247 4458 reil.;
265 4400 304 4448 cis
320 4404 364 4448 aui
375 4411 401 4447 a.
415 4398 544 4462 ter-ipisci
560 4401 590 4451 0.
602 4425 630 4434 —
649 4398 691 4448 scd
701 4396 783 4448 babet
794 4400 874 4450 etiarn
884 4400 914 4450 V.
934 4401 1036 4450 Erravit
1052 4401 1144 4452 licius.
1157 4427 1184 4437 —
1197 4402 1319 4464 eripueris
1329 4406 1361 4455 N.
1369 4421 1402 4441 ·-
1416 4405 1511 4455 intelle-

179 4476 217 4538 pts
227 4474 263 4534 V;
281 4474 395 4539 intellipii
405 4479 427 4526 A
436 4475 454 4525 B
468 4475 532 4526 dett.
547 4476 607 4538 (non
620 4474 660 4537 N.)
674 4497 701 4510 -
722 4472 763 4524 ii.
775 4487 853 4539 perro
861 4489 910 4527 res.
922 4477 1001 4538 ngas.
1009 4503 1036 4514 -
1055 4481 1134 4527 totuin
1145 4477 1269 4542 integrum
1279 4479 1301 4528 V
1315 4478 1376 4542 (ΒΓ.)
1389 4480 1416 4529 et
1426 4477 1508 4543 agia:

180 4552 304 4614 tammum
320 4555 399 4600 totum
416 4551 462 4601 cit.
481 4550 510 4600 0.
531 4577 558 4587 —
578 4552 618 4601 ic.
637 4561 727 4608 cossa,
746 4551 776 4599 ut
792 4550 916 4611 videtur,
934 4553 965 4602 V.
980 4579 1007 4589 -·
1027 4553 1066 4603 46.
1085 4559 1109 4604 ai
1123 4555 1202 4617 feroc.
1214 4555 1244 4604 V.
1260 4581 1288 4593 -
1306 4555 1396 4620 ipsam]
1409 4557 1511 4618 pulum

179 4625 210 4675 V.
226 4652 253 4660 -
273 4625 313 4674 i'l.
333 4626 441 4676 deitate
456 4626 487 4676 V.
502 4651 531 4664 -
551 4626 591 4676 49.
610 4626 728 4691 repebant
743 4629 775 4678 V.
796 4654 823 4664 -
842 4627 882 4677 ao.
901 4628 941 4689 A]
959 4627 1036 4677 Aulus
1052 4627 1081 4679 V.
1103 4655 1130 4665 -
1148 4629 1194 4679 iste
1209 4631 1304 4693 capreis
1320 4631 1350 4680 V.
1366 4657 1394 4666 —
1412 4632 1452 4681 2⁴.
1471 4630 1511 4681 lrtc

179 4702 302 4762 interpres
316 4700 347 4749 V.
367 4728 395 4737 -
413 4703 455 4752 22.
473 4703 544 4763 emit,
565 4716 616 4752 non
632 4703 707 4768 eviii,
725 4709 807 4761 eiiam
822 4702 854 4753 V.
874 4727 903 4739 -
922 4703 963 4753 23.
982 4703 1059 4752 tritici
1075 4715 1128 4754 om.
1146 4705 1177 4754 V.
1199 4729 1226 4741 -
1245 4707 1309 4756 med.
1327 4706 1366 4755 V:
1391 4706 1456 4755 mod.
1476 4704 1505 4764 i;

180 4775 318 4824 mmiomos
334 4773 398 4825 dett.
413 4804 440 4813 —
460 4779 502 4828 cic
519 4778 580 4840 (non
597 4779 645 4841 cio)
663 4781 693 4832 V.
715 4809 743 4821 «-
761 4785 867 4832 cosmae
883 4778 913 4827 V.
932 4803 959 4814 -
978 4776 1019 4828 ai.
1037 4777 1105 4829 XXX
1116 4781 1189 4830 mitia
1205 4781 1273 4844 Lais
1286 4782 1347 4832 An:
1365 4781 1438 4830 mitio
1454 4791 1508 4830 om.

180 4849 283 4914 LgliV
301 4850 329 4900 et
344 4850 383 4900 sic
400 4851 475 4904 inira.
492 4879 518 4889 -
538 4855 578 4903 25.
597 4857 752 4920 mugla.
769 4885 795 4894 -
814 4856 870 4906 teV
888 4856 915 4904 et
931 4852 960 4904 i:
979 4853 1024 4903 tibi
1040 4853 1104 4904 dett.
1120 4882 1146 4890 -
1166 4856 1207 4906 26.
1225 4857 1350 4906 musea
1367 4857 1434 4914 As,
1453 4853 1507 4903 eiii:

180 4926 243 4975 med.
257 4925 293 4984 νς
311 4925 440 4976 medentes
457 4928 538 4990 Lat&
556 4931 622 4980 mod.
642 4931 719 4994 Lgin.
739 4959 767 4968 -
787 4931 829 4982 cic
845 4931 875 4980 V.
897 4956 924 4964 -
942 4929 984 4979 27.
1001 4930 1067 4979 mod.
1081 4928 1150 4994 Lgii
1161 4932 1197 4991 N;
1216 4932 1280 4980 med.
1293 4930 1325 4981 V.
1340 4957 1368 4967 -
1387 4931 1439 5000 toti.
1454 4928 1509 4991 (sici

181 5015 205 5047 οο
223 5015 249 5047 ω
267 4999 299 5049 V.
320 5027 347 5037 -
366 5001 406 5052 28.
426 5005 570 5054 condidisset
587 5004 663 5068 agia.
685 5033 712 5043 -
731 5007 771 5058 30.
788 5007 868 5056 recito
879 5029 918 5044 -·
929 5003 1103 5066 semensas
1119 5017 1172 5056 om.
1192 5006 1311 5054 Vvacuo
1328 5005 1412 5070 spatio
1429 5003 1509 5054 trium

181 5089 307 5126 versuum
320 5075 452 5128 relicto-
465 5078 506 5128 34.
518 5081 614 5129 commi
628 5081 680 5132 Vol.
690 5081 715 5142 i,
726 5081 789 5144 Vtin
801 5081 853 5130 hoc
865 5081 955 5130 temen
966 5079 1089 5143 consinsi:
1105 5080 1157 5130 Vol.
1170 5080 1265 5130 suomi
1276 5075 1334 5129 rell.
1345 5079 1405 5128 0.-
1418 5077 1509 5128 aaknc

181 5149 223 5202 vel
232 5151 326 5203 saletto
333 5151 397 5202 V.-
411 5154 441 5203 in
451 5154 501 5204 AB
513 5153 582 5219 Lgtt
591 5153 622 5206 it
634 5155 722 5208 titulus
734 5166 852 5220 sequens
864 5167 929 5218 om,
942 5153 1029 5206 sedin
1041 5153 1146 5207 dnobus
1157 5157 1235 5224 Lngg.
1250 5155 1291 5208 est
1301 5151 1395 5208 lacuna
1406 5151 1507 5208 relicta.
