3610 5860
296 313 358 382 tlt
702 320 853 386 ORATIO
874 321 954 386 PHO
974 322 1012 386 l.
1035 321 1208 388 CAECINA

295 507 378 551 nexa
399 492 496 572 atque
517 485 720 553 hereditates.
765 490 857 554 lubet
877 491 961 554 enim
983 491 1094 555 eodem
1117 491 1185 555 iure
1207 511 1291 565 esse,
1320 511 1384 574 qno
1406 491 1528 556 luerint
1549 493 1632 556 Ari-

294 583 468 645 minenses:
499 601 580 666 quos
609 582 681 665 quis
708 583 833 666 ignorat
860 585 1028 650 duodecim
1056 585 1251 650 coloniarum
1280 584 1380 648 fuisse
1403 593 1434 648 el
1454 606 1474 650 a
1495 585 1629 649 civibus

293 674 443 738 Romanis
464 673 654 740 hereditates
676 695 789 760 capere
810 679 977 762 potuisset
1009 680 1103 756 Quod
1125 681 1152 743 si
1174 679 1272 743 adimi
1287 679 1397 742 civitas
1410 681 1447 744 ll.
1464 681 1629 744 Caecinae

293 769 363 852 lege
390 769 559 852 potuisset,
589 769 689 853 magis
717 771 804 834 illam
833 775 988 838 rationem
1018 783 1121 838 tamen
1151 793 1261 837 omnes
1286 773 1364 836 honi
1384 792 1628 856 quaereremus,

270 864 390 947 5quem
420 862 460 926 ad
488 863 617 927 modum
644 866 906 948 spectatissimum
934 867 1263 952 pudentissimumque
1284 867 1460 941 hominem,
1494 888 1628 954 summo

135 973 168 1054 ᾖ
293 957 445 1033 oonsilio,
466 977 588 1022 summa
610 958 745 1034 virtute,
771 980 893 1024 summa
914 963 1101 1025 auctoritato
1123 962 1296 1025 domestica
1317 961 1511 1044 praeditum,
1532 962 1628 1026 leva·

293 1059 360 1115 lum
381 1053 499 1116 iniuria
516 1035 621 1116 ‘civem
642 1054 779 1117 retinere
800 1074 977 1139 possemus,
1001 1076 1095 1139 quam
1116 1055 1163 1120 uti
1186 1075 1280 1130 nuno,
1303 1077 1374 1119 oum
1397 1056 1436 1119 de
1457 1057 1526 1120 iure
1542 1057 1627 1120 civi-

293 1146 365 1210 tatis
387 1146 467 1211 nihil
487 1147 627 1230 potuerit
648 1147 833 1230 deperdere,
856 1150 1024 1232 quisquam
1048 1151 1191 1224 exsistat,
1213 1151 1275 1212 nisi
1297 1151 1354 1224 lui,
1377 1150 1482 1226 Sexte,
1505 1151 1625 1214 similis

292 1247 325 1302 et
356 1240 490 1304 stultitia
517 1249 550 1304 et
581 1240 793 1324 impudentia,
828 1241 884 1327 qui
916 1242 991 1305 huic
1020 1242 1199 1326 ademptam
1232 1244 1390 1308 civilatem
1422 1263 1492 1308 esse
1523 1243 1624 1306 dicat.

255 1334 283 1382 ⁴⁰
293 1328 363 1395 lo3.
387 1332 452 1408 Qui
465 1334 626 1418 quoniam,
648 1342 896 1419 recuperatores,
919 1357 1010 1400 suum
1025 1337 1075 1400 ius
1089 1357 1153 1400 uon
1170 1338 1308 1400 deseruit
1321 1357 1427 1420 neque
1442 1337 1625 1422 quidquam

290 1427 377 1492 illius
410 1417 562 1492 audaciae
594 1428 853 1513 petulantiaeque
886 1431 1058 1507 concessit,
1093 1432 1133 1494 de
1164 1431 1288 1515 reliquo
1323 1432 1385 1494 iam
1418 1450 1624 1494 communem

291 1541 419 1584 oausam
440 1522 615 1606 populique
637 1522 687 1586 ius
709 1523 742 1586 in
766 1531 872 1588 vestra
900 1521 961 1588 tide
989 1545 1025 1588 ac
1052 1525 1206 1608 religione
1234 1525 1374 1606 deponit
1417 1524 1623 1588 xxxvl1s

290 1615 386 1681 lromo
402 1624 465 1691 est,
487 1617 532 1680 ita
553 1636 587 1679 se
609 1618 776 1700 probatum
790 1618 879 1682 voltis
896 1619 1058 1702 qestrique
1073 1619 1229 1684 similibus
1251 1637 1376 1700 semper
1390 1618 1505 1692 voluit,
1527 1626 1564 1681 ιιι
1584 1617 1622 1680 id

290 1728 356 1772 uon
378 1709 484 1774 miuus
505 1709 539 1773 in
560 1708 619 1774 hac
643 1731 737 1774 causa
759 1711 910 1776 laborarit
924 1720 1020 1796 alque
1035 1713 1242 1786 contenderit,
1265 1731 1361 1795 quam
1376 1731 1416 1773 ne
1432 1710 1622 1774 dissolutius

253 1807 357 1866 ttreru
378 1803 559 1887 relinquere
580 1803 750 1880 videretur,
772 1825 832 1868 neo
854 1806 958 1869 miuus
973 1814 1143 1879 vereretur,
1165 1825 1205 1867 ne
1220 1811 1420 1868 contemnere
1434 1802 1621 1877 Aebutium,

290 1917 387 1982 quam
407 1919 447 1962 ne
469 1897 509 1962 ab
532 1918 570 1962 eo
593 1906 792 1984 contemptus
815 1920 885 1964 esse
908 1901 1150 1963 existimaretur.

376 1987 447 2056 tot.
476 1992 677 2077 Quapropter
697 1993 725 2058 si
747 1995 826 2079 quid
848 2000 937 2058 extra
959 1992 1110 2058 iudicium
1133 1999 1199 2068 est,
1225 1991 1311 2076 quod
1333 1991 1456 2057 homiui
1478 1992 1621 2056 tribuen-

356 2234 380 2285 t.
398 2233 540 2286 hreddmis
555 2235 591 2296 T;
609 2235 732 2287 medum
747 2237 778 2286 V.
800 2264 827 2274 -
849 2237 952 2302 tuemurt
968 2235 1053 2288 ouk.
1074 2263 1101 2273 -
1130 2235 1154 2285 i.
1173 2235 1309 2300 duodecim]
1334 2235 1502 2298 duodmipiuli
1518 2233 1551 2285 de
1568 2237 1622 2286 Sa-

291 2311 354 2362 vinii
371 2311 523 2362 coniectura
541 2310 570 2361 0.
593 2311 647 2362 Sed
663 2311 715 2362 vid.
734 2312 822 2363 loson.
841 2312 994 2378 Harquardt
1010 2314 1036 2362 iu
1052 2310 1155 2372 meter,
1173 2310 1271 2360 Houdo.
1284 2311 1329 2361 der
1343 2314 1409 2360 rem.
1420 2310 1522 2360 sturm
1534 2310 1576 2359 111.
1593 2312 1621 2360 l.

290 2399 318 2453 p.
336 2386 368 2438 39
385 2399 445 2450 sqq.
466 2413 493 2423 -
510 2384 596 2450 tuine}
611 2399 661 2438 esse
677 2388 705 2439 T.
725 2413 752 2422 -
776 2400 794 2436 a
809 2387 902 2438 cuibus
918 2388 1044 2449 Romanis]
1066 2400 1084 2436 a
1099 2401 1120 2436 c.
1139 2401 1162 2436 r.
1187 2386 1250 2450 (per
1266 2385 1433 2450 compendia)
1451 2383 1622 2449 vdahmp

291 2459 353 2522 αβ;
372 2455 679 2522 demolumentum
698 2463 911 2526 opopanacis
930 2462 1018 2526 (etiam
1034 2462 1063 2521 T,
1082 2460 1104 2511 si
1121 2459 1189 2511 fides
1206 2461 1247 2510 est
1264 2458 1387 2510 Harlessii
1403 2457 1513 2522 silentio)
1530 2457 1620 2512 Alss.

291 2535 510 2588 Emendatiouem
521 2537 580 2586 Aut.
593 2537 729 2600 Augustini
746 2537 860 2588 firmavit
870 2537 895 2586 k.
906 2563 934 2572 -
953 2535 977 2587 i.
991 2549 1137 2598 quaeremus
1147 2535 1197 2586 TV
1206 2533 1247 2585 ab
1257 2549 1273 2599 p
1283 2537 1301 2586 t.
1312 2562 1339 2571 —
1358 2537 1382 2585 t.
1399 2534 1622 2598 pudentissimum-

291 2623 339 2673 que
349 2622 364 2659 a
376 2611 404 2660 et
419 2609 483 2660 LO:
499 2608 861 2672 pmdemisummsueast.
880 2612 919 2663 Ci.
932 2626 959 2677 p.
971 2613 1028 2662 tte.
1043 2625 1068 2662 v.
1080 2613 1103 2662 t.
1115 2625 1142 2676 p.
1155 2613 1276 2672 Quinctio
1288 2610 1312 2675 fl.
1326 2609 1367 2661 39.
1379 2610 1455 2660 Verr.
1470 2610 1510 2660 lll.
1523 2609 1546 2673 5.
1559 2609 1620 2661 459.

293 2711 321 2722 ·-
340 2685 365 2735 6.
382 2683 492 2748 omullo]
511 2684 592 2734 undio
608 2685 636 2735 T.
657 2709 684 2722 ·-
709 2687 868 2736 domesticatus
884 2688 912 2736 T.
933 2715 960 2724 -
979 2687 1083 2737 letatum
1098 2689 1127 2738 T.
1148 2715 1175 2726 -·
1202 2688 1227 2737 i.
1246 2701 1303 2738 cum
1319 2698 1372 2736 om.
1390 2687 1419 2736 T.
1438 2711 1466 2722 -
1485 2684 1510 2735 8.
1528 2683 1572 2750 ue]
1590 2689 1623 2734 lu

291 2758 320 2809 T.
340 2784 367 2794 -
386 2758 411 2810 9.
428 2758 590 2821 inprudentia
606 2760 635 2810 T.
650 2786 677 2796 -
696 2762 839 2824 ademptum
854 2761 979 2812 dulmen
989 2762 1009 2811 T
1020 2762 1124 2824 (deerat
1137 2763 1203 2814 hoec
1216 2765 1243 2812 el
1253 2773 1369 2824 sequens
1381 2759 1458 2811 lectio
1470 2761 1496 2810 iu
1507 2761 1621 2812 nomm-

290 2831 356 2882 souii
368 2829 498 2894 soledisit
517 2833 641 2884 civitaten
652 2834 979 2898 ndnnptemliALEO.—
994 2837 1033 2887 to.
1048 2836 1173 2902 quonium]
1187 2852 1263 2900 perram
1275 2839 1303 2888 T.
1322 2836 1361 2887 cl.
1374 2836 1398 2899 ἓ,
1411 2837 1436 2886 2.
1447 2863 1474 2872 -
1489 2836 1529 2887 tl.
1542 2833 1618 2898 lilim]

291 2904 515 2970 «Exspectabalur
529 2907 607 2969 istim,
627 2921 665 2959 sc.
677 2909 808 2960 Aebutii·
826 2911 903 2962 Beer.
923 2912 961 2962 Ci.
975 2911 999 2976 5.
1013 2911 1037 2962 3.
1050 2911 1074 2963 i.
1085 2913 1108 2962 6.
1122 2911 1177 2972 llil.
1187 2939 1214 2947 -
1227 2909 1351 2974 concessit]
1371 2911 1432 2960 Post
1442 2910 1511 2960 hano
1522 2921 1618 2960 vocem

289 2973 400 3032 hennae
417 2979 522 3044 signum
539 2980 640 3034 habeut
656 2984 710 3039 tt.
731 3013 758 3022 -
780 2987 810 3037 de
826 2985 921 3050 reliquo
939 2985 1020 3050 (quod
1038 2986 1200 3037 divinaveml
1216 2987 1244 3036 P.
1263 2983 1355 3046 Tuber)
1372 2983 1439 3033 TV:
1458 2983 1489 3034 ds
1504 2984 1618 3044 relinquo

289 3053 433 3112 alteo,
447 3081 474 3091 —
488 3057 529 3108 lt.
544 3059 679 3123 populique
689 3058 805 3113 iustis:
823 3062 958 3125 populique
974 3062 1080 3113 lionmni
1095 3063 1135 3111 ius
1151 3073 1213 3112 cum
1225 3059 1287 3110 edd.
1300 3058 1408 3109 Venetis
1419 3071 1443 3108 a.
1457 3057 1529 3110 lita.
1542 3057 1615 3109 titio.

291 3131 364 3183 lise.
384 3132 411 3182 et
427 3131 529 3182 lunliua
546 3131 632 3188 tto
649 3163 676 3171 —
694 3137 721 3186 in
736 3143 847 3187 uestrum
861 3139 936 3203 lidan
952 3152 983 3188 oc
999 3137 1172 3202 rclipionemk
1189 3137 1216 3186 et
1233 3133 1316 3186 codex
1328 3133 1437 3184 Francii.
1456 3131 1494 3182 Ci.
1507 3146 1534 3197 p.
1547 3131 1618 3183 Sulla

290 3205 314 3272 5.
328 3207 369 3258 92.
383 3234 411 3243 -
432 3207 540 3269 deponit.
558 3209 583 3260 ls
599 3210 677 3275 VGp
690 3211 888 3274 (confirmantes
900 3215 927 3264 P.
939 3213 1015 3264 Fabri
1033 3209 1236 3272 coniecturaml:
1258 3207 1378 3272 deponitis
1394 3207 1426 3268 T;
1446 3207 1619 3270 deponitur.is

291 3281 352 3333 edd.
366 3282 482 3334 Venetae
495 3283 565 3344 tres;
583 3285 686 3346 depono.
699 3284 875 3340 euscio
890 3314 918 3324 -
938 3289 978 3339 43.
991 3293 1027 3338 est
1043 3289 1076 3338 T:
1096 3285 1151 3338 om.
1162 3287 1211 3338 ut
1222 3283 1306 3338 thO.
1316 3313 1343 3322 -
1356 3289 1385 3334 nt
1399 3284 1426 3333 in
1437 3297 1465 3334 eo
1476 3298 1525 3334 nou
1535 3284 1618 3334 minus

290 3371 368 3422 quum
382 3361 411 3411 in
426 3361 473 3412 lios
488 3358 518 3409 L.
539 3387 565 3396 —
585 3360 626 3413 ii.
645 3365 720 3423 etque
736 3363 888 3414 contenderit
903 3376 968 3414 nos:
991 3367 1066 3424 elque
1083 3363 1232 3414 contenderit
1248 3359 1318 3410 uliud
1335 3355 1460 3422 amqtlt
1477 3359 1504 3409 et
1520 3362 1553 3419 A;
1570 3372 1618 3408 ne-

290 3447 337 3498 que
361 3437 505 3487 contendere
531 3435 627 3498 aliquid
648 3435 716 3496 TV,
741 3451 772 3488 ne
792 3439 943 3489 contenderit
964 3439 1061 3501 aliquid
1077 3440 1111 3492 (ις
1135 3450 1214 3498 nequo
1236 3435 1386 3486 contenderit
1402 3433 1473 3484 aliud
1488 3432 1547 3498 ιρι
1572 3446 1618 3484 uec

289 3510 441 3560 cmueudem't
457 3510 650 3566 alienatae.
671 3513 750 3564 «Tam
768 3512 844 3578 louge
863 3515 941 3566 abest
957 3513 1071 3566 addendi
1089 3513 1251 3564 necessitas»
1270 3510 1431 3574 (addendum
1448 3523 1508 3562 esso
1519 3507 1618 3572 aliquid

291 3587 441 3652 suspicatus
459 3591 517 3639 erat
532 3589 718 3652 Hotomanus),
739 3591 788 3639 «ut
803 3588 902 3653 aliquid
919 3592 1006 3656 polius
1023 3585 1186 3640 demendum
1201 3584 1330 3636 videatur.
1354 3585 1420 3634 Hem
1436 3583 1510 3636 hisce
1525 3583 1617 3636 verbis

289 3674 335 3712 neo
350 3661 502 3713 contenderit
517 3662 588 3714 uliud
603 3664 763 3716 senteutiam
780 3665 946 3730 nitoremque
963 3663 1026 3726 loci,
1050 3661 1253 3714 concinnitatem
1275 3659 1389 3723 denique
1407 3658 1508 3710 turbari
1524 3657 1614 3709 video:

291 3734 398 3787 eTullio
416 3736 526 3800 quidem
541 3739 599 3804 ipso
615 3740 734 3804 proiecta
751 3741 780 3790 ut
797 3739 959 3800 existimem,
981 3737 1077 3789 adduci
1094 3750 1208 3802 nequeo.
1234 3735 1315 3786 Teuta
1332 3735 1382 3796 est,
1399 3732 1498 3798 inquil,
1516 3733 1617 3786 homiui

291 3809 367 3862 vobis
384 3823 414 3864 se
431 3812 562 3876 probandi
579 3814 721 3880 cupiditas,
747 3815 777 3865 ut
801 3814 827 3866 in
849 3814 900 3864 hac
922 3813 978 3877 ipse
995 3824 1074 3862 causa
1092 3811 1131 3872 id,
1155 3810 1188 3860 de
1205 3809 1255 3860 hac
1273 3821 1370 3873 nempe
1387 3807 1428 3860 sui
1444 3809 1615 3876 probatione,

291 3899 345 3937 non
366 3887 453 3938 minus
474 3885 601 3939 laborarit
617 3902 699 3952 quam
718 3903 751 3940 ne
769 3889 809 3940 ius
826 3900 906 3939 suum
922 3884 1049 3938 dissolute
1066 3885 1217 3950 relinquere
1233 3883 1394 3935 uideretur.»
1412 3885 1473 3938 Gra.
1486 3885 1510 3936 2.
1535 3885 1616 3951 Equi·

292 3959 355 4012 dem
371 3963 435 4014 eatis
450 3962 532 4014 habui
543 3977 624 4016 unam
634 3977 728 4016 vocem
740 3965 811 4016 uliud
826 3963 933 4028 (aliquid
943 3963 1030 4026 TVG)
1049 3961 1148 4012 delere.
1167 3962 1244 4012 Caes.
1262 3960 1291 4010 B.
1310 3960 1338 4010 G.
1358 3959 1377 4008 1.
1391 3957 1447 4009 et:
1468 3975 1518 4012 nou
1533 3962 1616 4014 smnus

290 4048 315 4087 se
330 4036 358 4085 id
372 4039 516 4088 conmudere
526 4043 549 4089 el
559 4038 684 4102 lodmore,
701 4053 732 4090 ue
743 4053 782 4102 so,
801 4052 865 4102 quoe
875 4037 1002 4099 dumont,
1020 4036 1218 4094 euumioreutur,
1238 4047 1314 4098 quum
1326 4032 1364 4082 uti
1378 4045 1422 4094 eu,
1440 4045 1507 4094 quus
1517 4035 1613 4098 ouen,

290 4111 461 4174 impetrarent.
474 4109 513 4163 Ci.
526 4113 581 4164 Cio.
592 4114 627 4164 ad
638 4115 739 4174 Q.lr.1.
750 4115 774 4174 i,
787 4112 876 4177 il,ii.
889 4113 965 4163 Verr.
975 4113 1018 4162 ill.
1028 4111 1052 4176 9.
1064 4111 1120 4162 lio.
1134 4109 1175 4176 (m
1184 4110 1268 4172 inique
1278 4107 1422 4160 contendere
1433 4108 1530 4172 aliquid
1540 4124 1616 4175 quum

291 4199 323 4237 ne
333 4186 447 4238 &solute
456 4186 596 4251 colloquere
607 4189 815 4251 Mommsenius.)
828 4215 855 4224 -
874 4201 905 4238 ne
920 4187 1060 4238 neotum
1070 4198 1124 4236 run
1139 4184 1278 4247 relinquere
1289 4197 1337 4234 uos
1348 4196 1353 4232 :
1372 4195 1403 4232 ne
1418 4183 1530 4236 tumult
1538 4185 1616 4238 relin-

293 4263 431 4324 quereTV
447 4261 531 4327 likp;
549 4275 581 4313 ne
597 4263 711 4314 dissolute
725 4259 1017 4327 relinquereamqtd3
1036 4274 1067 4311 ne
1082 4273 1171 4311 mmm
1187 4259 1297 4310 dissoluti
1312 4257 1450 4320 relinquere
1466 4271 1495 4321 e,
1513 4272 1544 4310 ne
1559 4259 1616 4310 boui
1646 4257 1652 4265 ’

291 4336 343 4388 uiri
358 4337 467 4402 officium
481 4336 621 4399 rdirsquere
631 4340 667 4400 Α;
685 4351 716 4388 ue
726 4339 764 4388 ius
780 4350 852 4388 suum
863 4339 977 4390 dissolute
987 4337 1126 4400 relinquere
1136 4348 1198 4386 cum
1210 4336 1311 4386 luniina
1324 4333 1360 4397 (et
1369 4333 1428 4383 tort.
1439 4332 1469 4395 α)
1480 4333 1499 4386 1.
1509 4331 1526 4388 2
1535 4335 1564 4386 0.
1578 4335 1615 4399 (in

294 4411 408 4464 <illam
419 4425 435 4475 p
446 4425 463 4475 q
473 4413 484 4461 ι
490 4409 511 4472 β
526 4413 588 4475 post
603 4424 629 4463 v.
642 4425 674 4462 ue
684 4412 798 4477 spatium
809 4425 924 4464 vacuum
936 4412 1057 4464 relictum
1075 4412 1116 4462 est
1132 4412 1159 4461 et
1169 4401 1196 4460 iir
1207 4423 1225 4474 q
1236 4410 1270 4460 ad
1281 4409 1429 4473 marginem
1441 4421 1483 4459 ιι.
1496 4411 1616 4462 iussumu

293 4499 348 4538 sec.
361 4497 443 4536 manu
460 4484 600 4550 suppleta.)
618 4485 658 4537 Ci.
672 4485 695 4551 ἓ.
708 4487 765 4538 td:
782 4499 846 4537 rem
861 4492 1000 4538 etecusam
1017 4492 1039 4538 et
1054 4486 1186 4537 utilitatem
1202 4499 1356 4536 cerimonem
1370 4497 1421 4534 uon
1437 4484 1616 4546 relinquere

293 4561 381 4623 mimo,
390 4561 432 4610 sed
443 4562 518 4611 elium
524 4562 639 4625 prodere.
650 4561 809 4626 (dissolutius,
821 4562 848 4611 iu
859 4560 937 4612 codd.
951 4561 1079 4623 dissoluli',
1091 4573 1139 4626 pro
1149 4559 1263 4610 dissolute
1273 4559 1367 4624 scripsi
1375 4557 1477 4610 Halmio
1488 4560 1614 4625 auclore.)

298 4637 494 4688 -lltueretur
509 4649 550 4687 ae
568 4638 631 4702 (seo.
649 4635 696 4700 m.)
713 4638 827 4702 mpql;
844 4636 1116 4702 munusculum),
1134 4635 1229 4686 ueritus
1244 4636 1313 4686 sill..
1326 4661 1353 4669 —
1371 4635 1540 4696 conlenrpnere
1556 4633 1613 4686 TV.

296 4711 334 4765 Cl.
347 4712 372 4778 fi.
383 4712 407 4764 6.
419 4739 448 4750 -
461 4712 502 4764 tt.
514 4723 591 4774 mom
602 4723 634 4763 ne
644 4711 675 4762 oi
686 4723 715 4762 eo
726 4724 788 4762 oum
798 4713 826 4762 P.
839 4711 954 4763 Munatio
966 4709 998 4774 (a.
1011 4709 1094 4774 etio.)
1107 4711 1134 4760 et
1144 4710 1291 4761 Hotomauo
1303 4707 1393 4762 uso:
1412 4708 1569 4770 wmdeteo
1580 4708 1613 4770 ἰι

294 4787 405 4838 uedeeo
416 4787 573 4852 (omquum)
585 4786 621 4846 V;
634 4786 751 4850 quamde
762 4787 892 4837 eous-
907 4783 1301 4848 commotusutrumque
1313 4783 1399 4838 LHO:
1411 4783 1616 4846 quudulmmtm

295 4862 349 4914 VH
362 4862 432 4926 (deT
444 4861 592 4914 Herlessius
604 4860 684 4926 silel);
702 4862 768 4924 qiud
777 4861 867 4912 uituli
877 4861 969 4911 lomim
980 4859 1105 4925 Gebpq
1118 4861 1166 4924 (pr.
1177 4860 1223 4924 m.)
1235 4856 1302 4921 ιαβ
1316 4860 1343 4909 et
1353 4859 1388 4919 l;
1401 4862 1467 4922 quod
1476 4861 1616 4912 nilminu-

294 4936 369 4986 minis
379 4938 396 4988 Ιι
406 4950 424 5002 q
436 4937 498 5002 (seo.
510 4935 569 5000 ml:
582 4937 648 5000 qisod
657 4935 747 4986 uituli
756 4935 920 4996 hominunm
933 4935 1108 4998 quoduirtidis
1117 4934 1222 4986 nomime
1232 4948 1300 4986 ιιι-
1310 4934 1474 5002 leibumdum]
1484 4937 1529 4988 hoc
1539 4933 1616 4988 nitu

296 5011 386 5064 sudum
395 5011 423 5076 T,
436 5009 508 5064 uude
519 5011 576 5064 iulo
586 5009 743 5064 diluendum
753 5012 820 5064 coni.
831 5011 968 5066 lordauus.
978 5009 1055 5076 (quod
1063 5015 1092 5063 ul
1101 5009 1194 5063 lomim
1203 5011 1260 5062 tuis
1270 5009 1427 5066 memnone
1437 5011 1469 5066 sit
1478 5009 1614 5078 Halmius.)
