3578 5862
622 447 694 513 on.
716 447 864 514 v-ur.
890 444 947 532 ss.
971 443 1117 514 tt-te.
1467 445 1529 515 ete

211 637 305 684 causa
335 615 461 694 iecerit,
489 637 530 681 an
558 617 622 681 hoc
649 636 764 704 genere
795 617 996 703 eloquentiae
1025 618 1215 693 delectetur,
1244 619 1372 682 nescio:
1405 621 1529 685 tametsi

209 715 265 800 qui
287 711 443 777 acutiores
464 713 497 775 in
511 713 667 776 contione
689 717 854 787 steterant,
877 712 916 774 de
938 712 1007 795 lege
1029 713 1152 795 agraria
1170 702 1278 776 nes'cio
1299 713 1377 796 quid
1390 713 1529 778 voluisse

209 829 281 872 eum
303 808 407 871 dicere
429 806 679 890 suspicabantur.
711 805 890 890 Aliquando
913 806 1040 869 tandem
1054 825 1105 868 me
1119 804 1284 889 designato
1299 805 1354 869 lex
1371 807 1405 868 in
1425 807 1530 888 publi:

207 923 278 968 oum
304 900 502 984 proponitur.
544 900 743 963 Concurrunt
772 900 860 962 iussu
891 918 962 962 meo
991 900 1099 983 plures
1128 919 1193 962 uno
1221 905 1363 982 tempore
1392 898 1531 974 librarii,

206 996 396 1079 descriptam
418 994 458 1056 ad
480 1013 530 1056 me
552 993 655 1076 legem
676 993 821 1056 ailerunt.
852 992 905 1055 Vl.
927 987 977 1054 il.
1000 992 1094 1055 Omni
1116 992 1178 1056 hoc
1200 993 1323 1057 ratione
1343 991 1434 1055 vobis
1456 1009 1554 1056 oon-e

205 1087 329 1153 firmare
351 1107 498 1171 possum,
521 1086 677 1162 Quirites,
699 1086 760 1149 hoo
782 1087 887 1150 animo
907 1107 958 1151 me
981 1087 1020 1151 ad
1043 1088 1208 1170 legendam
1223 1088 1326 1170 legem
1340 1103 1531 1170 eognoscen-

206 1183 344 1267 damque
365 1179 510 1255 venisse,
533 1185 588 1254 ut,
611 1179 638 1242 ei
661 1198 729 1243 eam
752 1181 842 1245 vobis
863 1181 1132 1245 accommodatam
1153 1188 1250 1264 atque
1267 1175 1377 1244 utilem
1394 1199 1463 1243 esse
1483 1179 1532 1242 in·

204 1276 398 1361 telligerem,
428 1281 540 1338 auctor
569 1274 639 1337 eius
668 1281 762 1358 atque
792 1274 919 1338 adiutor
940 1295 1052 1339 essem.
1079 1269 1166 1358 (Non
1188 1275 1273 1338 enim
1294 1281 1406 1339 namna
1427 1292 1532 1358 neque

206 1370 339 1434 discidio
362 1388 468 1452 neque
491 1368 566 1431 odio
589 1367 716 1451 penitus
738 1361 975 1460 insito)hellum
996 1361 1210 1452 nescioquod
1232 1367 1329 1431 babet
1349 1374 1532 1450 susceptum
1608 1361 1684 1477 m}

208 1462 393 1527 consulatus
424 1481 494 1526 cum
516 1462 694 1537 tribunatu,
724 1463 799 1546 quia
828 1482 981 1546 persaepe
1004 1462 1164 1526 seditiosis
1186 1468 1283 1544 atque
1304 1461 1456 1546 improbis
1476 1462 1569 1526 tri-to

207 1557 302 1621 bunis
330 1555 434 1640 plebis
462 1556 539 1619 boni
567 1564 599 1619 et
625 1554 723 1619 sortes
751 1557 898 1620 consules
929 1558 1119 1621 obstiterunt
1141 1563 1172 1620 et
1192 1556 1269 1640 quia
1290 1556 1337 1620 vis
1365 1553 1533 1618 tribunicia

206 1671 271 1714 non
302 1669 475 1733 numquam
497 1648 622 1717 libidini
644 1651 759 1713 restitit
781 1651 949 1715 consulari.
991 1652 1062 1714 Non
1084 1656 1277 1734 potestatum
1300 1647 1532 1722 dissimilitudo,

207 1745 263 1809 sed
285 1743 462 1807 animorum
485 1743 654 1807 disiunctio
672 1743 903 1810 dissensionem
925 1745 1008 1809 iacit.
1042 1740 1092 1808 lb.
1108 1745 1219 1828 Itaque
1234 1745 1295 1808 hoc
1309 1743 1416 1808 animo
1430 1743 1532 1824 legem

207 1839 327 1922 sumpsi
349 1838 383 1899 in
407 1856 537 1912 manus,
559 1845 595 1901 ut
617 1855 685 1902 eam
708 1857 854 1921 cuperem
879 1859 948 1904 esse
970 1847 1075 1924 aptam
1096 1840 1209 1903 vestris
1231 1837 1405 1902 commodis
1419 1832 1536 1899 eteius

206 1933 310 2008 modi,
339 1952 435 2015 quam
466 1932 578 1994 consul
608 1949 659 2007 re,
689 1949 753 1994 non
782 1934 924 1997 oratione
953 1934 1116 2018 popularis
1139 1941 1171 1997 et
1190 1933 1323 1997 honeste
1345 1939 1378 1995 et
1397 1929 1570 1996 libenterto

206 2034 316 2113 posset
345 2024 524 2089 defendere.
563 2025 660 2109 Atqui
687 2043 745 2107 ego
775 2046 794 2088 a
821 2029 923 2110 primo
946 2028 1049 2110 capite
1071 2029 1150 2111 legis
1171 2047 1274 2112 usque
1295 2028 1335 2091 ad
1357 2031 1533 2089 extremum

205 2121 347 2206 reperio,
379 2119 539 2196 Quirites,
572 2118 651 2182 nihil
681 2119 767 2182 aliud
797 2121 986 2203 cogitatum,
1016 2121 1095 2184 nihil
1117 2120 1202 2185 aliud
1225 2127 1423 2205 susceptum,
1452 2115 1533 2181 nihil

206 2215 293 2278 aliud
322 2220 443 2288 actum,
472 2213 533 2276 nisi
562 2213 609 2275 uti
642 2213 752 2276 decem
781 2233 870 2296 reges
892 2217 1023 2290 aerarii,
1051 2215 1270 2298 vectigalium,
1299 2213 1532 2298 provinciarum

208 2309 369 2383 omnium,
403 2307 500 2372 totius
521 2308 568 2370 rei
596 2307 761 2390 publicae,
793 2328 979 2392 regnorum,
1013 2311 1184 2374 liberorum
1205 2310 1414 2394 populorum,
1447 2305 1533 2370 orbis

209 2404 349 2488 denique
372 2408 524 2465 terramm
546 2399 666 2462 domini
681 2402 948 2466 constituerentur
969 2405 1048 2488 legis
1063 2405 1204 2488 agrariae
1220 2402 1421 2468 simulatione
1435 2407 1570 2484 atqueso

206 2497 347 2563 nomine.
384 2495 435 2559 Sic
457 2490 623 2569 confirmo,
646 2493 803 2570 Quirites,
825 2496 885 2559 hac
906 2497 976 2581 lege
991 2500 1113 2582 agraria
1130 2497 1263 2582 pulchra
1277 2502 1372 2580 atque
1386 2492 1532 2578 populari

208 2594 275 2657 dari
305 2589 395 2654 vobis
423 2588 522 2662 nihil,
557 2587 731 2652 condonari
761 2589 854 2652 certis
881 2590 1062 2654 hominihus
1084 2593 1206 2668 omnia;
1240 2589 1390 2656 ostentari
1411 2585 1531 2670 populo

204 2689 350 2751 llomnno
372 2703 482 2768 agros,
506 2683 586 2767 eripi
608 2682 703 2747 etiam
724 2680 915 2760 libertatem3
937 2686 1131 2768 privatorum
1153 2685 1306 2769 pecunias
1325 2681 1451 2766 augeri,
1473 2701 1532 2764 pu-

204 2781 302 2845 blicas
326 2777 506 2854 exhauriri3
528 2776 684 2860 denique,
707 2775 792 2858 quod
814 2783 863 2840 est
883 2777 1155 2861 indignissimum,
1178 2799 1236 2863 per
1256 2777 1398 2842 tribunos
1419 2774 1532 2859 plebis,

206 2896 285 2961 quos
314 2876 450 2938 maiores
479 2871 642 2954 praesides
664 2871 817 2934 libertatis
839 2871 1050 2957 custodesque
1074 2892 1144 2936 esse
1167 2871 1352 2948 voluerunt,
1382 2889 1474 2954 reges
1496 2869 1569 2940 inse

205 2970 332 3034 civitate
363 2966 522 3031 constitui.
565 2961 617 3027 lb.
640 2965 731 3042 Quae
759 2983 848 3039 cnm,
881 2964 1037 3042 Quirites,
1067 2985 1262 3051 exposuero,
1292 2966 1319 3029 si
1341 2965 1421 3030 falsa
1440 2964 1532 3029 uobis

205 3063 398 3127 videbuntur
413 3079 502 3134 esse,
525 3079 641 3143 sequar
658 3058 875 3122 auctoritatem
890 3067 1042 3136 vestram,
1065 3060 1193 3124 mutabo
1208 3079 1312 3125 meam
1326 3059 1530 3125 sententiam:

205 3159 255 3221 sin
279 3154 413 3218 insidias
434 3152 505 3216 lieri
527 3151 664 3215 libertati
686 3157 808 3213 vestrae
829 3150 1031 3216 simulatione
1054 3155 1228 3236 largitionis
1249 3153 1452 3238 intelligetis,
1473 3169 1532 3214 no·
1591 3219 1593 3224 ¹
1627 3163 1629 3172 ¹

205 3251 294 3313 litote
317 3247 461 3310 dubitare
484 3245 622 3329 plurimo
644 3242 758 3306 sudore
781 3251 812 3306 et
838 3245 991 3327 sanguine
1014 3247 1165 3310 maiorum
1189 3243 1388 3331 [vestronrm]
1410 3251 1531 3330 partam

205 3341 362 3425 vobisque
389 3337 537 3402 traditam
565 3337 741 3400 libertatem
769 3336 858 3400 nullo
888 3347 994 3402 vestro
1017 3340 1124 3403 labore
1159 3341 1287 3404 consule
1309 3340 1455 3403 adiutore
1477 3336 1568 3410 de-30

189 3435 346 3500 tendere.

289 3530 357 3592 Vll.
379 3527 516 3591 Primum
546 3533 642 3610 caput
668 3534 716 3590 est
741 3527 820 3610 legis
849 3525 1005 3609 agrariae,
1035 3547 1115 3610 quo,
1140 3534 1175 3590 ut
1199 3527 1246 3590 illi
1272 3534 1402 3610 putant,
1430 3533 1532 3592 tenta·

205 3625 282 3687 mini
310 3622 437 3696 leviter,
465 3640 528 3705 quo
561 3621 667 3685 animo
689 3621 842 3685 libertatis
863 3628 985 3686 vestroe
1007 3621 1256 3685 deminutionem
1283 3620 1366 3686 ferre
1394 3622 1531 3708 possitis.

204 3719 297 3782 lubet
329 3718 413 3781 enim
449 3717 609 3780 tnbunum
642 3716 761 3798 plebis,
797 3717 852 3800 qui
885 3735 955 3779 eam
984 3716 1086 3799 legem
1115 3715 1238 3791 tulerit,
1271 3735 1378 3780 creare
1406 3717 1532 3780 decem·

204 3812 289 3877 viros
317 3831 376 3896 per
403 3810 504 3875 tribus
534 3831 616 3886 xvir,
643 3819 696 3887 ut,
725 3829 819 3894 quem
848 3830 918 3874 vrnr
946 3810 1047 3874 tribus
1075 3808 1223 3886 iecerint,
1253 3812 1280 3874 is
1302 3809 1461 3876 decemvir
1482 3813 1567 3882 sites

269 4036 293 4086 t.
312 4033 483 4096 Quintilianus
500 4033 566 4084 Vlll.
584 4033 613 4096 l,
632 4034 681 4084 28:
704 4035 781 4083 Penei
804 4039 902 4095 tamen,
926 4032 969 4095 qni
988 4033 1102 4096 promoti
1118 4033 1262 4095 astiterant,
1287 4033 1368 4116 negato
1385 4035 1445 4098 qnid
1460 4035 1530 4086 iiiam

203 4112 233 4163 de
248 4109 301 4175 iege
316 4111 425 4175 agrario
439 4110 544 4161 voluisse
560 4110 640 4161 diem
655 4110 888 4173 ampiectentem·
903 4109 999 4160 remeet
1015 4109 1058 4172 qni
1069 4107 1229 4159 Lambinus:
1248 4109 1346 4159 tametsi
1358 4109 1418 4173 (om.
1432 4110 1483 4174 qni)
1496 4113 1528 4172 1³3

203 4193 285 4238 tamen
302 4186 377 4249 doni
388 4184 540 4239 EFALiO.
555 4212 583 4222 -
602 4185 626 4235 3.
645 4187 672 4235 in
685 4185 784 4250 publico
801 4187 829 4236 L.
844 4210 872 4223 -
891 4187 915 4236 5.
935 4185 1014 4234 dmcr.
1029 4183 1064 4233 ad
1079 4197 1118 4233 me
1135 4183 1220 4248 kann]
1238 4183 1315 4234 deson
1328 4197 1385 4234 ame
1400 4184 1478 4249 bearn
1493 4185 1528 4244 E,
1581 4233 1587 4245 ,

207 4263 284 4312 deson
295 4261 371 4325 legem
382 4273 400 4310 a
409 4273 450 4310 me
461 4261 509 4313 FP:
522 4261 599 4310 deson
611 4260 687 4325 boen
698 4261 731 4309 ad
739 4273 778 4312 mc
786 4263 807 4312 Α
816 4263 834 4312 L
844 4258 860 4313 t
869 4261 898 4311 0.
911 4259 980 4310 Fert.
989 4257 1137 4320 descriptam
1147 4257 1224 4322 legen
1235 4259 1299 4322 (om.
1309 4273 1366 4310 ome
1375 4258 1418 4311 vel
1429 4262 1463 4311 ad
1472 4260 1529 4324 mol.

204 4363 231 4372 -
244 4337 344 4388 ratione
353 4335 421 4386 vobis
434 4337 453 4386 E
464 4337 481 4386 F
490 4337 510 4387 P
519 4337 554 4386 A:
571 4335 639 4386 vobis
654 4337 752 4386 ratione
768 4349 829 4386 oum
843 4335 885 4386 ed.
904 4333 996 4386 Aldina
1008 4331 1067 4393 203
1086 4333 1154 4383 vobis
1164 4335 1344 4385 memoratione
1353 4335 1414 4385 L.-
1434 4335 1458 4386 6.
1472 4335 1531 4398 Qni-
1563 4387 1564 4390 ,

201 4411 269 4474 riter]
281 4412 343 4474 qaia
359 4411 385 4461 F.
399 4435 426 4446 -
446 4411 470 4461 9,
482 4411 585 4461 discidio
601 4411 676 4461 EFP
686 4413 719 4460 G:
739 4411 837 4462 dissidio
849 4413 869 4460 Α
879 4411 898 4460 L
908 4407 925 4464 t
934 4410 963 4459 0.
983 4408 1020 4460 Ci.
1034 4407 1156 4472 Madvigii
1172 4409 1319 4460 Excursum
1335 4410 1367 4460 11.
1380 4409 1415 4460 ad
1427 4409 1481 4461 Cic.
1495 4409 1529 4460 de

202 4486 275 4538 Finn.
293 4499 321 4550 p.
334 4485 382 4536 att
393 4498 453 4551 sqq.
468 4512 495 4522 -
515 4487 579 4552 odio]
597 4489 650 4538 ocio
667 4487 750 4538 EFP.
769 4511 795 4520 —
816 4487 854 4536 tt.
869 4483 1052 4548 populariae
1066 4483 1164 4533 honeste
1179 4483 1214 4543 Ε;
1229 4484 1362 4547 popolort's
1377 4485 1419 4536 red
1432 4485 1531 4535 honeste

202 4561 260 4621 FP,
280 4559 412 4623 populeris
427 4565 450 4611 et
466 4561 518 4612 iem
534 4562 629 4613 honeste
645 4563 674 4613 A.
699 4560 856 4612 Emendavit
872 4559 1018 4624 Naugerius
1036 4559 1062 4608 in
1079 4558 1122 4608 ed.
1141 4557 1244 4610 Aldina.
1264 4587 1290 4596 -
1311 4560 1350 4610 to.
1368 4560 1443 4622 Atqui
1459 4561 1529 4610 Leo-

203 4634 332 4685 redenus:
351 4638 425 4696 atque
441 4636 531 4686 ceteri.
547 4661 574 4671 -
592 4635 634 4688 tl.
654 4635 764 4688 tribunos
777 4636 857 4700 piebis
873 4649 933 4698 quos
949 4647 983 4684 m.
997 4634 1125 4696 praesides
1140 4634 1157 4683 i.
1175 4635 1332 4699 mandesque
1347 4635 1384 4687 E:
1403 4633 1529 4686 tritanum

198 4709 235 4774 pl.
254 4721 326 4771 quan
341 4722 375 4759 m.
391 4710 531 4772 prmsidem
547 4711 564 4760 t.
577 4712 748 4772 custodemque
764 4712 812 4762 ΡΑ
823 4707 906 4762 nso.
922 4736 949 4745 -
968 4709 1009 4761 26.
1029 4721 1093 4772 qnae
1108 4723 1176 4772 cam,
1196 4711 1314 4775 Quirites,
1332 4724 1469 4775 womero
1485 4711 1529 4761 Pi·
1566 4752 1569 4762 ,

201 4785 311 4834 thoeus:
330 4797 475 4848 quocmmq.
493 4799 630 4848 emonem
640 4787 673 4844 P;
692 4798 860 4850 quoecumque
877 4797 1014 4848 exposuero
1024 4786 1045 4835 E
1055 4786 1087 4846 F;
1107 4797 1171 4845 enee
1187 4799 1243 4837 mm
1260 4800 1396 4850 eepomero
1412 4783 1525 4838 ALto.

205 4886 232 4896 -
249 4857 291 4908 27.
310 4861 455 4910 sententiam
476 4873 558 4911 meam
578 4874 638 4912 cum
656 4861 811 4913 Lnuredeno
828 4862 855 4911 L.
876 4887 903 4896 -
932 4861 973 4911 28.
991 4858 1038 4924 sin]
1061 4859 1089 4910 st
1105 4861 1134 4910 Ε.
1160 4887 1187 4896 -
1214 4861 1369 4912 denotatione
1388 4860 1528 4925 largitionis

203 4955 256 4994 om.
274 4943 304 4994 n.
325 4969 352 4978 -
371 4944 413 4994 eo.
430 4947 577 5008 oannem]
595 4931 652 4996 irs-n
669 4947 700 5006 s;
726 4945 827 5024 oms.
853 4971 880 4982 -
905 4943 945 4996 eo.
962 4944 1079 5005 nmque
1098 4941 1123 4995 o.
1149 4971 1177 4981 -
1200 4944 1240 4996 ee.
1258 4945 1412 5008 commem
1427 4943 1474 4995 nr
1492 4945 1527 5008 (et

203 5076 242 5127 sic
258 5075 286 5126 in
302 5074 353 5126 hac
369 5077 488 5128 oratione
505 5077 631 5142 semper).
651 5103 678 5114 -
702 5077 742 5128 33.
761 5027 951 5128 diminndonnn
966 5075 1000 5136 E;
1025 5075 1211 5128 diminutionem
1228 5073 1336 5130 sant.
1356 5099 1383 5113 -
1403 5075 1443 5127 35.
1461 5075 1530 5129 ΠΗ

203 5152 236 5204 E:
253 5151 427 5216 sopiendam
443 5152 534 5212 tam
551 5151 719 5220 sepmrndceim
735 5148 790 5206 20.
812 5179 838 5188 -
861 5151 976 5203 Vllllli:
994 5165 1081 5205 noceo
1097 5151 1237 5209 FAL20.
