3638 5868
322 381 384 448 Sbl
691 383 734 448 IN
754 383 920 450 VERREM
939 383 1063 453 ACTIO
1085 385 1268 452 SECUNDA

322 553 471 618 deseres?
500 571 558 616 neo
588 551 690 616 solum
712 552 844 637 spoliata
865 553 921 618 illa
940 555 1086 637 patieris,
1115 555 1171 620 sed
1192 575 1301 620 eorum
1324 555 1418 620 etiem
1440 553 1669 640 spoliatorem

321 653 566 731 vexatoremque
589 646 764 710 defendes?
795 646 919 710 Adsunt
940 648 1118 732 Segestani,
1141 649 1269 730 clienffis
1284 649 1345 724 tui,
1367 650 1442 714 socii
1456 649 1579 732 populi
1596 649 1669 712 ao-

322 743 523 826 muniatque
545 741 651 805 amici:
685 742 848 806 certiorem
876 748 908 805 te
929 741 1049 806 iaciunt
1068 743 1101 805 P.
1123 743 1303 808 Africanum
1324 742 1515 826 Karthagine
1543 741 1670 806 delete

321 835 522 900 simulacrum
542 837 661 900 Dianae
684 837 852 900 maioribus
874 835 939 900 suis
961 837 1134 902 restituisse
1156 836 1253 921 idque
1267 837 1351 922 apud
1367 838 1565 920 Segestanos
1585 837 1668 900 eius

296 930 512 1014 simperatons
533 929 660 994 nomine
682 931 818 1014 positum
839 950 875 994 ac
895 930 1074 994 dedicatum
1095 931 1212 996 fuisse:
1233 930 1294 996 boc
1316 931 1447 994 Verrem
1468 929 1670 994 demolien-

320 1025 395 1090 dum
416 1032 449 1088 et
468 1026 690 1110 asportandum
711 1044 890 1109 nomenque
905 1024 1032 1088 omniuo
1048 1025 1081 1087 P.
1098 1025 1254 1108 Scipionis
1270 1024 1440 1090 delendum
1453 1023 1669 1088 tollendum·

319 1140 382 1203 que
410 1139 554 1185 curasse:
583 1126 674 1183 orant
695 1125 726 1182 te
747 1126 842 1202 atque
864 1118 1042 1194 obsecrant,
1074 1125 1110 1182 ut
1137 1119 1195 1182 sibi
1224 1120 1426 1204 religionem,
1457 1119 1576 1201 generi
1602 1127 1667 1182 tuo

317 1211 445 1278 laudem
466 1212 660 1296 gloriamque
681 1212 842 1286 restituas,
864 1219 915 1288 ut,
937 1211 1023 1296 quod
1045 1233 1102 1296 per
1114 1214 1149 1276 P.
1163 1212 1343 1278 Mucauum
1358 1235 1399 1278 ex
1412 1211 1490 1278 urbe
1504 1213 1666 1276 bostium

318 1307 547 1390 recuperarint,
569 1306 602 1369 id
624 1326 680 1390 per
702 1313 733 1370 te
756 1327 798 1370 ex
818 1306 985 1389 praedonis
1001 1304 1094 1370 domo
1109 1327 1292 1372 conservare
1310 1309 1440 1391 possint.
1479 1305 1665 1372 XXXVII.

282 1401 403 1477 nQuid
431 1407 485 1465 aut
512 1408 547 1466 tu
568 1399 618 1464 bis
640 1399 831 1484 respondere
852 1401 987 1464 honeste
1008 1406 1098 1484 potes
1119 1408 1174 1466 aut
1194 1401 1241 1464 illi
1260 1400 1382 1478 lacere,
1412 1402 1473 1467 nisi
1495 1409 1532 1465 ut
1556 1408 1595 1464 te
1621 1419 1665 1464 ac

315 1493 410 1560 fidem
438 1501 523 1558 tuam
552 1494 742 1578 implorent?
775 1492 899 1558 Adsunt
927 1501 959 1557 et
985 1494 1162 1576 implorant.
1205 1495 1298 1559 Potes
1327 1496 1517 1562 domesticae
1538 1493 1663 1558 laudis

316 1589 572 1675 amplitudinem,
595 1589 715 1670 Scipio,
741 1589 839 1663 tueri,
861 1572 1099 1673 poteszlomnia
1120 1589 1249 1652 suntin
1270 1597 1316 1664 te,
1339 1609 1421 1674 quae
1442 1596 1496 1654 aut
1515 1589 1662 1653 fortuna

116 1702 197 1782 ,As
314 1683 493 1750 bominibus
521 1690 577 1747 aut
604 1690 716 1747 nature
743 1675 893 1786 largitur)
917 1684 988 1746 Non
1016 1700 1188 1764 praecerpo
1209 1681 1343 1747 fructum
1365 1681 1458 1748 otlicii
1479 1685 1545 1748 tui:
1584 1703 1661 1746 non

314 1781 449 1844 alienam
471 1777 549 1842 mihi
570 1776 695 1840 laudem
717 1785 849 1860 appeto:
877 1797 941 1841 nou
969 1784 1018 1840 est
1046 1776 1175 1860 pudoris
1197 1778 1259 1842 mei
1284 1778 1318 1840 P.
1341 1777 1505 1860 Scipione,
1527 1779 1660 1842 doren-

278 1876 435 1940 ⁴⁵tissimo
457 1873 672 1946 adolescente,
694 1871 764 1935 vivo
787 1876 819 1934 et
839 1869 986 1935 incolumi
1008 1890 1058 1932 me
1080 1878 1340 1954 propugnatorem
1362 1872 1395 1933 Ρ.
1412 1871 1573 1955 Scipionis
1595 1873 1659 1934 de-

314 1965 536 2053 fensoremque
565 1964 718 2049 profiteri,
759 1960 811 2027 84.
841 1964 943 2040 Quam
973 1964 1013 2027 ob
1035 1984 1102 2028 rem
1123 1963 1150 2027 si
1172 1965 1304 2048 suscipis
1326 1964 1515 2030 domesticae
1537 1963 1656 2030 laudis

314 2062 538 2149 patrocinium,
559 2082 611 2126 me
632 2080 697 2124 non
718 2058 820 2122 solum
841 2059 935 2122 silere
957 2058 996 2120 de
1019 2057 1131 2121 vestris
1152 2059 1362 2122 monumentis
1385 2060 1558 2144 oportebit,
1590 2057 1656 2124 sed

315 2159 407 2224 etiam
428 2157 536 2222 laetari
556 2157 591 2219 P.
612 2153 751 2218 Africani
773 2153 841 2217 eius
862 2150 948 2218 modi
967 2150 1125 2216 fortunam
1148 2171 1218 2216 esse
1238 2152 1369 2228 mortui,
1390 2160 1426 2217 ut
1447 2153 1515 2218 eius
1535 2154 1654 2218 honos

313 2254 432 2330 abiis,
455 2251 509 2338 qul
531 2271 573 2315 ex
595 2247 705 2313 eadem
725 2245 844 2310 familia
866 2246 944 2320 sint,
974 2244 1161 2309 defendatur
1182 2267 1287 2331 neque
1307 2246 1407 2312 ullum
1428 2248 1654 2314 adventicium

194 2352 196 2356 '
275 2349 466 2426 adauxilipm
494 2343 680 2429 requirabur.
725 2341 780 2403 Sin
809 2339 900 2404 istius
929 2339 1062 2402 amicitie
1084 2345 1114 2402 te
1142 2340 1290 2424 impedit,
1319 2340 1346 2404 si
1367 2339 1443 2417 boc,
1471 2342 1559 2427 quod
1584 2361 1651 2424 ego

313 2445 368 2508 abs
390 2450 420 2506 te
443 2438 588 2524 postulo,
610 2437 714 2499 minus
736 2432 776 2498 ad
797 2433 935 2497 officium
957 2439 1045 2496 tuum
1067 2434 1226 2515 pertinere
1241 2433 1450 2500 arbitrabere:
1473 2435 1651 2500 succedam

313 2558 372 2622 ego
393 2534 529 2599 vicarius
551 2540 605 2596 tuo
626 2529 765 2603 muneri,
788 2527 958 2610 suscipiam
978 2533 1100 2609 partes,
1122 2547 1201 2610 quas
1223 2528 1342 2592 alienas
1365 2549 1436 2594 esse
1456 2529 1649 2594 arbitrabar.

312 2629 436 2700 Deinde
463 2629 523 2694 iste
550 2623 711 2710 praeclara
739 2621 887 2685 nobilitas
909 2621 1033 2684 desinat
1054 2623 1145 2704 queri
1166 2622 1318 2705 populum
1340 2623 1514 2687 Romanum
1535 2622 1651 2688 homi·

312 2727 406 2790 nibus
437 2705 529 2787 noris
559 2717 721 2782 industriis
756 2715 889 2779 libenter
914 2714 1051 2778 bonores
1080 2715 1230 2778 mandare
1252 2735 1440 2801 semperque
1461 2718 1648 2782 mandasse.

276 2821 384 2884 naon
405 2825 454 2882 est
475 2812 673 2900 querendum
694 2811 727 2874 in
747 2808 808 2872 bac
830 2809 974 2884 civitate,
998 2827 1080 2892 quae
1101 2816 1231 2892 propter
1251 2809 1396 2874 virtutem
1417 2811 1562 2876 omnibus
1584 2831 1648 2875 na-

290 2909 450 2978 tionibus
472 2909 622 2992 imperat,
644 2906 791 2970 umutem
812 2903 982 2986 plurimum
1002 2921 1106 2986 posse.
1129 2902 1176 2964 Sit
1196 2901 1281 2986 apud
1296 2903 1376 2967 alios
1391 2905 1493 2988 imago
1508 2906 1542 2968 Ρ.
1556 2904 1649 2968 Arri-

314 3006 404 3071 cani:
434 3009 584 3068 omentau
609 2999 663 3064 alii
692 2996 805 3062 mortui
825 2997 939 3060 virtute
962 3014 998 3059 ac
1020 2997 1162 3060 nomine:
1193 2997 1263 3060 talis
1284 2997 1338 3062 ille
1358 2999 1407 3064 vir
1426 2998 1502 3076 luit,
1531 3001 1578 3064 ita
1601 2999 1646 3062 de

312 3100 431 3186 populo
452 3100 593 3162 Romano
614 3093 745 3158 meritus
768 3097 831 3167 est,
860 3097 980 3153 utnon
1003 3090 1058 3152 uni
1078 3089 1229 3165 familiae,
1259 3091 1316 3155 sed
1337 3095 1502 3156 universae
1524 3093 1645 3158 civitati

312 3194 551 3261 commendatus
573 3208 644 3253 esse
666 3186 788 3250 debeat.
830 3186 886 3249 Est
907 3184 1015 3268 aliqua
1036 3203 1106 3247 mea
1126 3205 1198 3269 pers
1220 3185 1334 3261 virilis,
1364 3185 1449 3270 quod
1472 3187 1540 3250 eius
1563 3187 1645 3253 civi·

275 3290 383 3356 eotatis
411 3308 497 3361 sum,
525 3302 620 3369 quam
646 3281 701 3346 ille
729 3280 882 3364 amplam,
909 3279 1064 3342 illustrem
1085 3279 1265 3363 claramque
1286 3279 1440 3358 reddidit;
1468 3281 1644 3366 praecipue

1156 3467 1265 3476 ...n-..-

379 3599 404 3648 4.
422 3607 467 3645 mc
483 3589 574 3643 144444
590 3589 620 3638 2:
645 3600 697 3638 oco
713 3585 775 3644 Ld.;
800 3596 879 3646 oeque
894 3581 958 3634 dett.
978 3584 1007 3634 0.
1028 3609 1055 3618 -
1073 3583 1179 3646 potterts
1193 3583 1245 3634 443ι
1262 3584 1358 3646 patiere
1373 3584 1438 3637 dett.
1457 3588 1488 3639 0.
1515 3589 1594 3655 [cum
1611 3593 1641 3644 in

313 3675 451 3740 superiore
467 3670 527 3722 loco
544 3661 623 3716 codd.
641 3661 748 3726 praeter
763 3660 784 3710 a
802 3661 829 3709 et
845 3671 878 3708 ex
895 3671 927 3708 eo
944 3657 1092 3724 descriptos
1107 3659 1227 3723 relinquis
1243 3661 1270 3709 et
1286 3661 1376 3710 decens
1391 3661 1521 3727 babeant,
1543 3670 1641 3733 poste-

313 3751 383 3799 riore
400 3747 490 3796 eutem
507 3742 528 3793 a
545 3741 572 3789 et
588 3739 649 3800 Leg.
662 3735 703 3788 29.
721 3733 829 3798 &feodis
845 3734 873 3783 et
888 3733 1027 3796 praeterea
1044 3733 1195 3796 apeme,
1221 3748 1274 3785 non
1287 3736 1398 3798 patiore,
1426 3743 1640 3795 consentaneum

313 3821 418 3874 vtdetur
440 3816 539 3880 ubique
561 3814 668 3875 tempus
687 3820 815 3873 praesens
837 3806 993 3868 restituere,
1019 3806 1047 3857 ld
1064 3809 1136 3872 quod
1155 3811 1284 3860 sententie
1302 3809 1352 3862 loci
1368 3810 1411 3862 vel
1427 3815 1542 3868 maxime
1560 3831 1640 3872 com·

314 3894 432 3948 mendat.
451 3889 544 3954 lituu]
564 3914 591 3924 -
609 3895 697 3935 conco
713 3883 788 3934 ettam
803 3883 837 3932 R:
856 3893 943 3931 eorum
959 3881 1041 3945 egem
1059 3884 1135 3933 ettam
1150 3897 1236 3934 eorum
1252 3885 1288 3935 G³
1306 3884 1415 3937 detto.
1436 3914 1464 3926 -
1482 3890 1506 3942 2.
1525 3891 1640 3956 affl„

315 3971 397 4022 dett:
419 3966 527 4031 dolendis
545 3961 582 4013 443
594 3959 672 4024 LgSS.
697 3984 725 3994 -
750 3957 774 4008 6.
794 3957 991 4020 odoportoodum
1007 3957 1035 4007 a.
1057 3983 1084 3994 —
1108 3959 1133 4009 7.
1151 3963 1175 4010 te
1190 3972 1242 4010 om.
1261 3961 1339 4025 Lagg.
1360 3985 1387 3997 --
1413 3962 1438 4013 8,
1456 3968 1485 4014 ω
1500 3967 1574 4033 Μ]
1591 3973 1639 4020 ω

314 4043 381 4109 qaod
397 4041 474 4106 Lass-
490 4066 517 4076 ··
536 4049 569 4089 ⁶2
584 4033 645 4086 44444
660 4032 684 4083 b.
699 4033 783 4096 ΡΝ-
795 4033 849 4098 dir·
868 4033 945 4096 Losa.
963 4033 1122 4098 praeterae,
1135 4033 1165 4085 0.
1180 4061 1208 4070 -
1227 4035 1251 4085 9.
1269 4047 1302 4086 ee
1315 4037 1441 4099 praetem
1455 4039 1527 4092 m„
1543 4054 1637 4095 ,mm

313 4125 419 4186 typogr.
437 4117 481 4167 Or.
494 4114 519 4165 2.
540 4138 567 4148 —
585 4111 626 4160 40.
644 4113 690 4158 cest
705 4113 733 4157 tu
748 4107 769 4158 44
785 4106 847 4159 4.(4.;
866 4115 949 4159 cotors
965 4113 992 4158 tu
1008 4108 1059 4170 cr;
1078 4114 1162 4159 cotors
1177 4123 1234 4159 cum
1251 4111 1302 4172 (ἥς
1321 4117 1367 4161 cat
1382 4111 1447 4164 dett.
1467 4139 1495 4153 -
1515 4118 1556 4169 ti.
1574 4119 1638 4172 tote

313 4199 371 4246 sont
387 4191 451 4244 dett.
470 4190 501 4241 0.
521 4214 546 4226 -
567 4197 632 4250 quoe
646 4187 675 4234 ιι4
688 4182 748 4248 sort.
765 4183 796 4234 44.
816 4211 844 4221 -
868 4183 909 4236 44.
927 4185 1015 4248 adesto
1033 4183 1062 4234 44.
1083 4211 1110 4221 -
1135 4185 1175 4236 tb.
1191 4197 1316 4251 propspo,
1334 4183 1413 4239 1132:
1435 4203 1562 4259 m,
1579 4207 1637 4246 mo,

313 4273 489 4321 osmootowm
504 4263 569 4315 delt-
588 4262 617 4312 0-
638 4287 666 4297 -
684 4259 725 4310 tl.
743 4260 785 4309 rod
800 4263 823 4310 ot
839 4258 896 4312 teet.
914 4257 972 4311 th
987 4263 1012 4312 t.
1033 4288 1060 4299 -
1081 4263 1123 4314 48.
1142 4275 1192 4313 csse
1205 4264 1321 4328 [ortum
1337 4262 1413 4328 dett,
1431 4265 1461 4317 0.
1481 4291 1509 4304 -
1528 4266 1568 4318 te.
1586 4268 1638 4319 m

314 4347 335 4397 a
352 4344 399 4396 bd.
417 4343 432 4392 7
450 4341 544 4404 begga
562 4341 619 4388 met
635 4332 695 4386 th
710 4333 726 4384 2
743 4333 821 4398 LgtS.
841 4363 869 4373 -
895 4336 937 4387 2⁰.
956 4337 1102 4400 reqotrotor
1117 4349 1179 4388 ouo.
1198 4340 1275 4403 lagg.
1294 4339 1358 4390 dett.
1378 4341 1407 4391 0.
1435 4368 1464 4378 -
1488 4341 1528 4393 rte
1538 4341 1636 4393 ..tes

311 4421 382 4484 poco
396 4418 450 4472 RS:
468 4411 662 4476 et--tmpedtot
678 4409 742 4460 dett.
762 4409 884 4473 (impediet
899 4411 979 4462 etiam
995 4411 1035 4476 0.)
1055 4439 1082 4450 -
1100 4425 1145 4476 epo
1164 4423 1217 4463 om.
1236 4415 1251 4463 7
1268 4415 1345 4478 Lagg.
1365 4414 1429 4466 dett.
1448 4416 1477 4468 0.
1497 4440 1525 4454 -
1544 4417 1585 4469 2⁴.
1601 4411 1638 4468 od

268 4487 274 4504 .
316 4497 358 4562 ep,
376 4497 447 4544 roma
461 4491 544 4542 miore
559 4487 637 4550 Lagg.
656 4483 728 4561 dett.-
742 4507 769 4558 ς
787 4485 828 4536 42.
846 4499 947 4538 omem
963 4489 1041 4551 Lsgg.
1061 4513 1088 4523 —
1114 4501 1164 4538 csse
1180 4501 1233 4539 om.
1252 4488 1329 4553 agee.
1349 4515 1377 4527 -
1404 4491 1445 4542 23.
1463 4491 1551 4544 44444444
1565 4491 1635 4556 4319

317 4577 358 4642 tot.
376 4576 452 4627 Verr.
464 4575 507 4626 111.
526 4573 550 4638 ἓ.
562 4571 613 4634 44.)
624 4584 631 4620 ι
646 4571 684 4620 do.
701 4570 721 4621 L
737 4569 770 4619 N.
788 4569 848 4619 dell
866 4568 929 4634 [boo
942 4569 1004 4621 nihil
1022 4569 1093 4621 aliud
1109 4572 1158 4622 nisi
1175 4573 1261 4624 dende
1277 4585 1337 4626 esse
1354 4573 1408 4626 iam
1419 4573 1591 4628 confirmatur
1601 4576 1636 4628 si.

316 4650 371 4705 mill
388 4651 518 4715 scriptura
535 4648 559 4713 5.
578 4646 629 4708 tl..
655 4658 723 4710 quae
745 4639 876 4708 diligentta
899 4644 1007 4696 Esoberi
1028 4647 1055 4695 et
1076 4647 1197 4698 Bursieni
1217 4661 1250 4700 ex
1266 4649 1286 4699 44
1303 4646 1404 4714 prolata
1426 4649 1489 4716 est];
1512 4651 1542 4702 dc
1563 4652 1582 4702 4.
1598 4663 1633 4702 m.

316 4729 346 4779 de
363 4727 399 4778 Gt
416 4721 478 4786 Ld.;
497 4723 554 4775 del.
568 4760 574 4773 .
590 4721 639 4772 .de
655 4723 706 4781 Gt;
723 4733 754 4771 oe
771 4717 848 4780 dett,
866 4731 914 4769 ooo
931 4719 965 4770 de
982 4719 1090 4772 Ferratii
1106 4721 1174 4771 conl.
1193 4721 1225 4784 0;
1243 4723 1343 4774 mesdeo
1359 4724 1428 4775 coni,
1445 4723 1533 4778 Madv,
1551 4727 1632 4791 op,1,

316 4818 344 4871 p.
358 4803 431 4862 eote
449 4800 559 4852 detode-
571 4797 730 4859 -pturtmom
747 4795 836 4860 spuria
853 4793 935 4844 habet
949 4793 1019 4844 Bake
1036 4806 1063 4858 p.
1075 4795 1116 4847 23.
1134 4798 1190 4847 fleu
1205 4798 1236 4848 11.
1257 4811 1283 4864 p.
1297 4799 1354 4850 4454.
1368 4825 1396 4836 -
1415 4798 1456 4852 tt.
1473 4801 1545 4852 eoois
1559 4805 1635 4864 atquo

315 4880 369 4931 tad.
387 4878 452 4930 dett.
470 4903 501 4940 ,-
519 4873 629 4926 laomor
644 4873 674 4924 44.
693 4898 721 4908 -
739 4871 781 4922 25.
800 4870 968 4934 qtmerordom
983 4869 1018 4931 R;
1037 4873 1192 4932 quemnemo
1207 4874 1285 4937 Lgttt.
1306 4899 1333 4911 -
1352 4876 1380 4926 os
1394 4875 1442 4926 Me
1457 4873 1553 4928 ntae
1570 4875 1632 4928 ud:

315 4955 345 5006 to
360 4966 392 5004 co
406 4951 472 5004 dett.
491 4951 523 5012 0;
541 4949 569 4999 to
584 4949 631 4998 boc
647 4948 693 4998 cto.
712 4958 766 4996 om.
785 4946 830 4997 Gt.
851 4971 878 4981 -
899 4945 940 4997 46.
957 4945 1062 5009 imperet
1075 4947 1144 5012 Lgttl
1163 4948 1249 5013 [deest
1264 4949 1335 5014 apud
1351 4952 1379 5002 Z.
1397 4950 1475 5004 lectio
1492 4948 1633 5016 notebtlts1.

320 5054 348 5066 -
366 5028 408 5081 27.
425 5030 550 5078 moctw
565 5024 611 5073 ottt
625 5036 660 5074 m.
678 5037 703 5074 o.
721 5028 795 5085 osque
810 5022 895 5072 ocimo
912 5021 980 5072 cont.
998 5021 1067 5073 Beke
1085 5021 1102 5075 4.
1120 5021 1137 5074 l.
1157 5051 1186 5064 -
1205 5023 1246 5077 28.
1263 5026 1366 5080 euocare
1379 5027 1410 5080 ιι,
1430 5051 1459 5066 ..
1477 5026 1518 5079 30,
1534 5025 1635 5078 „peram

317 5103 430 5171 maetam
443 5100 611 5164 menneo
627 5097 678 5161 Gt,
696 5109 750 5149 uon
765 5099 795 5149 R.
808 5097 944 5162 (immoror
959 5097 998 5162 44.)
