3642 5868
282 352 360 420 464Ι
655 356 698 420 IN
719 354 886 422 VERREM
907 353 1029 420 ACTIO
1053 353 1236 421 SECUNDA

282 527 388 612 Atque
415 545 474 610 ego
502 546 587 591 nunc
617 546 689 590 eum
711 525 858 591 humenti
878 545 1043 590 nnmerum
1066 533 1098 589 et
1119 545 1172 589 aas
1194 523 1321 609 publice
1341 527 1492 609 pecunias
1515 523 1613 588 decu·

282 624 384 687 manis
411 622 451 685 ab
480 621 719 686 Herbitensibus
747 620 835 683 datas
866 640 935 683 esse
958 620 1044 695 dico,
1079 639 1142 704 quo
1175 619 1221 682 illi
1253 619 1411 683 frumento
1440 626 1473 684 et
1494 619 1612 705 quihus

281 718 426 803 pecuniis
447 723 554 780 tamen
575 715 614 778 ab
630 714 873 778 decumanorum
888 714 1011 776 iniuriis
1026 714 1108 778 cives
1123 733 1198 777 suos
1213 733 1278 776 non
1292 714 1505 778 redemerunt.
1536 715 1612 776 Per-

282 812 356 874 ditis
379 810 547 874 animiam
570 815 601 872 et
622 808 752 890 direptis
774 815 931 872 aratorum
953 808 1044 870 honis
1069 808 1147 872 haec
1170 807 1349 872 decumanis
1371 828 1491 872 merces
1513 807 1613 871 daha·

259 913 348 979 atur,
370 901 596 986 utaliquando
618 922 659 965 ex
681 921 790 964 eorum
811 903 894 984 agris
920 911 1016 985 atque
1037 921 1079 965 ex
1100 901 1229 964 urbibus
1251 901 1383 966 abirent.
1426 900 1478 965 80.
1500 903 1613 985 ltaque

139 981 167 1090 b
283 1020 353 1062 cum
375 996 517 1060 Philinus
539 995 751 1069 Herbitensis,
773 994 1025 1086 homossdisertus
1048 1002 1080 1058 et
1099 994 1241 1078 prudens
1256 1001 1288 1058 et
1309 995 1395 1058 domi
1416 995 1547 1070 nobilis,
1569 994 1612 1058 de

282 1091 454 1156 calamitate
477 1095 633 1153 aratorum
654 1096 686 1152 et
707 1088 746 1150 de
768 1087 843 1171 fuga
864 1095 895 1152 et
917 1089 957 1150 de
982 1089 1178 1173 reliquorum
1199 1089 1355 1172 paucitate
1377 1089 1504 1171 publice
1525 1088 1613 1152 dice·

281 1193 345 1260 ret,
367 1183 646 1262 animadvertistis,
672 1182 811 1256 iudices,
839 1184 986 1264 gemitum
1009 1182 1119 1266 populi
1142 1183 1291 1256 Romani,
1323 1183 1413 1247 cuius
1434 1182 1615 1267 frequentia

281 1280 355 1344 huic
377 1297 490 1342 causae
511 1296 683 1360 numquam
706 1276 816 1339 defuit
852 1277 923 1352 Qua
945 1277 984 1339 de
999 1278 1152 1360 paucitate
1167 1284 1322 1340 aratorum
1337 1277 1398 1341 alio
1414 1277 1484 1341 loco
1499 1277 1612 1341 dicam.

244 1389 272 1435 ro
365 1371 497 1435 XXXV.
526 1372 616 1434 Nunc
643 1369 738 1445 illud,
767 1369 854 1454 quod
875 1389 977 1453 paene
999 1370 1161 1453 praeterii,
1190 1390 1256 1432 non
1278 1373 1407 1434 omnino
1429 1372 1615 1456 relinquen·

282 1466 356 1530 dum
377 1464 511 1530 videtur.
554 1466 647 1538 Nam,
675 1485 733 1547 per
754 1463 831 1527 deos
853 1465 1060 1528 immortalesl
1091 1464 1176 1549 quod
1200 1464 1239 1526 de
1262 1466 1363 1548 capite
1383 1469 1443 1532 iste
1465 1467 1614 1551 dempsit,

282 1580 347 1646 quo
375 1559 501 1622 tandem
529 1556 624 1620 modo
646 1558 738 1620 vobis
763 1577 826 1620 non
849 1557 943 1621 modo
964 1558 1144 1633 ferendum,
1171 1560 1395 1622 verumetiam
1418 1562 1614 1625 audiendum

280 1654 425 1718 videturl
461 1647 512 1714 8t.
534 1651 622 1715 Unus
644 1650 748 1713 adhuc
769 1649 829 1713 fuit
850 1659 921 1734 post
941 1653 1073 1715 Romam
1094 1652 1251 1715 conditam
1281 1651 1323 1734 (di
1351 1655 1540 1719 immortales
1562 1654 1610 1718 fa-

281 1749 365 1822 xint,
388 1766 428 1808 ne
449 1747 489 1809 sit
503 1741 625 1826 alteri),
648 1744 698 1807 cui
720 1764 771 1806 res
786 1745 913 1826 publica
927 1765 961 1808 se
975 1752 1072 1809 totam
1086 1747 1239 1822 traderet,
1261 1749 1456 1832 temporibus
1472 1757 1503 1812 ct
1518 1750 1609 1813 malis

148 1827 174 1926 b
243 1855 271 1908 tt
281 1848 389 1905 coacta
410 1841 608 1913 domesticis,
631 1839 667 1900 L.
690 1838 786 1901 Sulla.
819 1839 879 1902 Hic
900 1845 1018 1902 tantum
1040 1841 1160 1921 potuit,
1181 1847 1217 1903 ut
1238 1861 1331 1904 nemo
1354 1842 1409 1905 illo
1431 1843 1529 1905 inrito
1550 1863 1611 1906 nec

280 1937 363 2000 bona
384 1955 443 1999 nec
464 1934 596 2020 patriam
617 1921 795 1995 nec-'vitam
816 1932 952 1996 retinere
974 1941 1095 2015 posset:
1118 1941 1237 1998 tantum
1260 1936 1356 1998 animi
1376 1935 1486 1998 hahuit
1498 1935 1538 1997 ad
1553 1957 1612 2000 au-

282 2030 420 2104 daciam,
448 2037 483 2091 ut
505 2027 611 2090 dicere
632 2027 666 2089 in
689 2027 836 2090 contione
865 2046 927 2089 non
951 2025 1123 2102 dubitaret,
1156 2029 1239 2091 bona
1261 2029 1376 2092 civium
1397 2031 1612 2096 Romanorum

281 2144 352 2188 cunr
380 2122 548 2196 venderet,
575 2142 610 2185 se
638 2120 788 2203 praedam
816 2140 903 2184 suam
925 2119 1071 2196 vendere.
1114 2122 1191 2184 Eius
1217 2142 1326 2185 omnes
1347 2143 1398 2186 res
1420 2131 1523 2206 gestas
1545 2145 1613 2189 non

280 2220 383 2284 solum
406 2217 600 2291 obtinemus,
622 2235 729 2279 rerum
752 2215 847 2280 etiam
869 2221 997 2298 propter
1017 2215 1168 2278 maiomm
1191 2217 1462 2280 incommodorum
1477 2227 1509 2281 et
1529 2219 1613 2281 cala-

243 2313 425 2378 aomitatum
456 2318 573 2374 metum
602 2308 728 2392 publica
749 2310 934 2372 auctoritate
958 2307 1168 2372 defendimus.
1212 2311 1315 2374 Unum
1337 2311 1397 2374 hoc
1419 2311 1541 2395 aliquot
1561 2333 1614 2375 se-

280 2415 372 2472 natus
394 2405 545 2470 consultis
566 2402 794 2486 reprehensum
816 2401 1039 2484 decretumque
1061 2409 1127 2475 est,
1155 2411 1205 2478 ut,
1230 2403 1346 2487 quibus
1367 2403 1422 2467 ille
1445 2405 1484 2467 de
1507 2406 1613 2487 capite

281 2500 487 2582 dempsisset,
516 2498 539 2559 ii
566 2497 717 2580 pecunias
738 2497 771 2558 in
794 2495 947 2558 aerarium
969 2495 1133 2558 referrent.
1178 2497 1292 2560 Statuit
1314 2503 1441 2561 senatus
1463 2497 1541 2572 hoc,
1569 2519 1613 2561 ne

280 2595 327 2658 illi
351 2593 480 2678 quidem
503 2612 573 2656 esse
595 2591 731 2664 licitum,
754 2591 803 2652 cui
826 2597 1023 2652 concesserat
1037 2591 1156 2665 omnia,
1179 2608 1198 2652 a
1217 2590 1333 2674 populo
1347 2589 1498 2654 factarum
1514 2609 1614 2674 quae-

282 2689 477 2771 sitarumque
504 2705 610 2750 reram
640 2703 776 2747 summas
808 2683 1005 2746 imminuere.
1048 2681 1100 2745 84.
1121 2683 1213 2746 Illum
1236 2683 1311 2747 viris
1332 2683 1508 2747 fortissimis
1530 2683 1613 2747 iudi-

244 2787 393 2848 aecaront
413 2787 517 2864 patres
540 2777 709 2860 conscripti
730 2780 890 2840 remittere
912 2776 951 2838 de
975 2797 1096 2841 summa
1110 2797 1174 2840 non
1192 2778 1348 2861 potuisse:
1371 2785 1402 2841 te
1418 2779 1542 2842 mulieri
1556 2779 1612 2842 de-

281 2875 426 2939 terrimae
448 2880 533 2937 recte
554 2873 713 2936 remisisse
736 2879 896 2934 senatores
918 2872 1118 2935 iudicabunt?
1151 2871 1225 2946 llle,
1249 2871 1288 2936 de
1311 2894 1374 2956 quo
1389 2873 1492 2954 legem
1510 2893 1611 2957 popu·

281 2968 332 3031 lus
354 2969 512 3032 Romanus
534 2969 685 3041 iusserat,
707 2974 742 3028 ut
762 2967 860 3048 ipsius
878 2965 1021 3030 voluntas
1044 2967 1073 3029 ei
1096 2975 1204 3050 posset
1225 2987 1295 3030 esse
1317 2987 1375 3049 pro
1398 2967 1483 3049 lege,
1505 2974 1610 3031 tanmn

282 3065 316 3127 in
336 3063 397 3126 hoc
417 3082 481 3126 uno
503 3082 618 3145 genere
633 3068 774 3124 veterum
794 3058 948 3142 religione
963 3058 1068 3142 legum
1082 3060 1339 3145 reprehenditur:
1366 3068 1417 3136 tu,
1440 3063 1497 3145 qui
1512 3063 1612 3126 omni-

281 3159 341 3222 bus
369 3155 491 3240 legibus
520 3156 695 3239 implicatus
723 3154 888 3227 tenebare,
920 3153 1082 3217 libidinem
1104 3162 1189 3218 tuam
1212 3155 1269 3217 tihi
1291 3175 1349 3237 pro
1371 3155 1441 3237 lege
1464 3175 1534 3218 esse
1556 3177 1612 3219 vo-

244 3251 394 3322 aoluisti‘l
427 3250 463 3312 In
485 3251 540 3314 illo
563 3248 820 3334 reprehenditur,
846 3247 931 3332 quod
955 3269 996 3312 ex
1019 3268 1056 3311 ea
1077 3250 1209 3331 pecunia
1230 3249 1402 3323 remiserit,
1426 3269 1521 3332 quam
1543 3251 1612 3332 ipse

283 3345 475 3430 quaesierat:
498 3345 555 3407 tihi
576 3343 782 3419 concedetur,
805 3343 860 3426 qui
882 3341 923 3404 de
944 3341 1045 3424 capite
1067 3341 1267 3425 vectigalium
1288 3342 1398 3425 populi
1416 3343 1548 3407 Romani
1562 3365 1612 3407 re-

282 3441 418 3505 misisti?
454 3439 601 3501 xxxvl.
624 3435 675 3500 83.
698 3438 802 3521 Atque
825 3438 857 3498 in
879 3437 939 3500 hoc
961 3455 1078 3518 genere
1099 3436 1248 3499 audaciae
1271 3437 1369 3499 multo
1397 3437 1490 3500 etiam
1511 3438 1612 3523 impu·

284 3536 408 3600 dentius
430 3535 462 3597 in
485 3533 625 3596 decumis
640 3532 860 3595 Acestensium
882 3538 1023 3594 versatus
1046 3536 1108 3606 est;
1133 3549 1211 3613 quas
1234 3550 1305 3594 oum
1320 3529 1494 3594 addixisset
1507 3531 1611 3596 eidem

169 3514 192 3548 Ἀ

347 3797 372 3847 3.
391 3793 424 3846 ab
440 3796 534 3845 doctum
553 3792 622 3856 4344
633 3795 671 3842 A:
698 3806 715 3842 o
732 3791 783 3841 deo.
803 3794 848 3842 ctt.
869 3792 897 3841 0.
919 3819 946 3828 —
968 3791 992 3842 4.
1012 3790 1077 3840 enim
1094 3803 1147 3842 om.
1167 3791 1234 3853 4349
1248 3791 1276 3840 l.
1297 3817 1325 3828 -
1344 3791 1397 3841 iam
1413 3791 1481 3855 4344
1493 3808 1516 3854 φ
1526 3808 1533 3859 ‚²
1555 3806 1608 3844 om.

283 3873 327 3923 ctt.
346 3870 375 3920 0.
397 3897 424 3906 -
444 3868 468 3919 6.
484 3869 580 3932 podem
596 3867 689 3918 hamb.
710 3893 737 3902 -
757 3867 781 3917 8.
800 3867 928 3932 uomitum,
946 3868 1038 3917 iudices
1053 3865 1131 3930 4344.
1153 3893 1179 3901 -
1200 3866 1240 3915 40.
1254 3879 1336 3928 poeno
1353 3866 1438 3930 Lglt:
1457 3882 1510 3919 om.
1529 3868 1608 3921 codd.

282 3945 339 3998 rell.
359 3945 422 3995 noli.
443 3971 470 3980 -
490 3944 624 4006 proeteriit
640 3941 704 3993 dett.
725 3967 752 3980 -
777 3943 817 3992 44.
836 3944 880 3993 iste
902 3941 1016 4006 igitr:
1043 3943 1090 4003 ipsi
1112 3943 1172 4002 ctt.;
1199 3942 1252 4002 ipso
1271 3955 1303 3991 ex
1320 3943 1388 3992 coni.
1408 3941 1513 3994 Hotcm.
1531 3945 1560 3995 0.
1581 3971 1608 3980 -

284 4023 324 4074 44.
341 4020 410 4070 ochis
424 4033 475 4069 nors
490 4019 564 4069 modo
580 4020 602 4069 N
620 4020 647 4069 et
663 4017 695 4068 t:
715 4029 767 4067 om.
786 4019 831 4067 ctt.
848 4045 874 4054 -
892 4018 1025 4081 ferundum
1042 4017 1118 4080 4349.
1140 4044 1167 4052 -
1192 4015 1232 4066 44.
1249 4030 1275 4066 sc
1292 4016 1377 4082 wtom]
1395 4022 1473 4067 totam
1489 4032 1514 4068 ss
1530 4019 1611 4068 Zum-

283 4097 353 4164 ptius
371 4108 474 4155 errore,
492 4096 523 4144 ut
538 4093 657 4151 videtum
676 4091 770 4144 saltem
788 4091 866 4143 codd.
886 4095 963 4158 Lagg.
982 4091 1068 4143 nullus
1085 4093 1123 4142 sic
1140 4091 1230 4141 habet.
1250 4091 1330 4141 Nasu.
1353 4119 1379 4126 —
1399 4093 1508 4142 traderet
1524 4091 1553 4153 4,
1571 4093 1608 4143 N:

283 4170 387 4222 tradidit
404 4169 451 4220 dtt.
473 4196 500 4204 —
520 4168 560 4220 ll.
578 4173 668 4219 coacta
685 4173 707 4218 at
723 4167 797 4217 melis
813 4166 861 4218 dtt.
880 4169 908 4218 0.
931 4195 957 4204 -
978 4169 1050 4218 Soita
1066 4169 1134 4218 AN:
1154 4167 1218 4217 Silla
1235 4167 1302 4230 4343
1314 4167 1345 4218 li
1357 4168 1385 4218 R.
1407 4194 1433 4202 —
1453 4167 1493 4216 46.
1511 4181 1556 4218 osc
1572 4170 1611 4218 oi-

283 4252 336 4297 tcm
352 4257 405 4295 om.
425 4243 494 4308 4349
505 4247 534 4294 Α.
546 4269 573 4279 -
593 4245 632 4294 tr.
652 4242 751 4306 dotum]
769 4243 879 4292 omnium
893 4243 970 4306 4344.
981 4271 1008 4280 -
1028 4243 1068 4292 49.
1081 4241 1216 4309 maiorum]
1233 4243 1359 4291 maionem
1369 4243 1447 4306 Lagg.
1460 4245 1568 4308 praeter
1578 4245 1610 4294 44

284 4327 311 4374 et
326 4323 368 4372 49.
389 4349 416 4358 -
435 4320 476 4370 40.
495 4319 591 4381 aliquot
606 4318 698 4369 bamb.
718 4329 809 4381 margo
828 4318 891 4370 4544
909 4332 941 4368 ex
958 4333 998 4380 φι
1017 4319 1120 4382 aliquod
1136 4319 1204 4383 4349
1222 4322 1249 4369 et
1265 4320 1280 4368 5
1297 4315 1357 4378 alii;
1376 4319 1473 4382 aliquid
1490 4318 1558 4384 4344
1568 4319 1608 4380 48;

282 4399 349 4449 illius
365 4397 385 4446 0
403 4407 464 4446 cum
481 4395 562 4459 Naug.
584 4421 611 4431 ·-
630 4395 671 4444 44.
689 4393 805 4443 concitis
821 4391 924 4443 hamb:
943 4393 1067 4442 cometiae
1082 4394 1151 4456 4349
1169 4395 1196 4443 et
1212 4393 1248 4450 B:
1267 4393 1377 4442 consulto
1394 4394 1413 4443 0
1432 4396 1459 4443 et
1475 4394 1513 4444 sic
1530 4395 1608 4445 codd.

283 4473 340 4526 rell.
358 4471 400 4523 vel
420 4471 446 4521 S.
466 4471 492 4522 C.
513 4495 541 4508 -
568 4471 610 4520 44.
631 4472 651 4520 ti
668 4468 775 4520 hamb:
794 4469 825 4518 N.
844 4468 926 4531 4344;
951 4469 976 4518 44
993 4468 1071 4518 codd.
1090 4465 1147 4520 rell.
1172 4495 1198 4504 -
1227 4467 1349 4532 deforent
1366 4469 1428 4532 Lag.
1448 4467 1489 4520 44.
1508 4469 1550 4522 44.
1568 4470 1608 4523 48.

285 4547 334 4613 [Cf.
345 4545 530 4610 Wesenbergii
547 4545 686 4598 Emendatt.
700 4545 755 4596 Cic.
768 4545 848 4608 Epist.
862 4557 888 4609 p.
901 4543 932 4593 73
944 4542 995 4609 sq]
1009 4571 1036 4580 —
1054 4543 1095 4594 43.
1113 4546 1290 4594 concesserant.
1299 4543 1348 4593 ΑΒ
1367 4545 1394 4593 ct
1412 4545 1488 4608 Lagg.
1504 4549 1610 4609 praeter

284 4621 325 4675 44.
336 4649 363 4658 -
376 4620 408 4671 ob
422 4633 481 4684 pop.
494 4620 579 4685 4349;
599 4613 681 4671 dom.
695 4621 766 4670 Parr.
780 4617 899 4678 bellem,
918 4617 950 4667 ab
965 4619 1019 4680 ipso
1031 4619 1099 4669 conl.
1113 4619 1285 4669 Hotomanus.
1298 4644 1324 4654 -
1343 4618 1384 4668 45.
1398 4619 1520 4670 dimittere
1531 4621 1607 4684 legg.

284 4699 390 4765 praeter
406 4697 446 4749 44.
462 4724 490 4735 -
507 4695 619 4747 muteris
634 4694 713 4759 4344.
729 4722 756 4730 -
775 4695 916 4744 teterrimos
932 4693 1010 4744 codd.
1030 4705 1109 4743 nonn.
1124 4691 1181 4756 (sed
1197 4690 1282 4742 nullus
1295 4691 1366 4756 Lag.)
1380 4694 1408 4743 0.
1429 4720 1457 4729 -
1476 4694 1518 4744 46.
1536 4696 1608 4762 recte]

283 4774 381 4825 ratium
396 4770 474 4836 4344.
495 4798 522 4807 -
541 4771 571 4822 de
587 4770 752 4835 0414349.-
771 4771 848 4836 iopam
865 4769 933 4833 4344
945 4783 984 4830 φ;
1003 4769 1055 4834 iope
1071 4767 1128 4819 rell.
1145 4770 1174 4819 0.
1189 4795 1216 4806 —
1234 4769 1276 4818 47.
1294 4770 1412 4831 etpossst
1427 4781 1477 4820 esse
1492 4786 1516 4832 φ
1534 4773 1561 4822 et
1577 4770 1607 4822 l:

284 4853 308 4899 et
319 4859 392 4910 posse
408 4851 467 4898 caet
483 4845 565 4906 dett.;
580 4847 673 4910 populo
690 4847 718 4898 a.
737 4851 761 4898 ct
776 4859 826 4897 esse
840 4850 921 4908 posset
937 4845 1043 4902 Franc.;
1058 4845 1151 4908 popolo
1168 4846 1196 4895 o.
1214 4849 1273 4895 essct
1284 4845 1313 4894 0.
1328 4871 1356 4882 -·
1374 4845 1414 4896 48.
1435 4847 1470 4896 To
1480 4860 1611 4910 ”ropra-

284 4923 399 4973 irenditor
415 4935 468 4973 om.
487 4922 565 4986 4349,
581 4951 608 4961 -
626 4923 667 4972 49.
686 4927 755 4972 tuom
772 4921 815 4972 tibi
826 4921 912 4986 4344ι
932 4921 975 4970 titi
992 4933 1045 4971 orn.
1059 4919 1115 4971 rell.
1129 4922 1223 4983 Legg.;
1242 4919 1285 4970 tibi
1297 4923 1366 4970 tuom
1378 4921 1439 4972 edd.
1453 4935 1514 4974 cnm
1526 4925 1607 4987 Naug.

286 4995 393 5061 [omissa
410 4999 452 5050 est
468 4997 494 5048 in
512 4997 555 5048 ed.
573 4999 676 5062 Zumpt.
695 4995 772 5048 lectio
790 4995 849 5047 cod.
869 4995 957 5059 4344]
977 5023 1004 5032 -
1027 4995 1067 5046 34.
1085 4997 1228 5046 conceditur
1242 4995 1309 5058 4347
1321 4993 1361 5046 44.
1387 5023 1414 5034 -
1438 4997 1478 5049 33.
1497 4999 1610 5049 Aeaeo-

285 5075 349 5125 siom
365 5075 503 5127 Garatoni:
521 5073 698 5125 detestantium
713 5072 758 5122 hic
774 5074 802 5123 et
816 5071 882 5123 infra
899 5070 941 5122 bis
957 5070 1026 5136 4344
1045 5068 1087 5135 [de
1105 5083 1158 5137 quo
1175 5068 1272 5122 fallitur
1287 5070 1340 5134 Z.];
1359 5069 1536 5138 scotomaticos
1551 5071 1608 5125 rell.
