3648 5888
505 435 573 500 nu.
594 432 619 499 1.
649 431 725 499 33.
747 428 994 498 xxn-xxv.
1022 424 1078 514 33.
1100 423 1247 494 33-33.
1481 420 1543 488 rao

216 603 397 691 respondit,
420 623 492 670 cum
512 604 552 669 ab
574 623 613 668 eo
634 603 759 667 tabulas
780 601 1030 686 postularemus,
1050 619 1154 685 usqne
1175 599 1216 663 ad
1230 597 1271 662 ll.
1287 595 1471 662 Terentium
1486 589 1543 680 [et]
1638 621 1659 662 s

219 705 251 768 C.
276 701 419 766 Cassium
451 699 598 764 consules
626 697 818 772 confecisse,
852 701 963 779 postea
990 693 1159 757 destitisse.
1204 687 1255 756 66.
1284 692 1356 756 Alio
1383 691 1455 754 loco
1481 689 1544 754 hoc
1620 675 1634 729 ἶ
1644 677 1652 688 ”

216 795 395 862 cuiusmodi
418 796 474 869 sit,
505 791 792 857 considerabimus:
820 808 905 852 nunc
927 786 1010 850 nihil
1030 787 1071 850 ad
1092 807 1143 850 me
1165 787 1296 863 attinet;
1321 785 1437 850 horum
1458 782 1544 846 enim

216 899 412 974 temporum,
444 890 479 952 in
515 888 631 972 quibus
665 905 751 949 nuno
779 901 905 957 versor,
937 880 1040 944 babeo
1068 880 1192 944 tabulas
1222 888 1255 944 et
1281 887 1352 944 tuas
1381 884 1413 941 et
1433 875 1544 961 patris.

215 985 354 1051 Plurima
375 984 467 1066 signa
488 981 717 1066 pulcherrima,
745 977 902 1062 'plurimas
924 976 1047 1040 tabulas
1070 977 1206 1059 optimas
1229 976 1414 1060 deportasse
1435 979 1467 1035 te
1489 991 1544 1036 ne·
1566 995 1582 1042 a
1673 957 1691 1021 ‚³

216 1099 290 1164 gare
311 1098 377 1143 non
398 1084 508 1161 potes:
531 1084 627 1161 atque
649 1075 773 1138 utinam
793 1071 912 1156 neges!
948 1071 1053 1133 Unum
1074 1070 1207 1133 ostende
1229 1070 1263 1133 in
1279 1068 1396 1133 tabulis
1411 1071 1467 1130 aut
1480 1066 1545 1130 tuis

216 1182 273 1239 aut
298 1172 398 1258 patris
425 1171 474 1235 tui
503 1177 644 1254 emptum
673 1189 762 1232 esse:
790 1166 905 1230 vicisti.
948 1167 994 1228 Ne
1020 1164 1100 1229 baec
1122 1163 1253 1249 quidem
1276 1164 1340 1228 duo
1362 1164 1454 1245 signa
1473 1158 1546 1244 pul·

217 1269 389 1342 cherrima,
412 1285 495 1350 quae
516 1284 604 1328 nunc
625 1265 666 1328 ad
688 1260 878 1346 impluvium
899 1267 990 1323 tuum
1004 1266 1105 1336 stant,
1128 1278 1210 1344 quae
1224 1259 1341 1323 multos
1355 1277 1457 1322 annos
1471 1261 1546 1320 ante

216 1363 323 1427 valvas
345 1361 478 1425 lunonis
501 1359 626 1422 Samiae
648 1363 818 1432 steterunt,
839 1355 937 1419 habes
953 1354 1115 1438 quomodo
1130 1353 1263 1430 emeris;
1284 1351 1381 1429 haec,
1402 1351 1545 1434 inquam,

217 1458 299 1531 duo,
328 1474 412 1539 quae
444 1456 478 1519 in
505 1453 638 1518 aedibus
666 1452 731 1515 tuis
759 1449 828 1514 sola
857 1450 920 1513 iam
942 1456 1033 1522 sunt,
1064 1467 1147 1533 quae
1169 1455 1323 1512 sectorem
1345 1450 1545 1528 exspectant,
1554 1469 1582 1515 :0

216 1551 329 1618 relicta
350 1569 388 1614 33
410 1550 562 1613 destituta
584 1566 603 1610 a
625 1545 738 1610 ceteris
753 1544 861 1628 signis.
894 1544 1010 1606 XXIV.
1033 1539 1085 1606 62.
1106 1543 1164 1618 At,
1186 1542 1298 1618 credo,
1318 1543 1353 1605 in
1365 1541 1454 1604 hisce
1468 1538 1546 1603 solis

215 1647 312 1712 rebus
341 1645 514 1709 indomitas
546 1640 736 1724 cupiditates
758 1647 854 1722 atque
877 1639 1044 1726 effrenatas
1065 1637 1222 1701 habebat:
1254 1645 1376 1704 ceterae
1397 1641 1545 1706 libidines
1621 1639 1643 1724 3

218 1742 286 1806 3633
308 1735 564 1892 rationd'aliqua
585 1741 643 1798 aut
663 1734 758 1797 modo
786 1731 1038 1796 continebantur.
1083 1732 1187 1809 Quam
1208 1735 1319 1799 multis
1340 1736 1436 1800 istum
1458 1737 1547 1819 inge·
1631 1725 1652 1804 ,³

217 1836 306 1910 uuis,
330 1853 426 1919 quam
448 1852 502 1895 mu
517 1831 558 1894 tis
579 1829 732 1892 matribus
746 1826 882 1891 familias
898 1827 931 1889 in
945 1826 1002 1890 illa
1016 1834 1116 1892 taetra
1130 1837 1227 1914 atque
1241 1832 1367 1914 impura
1386 1832 1546 1915 legatione

217 1932 282 1994 vim
304 1928 448 1992 attulisse
471 1924 680 1990 existimatis?
703 1941 805 2006 eoquo
828 1921 861 1984 in
884 1921 1004 2005 oppido
1023 1923 1139 2006 pedem
1154 1926 1282 2008 posuit,
1304 1927 1360 1990 ubi
1374 1948 1440 1992 non
1454 1930 1585 2014 plorata

219 2032 402 2109 stuprorum
423 2020 680 2104 flagitiorumque
702 2037 833 2104 suorum
856 2036 953 2102 quam
974 2019 1193 2106 adventususui
1208 2022 1345 2106 vestigia
1358 2024 1548 2110 reliquerit?
1639 2048 1661 2114 J

220 2123 283 2188 Sed
305 2137 365 2202 ego
386 2117 506 2190 omnia,
529 2133 611 2198 qnae
625 2114 733 2195 negari
757 2121 924 2196 poterunt,
945 2116 1211 2197 praetermittam:
1234 2115 1331 2181 etiam
1346 2118 1442 2196 haec,
1465 2141 1548 2205 quae

220 2217 397 2286 certissima
419 2216 493 2274 sunt
513 2216 546 2272 et
561 2207 751 2282 clarissima,
772 2209 969 2293 relinquam:
991 2229 1091 2272 unum
1106 2209 1239 2294 aliquod
1253 2211 1293 2276 de
1310 2212 1439 2279 nefariis
1454 2215 1548 2279 istius

220 2314 310 2380 factis
332 2309 462 2390 eligam,
486 2323 550 2388 quo
570 2301 697 2365 facilius
719 2302 760 2366 ad
782 2302 925 2366 Siciliam
949 2305 1070 2387 possim
1084 2304 1274 2389 aliquando,
1298 2327 1380 2392 quae
1395 2309 1549 2374 mihiboo

222 2408 328 2474 oneris
349 2399 537 2484 negotiique
559 2396 728 2480 imposuit,
751 2398 926 2479 pervenire.
971 2396 1022 2461 63.
1045 2399 1207 2484 Oppidum
1229 2402 1325 2464 estin
1339 2402 1586 2488 Hellespontott
1676 2450 1681 2463 .

220 2507 448 2591 Lampsacum,
478 2491 618 2566 iudices,
640 2491 674 2553 in
695 2491 806 2574 primis
827 2493 921 2556 Asiae
942 2495 1127 2578 provinciae
1149 2496 1269 2558 clarum
1293 2506 1326 2561 et
1345 2498 1469 2564 nobile:
1490 2500 1550 2563 ho·
1647 2523 1653 2569 2
1817 2557 1818 2570 ,

218 2587 319 2664 mines
352 2598 459 2655 autem
490 2587 553 2670 ipsi
584 2586 793 2668 Lampsaceni
827 2606 898 2650 cum
928 2609 1049 2654 summe
1076 2592 1110 2653 in
1138 2610 1248 2656 omnes
1274 2594 1360 2658 cives
1388 2597 1549 2659 Romanos
1817 2575 1818 2668 6

219 2688 372 2763 officiosi,
394 2691 461 2747 tum
484 2686 650 2766 praeterea
670 2680 807 2744 maxime
830 2683 932 2747 sedati
954 2689 987 2748 et
1008 2685 1126 2770 quieti,
1156 2706 1258 2771 prope
1279 2697 1406 2773 praeter
1426 2697 1549 2754 ceteros
1817 2675 1818 2734 6

218 2790 258 2854 36
280 2801 437 2849 summum
463 2778 655 2854 Graecorum
678 2775 778 2838 otium
800 2777 907 2858 potius
931 2798 1026 2861 quam
1048 2780 1089 2843 ad
1110 2779 1209 2843 ullam
1228 2784 1293 2846 rim
1307 2792 1363 2848 aut
1376 2784 1549 2850 tumultum
1649 2785 1672 2862 3

217 2874 458 2948 accommodati.
501 2870 644 2944 Accidit,
668 2890 739 2933 cum
762 2870 821 2936 iste
843 2892 863 2935 a
885 2871 941 2935 Cn.
963 2874 1129 2937 Dolabella
1146 2867 1372 2962 efflagitasset,
1394 2888 1431 2944 ut
1453 2902 1488 2944 sc
1508 2881 1587 2944 adit

216 2997 323 3062 regem
349 2967 556 3036 Nicomedem
583 2985 754 3050 regemque
784 2967 933 3030 Sadalam
961 2969 1115 3044 mitteret,
1149 2991 1286 3056 cumque
1314 2973 1376 3036 iter
1404 2974 1467 3037 hoc
1489 2975 1550 3039 sibi

216 3073 317 3156 magis
340 3069 381 3133 36
405 3069 573 3149 quaestum
597 3080 689 3123 suum
713 3080 809 3143 quam
831 3064 871 3124 ad
892 3063 939 3126 rei
960 3063 1107 3146 publicae
1129 3073 1254 3149 tempus
1276 3069 1550 3133 accommodatum

217 3163 476 3252 depoposcisset,
498 3155 613 3219 utillo
635 3156 749 3218 itinere
771 3157 895 3219 veniret
915 3158 1124 3242 Lampsacum
1147 3181 1219 3224 cum
1234 3180 1348 3246 magna
1370 3161 1550 3226 calamitate

217 3266 250 3325 e't
270 3277 371 3344 prope
394 3252 537 3338 pernicie
560 3249 707 3314 civitatis.
741 3249 917 3313 Deducitur
937 3252 997 3315 iste
1020 3254 1060 3316 36
1081 3255 1251 3320 Ianitorem
1266 3258 1426 3342 quendam
1439 3258 1550 3341 hospi·

217 3365 282 3419 tem
315 3351 513 3432 comitesque
546 3345 615 3408 eius
644 3345 720 3408 item
750 3345 833 3428 apud
858 3353 981 3409 3363333
1002 3347 1146 3432 hospites
1169 3349 1376 3432 collocantur.
1418 3351 1459 3414 Ut
1481 3366 1587 3414 mosao

221 3455 289 3511 erat
316 3445 409 3510 istius
442 3448 539 3526 atque
568 3446 604 3502 nt
633 3458 705 3502 eum
736 3459 811 3502 suae
833 3439 982 3502 libidines
1004 3442 1180 3527 flagitiosae
1202 3443 1305 3508 iacere
1327 3444 1550 3520 admonebant,

220 3542 327 3606 statim
349 3538 514 3622 negotium
537 3536 591 3597 dat
612 3533 676 3596 illis
698 3533 763 3596 3363
786 3535 969 3612 comitibus,
992 3539 1198 3623 nequissimis
1219 3539 1477 3623 turpissimisque
1491 3539 1550 3602 ho·

220 3635 376 3708 minibus,
405 3633 453 3696 uti
481 3631 611 3694 rideant
640 3635 671 3692 et
699 3617 1036 3716 investigent,(ecqna
1056 3633 1146 3716 virgo
1170 3634 1212 3696 366
1233 3640 1289 3696 336
1309 3633 1424 3696 mulier
1445 3620 1564 3730 digna)
1618 3623 1689 3700 ,αἱ
1816 3579 1818 3718 6

219 3728 425 3814 quamobrem
448 3727 518 3809 ipse
540 3723 706 3806 Lampsaci
721 3722 840 3786 diutius
856 3734 1114 3790 commoraretur.
1157 3714 1257 3791 XXV.
1280 3723 1331 3789 66.
1353 3729 1430 3791 Erat
1444 3747 1549 3792 comes
1711 3789 1718 3810 .

219 3824 288 3886 eins
310 3821 450 3884 Rubrius
473 3819 620 3904 quidam,
641 3817 738 3880 homo
760 3816 862 3881 factus
885 3820 925 3882 ad
944 3819 1036 3884 istius
1051 3821 1216 3897 libidines,
1239 3821 1295 3905 qui
1309 3822 1390 3884 miro
1405 3819 1587 3899 artificiose
1689 3831 1711 3882 a'·
1817 3851 1818 3858 .

219 3911 438 4002 quocumque
453 3919 599 3988 venerat,
630 3912 710 3976 haec
739 3913 931 3996 investigare
963 3915 1070 3979 omnia
1092 3915 1226 3979 solebat
1269 3916 1299 3979 ls
1323 3915 1362 3978 ad
1386 3937 1461 3980 eum
1481 3937 1550 3980 rem

217 4012 312 4075 istam
334 4009 455 4074 deleat:
488 4006 710 4071 Philodamum
732 4026 801 4070 esse
824 4010 999 4091 quendam,
1023 4030 1155 4095 genere,
1177 4009 1317 4087 honore,
1339 4011 1458 4095 copiis,
1481 4012 1549 4074 exi·

218 4106 400 4172 stimatione
421 4102 513 4166 facile
535 4095 713 4186 principem
735 4102 1042 4186 Lampsacenorum
1065 4105 1134 4168 eius
1153 4125 1223 4169 esse
1238 4102 1352 4180 filiam,
1377 4124 1549 4190 quaecum

219 4208 308 4285 patre
336 4199 509 4274 habitaret,
541 4197 711 4282 propterea
741 4196 829 4282 quod
850 4198 954 4261 virium
975 4219 1041 4263 non
1062 4199 1210 4276 haberet,
1243 4200 1409 4264 mulierem
1432 4199 1549 4264 eximia

285 4426 309 4476 6.
327 4430 351 4475 36
367 4437 421 4474 om.
439 4425 470 4473 Α.
491 4449 519 4458 -
538 4423 562 4472 e.
582 4422 689 4486 optimos
705 4435 758 4473 om.
779 4423 815 4474 Gt
827 4423 874 4475 dtt.
889 4451 917 4462 -
937 4425 961 4476 8.
978 4424 1093 4489 plocium
1104 4423 1183 4486 66ς;
1198 4423 1363 4488 3633633336
1374 4423 1490 4488 pluuium
1501 4425 1547 4474 Gt.

219 4527 248 4538 -
262 4504 321 4550 3363
338 4494 525 4561 eastengle
542 4510 569 4561 p.
582 4509 636 4547 m.:
655 4497 689 4546 36
706 4495 753 4548 dtt.
768 4498 796 4549 0.
812 4527 839 4536 —
858 4501 883 4551 9.
902 4500 975 4551 lobes
991 4501 1072 4552 dicere
1088 4513 1170 4562 quous.
1182 4501 1217 4550 ’6.
1232 4527 1260 4535 -
1280 4501 1320 4550 66.
1338 4514 1356 4551 3
1371 4501 1458 4552 ceteris
1472 4500 1550 4564 363363

218 4575 333 4642 glossam
351 4585 412 4625 esse
430 4573 580 4638 suspicatur
591 4573 646 4623 Rau
658 4573 689 4624 11.
706 4587 733 4638 p.
748 4573 805 4627 666.
821 4601 848 4613 -
869 4575 909 4627 63.
925 4577 1012 4640 poerit
1026 4575 1140 4640 ingenuis
1150 4577 1177 4626 L.
1198 4575 1275 4638 [663.
1289 4574 1383 4627 Halmii
1394 4575 1468 4629 Anal.
1482 4575 1547 4628 Tull.

217 4654 237 4704 1.
255 4665 283 4716 p.
297 4649 337 4701 36.
358 4663 385 4700 n.
399 4649 434 4714 a]
451 4649 540 4700 Verba
557 4661 634 4714 seqq.
648 4649 730 4701 habet
746 4653 822 4703 6333.
836 4653 870 4703 66.
884 4667 910 4718 p.
924 4653 982 4704 636.
998 4679 1024 4689 -
1044 4651 1083 4702 66.
1103 4665 1180 4715 quom
1191 4665 1244 4702 om.
1258 4651 1328 4714 (335.
1343 4679 1371 4690 -
1391 4653 1431 4703 67.
1445 4657 1550 4715 poeseos

219 4728 251 4778 Gt
265 4741 271 4786 3
284 4730 383 4788 possent
393 4737 436 4775 333
448 4729 566 4788 poterunt
577 4725 654 4790 ngas.
670 4753 697 4762 -
712 4726 751 4777 68.
766 4739 810 4792 epo
821 4727 963 4789 relinquam
975 4727 1052 4791 ngas.
1067 4754 1095 4766 -
1113 4729 1155 4779 66.
1169 4741 1226 4778 cum
1236 4729 1269 4778 Gt
1281 4728 1297 4778 6
1305 4742 1322 4790 ς
1331 4727 1414 4792 63693
1434 4732 1487 4777 tom
1498 4727 1546 4778 dtt.

218 4802 247 4852 0.
269 4827 296 4837 -
315 4799 356 4850 66.
374 4801 420 4850 boe
435 4801 482 4850 iter
499 4801 544 4851 Gt.
565 4829 593 4837 -
621 4801 661 4852 39.
686 4803 755 4864 opud
779 4807 858 4853 certos
880 4803 939 4853 cod.
958 4804 1015 4855 Urs.
1034 4802 1110 4868 Lng.
1133 4831 1160 4839 —
1184 4804 1224 4855 36.
1242 4804 1382 4870 flagitiosae
1398 4803 1446 4853 dtt.
1465 4815 1545 4852 3333.

217 4875 295 4943 prob.
314 4874 400 4926 Madv.
419 4878 486 4941 App.
504 4889 532 4940 p.
546 4875 586 4928 60.
606 4876 664 4929 coll.
677 4878 708 4928 11.
722 4879 746 4942 g.
760 4877 832 4929 itt:
849 4879 971 4944 6633666333
982 4880 1014 4928 Gt
1027 4881 1052 4941 6,
1070 4881 1086 4930 6
1098 4879 1176 4930 codd.
1189 4881 1262 4930 Parc.
1275 4877 1337 4931 Lall.
1351 4876 1383 4928 al.
1397 4878 1426 4927 0.
1445 4877 1473 4926 ln
1486 4878 1517 4926 Gt
1531 4877 1548 4927 6

219 4953 299 5004 etiam
321 4953 399 5001 autea
415 4965 458 5001 333
474 4963 523 5015 pro
538 4965 612 5016 3333,
632 4955 660 5004 et
676 4955 831 5019 saepissime
848 4955 876 5004 in
893 4953 934 5003 his
951 4953 1029 5004 codd.
1048 4967 1061 5006 3
1077 4966 1125 5020 pro
1142 4969 1173 5007 33
1189 4954 1323 5006 scribitur.
1337 4980 1364 4989 —
1383 4950 1548 5002 odmooeboot

219 5029 252 5079 Gt
265 5026 322 5089 lg:
341 5026 526 5078 commovebor:
537 5029 573 5078 66
591 5029 652 5094 (non
669 5030 867 5091 333333336336,
886 5029 915 5079 36
931 5029 1010 5081 tradit
1026 5031 1140 5096 Zumpt.)
1157 5029 1222 5091 Ld.;
1250 5031 1431 5081 3633333336
1448 5025 1496 5077 666.
1517 5056 1544 5064 -

219 5103 260 5154 33.
277 5103 358 5153 olidi
371 5099 438 5164 aaa
454 5101 498 5152 ab:
514 5105 614 5168 otng.
628 5119 736 5168 omnes,
755 5105 787 5156 al.
804 5133 831 5143 -
850 5091 1089 5169 aqueae-:siquo
1101 5109 1154 5168 (³23
1174 5120 1224 5171 qao
1236 5108 1281 5157 Gt.
1297 5133 1323 5142 -
1343 5102 1448 5167 366333
1459 5103 1491 5152 Gt
1504 5102 1546 5166 ²5

218 5180 299 5245 Lgttz
311 5179 357 5231 iste
366 5177 448 5230 666-
461 5182 702 5234 commoratorconi.
713 5181 775 5235 Ern.
788 5211 815 5221 -
829 5182 869 5234 37.
879 5195 934 5234 rao
943 5181 1026 5250 636333]
1038 5195 1064 5235 3.
1074 5183 1161 5237 Madv.
1172 5181 1205 5234 de
1215 5181 1269 5234 lin.
1279 5179 1403 5247 pitt—
1412 5179 1542 5246 33636666.
