3638 5868
278 386 341 456 ³00
636 397 679 462 lit
700 397 866 463 Vlilililild
886 397 1010 464 ACTIO
1031 397 1215 465 SECUNDA

275 573 409 630 tenetur.
451 566 554 650 Atque
583 567 616 630 in
644 585 711 630 eam
739 567 880 631 fraudem
901 567 1026 632 videtur
1052 568 1129 632 mibi
1157 569 1307 634 divinitus
1334 572 1501 648 incidisse,
1529 593 1596 638 non

270 659 374 724 solum
394 667 431 722 ut
452 679 505 724 eas
526 680 655 743 pesum,
677 681 755 745 quas
777 664 922 744 proxime
944 665 1121 737 meruisset,
1143 663 1288 739 solveret,
1312 665 1367 730 sed
1383 674 1418 729 ut
1431 666 1486 730 illa
1500 668 1595 731 etiam

270 753 391 817 seelera
405 753 473 818 eius
488 755 521 817 in
537 755 711 818 Carbonem
726 765 757 819 et
771 757 804 819 iu
817 755 1014 820 Dolabellam
1028 757 1270 822 vindicarentur.
1299 760 1455 823 LXXVII.
1469 760 1596 823 Etenim

271 869 354 914 nova
374 869 502 933 quoque
524 848 587 912 alia
608 868 668 924 res,
691 849 830 925 iudices,
853 851 991 925 exstitit,
1013 852 1047 914 iu
1068 850 1129 914 hoc
1145 853 1292 928 crimine,
1315 873 1396 938 quae
1418 853 1509 918 tollat
1530 875 1596 917 om-

248 955 342 1006 nnem
373 941 601 1007 dubitationem
629 944 800 1026 superioris
836 944 921 1008 illius
955 945 1121 1010 decumani
1149 946 1298 1010 criminis.
1347 949 1425 1012 Nam
1455 947 1595 1011 utillud

270 1035 400 1101 missum
421 1035 551 1110 faciem,
577 1036 751 1120 permultos
773 1045 912 1102 aratores
935 1040 966 1102 in
990 1038 1104 1102 alteras
1126 1038 1274 1104 decumas
1296 1047 1328 1104 et
1349 1042 1383 1103 in
1404 1041 1484 1106 baec
1505 1059 1596 1103 rocco

269 1131 356 1194 milia
378 1129 528 1205 medinm,
554 1129 640 1213 qnod
664 1136 804 1213 emptum
825 1130 943 1215 populo
963 1133 1105 1196 llomano
1126 1133 1247 1208 darent,
1269 1155 1332 1198 non
1353 1134 1503 1199 babuisse
1524 1143 1595 1200 eta

270 1231 326 1287 tuo
346 1231 564 1308 procuratore,
592 1222 654 1286 boc
677 1231 740 1298 est,
769 1225 808 1286 ab
830 1227 987 1308 Apronio,
1017 1225 1146 1303 emisse,
1177 1247 1219 1291 ex
1241 1248 1302 1311 quo
1332 1229 1466 1311 intelligi
1488 1237 1594 1312 potest
1622 1295 1625 1302 ,

269 1317 348 1379 nihil
369 1324 401 1380 tc
422 1318 598 1381 aratoribus
619 1317 734 1400 reliqui
763 1317 894 1383 iecisset
923 1329 959 1382 ut
983 1321 1045 1383 hoc
1073 1328 1281 1402 praeteream,
1310 1322 1397 1403 qnod
1426 1323 1593 1387 multorum

231 1419 317 1476 tuest
345 1412 534 1475 testimoniis
564 1411 759 1496 expositum,
791 1420 895 1495 potest
921 1413 977 1477 illo
1008 1415 1181 1498 quidquam
1211 1433 1280 1477 esse
1309 1416 1441 1489 certius,
1474 1416 1508 1480 in
1538 1423 1593 1480 tua

160 1487 179 1576 l
267 1512 422 1591 potestate
443 1513 539 1589 atque
561 1506 594 1567 in
617 1505 678 1568 tuis
700 1505 821 1570 horreis
844 1527 937 1571 omne
963 1508 1155 1571 frumentum
1183 1507 1310 1572 Siciliae
1338 1531 1394 1592 per
1421 1495 1593 1574 triennium

269 1609 362 1685 atque
385 1619 495 1663 ornnes
516 1599 637 1664 fructus
664 1603 731 1683 agri
759 1601 924 1665 decumani
952 1603 1073 1666 luisset
1117 1599 1189 1665 479.
1212 1604 1291 1666 Cum
1314 1605 1398 1668 enim
1419 1624 1439 1667 a
1460 1604 1592 1668 civilati-

268 1695 327 1758 bus
349 1714 406 1778 pro
421 1693 578 1758 frumento
594 1694 766 1776 pecuniam·
776 1695 937 1778 exigebas,
958 1696 1043 1760 unde
1059 1705 1127 1760 erat
1139 1696 1340 1772 trumentum,
1363 1699 1446 1780 quod
1462 1700 1591 1763 Romam

269 1789 419 1863 mitteres,
441 1788 468 1851 si
491 1795 525 1851 tu
547 1788 579 1850 id
601 1807 667 1850 non
690 1806 784 1852 omne
807 1789 948 1853 clausum
970 1797 1002 1853 et
1023 1811 1238 1875 compressum
1259 1792 1467 1874 possidebas?
1496 1795 1543 1856 lta
1558 1794 1592 1855 in

231 1897 308 1949 tneo
329 1882 487 1946 frumento
509 1883 627 1965 primus
650 1881 707 1944 tibi
729 1882 783 1944 ille
805 1892 958 1966 quaestus
980 1893 1047 1949 erat
1068 1887 1171 1968 ipsum
1192 1885 1394 1961 trumentum,
1417 1886 1503 1970 quod
1526 1895 1593 1950 erat
1683 1911 1686 1917 ·

269 1982 410 2061 ereptum
425 1976 464 2038 ab
479 1975 670 2040 aratoribus:
693 1977 781 2051 alter,
797 1978 881 2060 quod
896 1977 1087 2041 frumentum
1102 1979 1332 2061 improbissime
1347 1999 1406 2062 per
1420 1983 1591 2044 triennium

268 2079 390 2156 partum
412 2090 477 2133 non
500 2070 607 2144 semel,
630 2069 687 2132 sed
708 2071 767 2145 bis,
790 2091 894 2155 neque
916 2091 990 2146 uno,
1015 2072 1071 2135 sed
1086 2070 1209 2135 duobus
1224 2074 1334 2155 pretiis
1349 2094 1447 2136 unum
1463 2082 1495 2136 et
1508 2074 1592 2137 idem

267 2165 457 2230 frumentum
485 2163 672 2228 vendidisti:
705 2164 802 2231 semel
832 2166 1011 2230 civitatibus
1034 2165 1094 2228 iis
1117 2185 1158 2227 xv
1180 2166 1213 2229 iu
1242 2167 1451 2242 medimnum,
1479 2170 1592 2231 iterum

267 2260 386 2343 populo
408 2262 564 2332 Romano,
592 2279 696 2342 aquo
718 2259 778 2321 Hs
800 2277 858 2322 xxr
882 2261 914 2322 in
944 2259 1102 2324 medimna
1127 2279 1184 2343 pro
1213 2259 1324 2324 eodem
1355 2261 1411 2324 illo
1432 2259 1591 2324 irumsnto

232 2354 437 2420 acabstulisti.
451 2385 493 2400 -
508 2347 579 2416 480.
600 2353 641 2415 lt
660 2354 746 2416 enim
766 2354 960 2420 frumentum
975 2354 1249 2438 Centuripinorum
1272 2363 1304 2418 ct
1317 2354 1591 2437 Agrigentinorum

269 2455 302 2512 et
322 2449 547 2512 nonnullorum
568 2447 700 2510 sortasse
722 2457 886 2529 praeterea
906 2448 1047 2531 probasti
1069 2450 1170 2512 ethis
1191 2450 1318 2532 populis
1340 2450 1506 2532 pecuniam
1528 2447 1593 2509 dis·

269 2543 401 2607 solvisti.
422 2575 464 2590 -
487 2543 557 2606 Sint
578 2561 655 2605 saue
677 2542 803 2626 aliquae
833 2543 976 2607 civitates
998 2546 1032 2607 in
1061 2564 1100 2606 eo
1120 2563 1269 2618 numero,
1299 2563 1432 2628 quarum
1452 2543 1593 2605 frumen·

270 2643 334 2700 tum
356 2635 534 2719 improbare
555 2635 706 2698 nolueris.
743 2636 828 2711 Quid
850 2636 998 2700 tandem?
1019 2637 1070 2700 his
1092 2638 1269 2701 civitatibus
1291 2639 1434 2701 omnisne
1449 2635 1591 2720 pecnnia,

270 2751 351 2816 quae
372 2750 431 2813 pro
452 2730 611 2794 irumeuto
634 2729 740 2794 debita
762 2737 825 2805 est,
852 2729 1007 2792 dissoluta
1036 2733 1105 2794 esti
1149 2732 1251 2794 Unum
1280 2731 1357 2795 mibi
1378 2733 1499 2815 reperi,
1527 2751 1590 2793 non

232 2826 439 2909 scpopulum,
462 2825 518 2888 sed
539 2831 712 2888 aratorem:
734 2824 824 2898 vide,
847 2841 979 2906 quaere,
1002 2825 1223 2908 circumspice,
1246 2826 1272 2888 si
1288 2825 1359 2908 quis
1382 2833 1431 2889 est
1452 2825 1532 2888 lorte
1551 2843 1592 2888 er

269 2939 307 2983 ea
327 2919 505 3003 provincia,
527 2921 561 2983 in
583 2939 647 3003 qua
668 2926 702 2982 tu
717 2919 889 2982 triennium
907 2917 1089 3001 praefuisti,
1112 2920 1167 3002 qui
1181 2925 1212 2982 te
1228 2919 1308 2981 nolit
1323 2921 1459 3002 perisse:
1482 2939 1591 2992 unum,

269 3017 415 3097 iuquam,
438 3013 478 3076 da
499 3013 577 3076 mibi
599 3033 640 3076 ex
661 3012 726 3076 illis
748 3011 941 3087 aratoribus,
964 3014 1018 3095 qui
1040 3013 1096 3076 tibi
1119 3012 1159 3076 ad
1174 3019 1292 3076 statuas
1314 3015 1465 3095 pecunias
1480 3020 1592 3076 coutu-

268 3108 387 3182 lerunt,
411 3108 467 3192 qui
489 3108 550 3171 sibi
572 3107 657 3172 dicat
677 3127 770 3172 omne
792 3127 862 3170 esse
883 3127 941 3189 pro
967 3107 1146 3182 lrnmento,
1175 3105 1262 3190 quod
1286 3107 1476 3191 oportuerit,
1506 3106 1593 3169 solu·
1659 3101 1661 3106 ’

268 3209 345 3265 tum·
379 3201 557 3276 Confirmo,
577 3202 714 3277 indices,
735 3203 894 3265 nemiuem
916 3221 986 3266 esse
1009 3201 1174 3266 dicturum.

230 3313 260 3361 so
352 3294 523 3359 Lxxvsu.
546 3291 616 3359 l8l.
638 3298 687 3359 Ex
709 3296 796 3359 omui
818 3297 969 3378 pecunia,
992 3315 1088 3379 quam
1109 3296 1286 3359 aratoribus
1304 3294 1425 3358 solvere
1445 3294 1591 3369 debuisti,

269 3392 363 3456 certis
384 3391 565 3454 nominibus
587 3390 794 3453 deductiones
815 3387 884 3453 lieri
906 3391 1066 3464 solebant,
1094 3391 1232 3472 primum
1262 3409 1319 3472 pro
1342 3388 1538 3472 spectatione
1560 3395 1593 3452 et

271 3485 411 3569 collybo,
433 3484 549 3548 deinde
570 3505 626 3569 pro
648 3484 755 3547 nescio
779 3503 844 3568 quo
866 3484 995 3548 cenario.
1038 3484 1125 3546 Haec
1146 3484 1270 3558 omnia,
1291 3482 1433 3558 iudices,
1456 3502 1521 3545 non
1542 3502 1592 3544 re·

269 3600 339 3644 rum
362 3587 533 3654 certarum,
557 3580 613 3642 sed
632 3577 787 3642 iurtomm
813 3578 1117 3661 improbissimorum
1139 3584 1214 3640 sunt
1234 3577 1396 3642 vocabula.
1428 3578 1506 3639 Nam
1528 3576 1592 3640 col·

334 3837 358 3884 1.
375 3833 473 3883 uidetur
483 3831 544 3881 mibi
554 3829 635 3894 4342;
653 3831 714 3881 mdsi
724 3831 774 3880 uid.
788 3828 845 3881 rell.
859 3831 887 3880 0.
904 3857 931 3866 -
949 3831 974 3879 2.
985 3841 1110 3892 prensens
1126 3827 1204 3892 4329.
1220 3855 1247 3864 -
1260 3827 1305 3878 illo
1316 3838 1369 3877 om.
1383 3825 1448 3878 dett.
1463 3826 1518 3876 -3.
1531 3827 1592 3878 Car-

269 3911 355 3962 bonem
370 3913 394 3958 ct
409 3909 437 3958 to
453 3920 506 3958 om.
525 3904 603 3969 4342.
624 3933 651 3944 -
670 3905 695 3956 4.
713 3906 765 3956 ind.
784 3903 1011 3968 madelgisii:
1035 3910 1084 3954 ece.
1104 3905 1156 3954 ted.
1175 3901 1231 3954 rell.
1251 3903 1280 3954 0.
1301 3929 1329 3938 -
1353 3903 1376 3952 6.
1400 3907 1424 3952 cl
1440 3915 1494 3953 om.
1512 3901 1589 3968 4342.

270 4013 297 4024 -
316 3985 453 4048 ottinpsntc
469 3981 541 4033 idem
558 3982 615 4032 siue
631 3980 712 4030 milia.
733 4007 761 4018 —
780 3981 804 4031 7.
822 3986 846 4030 st
862 3994 880 4030 a
896 3979 928 4030 i:
955 3981 997 4030 ssd
1012 3993 1031 4029 e
1046 3979 1111 4029 dett.
1130 3978 1159 4028 0.
1179 4006 1207 4015 —
1232 3979 1257 4029 8.
1276 3979 1320 4028 boc
1337 3983 1372 4028 cst
1387 3979 1478 4028 ambae
1495 3991 1528 4029 cr
1544 3993 1592 4042 quo

267 4059 345 4126 4342,
367 4087 394 4096 -
413 4060 437 4108 9.
454 4058 516 4108 citit
532 4057 563 4122 te]
580 4057 608 4106 ic
623 4057 687 4106 bisce
703 4055 781 4119 4342.
803 4083 830 4094 -
848 4056 984 4105 multorum
1001 4061 1036 4106 cst
1052 4061 1069 4104 1.
1089 4068 1146 4117 sep.
1165 4053 1225 4104 cod.
1244 4055 1299 4106 Urs.
1313 4067 1350 4116 cp:
1369 4055 1396 4104 is
1411 4055 1593 4105 meborcmest

267 4143 284 4188 t.
299 4135 410 4200 positum
424 4131 537 4196 432942
553 4132 606 4182 ΑΒ
625 4128 701 4195 14342
718 4143 772 4181 orn.
790 4129 840 4194 ic);
863 4133 890 4181 ts
910 4131 994 4180 msctlts
1016 4144 1050 4180 eac
1066 4135 1118 4180 test.
1137 4133 1172 4179 est
1186 4130 1293 4192 possm
1310 4128 1391 4189 dett.;
1418 4129 1445 4178 tn
1459 4130 1543 4180 multis
1558 4135 1594 4180 cst

267 4216 320 4262 teat.
343 4223 401 4271 esp.
423 4208 453 4258 0.
478 4234 505 4244 -
537 4207 577 4257 12.
601 4206 681 4255 noscis
703 4205 780 4268 4329.
807 4233 834 4244 -
860 4207 958 4272 {nectua
982 4207 1146 4257 decimam
1168 4203 1237 4269 4342
1262 4205 1324 4266 (nou
1345 4205 1528 4268 commanem).
1551 4205 1593 4268 [ex

267 4283 482 4337 mannent
499 4280 591 4345 llam]
611 4307 638 4316 -
657 4294 675 4330 a
691 4293 744 4331 om.
762 4280 841 4344 4342.
861 4309 888 4319 -·
915 4279 1184 4344 capuanensis.
1205 4305 1232 4316 -
1252 4277 1292 4329 14.
1311 4292 1382 4330 omos
1398 4293 1448 4330 cos
1464 4280 1542 4343 4342.
1563 4305 1588 4316 -

266 4363 304 4412 ita
320 4359 348 4412 l:
366 4361 451 4422 itaque
468 4357 532 4408 dett.
547 4356 608 4406 0.—
627 4356 667 4407 44.
687 4361 743 4406 eret
757 4371 781 4418 φ
793 4357 863 4409 etl:
881 4356 1053 4420 [91114140.
1069 4382 1096 4392 -
1113 4353 1363 4417 tpscmsnmcass
1379 4353 1499 4417 Lglicp:
1516 4355 1594 4417 ipsius

265 4437 385 4502 frumenti
402 4433 458 4486 rell.
477 4435 506 4484 0.
527 4459 555 4468 -
574 4433 615 4482 46.
634 4431 666 4482 ab
682 4445 735 4483 om.
753 4447 777 4494 φ
795 4434 822 4482 et
839 4433 916 4496 4329.
931 4459 959 4467 -
976 4432 1129 4495 mantum
1144 4428 1213 4493 4342
1231 4430 1299 4480 FN:
1317 4430 1343 4480 ld
1358 4429 1434 4493 snm.
1453 4429 1591 4495 10140.-

264 4528 312 4578 par
328 4513 462 4563 triennium
477 4508 546 4572 4342
558 4510 594 4560 N:
614 4521 667 4559 om.
687 4507 744 4559 rell.
766 4534 793 4546 -·
812 4509 851 4558 l8.
872 4508 924 4570 XV]
940 4506 1079 4570 11114329.
1100 4533 1127 4542 -
1146 4505 1173 4554 tn
1188 4506 1446 4557 redimitam-HS.
1465 4507 1521 4557 XXI
1535 4518 1589 4556 om.

266 4585 345 4652 4342.
366 4614 394 4623 —
414 4587 454 4636 19.
471 4585 529 4635 >uu
544 4583 637 4634 codd:
656 4583 736 4634 lll'lll
750 4582 785 4634 de
802 4584 907 4634 liotom.
926 4583 1027 4632 conio
1045 4583 1072 4632 et
1088 4582 1127 4632 sic
1143 4579 1371 4645 1014411321-
1392 4583 1419 4632 in
1434 4583 1593 4647 mactante·

268 4664 355 4714 dinco
370 4663 398 4713 L.
419 4654 450 4698 -'
465 4660 507 4710 22.
525 4671 586 4709 sons
602 4657 671 4722 4342
682 4673 719 4720 cp:
741 4671 795 4709 om.
813 4657 870 4708 rell.
889 4659 917 4708 0.
938 4685 966 4694 -
986 4657 1027 4708 29.
1045 4657 1154 4707 aestuosis
1169 4655 1239 4720 4342
1252 4657 1282 4729 ll.
1309 4683 1336 4692 —
1361 4657 1402 4707 ss.
1419 4657 1475 4707 olda
1491 4655 1591 4720 quaere]

267 4737 376 4799 cadim
394 4733 453 4786 cod.
472 4736 545 4790 Urs:
567 4734 624 4784 inde
644 4748 737 4797 quaere
757 4735 819 4797 Lag.
837 4735 862 4784 5.
883 4759 910 4770 -
931 4737 967 4784 est
980 4734 1046 4796 sorte
1061 4732 1147 4796 4342;
1168 4732 1233 4795 sorte
1248 4735 1283 4782 cst
1299 4729 1356 4781 rell.
1373 4732 1403 4782 0.
1423 4759 1450 4768 -
1474 4733 1515 4783 27.
1532 4732 1593 4782 visilis¹

269 4815 303 4864 dn
318 4813 423 4874 inquam
438 4810 517 4873 4329.
538 4833 567 4846 -
590 4810 633 4871 qni
656 4808 731 4862 libii
749 4813 776 4859 et
792 4810 814 4858 N
830 4809 868 4870 (in
885 4821 939 4872 quo
956 4808 999 4857 vix
1016 4806 1143 4858 credibile
1161 4807 1260 4869 estqui
1281 4805 1325 4855 tibi
1343 4805 1383 4856 ecl
1403 4805 1497 4868 luisse,
1520 4805 1592 4870 quod

268 4886 347 4951 uulgo
364 4889 426 4951 post
441 4886 571 4937 Nunnium
588 4882 708 4949 legiturt:
727 4886 770 4948 qui
786 4884 825 4935 aret
840 4883 920 4943 dett.;
940 4884 983 4946 pat
999 4883 1043 4932 tibi
1057 4883 1097 4932 oct
1110 4882 1139 4931 0.
1155 4909 1182 4919 -
1201 4885 1297 4932 statuas
1308 4881 1429 4942 motas
1438 4879 1524 4944 4342;
1542 4885 1592 4930 sto-

269 4969 340 5014 icem
353 4962 487 5026 pacticiam
505 4957 562 5010 rell.
576 4960 605 5010 0.
620 4985 647 4995 -
667 4961 708 5011 28.
727 4973 798 5011 cansa
815 4972 864 5010 esse
876 4972 926 5022 pro
941 4959 1018 5022 susm.
1037 4956 1065 5007 l:
1080 4971 1130 5019 pro
1145 4957 1222 5021 frum.
1241 4971 1264 5007 ο.
1276 4969 1297 5006 e.
1311 4955 1375 5006 dett.
1388 4957 1417 5006 0.
1433 4983 1460 4992 -
1478 4955 1519 5006 30.
1533 4968 1593 5005 ero-

270 5044 349 5090 torem
365 5037 442 5100 4342.
462 5063 490 5073 -
509 5037 550 5088 32.
568 5035 655 5086 cotum
671 5035 739 5100 4329
751 5036 792 5088 42.
812 5061 839 5072 -
858 5035 960 5086 cesario
972 5032 1040 5097 4329
1058 5031 1145 5095 linire:
1163 5030 1324 5096 mosim).
1339 5055 1366 5066 -
1384 5029 1453 5096 boec]
1471 5029 1590 5094 ocbgli.

272 5139 300 5154 -
319 5113 358 5168 ³3.
377 5111 487 5168 cottidiae
502 5109 580 5180 4342.
