3610 5860
147 1417 174 1522 t

306 473 368 543 482
706 475 856 542 ORATIO
877 477 955 543 PRO
977 475 1014 542 A.
1037 475 1207 543 CAECINA

305 646 480 712 hender-um
501 645 781 712 conucversiarum
802 654 855 712 aut
880 647 1111 732 puniendorum
1132 641 1355 710 maleficiorum
1376 661 1471 709 causa
1490 645 1618 727 reperta

306 747 396 818 sunt,
429 760 563 824 quorum
593 741 724 805 alterum
750 741 851 806 levius
880 749 945 817 est,
977 749 1144 826 propterea
1172 741 1258 825 quod
1280 747 1313 804 et
1340 741 1443 803 minus
1464 738 1560 803 laedit
1581 744 1616 801 et

305 855 456 919 persaepe
471 835 680 919 disceptatore
695 836 864 900 domestico
878 835 1074 912 diiudicatur,
1089 835 1221 900 alterum
1236 841 1284 898 cst
1293 833 1615 907 vehementissimum,

306 930 392 1013 quod
414 936 446 993 et
465 930 505 995 ad
526 929 684 1012 puriores
705 949 756 992 res
777 931 915 1012 pertinet
935 939 968 994 et
988 951 1051 993 non
1072 930 1271 994 honorariam
1285 947 1413 1012 operam
1427 926 1534 1004 amici,
1555 925 1615 990 sed

282 1025 503 1088 osovoritatem
531 1021 645 1086 iudicis
674 1043 710 1086 ac
737 1025 800 1088 vim
827 1026 969 1109 requirit.
1011 1023 1042 1088 7.
1065 1024 1158 1101 Quod
1179 1030 1228 1087 est
1256 1023 1382 1107 gravius
1404 1032 1436 1086 et
1456 1023 1544 1086 cuius
1565 1021 1616 1085 rei

305 1137 398 1184 causa
417 1117 553 1182 maxime
574 1116 690 1181 iudicia
712 1121 880 1184 constituta
901 1127 990 1197 sunt,
1016 1119 1050 1182 id
1078 1120 1140 1183 iam
1162 1117 1243 1181 mala
1263 1117 1491 1182 consuetudine
1512 1115 1616 1180 disso-

304 1211 405 1274 iutum
426 1218 483 1274 est.
515 1213 594 1276 Nam
615 1219 650 1275 ut
672 1231 817 1297 quaeque
838 1233 889 1277 ros
910 1221 958 1278 ost
979 1215 1171 1299 turpissima,
1194 1213 1239 1275 sic
1259 1211 1394 1275 maxime
1419 1217 1452 1274 et
1470 1209 1617 1273 maturis·

303 1308 380 1370 sime
402 1305 590 1370 vindicanda
610 1312 676 1370 est:
710 1312 743 1370 at
764 1306 892 1383 eadem,
914 1308 988 1392 quia
1009 1307 1251 1372 existimationis
1271 1306 1446 1389 periculum
1468 1313 1530 1380 est,
1551 1312 1617 1368 tar·

304 1399 431 1464 dissime
452 1399 617 1464 iudicatur.
660 1400 714 1463 111.
737 1400 799 1477 Qui
820 1401 916 1484 igitur
937 1403 1099 1477 convenit,
1128 1421 1210 1486 qaae
1240 1420 1335 1464 causa
1363 1400 1458 1464 tirerit
1479 1399 1519 1464 ad
1540 1418 1617 1462 oon·

266 1493 494 1557 restituendum
508 1493 678 1570 iudicium,
699 1497 832 1560 eandem
846 1517 965 1560 moram
980 1517 1048 1562 esse
1064 1497 1104 1560 ad
1121 1495 1345 1561 iudicandum?
1368 1497 1402 1558 si
1419 1495 1505 1578 quis,
1528 1491 1616 1578 quod

303 1587 487 1673 spopondit,
516 1607 580 1672 qua
608 1589 701 1652 inre
726 1590 822 1654 verbo
851 1612 885 1654 se
907 1592 1057 1674 obligavit
1077 1612 1158 1667 uno,
1187 1591 1214 1654 si
1236 1588 1269 1652 id
1292 1609 1356 1653 non
1376 1587 1464 1664 facit,
1492 1595 1616 1653 maturo

302 1684 421 1749 iudicio
442 1683 511 1746 siue
532 1682 597 1746 ulla
618 1682 773 1768 religione
795 1684 907 1748 iudicis
929 1686 1169 1752 condemnatur:
1191 1684 1246 1769 qui
1267 1704 1325 1769 per
1345 1681 1475 1746 tutelam
1490 1689 1543 1747 aut
1564 1702 1616 1745 so·

303 1781 445 1843 cictatem
474 1783 528 1840 aut
555 1799 621 1842 rem
649 1779 826 1844 mandatam
848 1786 903 1843 aut
923 1777 1055 1845 fiduciae
1076 1783 1229 1845 rationem
1250 1777 1406 1842 fraudavit
1425 1776 1615 1861 quempian,

302 1875 337 1936 in
359 1892 396 1936 eo
420 1891 482 1956 quo
505 1873 653 1936 delictum
668 1875 767 1938 maius
789 1882 853 1950 est,
876 1895 913 1939 eo
933 1895 1037 1959 poena
1058 1883 1106 1940 est
1126 1877 1253 1939 tardior.
1283 1871 1312 1936 8.
1338 1874 1412 1935 «Est
1426 1873 1510 1936 enim
1524 1878 1615 1952 turpe

265 1969 480 2032 reindutum.»
519 1969 569 2030 Ex
596 1967 678 2031 facto
701 1969 829 2052 quidem
850 1970 945 2053 turpi.
985 1970 1096 2034 Videte
1118 1971 1215 2052 igitur
1235 1989 1330 2054 quam
1351 1967 1461 2051 inique
1483 1964 1615 2038 accidat,

305 2063 381 2146 quia
401 2081 451 2124 res
473 2061 603 2144 indigna
623 2063 679 2138 sit,
700 2063 773 2127 ideo
793 2071 918 2148 turpem
932 2065 1197 2128 existimationem
1213 2063 1323 2146 sequi:
1346 2065 1421 2146 quia
1435 2060 1535 2144 turpis
1549 2057 1616 2121 exi-

302 2155 439 2220 stimatio
468 2165 634 2240 sequatur,
666 2156 737 2222 ideo
766 2178 833 2222 rem
860 2158 1020 2244 indignam
1048 2177 1112 2222 non
1132 2157 1295 2222 vindicari.
1328 2155 1374 2219 Ac
1401 2156 1428 2220 si
1456 2155 1511 2239 qui
1538 2150 1616 2216 mihi

301 2249 364 2313 hoc
384 2248 483 2312 iudex
502 2257 740 2334 recuperatorve
762 2251 862 2316 dicat:
887 2253 1037 2317 «Potuisti
1052 2252 1136 2315 enim
1157 2251 1278 2314 leniore
1292 2250 1416 2316 actione
1431 2244 1614 2330 confligere3

301 2344 434 2427 potuisti
458 2341 498 2406 ad
527 2350 617 2408 tuum
635 2344 684 2408 ius
711 2344 852 2410 faciliore
878 2354 910 2412 et
935 2347 1146 2411 commodiore
1171 2345 1289 2409 iudicio
1314 2346 1498 2429 pervenire:
1519 2359 1616 2426 quare

265 2446 358 2504 aaut
389 2444 475 2502 muta
503 2440 661 2504 actionem
690 2447 745 2504 aut
771 2443 836 2508 noli
857 2440 933 2506 mihi
954 2444 1088 2515 instare,
1120 2446 1155 2504 ut
1176 2438 1354 2502 iudicemta
1388 2445 1494 2502 tamen
1513 2437 1542 2498 is
1562 2439 1617 2497 aut

301 2532 442 2596 timidior
462 2533 622 2610 rideatur,
645 2555 739 2620 quam
760 2535 887 2612 fortem,
910 2542 965 2598 aut
986 2534 1146 2619 cupidior,
1169 2553 1262 2618 quam
1285 2535 1459 2617 sapientem
1481 2529 1616 2593 iudicem

303 2646 372 2691 esse
399 2646 535 2712 aequum
563 2628 629 2704 ¹est,
655 2632 682 2694 si
710 2637 765 2694 aut
785 2631 863 2694 mihi
883 2630 1087 2716 praescribat,
1116 2648 1212 2714 quem
1234 2627 1421 2692 admodum
1442 2645 1546 2690 meum
1566 2624 1617 2687 ius

302 2740 489 2804 persequar,
521 2731 575 2788 aut
595 2725 664 2808 ipse
686 2725 737 2800 id,
770 2724 856 2808 quod
878 2724 919 2787 ad
945 2743 979 2786 se
1001 2722 1139 2787 delatum
1161 2725 1218 2797 sit,
1246 2742 1310 2786 non
1334 2723 1448 2786 audeat
1469 2719 1616 2785 iudicare.

302 2815 427 2880 Etenim
450 2817 477 2881 si
499 2825 626 2901 praetor
647 2818 691 2894 is,
713 2818 773 2901 qui
792 2818 908 2882 iudicia
923 2818 989 2894 dat,
1011 2838 1183 2902 numquam
1197 2817 1326 2901 petitori
1340 2816 1532 2900 praestituit,
1555 2833 1618 2897 qua

266 2909 426 2973 mantione
448 2911 537 2975 illum
558 2912 605 2975 uti
627 2913 718 2987 velit,
738 2911 862 2988 ridete,
884 2932 978 2994 quam
1000 2914 1143 2996 iniquum
1160 2912 1216 2984 sit,
1240 2910 1409 2973 constituta
1430 2910 1492 2973 iam
1514 2927 1547 2970 ra
1569 2908 1618 2970 iu-

303 3004 421 3080 dicem,
444 3007 520 3090 quid
542 3007 592 3089 agi
614 3006 754 3091 potuerit
774 3013 829 3070 aut
850 3005 927 3090 quid
944 3007 1062 3090 possit,
1082 3026 1147 3071 non
1162 3005 1238 3089 quid
1253 3012 1356 3069 actum
1372 3005 1431 3080 sit,
1454 3019 1616 3089 quaerere.

303 3095 333 3161 9.
355 3099 471 3164 Verum
493 3108 598 3164 tamen
619 3100 736 3164 nimiae
756 3108 879 3165 restrae
906 3100 1093 3185 benignitati
1121 3119 1319 3185 pareremus,
1347 3099 1375 3164 si
1404 3099 1466 3163 alia
1494 3097 1617 3160 ratione

302 3192 352 3257 ius
373 3202 516 3260 nostrum
536 3215 719 3280 recuperare
741 3215 917 3280 possemus.
949 3197 1037 3260 Nunc
1058 3214 1133 3261 vero
1156 3195 1227 3279 quis
1249 3200 1314 3270 est,
1337 3193 1393 3278 qui
1415 3199 1471 3257 aut
1484 3193 1548 3258 rim
1559 3189 1619 3254 ho·

302 3459 403 3518 roperto
418 3456 468 3506 a'ot
483 3457 512 3506 1..
532 3481 558 3492 -
582 3455 607 3507 Ξ.
628 3461 762 3519 propterea
781 3469 835 3508 om.
853 3453 986 3520 acmpd
1002 3457 1029 3506 et
1043 3457 1074 3506 A.
1093 3481 1120 3492 —
1145 3455 1221 3506 toadtt
1236 3467 1290 3505 cm.
1309 3455 1343 3516 Ε,
1367 3453 1417 3505 scd
1438 3467 1453 3505 a
1469 3469 1550 3508 manu
1566 3469 1620 3508 uon

304 3528 386 3581 multo
402 3531 551 3582 recentiore
568 3532 778 3595 superscriptum
789 3531 855 3582 ledit.
870 3555 897 3566 —
916 3531 940 3581 3.
952 3568 958 3581 .
970 3567 977 3580 .
990 3570 996 3582 .
1008 3532 1106 3582 mastico
1117 3531 1269 3582 diiudicatur
1279 3529 1385 3580 dmm
1396 3554 1410 3566 -
1417 3555 1433 3568 -
1441 3533 1541 3593 poeste
1552 3537 1621 3584 atra-

303 3605 403 3656 cttctom
418 3610 530 3656 cosmam
547 3603 580 3669 (5.
599 3605 633 3667 9.)
651 3603 733 3654 habet
748 3607 776 3656 P.
791 3630 818 3639 -
837 3603 862 3655 4.
880 3609 903 3654 et
918 3605 1045 3669 praetorto
1062 3606 1122 3670 (orn.
1136 3607 1177 3670 cd)
1190 3608 1217 3656 T.
1233 3633 1259 3642 -
1279 3605 1303 3656 6.
1321 3603 1381 3671 toro]
1398 3619 1458 3656 nom
1472 3609 1500 3660 T.
1514 3635 1542 3646 -
1559 3621 1620 3659 cou-

303 3680 455 3730 aotuctnom
471 3681 498 3729 P.
519 3705 546 3716 -
565 3676 589 3728 8.
607 3678 758 3728 vindicando
774 3679 896 3730 PETO:
919 3680 1053 3760 tudeondc
1070 3679 1183 3759 44442.
1206 3680 1244 3733 Ci.
1263 3679 1286 3746 5.
1305 3681 1329 3732 8.
1349 3709 1376 3719 -
1395 3686 1423 3732 ot
1438 3684 1536 3749 eodm,
1560 3685 1622 3748 ocio

304 3761 419 3814 mosius
435 3761 585 3826 summac.
605 3761 666 3812 rou.
683 3775 711 3827 p.
724 3761 754 3811 ro
772 3761 837 3827 eqo:
856 3748 1199 3830 manamauuiooua
1217 3766 1241 3829 (i.
1261 3779 1285 3816 ο.
1303 3766 1337 3815 aa
1352 3767 1437 3816 eoam
1453 3769 1521 3834 qno)
1539 3772 1570 3832 ιη
1592 3772 1622 3820 ιιι

304 3840 390 3890 codun
406 3840 449 3901 out
470 3839 504 3898 T;
526 3843 555 3889 ct
574 3839 660 3888 ecdem
680 3851 745 3899 ouoc
761 3838 858 3905 Emy;
882 3839 1079 3902 edoctaeque
1096 3843 1130 3902 (ἃς
1154 3855 1185 3892 co
1205 3841 1290 3892 oedem
1307 3840 1566 3908 cooeabepqt53
1589 3856 1622 3895 oc

304 3916 391 3966 eodan
407 3929 459 3976 quc
474 3927 508 3974 ας
527 3927 558 3965 oc
574 3910 605 3967 ec
621 3915 650 3966 aa
665 3927 717 3978 ooo
732 3916 750 3965 k
766 3917 793 3965 et
809 3919 844 3974 Α;
862 3920 890 3965 ot
906 3929 947 3978 oc,
965 3917 993 3966 to
1009 3927 1061 3978 ooo
1075 3914 1159 3971 LPO.
1180 3945 1206 3954 -
1225 3917 1402 3968 commemo
1417 3918 1524 3984 kmpq
1540 3919 1567 3970 et
1581 3919 1620 3981 Δ;

305 3990 473 4041 eetimottoais
489 3988 537 4040 bt.
557 4017 585 4028 -
604 3991 644 4042 to.
664 3991 766 4042 mocon
781 3990 871 4041 torem
886 3991 943 4043 ET.
957 4019 984 4029 -
1005 3993 1311 4058 enmonoceupanti
1324 4007 1375 4062 rato
1391 3994 1423 4046 P:
1440 3994 1516 4045 uoto
1532 4007 1581 4046 mo
1596 4007 1622 4047 aa

306 4063 426 4127 obttooutt
441 4063 461 4114 T
479 4066 506 4114 et
521 4077 549 4116 m
567 4065 615 4130 (pr.
633 4066 694 4129 m.);
713 4079 738 4116 sc
752 4079 805 4116 uno
820 4066 895 4118 uerbo
912 4067 1031 4133 obttooott
1045 4068 1076 4129 113
1098 4068 1174 4120 uerbo
1190 4081 1215 4120 sc
1230 4081 1280 4118 ooo
1296 4067 1415 4134 odttpcott
1429 4069 1535 4125 PALP
1590 4095 1619 4107 -

304 4140 327 4188 at
342 4139 369 4188 td
386 4141 419 4190 P:
442 4139 469 4189 td
486 4140 547 4204 tom.
565 4140 594 4203 a]
611 4140 715 4195 utut
725 4141 755 4190 0.
780 4141 819 4191 De
836 4143 947 4207 repetita
967 4140 1094 4208 particula
1110 4144 1132 4194 tt
1148 4142 1180 4195 ci.
1200 4143 1224 4208 5.
1243 4144 1283 4195 58.
1304 4171 1331 4180 -
1355 4145 1395 4196 ⁴2.
1411 4145 1507 4212 ittdids]
1524 4147 1534 4196 t
1603 4145 1610 4159 ⁰

306 4212 553 4280 ETGbctprm)
565 4213 727 4280 mpdetd.
739 4243 767 4256 -
781 4221 885 4281 autper
899 4215 1176 4279 commutandum.-
1191 4218 1333 4270 aemon.
1346 4222 1377 4270 A.
1390 4245 1418 4257 -
1433 4220 1623 4281 cucumam

306 4289 335 4339 T.
354 4288 392 4339 Ci.
404 4302 461 4342 var.
480 4289 541 4342 lact.
559 4290 593 4341 ad
604 4290 628 4356 5.
642 4293 682 4342 45.
696 4291 735 4343 48.
748 4292 789 4342 cc.
801 4317 828 4328 -
843 4305 911 4356 pano
921 4294 949 4344 T.
963 4317 990 4329 -
1004 4294 1067 4343 Post
1076 4307 1101 4344 v.
1115 4294 1212 4345 tardior
1228 4293 1406 4358 interrogandi
1422 4295 1525 4359 signum
1535 4297 1624 4362 posuit

306 4363 433 4416 londanus
454 4365 511 4417 coll.
530 4365 585 4418 Cic.
603 4379 630 4431 p.
649 4367 725 4418 Rosc.
741 4368 799 4418 Am.
818 4366 842 4432 5.
856 4367 912 4418 443.
926 4393 953 4403 -
973 4368 1013 4418 to.
1030 4367 1073 4418 Ee
1087 4369 1154 4434 sacto
1172 4371 1269 4433 quidm
1285 4372 1353 4434 turpi
1368 4371 1433 4422 PO:
1450 4375 1474 4422 ct
1488 4372 1555 4434 facto
1565 4372 1623 4436 oui-

306 4439 361 4488 dam
380 4441 448 4502 capt
469 4441 595 4492 londanus
618 4442 645 4492 in
665 4441 796 4502 editione;
823 4446 847 4493 ot
870 4455 903 4492 ec
922 4442 989 4505 facto
1011 4444 1109 4505 quidem
1129 4445 1198 4508 corps·
1219 4445 1291 4496 idem
1308 4447 1334 4496 in
1351 4446 1456 4510 Spectat.
1473 4446 1494 4496 1.
1514 4449 1622 4510 masau.

307 4511 412 4562 rutae.
431 4527 458 4578 p.
471 4515 512 4565 tc.
531 4518 558 4566 ct
574 4518 669 4567 Padus
683 4517 756 4567 Vm.
768 4517 842 4568 tectt.
856 4517 876 4568 1.
888 4529 915 4581 p.
929 4517 985 4577 654
1003 4522 1027 4567 ct
1040 4518 1108 4582 scoto
1119 4521 1216 4582 quiden
1232 4525 1303 4584 torpe
1313 4519 1404 4582 TA&
1423 4524 1446 4571 et
1460 4520 1555 4584 tactum
1566 4519 1625 4584 oot-

307 4588 362 4637 dem
377 4593 449 4652 asopo
465 4601 526 4640 cum
544 4591 572 4639 P.
590 4589 705 4641 Manutio
722 4591 750 4640 L.
771 4617 798 4626 -
817 4591 857 4641 47.
875 4591 1004 4641 oenctccrt
1021 4605 1075 4660 ay;
1094 4595 1202 4644 amicost
1218 4596 1315 4646 ekmt
1331 4597 1358 4648 et
1373 4593 1428 4650 LP.
1456 4595 1495 4646 Gi.
1512 4595 1537 4660 5.
1554 4596 1579 4646 7.
1593 4621 1623 4634 ·-

306 4675 338 4711 oc
353 4663 453 4713 PETe
472 4663 534 4727 (sec.
553 4663 599 4728 m.)
617 4667 645 4715 et
661 4664 692 4714 0:
717 4669 744 4715 ot
759 4663 873 4718 RALP.
893 4692 921 4703 -
947 4665 989 4728 oui
1005 4669 1039 4718 P:
1060 4669 1116 4730 outa
1137 4666 1279 4723 RALPO.
1299 4695 1326 4704 -
1346 4669 1386 4720 48.
1403 4671 1587 4735 miparotom
1601 4669 1624 4721 E

308 4736 446 4801 (Freundio
463 4737 554 4802 teste);
571 4739 760 4802 rtoopcrctcme
776 4742 795 4791 P
813 4741 855 4806 (ita
873 4753 980 4805 semper
995 4741 1037 4805 rai.
1061 4743 1099 4794 ct.
1118 4743 1142 4808 5.
1161 4744 1186 4794 6.
1205 4768 1232 4778 -
1252 4743 1343 4794 mamre
1359 4757 1422 4796 cum
1439 4745 1535 4798 antiis·
1553 4743 1626 4811 apud

305 4811 484 4862 Passeratium
500 4811 641 4865 londanus:
662 4814 751 4865 autori
767 4815 836 4865 Gka
846 4831 876 4882 y;
899 4816 989 4866 tortore
1005 4817 1147 4872 RALPO.
1166 4817 1205 4870 Ci.
1225 4818 1250 4883 5.
1268 4820 1292 4870 9.
1312 4845 1339 4855 -
1356 4819 1458 4884 pottdatt
1473 4822 1539 4874 eatm
1554 4821 1588 4872 ad
1603 4820 1625 4870 T

307 4887 353 4936 Ge
370 4887 419 4953 (pr.
437 4887 484 4951 m.)
500 4888 577 4954 tay.
596 4915 623 4927 -
641 4889 683 4941 20.
701 4894 746 4940 cut
762 4892 823 4942 ante
839 4903 866 4941 v.
879 4891 988 4942 timidior
999 4903 1052 4944 om.
1063 4897 1094 4945 A.
1109 4920 1136 4930 —
1155 4895 1196 4947 22.
1214 4907 1272 4946 cose.
1289 4893 1380 4947 Aecum
1395 4901 1431 4949 est
1445 4898 1475 4949 T.
1499 4896 1626 4950 Mundum

308 4965 396 5014 ortum
413 4965 455 5014 est
470 4975 503 5013 ex
519 4965 649 5030 scriptura
665 4977 760 5016 cecum.
780 4965 818 5017 ct.
829 4979 856 5031 p.
870 4966 950 5018 Tudio
967 4967 992 5033 5.
1005 4968 1029 5018 6.
1043 4995 1070 5006 -
1084 4969 1223 5032 permittet
1239 4971 1267 5021 T.
1282 4996 1309 5006 -
1328 4971 1368 5022 23.
1386 4973 1434 5036 4ρεί
1449 4973 1476 5023 tc
1486 4975 1514 5024 P.
1529 4999 1556 5009 —
1574 4984 1626 5022 aon

308 5049 361 5089 om.
378 5039 406 5089 T.
425 5065 453 5076 -
472 5038 513 5090 26.
531 5053 582 5091 non
598 5040 665 5105 outo]
681 5055 742 5092 oum
758 5043 818 5104 etad
832 5042 861 5092 T.
880 5070 908 5080 —
927 5042 967 5092 27.
985 5042 1061 5093 uacua·
1077 5045 1105 5094 T.
1126 5071 1152 5079 -
1178 5045 1218 5096 28.
1238 5049 1283 5096 oo
1298 5047 1342 5109 out
1358 5046 1626 5112 ureabmpqta

297 5111 354 5242 dp
366 5116 437 5254 getit.
456 5114 508 5178 (qut
523 5117 608 5180 octa,
626 5115 755 5184 eume.)
769 5147 796 5156 -
814 5116 951 5170 tommano
966 5117 1194 5174 emouerent:
1212 5123 1318 5175 amictis
1333 5119 1624 5180 motattmttatto.
