3610 5860
463 457 537 526 cn.
560 450 871 541 amem-ro.
894 446 1175 541 [arnae-sa]
1423 447 1487 516 mr

160 629 241 694 victi
271 629 365 693 armis
395 634 470 692 sunt
498 634 553 692 aut
580 624 761 690 invitissimi
788 627 986 710 paruerunt?
1017 626 1133 708 Aquo
1153 620 1296 707 periculo
1318 619 1488 697 defendite,

160 723 305 797 iudices,
327 723 428 786 civem
449 721 562 786 sortem
583 728 678 806 atque
699 721 920 784 innocentem:
943 725 1050 782 curate
1070 727 1106 782 nt
1126 716 1244 782 nostris
1263 717 1396 780 testibus
1418 715 1489 799 plns

160 836 262 901 quam
284 816 470 902 alienigenis
492 815 665 880 credidisse
686 813 867 890 videamini,
890 813 962 898 plus
984 813 1077 878 saluti
1098 813 1213 879 civium
1235 831 1330 896 quam
1350 809 1489 873 bostium

159 909 302 973 lubidini
324 909 541 985 consuluisse,
563 909 737 993 graviorem
758 908 887 972 duxisse
909 908 978 972 eius
994 907 1260 982 obsecrationem,
1282 925 1363 990 quae
1376 903 1489 968 vestris

161 1004 264 1068 sacris
286 1004 420 1088 praesit,
443 1024 538 1088 quam
561 1025 670 1068 eorum
690 1001 871 1075 audaciam,
894 1001 1043 1084 quicum
1066 1001 1204 1066 omnium
1226 1001 1322 1064 sacris
1338 997 1513 1062 delubris-⁵

162 1119 233 1184 qne
253 1099 339 1163 bella
360 1105 532 1183 gesserunt.
565 1101 727 1162 Postremo
748 1094 934 1180 prospicite,
966 1095 1106 1171 iudices,
1128 1095 1161 1157 id
1184 1094 1270 1178 quod
1291 1093 1332 1157 ad
1355 1091 1490 1175 dignita·

160 1199 232 1256 tem
258 1192 369 1278 populi
396 1192 529 1258 Romani
549 1193 687 1256 maxime
708 1190 861 1276 pertinet,
891 1196 927 1253 ut
947 1190 1019 1272 plus
1040 1189 1126 1273 apud
1148 1209 1204 1255 vos
1225 1207 1336 1272 preces
1357 1185 1489 1270 virginis

160 1287 304 1354 Vestalis
327 1307 423 1372 quam
443 1286 549 1352 minae
571 1286 732 1350 Gallorum
752 1283 891 1350 valuisse
911 1283 1087 1348 videantur.

234 1548 260 1601 6.
277 1547 396 1616 paucist
410 1545 525 1601 illotains
541 1547 569 1600 in
585 1547 620 1601 ed
646 1549 679 1599 11.
698 1571 725 1584 ·-
744 1546 769 1598 T.
786 1551 815 1598 ut
827 1545 885 1610 pius
900 1546 970 1610 opud
985 1547 1016 1598 S:
1034 1547 1111 1598 mtto
1127 1551 1189 1612 opat
1204 1546 1235 1599 V.

615 1901 775 1996 lHllOD.
801 1902 1048 1998 llilllllSllllll

534 2057 820 2126 excussisse
844 2060 928 2126 car.
950 2062 1006 2124 rx.
1028 2057 1062 2143 p.
1084 2053 1135 2122 ra.

236 2214 327 2279 Agitur
342 2215 395 2266 hoo
410 2212 470 2266 loco
486 2213 520 2266 de
537 2217 654 2281 portorio
671 2217 706 2269 ab
722 2219 754 2270 iis
772 2217 900 2270 solvendo
911 2219 956 2284 qui
974 2231 1007 2270 ex
1023 2214 1096 2268 ltalia
1112 2215 1139 2267 in
1151 2210 1260 2265 Galliam
1272 2213 1364 2265 vinum
1381 2210 1493 2264 navibus

166 2299 324 2364 portarent;
342 2311 405 2350 nam
421 2299 528 2365 praeter
545 2300 706 2354 Massiliense
723 2300 812 2353 Italico
823 2303 885 2354 vino
902 2301 1017 2354 maxime
1034 2312 1099 2352 usos
1117 2311 1177 2351 esse
1189 2295 1275 2349 Gallos
1292 2298 1371 2348 docet
1387 2295 1495 2348 Posido-

168 2382 233 2434 nius
250 2381 320 2448 apud
337 2384 432 2435 Athen.
445 2384 487 2435 lV.
504 2397 531 2449 p.
545 2384 589 2436 ibt
605 2386 625 2436 E
641 2385 779 2450 innuitque
798 2387 892 2439 Cloero
908 2386 953 2438 blo
969 2399 1032 2438 cum
1043 2382 1301 2447 eitaosrospvoetm.
1319 2382 1405 2433 Navae
1416 2381 1495 2446 igittn

167 2464 360 2531 intelleguntur
375 2480 444 2532 quae
461 2466 630 2533 appellebant
645 2469 782 2533 Narbone,
803 2472 849 2536 qui
866 2484 898 2522 ea
915 2472 1003 2522 aetate
1019 2471 1114 2522 unicus
1130 2471 1310 2520 Romanorum
1325 2467 1418 2531 pertus
1435 2477 1495 2516 ma·

170 2549 278 2601 ritimus
302 2550 350 2602 luit
373 2551 400 2602 in
423 2549 503 2602 Gallia
526 2551 700 2618 transalpina;
727 2566 815 2618 neque
839 2556 930 2606 tamen
952 2553 1076 2606 Narbone
1099 2565 1188 2618 neque
1204 2554 1232 2603 in
1248 2565 1312 2616 agro
1329 2548 1495 2601 Narbonensi

73 2628 74 2632 ’
168 2635 320 2700 portorium
338 2637 460 2686 exactum
478 2638 532 2698 est,
557 2650 591 2688 ne
615 2635 700 2689 coloni
716 2637 903 2690 Narbonenses
921 2640 993 2690 cives
1010 2639 1120 2690 Romani
1137 2649 1170 2688 eo
1187 2637 1372 2700 gravarentur,
1395 2634 1443 2685 sed
1461 2631 1495 2684 ad

166 2719 229 2770 vias
251 2731 319 2783 quae
343 2733 358 2769 a
375 2718 499 2770 Narbone
521 2719 555 2770 ad
571 2722 737 2785 provinciam
752 2724 898 2774 Romanam
916 2725 943 2774 et
959 2722 994 2773 ad
1010 2720 1122 2788 populos
1139 2733 1172 2772 ea
1189 2721 1274 2772 aetate
1293 2719 1380 2770 adbuc
1396 2715 1495 2768 liberos

167 2800 303 2855 terebant.
332 2803 459 2854 Primaria
476 2804 553 2854 statio
571 2803 698 2856 collocata
715 2808 756 2858 est
772 2804 895 2870 Tolosae,
914 2820 968 2872 quo
984 2821 999 2857 a
1014 2805 1138 2858 Narbone
1149 2805 1334 2856 intermontes
1345 2805 1496 2867 Pyrenaeos

168 2889 199 2939 ct
216 2885 383 2938 Gebanuicos
406 2888 499 2940 natura
521 2887 578 2952 ipsa
601 2889 672 2940 viam
695 2890 819 2955 patelecit
836 2891 963 2956 quodque
985 2890 1112 2956 oppidum
1135 2890 1162 2941 in
1178 2889 1314 2954 provincia
1330 2886 1496 2940 Narbonensi

167 2972 290 3039 primum
315 2971 383 3022 inter
404 2970 604 3036 provincialium
626 2974 745 3026 civitates
766 2973 855 3026 locum
878 2977 935 3026 tum
955 2974 1103 3027 obtinuisse
1121 2987 1202 3026 nemo
1219 2972 1330 3025 dubitat.
1364 2969 1496 3024 ATolesa

169 3069 238 3109 cum
254 3056 374 3120 proxime
392 3055 502 3108 abesset
523 3057 569 3120 qui
591 3070 624 3108 eo
648 3059 768 3124 tempore
786 3058 834 3109 init
849 3060 980 3110 terminus
996 3059 1149 3124 provinciae
1166 3058 1300 3109 Romanae
1318 3058 1345 3108 et
1360 3055 1418 3107 viae
1435 3054 1497 3106 inde

169 3142 277 3193 exirent
294 3142 321 3190 et
336 3141 363 3191 in
375 3141 526 3205 Hispaniam
544 3143 572 3192 et
587 3141 614 3192 in
624 3143 790 3206 Aquitaniam
808 3145 835 3193 et
850 3141 1017 3207 Burdigalam
1034 3144 1062 3194 et
1080 3141 1114 3193 od
1132 3142 1276 3204 Cadurcos,
1294 3139 1365 3192 nullo
1377 3137 1427 3190 alio
1438 3137 1498 3190 loco

169 3222 317 3278 commode
337 3223 436 3274 institui
456 3224 541 3289 potuit
561 3225 638 3276 statio
660 3237 713 3291 quo
735 3226 788 3275 vini
806 3226 841 3276 ad
856 3227 962 3277 hostem
981 3227 1103 3291 portandi
1119 3227 1267 3291 portorium
1284 3223 1432 3276 solveretur
1448 3223 1499 3275 nisi

169 3309 302 3366 Tolosee;
325 3319 409 3372 quare
432 3306 478 3358 ubi
500 3307 585 3358 codex
606 3306 689 3358 habet
704 3309 850 3360 educatori
865 3307 908 3360 vel
928 3311 1073 3360 eettmtokd
1088 3311 1115 3361 in
1132 3310 1278 3374 archetypo
1296 3307 1377 3360 brisso
1394 3307 1500 3357 videtur

168 3393 263 3446 vellent
282 3392 365 3443 tolose.
401 3391 450 3452 Qui
467 3390 501 3441 de
518 3389 597 3442 Elusa
614 3393 809 3456 cogitaverunt,
833 3405 901 3457 qaae
920 3395 962 3444 est
981 3394 1008 3444 in
1024 3393 1114 3444 media
1131 3393 1284 3457 Aquitania,
1310 3393 1341 3443 ils
1358 3393 1437 3443 antea
1454 3390 1500 3442 dc-

171 3475 293 3531 oendum
317 3475 366 3526 luit
389 3475 523 3538 quomodo
545 3476 622 3527 statio
645 3478 754 3541 porterit
776 3477 830 3527 vini
847 3477 882 3528 ad
901 3478 1056 3542 peregrinos
1072 3477 1187 3528 vehendi
1203 3479 1230 3528 in
1248 3477 1306 3542 ipso
1323 3475 1425 3527 hostico
1442 3472 1499 3526 solo

172 3559 299 3614 collocari
316 3560 439 3625 potuerit.
474 3561 567 3623 Neque
585 3559 618 3611 de
635 3558 772 3624 Elusione,
791 3561 836 3626 qui
853 3562 927 3612 vicus
939 3564 980 3612 est
991 3563 1059 3613 iuter
1068 3559 1191 3613 Tolosam
1203 3564 1229 3612 et
1240 3560 1407 3624 Narbonem,
1425 3560 1499 3611 recte

173 3646 320 3711 cogitatum
344 3644 389 3709 qui
412 3644 482 3695 enim
506 3644 574 3696 scire
591 3646 736 3710 potuerunt
752 3659 784 3696 eo
800 3644 860 3698 loco
877 3647 1021 3698 stationarii
1037 3646 1130 3697 vinum
1147 3647 1237 3697 utrum
1252 3645 1368 3697 terretur
1384 3643 1419 3695 ad
1436 3657 1501 3709 pro-

173 3727 303 3785 vinciales
323 3741 356 3779 an
373 3728 408 3778 ad
424 3729 601 3794 peregrinos?
633 3731 725 3794 Neque
744 3732 833 3781 tamen
850 3729 999 3781 sufficiebat
1014 3727 1143 3782 Tolosana
1159 3731 1250 3792 statio,
1268 3741 1331 3780 cum
1346 3729 1390 3780 via
1406 3724 1500 3780 Tolosa

174 3813 331 3869 Narbonem
347 3811 531 3865 diverticulum
547 3812 660 3866 haberet
677 3813 712 3866 ad
730 3816 819 3866 vicum
835 3813 951 3878 aliquem
966 3813 1194 3874 Cobiamaohum,
1213 3825 1266 3878 quo
1283 3813 1329 3878 qui
1346 3812 1499 3874 diverteret,

176 3913 232 3952 nou
252 3897 375 3950 Tolosam
396 3897 549 3962 perveniret
570 3897 620 3950 sed
641 3898 826 3950 secrodunum
843 3901 870 3949 et
885 3897 1084 3951 Vulchalonem.
1117 3899 1160 3950 sic
1176 3899 1284 3973 omnino
1301 3899 1350 3948 tria
1366 3898 1434 3949 haec
1451 3909 1500 3948 no-

177 3986 251 4037 mina
267 3983 294 4035 in
311 3982 403 4033 codice
421 3983 519 4047 scripta
536 3984 609 4042 sant;
633 3983 704 4047 quod
728 3985 799 4034 enim
821 3983 910 4048 priore
927 3980 985 4035 loco
1002 3982 1107 4034 modest
1123 3981 1231 4048 legitur,
1254 3981 1353 4034 lactum
1370 3979 1500 4047 estquod

177 4069 293 4136 primam
314 4065 443 4131 syllabam
465 4065 602 4118 absorbuit
624 4067 790 4133 praecedens
811 4068 928 4132 macera.
963 4070 1056 4132 Neque
1076 4081 1143 4133 opus
1161 4069 1202 4120 est
1218 4067 1316 4119 docere
1334 4068 1499 4132 quantopere

179 4153 338 4206 sententiam
355 4153 514 4216 perverterit
524 4151 733 4217 Wesenbergius
751 4153 874 4216 (Observa.
888 4152 915 4202 tn
929 4165 967 4202 or.
984 4166 1010 4215 p.
1024 4151 1102 4204 Sestio
1118 4166 1145 4217 p.
1158 4151 1210 4216 it.)
1228 4150 1350 4204 scribens
1366 4151 1501 4204 &Neme-

179 4237 252 4287 ctrom
271 4248 320 4300 pro
341 4235 517 4297 Cobiomacho3
540 4249 605 4287 sene
627 4249 679 4287 non
703 4235 870 4288 divertebant
890 4236 1113 4298 Cobiamaohum,
1136 4235 1186 4288 sed
1208 4235 1387 4288 Cobiomacho
1404 4237 1502 4287 Secre-

182 4319 283 4371 dunum
300 4320 328 4371 et
338 4319 536 4372 Vulchalonam.
549 4347 577 4357 ·-
588 4321 653 4372 Tres
669 4321 696 4372 hi
707 4319 757 4372 loci
768 4321 814 4372 ubi
825 4320 931 4382 inerint,
944 4321 1089 4385 quaeritur.
1109 4321 1318 4372 Cobiamaohum
1326 4319 1501 4372 Walclenaor

182 4405 278 4469 (geogr.
297 4417 356 4455 auc.
375 4404 424 4456 des
441 4403 536 4456 Gaulcs
552 4405 572 4455 1.
592 4404 659 4469 tet.)
680 4408 756 4471 putat
772 4419 832 4458 esse
849 4406 938 4457 morsm
956 4406 1000 4469 qai
1017 4404 1097 4455 hodie
1114 4403 1209 4456 dicitur
1226 4403 1353 4457 cambiae
1370 4416 1420 4455 sau
1437 4403 1501 4455 midi

182 4489 215 4540 de
233 4489 363 4538 caraman
381 4491 408 4539 et
424 4489 543 4540 d'Auriac
555 4492 582 4540 et
592 4488 659 4541 dans
672 4488 698 4541 la
710 4490 839 4541 direction
850 4489 884 4541 de
896 4487 1026 4541 Toulouse
1038 4489 1053 4539 t
1064 4489 1238 4549 Narbonae-3
1257 4489 1330 4554 quod
1340 4501 1394 4540 non
1404 4488 1500 4554 probo,

182 4585 268 4635 neque
286 4573 357 4622 enirn
374 4574 487 4625 nominis
504 4572 673 4625 similitudino
689 4576 757 4625 haec
774 4575 894 4638 quaestio
912 4573 1080 4624 diiudicanda
1098 4575 1139 4624 est
1149 4586 1238 4638 neque
1248 4574 1319 4624 viam
1330 4571 1423 4625 Tolosa
1435 4574 1502 4623 Nar-

182 4657 289 4719 bonem,
309 4657 335 4707 in
352 4669 405 4721 qua
423 4657 480 4722 ipsa
492 4656 686 4709 Cobiomachus
704 4657 904 4709 tueritnecesse
917 4658 971 4719 est,
991 4656 1126 4708 Cambiaci
1143 4657 1270 4708 transisse
1283 4657 1373 4708 credo.
1390 4657 1501 4708 Omnino

183 4739 363 4792 diiudicabunt
379 4741 448 4792 hanc
465 4742 649 4806 quaestionem
666 4743 712 4806 qui
728 4743 754 4792 in
768 4744 827 4794 viae
844 4742 923 4792 huius
935 4740 1089 4792 diverticula
1100 4740 1242 4806 aliquando
1253 4741 1403 4792 accuratius
1413 4740 1500 4805 inqui-

184 4827 253 4888 rent,
279 4838 359 4889 quam
377 4826 465 4876 adhuc
481 4825 580 4877 iactum
597 4838 658 4877 esse
674 4826 787 4877 videtur.
824 4825 939 4887 Quodsi
958 4826 1024 4876 mihi
1040 4825 1192 4877 huiusmodi
1208 4837 1299 4876 rerum
1316 4825 1406 4876 notitia
1422 4822 1502 4889 plane

185 4910 309 4962 destituto
326 4910 507 4962 coniecturam
523 4923 674 4975 proponere
689 4909 766 4973 licet,
784 4924 832 4976 pro
851 4908 1029 4961 Cobiomacho
1045 4908 1087 4960 vel
1104 4910 1191 4974 potius
1203 4908 1364 4973 Cobiamago
1380 4909 1503 4960 restitue·

186 4997 235 5047 rim
251 4996 297 5045 aut
312 4993 497 5058 Sostomagum
515 4993 672 5058 (siquidem
689 4995 831 5046 emendate
849 4995 888 5045 sic
904 4981 1029 5044 scribitur
1045 4995 1072 5044 in
1087 4995 1143 5045 itin.
1163 4990 1290 5045 llierosol.
1303 5007 1329 5058 p.
1343 4993 1411 5055 tit,
1430 4989 1502 5057 quod

186 5091 267 5130 unum
287 5079 366 5130 huius
388 5079 439 5130 vici
459 5077 618 5130 memoriam
639 5079 761 5144 servavit)
785 5080 832 5130 ant
853 5078 1051 5143 Hebromagum
1073 5079 1129 5131 sive
1149 5076 1364 5140 Eburomagum,
1389 5075 1435 5142 qui
1450 5075 1502 5127 vicl

188 5163 258 5216 eunti
274 5163 398 5217 Narbone
415 5161 537 5216 Tolosam
553 5163 597 5216 hic
613 5160 700 5229 lapide
717 5163 796 5227 Lllll,
814 5161 856 5216 ille
872 5161 959 5228 lapide
969 5163 1067 5216 asan.
1079 5164 1231 5216 occurrunt.
1249 5160 1314 5214 lnde
1330 5173 1385 5215 non
1398 5161 1502 5214 incom-
