3642 5868
271 375 334 444 ito
646 379 689 445 lli
708 377 878 445 wesen
897 376 1022 444 ACTIO
1045 375 1230 444 SECUNDA

270 533 459 646 invenitur)
498 547 549 614 34.
571 547 639 616 Erit
667 557 773 615 tamen
801 550 837 612 in
858 555 998 614 aratores
1019 549 1124 614 lenior
1145 569 1241 635 quam
1262 547 1397 614 videtur.
1440 549 1521 614 Nam
1543 549 1603 635 qui

269 647 303 710 in
326 646 519 711 decumanos
540 645 662 729 octupli
683 644 835 709 iudicium
858 663 891 707 se
914 644 1060 707 daturum
1083 643 1198 719 edixit,
1221 644 1304 708 idem
1319 643 1478 708 hebuitin
1493 643 1599 708 edicto

270 759 304 804 se
325 742 359 804 in
380 748 536 805 aratorem
556 741 591 803 in
613 739 827 824 quadruplum
850 737 1008 802 daturum.
1040 738 1121 814 Quis
1141 737 1227 802 hunc
1250 737 1348 802 audet
1369 739 1475 804 dicere
1496 746 1603 805 unte

268 835 356 899 ribus
378 832 528 898 infestum
549 843 605 898 aut
626 835 789 898 inimicum
810 831 930 898 luisset
953 840 1073 916 quanto
1095 832 1197 896 lenior
1219 839 1268 896 est
1283 849 1380 917 quarn
1401 832 1435 896 in
1456 831 1602 916 publica-

245 931 367 993 enum?
404 927 528 1005 Edixit,
558 936 594 992 ut
621 929 709 1013 quod
739 928 934 991 decumanus
964 925 1117 989 edidisset
1138 925 1199 990 sihi
1221 926 1290 990 dari
1311 933 1476 1009 oportere,
1504 925 1538 989 id
1560 926 1601 991 alr

268 1029 392 1086 aratore
414 1023 615 1104 magistratus
638 1021 764 1085 Siculus
787 1021 939 1104 exigeret
983 1020 1070 1096 Quid
1093 1021 1209 1106 reliqui
1231 1027 1280 1084 est
1300 1019 1427 1095 iudicii,
1457 1018 1544 1105 quod
1566 1019 1601 1082 in

268 1122 425 1180 aratorem
446 1115 515 1178 dari
536 1117 661 1200 possiti
695 1118 765 1179 Non
787 1117 907 1180 malum
928 1122 992 1190 est,
1022 1116 1146 1199 inquit,
1175 1135 1246 1178 esse
1274 1115 1367 1179 utam
1389 1113 1601 1190 formidinem,

268 1216 318 1284 ut,
342 1231 413 1274 cum
436 1218 583 1274 exactum
605 1211 647 1275 sit
667 1210 708 1274 ab
730 1218 872 1283 aratore,
895 1217 1001 1272 tamen
1016 1229 1057 1273 ne
1072 1229 1107 1273 se
1125 1217 1322 1274 commoveat
1336 1209 1482 1294 reliquus
1497 1217 1601 1272 metus

266 1304 377 1368 iudicii
400 1306 450 1368 sit.
494 1304 527 1368 Si
549 1303 671 1368 iudicio
693 1306 742 1368 vis
764 1323 783 1368 a
804 1324 855 1368 me
877 1304 1024 1388 exigere,
1047 1323 1175 1367 remove
1198 1303 1341 1368 Siculum
1363 1301 1600 1384 magistratum:

231 1400 293 1463 rosi
315 1399 398 1463 hanc
418 1400 483 1464 vim
505 1398 654 1474 adhihes,
678 1399 755 1486 quid
778 1418 859 1482 opus
882 1406 932 1462 est
953 1398 1096 1462 iudicio?
1129 1397 1209 1474 Quis
1230 1417 1327 1481 porro
1342 1399 1403 1461 erit
1417 1397 1496 1480 quin
1511 1396 1603 1460 malit

267 1495 449 1558 decumanis
472 1495 535 1558 tuis
558 1494 633 1557 dare
649 1495 737 1578 quod
757 1493 980 1577 poposcerint,
1002 1511 1099 1578 wana
1121 1492 1161 1556 ab
1182 1491 1312 1556 asseclis
1334 1493 1398 1556 tuis
1420 1490 1601 1574 quadruplo

267 1589 492 1652 condemnarit

75 1665 161 1790 ,AV
350 1683 434 1747 xlv.
457 1674 589 1774 35A¹Al²
611 1702 687 1747 vcro
708 1682 873 1766 praeclara
895 1688 944 1747 est
964 1681 1107 1746 clausula
1126 1682 1239 1758 edicti,
1263 1683 1351 1769 quod
1367 1681 1510 1746 omnium
1524 1701 1602 1744 con·

267 1778 507 1851 troversiarum,
537 1797 620 1861 quae
642 1783 750 1842 essent
771 1777 856 1841 inter
877 1784 1033 1841 aratorem
1056 1784 1090 1841 et
1111 1778 1337 1852 decumanum,
1370 1778 1397 1840 si
1419 1783 1491 1840 uter
1512 1776 1600 1852 velit,

230 1885 258 1932 se
267 1873 363 1936 edicit
383 1891 418 1934 se
439 1879 678 1954 recuperatores
701 1871 880 1957 daturum.)
896 1873 1036 1934 Primum
1058 1891 1141 1958 quae
1164 1878 1270 1956 potest
1292 1890 1362 1935 esse
1377 1871 1600 1944 controversia,

267 1987 339 2030 curn
360 1967 405 2041 is,
429 1967 484 2050 qui
506 1973 616 2048 petere
639 1965 749 2041 debet,
772 1965 898 2029 eulerti
922 1974 954 2028 et
975 1985 1048 2028 cunr
1069 1967 1097 2029 is
1121 1985 1186 2030 non
1201 1973 1356 2051 quantum
1371 1965 1522 2039 debetur,
1544 1963 1601 2027 ssd

267 2067 421 2145 quantum
444 2059 646 2123 commodum
669 2066 718 2123 est
738 2060 858 2135 aufert,
888 2059 942 2124 ille
964 2069 1088 2134 autern,
1120 2060 1206 2124 unde
1227 2060 1368 2124 ablatum
1390 2066 1452 2134 est,
1480 2058 1600 2123 iudicio

266 2176 359 2220 suum
380 2174 568 2240 recuperare
590 2153 679 2217 nullo
702 2154 797 2217 modo
820 2161 936 2238 potest.
975 2155 1098 2218 Deinde
1120 2155 1153 2219 in
1175 2156 1237 2219 hoc
1258 2154 1355 2217 homo
1377 2153 1483 2217 luteus
1507 2155 1601 2217 etiam

267 2249 400 2314 callidus
423 2268 459 2312 ac
481 2254 639 2312 veterator
661 2267 732 2312 esse
754 2248 836 2324 vult,
865 2249 952 2332 quod
980 2249 1024 2312 its
1046 2249 1177 2312 scribit:
1209 2269 1236 2312 ss
1257 2267 1340 2311 rrrn
1360 2267 1479 2323 vonnr,
1505 2265 1602 2310 neuv-

227 2359 447 2409 sorsssronss
469 2361 563 2406 nseo.
595 2340 700 2417 Quam
722 2342 829 2425 lepide
851 2363 886 2406 se
901 2342 1001 2407 iurari
1023 2343 1130 2427 putati
1164 2343 1296 2427 Utrique
1310 2341 1386 2406 facit
1399 2347 1601 2425 potestatem,

265 2439 321 2502 sed
343 2443 450 2500 utrum
472 2437 516 2499 ita
538 2437 717 2519 scripserit,
754 2437 780 2500 si
803 2444 874 2501 uter
895 2438 995 2512 volet,
1028 2459 1088 2512 an,
1121 2439 1147 2501 si
1170 2439 1364 2501 decumanus
1386 2437 1489 2512 volet,
1519 2436 1602 2500 nihil

265 2533 406 2596 interest.
443 2531 559 2593 Arator
580 2530 665 2593 enirn
687 2537 760 2594 tuos
783 2533 861 2596 istos
885 2539 1126 2615 recuperatores
1147 2552 1322 2616 numquam
1343 2532 1441 2595 volet.

350 2621 401 2687 36.
425 2625 532 2702 Quidi
562 2624 617 2687 illa
639 2625 730 2688 cuius
754 2627 840 2691 modi
863 2633 955 2702 sunt,
984 2645 1067 2711 quae
1090 2641 1135 2688 ex*
1152 2633 1296 2709 tempore
1318 2627 1358 2690 ab
1380 2627 1523 2709 Apronio
1545 2627 1602 2690 ad·

163 2747 182 2792 ,1
265 2720 404 2783 monitus
434 2719 557 2783 edixit‘t
597 2718 635 2795 Q.
667 2718 825 2802 Septicio,
855 2720 1082 2807 honestissimo
1111 2721 1219 2805 equite
1240 2721 1400 2795 Romano,
1433 2721 1601 2784 resistente

150 2791 163 2848 s
227 2814 408 2898 seApronio
430 2818 463 2876 et
484 2807 661 2876 affirmante
684 2831 718 2876 se
741 2813 813 2896 plus
836 2801 971 2878 decu'nra
992 2834 1058 2878 non
1081 2815 1243 2890 daturum,
1274 2815 1418 2879 exoritur
1439 2815 1600 2898 peculiare

266 2908 405 2972 edictum
427 2906 647 2992 repentinum,
669 2927 706 2970 ae
727 2909 795 2989 quis
816 2910 1001 2990 frumentum
1022 2909 1056 2972 de
1078 2927 1152 2972 areu
1176 2909 1290 2972 tollerat
1311 2917 1394 2982 aute,
1419 2927 1509 2992 pom
1533 2927 1602 2972 euos

264 3004 426 3066 decumam
435 3011 545 3084 pectus
558 3010 641 3064 esset.
677 3003 811 3066 Ferebat
825 3002 907 3066 hanc
923 3024 1054 3088 quoque
1069 3003 1269 3086 iniquitatem
1288 3001 1445 3086 Septicius
1461 3010 1493 3066 et
1507 3003 1601 3066 imbri

262 3097 456 3160 frumentum
478 3098 639 3180 corrumpi
661 3097 695 3160 in
709 3116 783 3160 area
806 3097 1000 3181 patiebatur,
1023 3119 1095 3160 cum
1111 3096 1189 3162 illud
1206 3097 1345 3160 edictum
1360 3105 1492 3181 repente
1507 3097 1601 3160 uber*-

264 3193 379 3254 rinrum
402 3191 786 3276 quaestuosissimumque
801 3194 959 3266 nascitur,
981 3201 1014 3254 ut
1032 3202 1100 3255 uate
1118 3192 1271 3254 Kalendas
1289 3193 1418 3254 Sextiles
1436 3209 1536 3254 omaso
1551 3192 1601 3254 de·

226 3305 368 3353 meumes
390 3286 429 3348 ud
450 3305 560 3367 uptam
584 3286 754 3366 deportatos
776 3287 924 3350 tulerat.
968 3283 1018 3348 37.
1041 3287 1110 3349 lloc
1136 3285 1240 3349 edicto
1263 3305 1327 3348 uon
1351 3285 1512 3350 Siculi-
1526 3305 1600 3350 nam

265 3399 319 3442 eos
343 3381 471 3464 quidem
494 3381 714 3463 superioribus
737 3380 848 3443 edictis
871 3381 948 3443 satis
969 3380 1154 3462 perdiderat
1177 3386 1276 3463 atque
1291 3378 1520 3454 afflixerat-,
1543 3379 1600 3442 sed

264 3476 316 3537 isti
337 3475 399 3557 ipsi
422 3475 546 3558 equites
569 3475 718 3548 Romani,
743 3476 799 3558 qui
814 3495 906 3537 suum
920 3473 970 3536 ius
986 3475 1122 3538 retinere
1138 3492 1173 3536 se
1188 3479 1299 3536 contra
1312 3474 1490 3556 Apronium
1504 3493 1600 3556 posse

170 3574 175 3583 '
265 3575 355 3630 erant
383 3567 540 3641 arbitrati,
574 3568 748 3663 splendidi
763 3569 908 3631 homines
942 3575 974 3630 et
1001 3567 1073 3630 aliis
1096 3567 1295 3650 praetoribus
1319 3567 1468 3650 gratiosi,
1502 3568 1600 3631 vincti

144 3664 150 3672 '
264 3661 407 3744 Apronio
429 3661 536 3725 traditi
560 3669 643 3725 sunt.
676 3663 839 3726 Attendite
861 3663 947 3726 enim
969 3661 1060 3726 cuius
1082 3662 1169 3725 modi
1191 3660 1294 3725 edicta
1309 3663 1388 3726 sint:
1410 3681 1450 3725 ns
1466 3681 1598 3737 ronnas,

330 3904 355 3953 i.
372 3903 490 3954 uideatur
505 3903 554 3954 dtt.
576 3931 603 3942 -
622 3902 647 3954 4.
665 3909 711 3954 aut
726 3905 841 3967 iniquum
858 3906 950 3956 Faernl
969 3907 996 3956 et
1011 3906 1068 3958 Urs.
1087 3917 1160 3968 susp.
1181 3930 1209 3942 -
1233 3906 1258 3954 e.
1278 3904 1344 3954 dieii
1360 3905 1415 3955 AB.
1437 3931 1465 3942 ·-
1484 3905 1601 3956 desum

263 3993 310 4031 uus
326 3978 442 4029 edixisset
457 3979 535 4043 agae.
558 4005 585 4016 -
604 3979 628 4030 6.
648 3981 709 4040 quid
723 3981 815 4042 reliqui
831 3987 866 4031 est
882 3983 969 4032 iudicii
986 3983 1071 4045 Lgti:
1091 3982 1151 4044 quid
1167 3984 1202 4030 est
1217 3979 1308 4042 reliqui
1325 3981 1411 4030 iudicii
1427 3981 1597 4046 emesam

263 4055 325 4117 quid
340 4054 470 4116 dereliquit
492 4055 600 4119 (reliquit
617 4055 667 4120 alil)
684 4057 772 4106 iudicii
788 4055 853 4107 dett.
872 4057 901 4107 0.
922 4083 951 4094 -
970 4058 994 4107 7.
1010 4057 1089 4120 possit
1106 4054 1174 4118 4342
1186 4069 1192 4104 :
1206 4059 1288 4118 posset
1305 4053 1362 4105 rell.
1381 4057 1411 4106 0.
1432 4083 1462 4095 -
1486 4059 1511 4108 e.
1528 4061 1600 4111 uisa

262 4143 302 4180 ms
317 4130 379 4193 433.
398 4143 506 4192 omnes,
525 4133 587 4182 AB:
615 4145 634 4182 a
648 4145 688 4182 me
703 4133 741 4182 uis
757 4133 786 4182 Ο.
808 4157 835 4168 -
863 4145 933 4182 murs
949 4131 991 4182 vel
1008 4145 1081 4183 morse
1096 4131 1175 4195 4342.
1196 4157 1223 4167 -
1247 4133 1287 4181 to.
1307 4131 1367 4193 quia
1384 4131 1455 4195 Lgiii
1472 4135 1536 4184 AB:
1556 4135 1599 4197 qui

263 4203 346 4268 Lgli;
371 4205 415 4264 qui
435 4218 487 4256 aoa
506 4203 563 4256 rell.
583 4207 612 4258 0.
634 4233 659 4245 -·
685 4207 725 4257 44.
746 4208 903 4269 poposcerint
925 4209 1041 4272 Lgiltili:
1063 4207 1204 4270 poposcerit
1225 4205 1380 4270 Lgliltirp3
1401 4213 1532 4269 pomarese
1549 4209 1597 4261 dtt.

265 4304 293 4314 -
312 4279 454 4342 quadruplo
478 4281 547 4345 Lgtt
561 4281 658 4332 ruri:
683 4282 822 4345 quadrupli
845 4281 901 4333 rell.
928 4309 956 4321 ·-
982 4283 1022 4334 43.
1046 4281 1158 4333 clausola
1177 4281 1255 4345 ngas.
1277 4309 1305 4318 -
1332 4280 1372 4332 44.
1391 4281 1456 4332 uolet
1479 4295 1512 4334 ex
1537 4283 1596 4335 llot.

264 4353 333 4404 coni.
352 4353 380 4403 1..
402 4379 429 4391 -
453 4356 495 4407 ⁴5.
513 4357 572 4406 dicit
588 4357 697 4420 432914.
723 4383 751 4394 -
769 4359 849 4421 possit
868 4359 945 4422 igit.
967 4386 994 4396 -
1018 4371 1069 4410 esse
1085 4370 1138 4408 om.
1158 4355 1206 4407 dtt.
1228 4381 1255 4393 -
1281 4355 1322 4406 46.
1341 4357 1425 4421 aufert
1441 4356 1471 4417 4,
1489 4371 1526 4420 φτ
1552 4372 1599 4409 au·

262 4428 329 4491 serat
350 4427 398 4478 dtt.
418 4454 447 4467 -
473 4432 513 4482 48.
532 4432 620 4495 lutum]
642 4434 754 4494 lpoceus
770 4433 818 4484 dtt.
838 4447 918 4485 nonu.
942 4460 969 4471 -
994 4435 1035 4487 re.
1052 4439 1109 4484 uter
1123 4433 1181 4484 uelit
1196 4430 1315 4496 434944.
1335 4457 1364 4468 -
1386 4433 1428 4484 tl.
1447 4434 1599 4484 &meaos

262 4505 320 4554 oetit
337 4503 415 4568 Lgli.
436 4531 463 4542 -
482 4506 523 4556 is.
540 4521 679 4570 numquam
695 4507 725 4569 4,
743 4509 782 4560 lii:
803 4511 925 4572 namquid
941 4509 989 4560 dtt.
1005 4536 1032 4548 -·
1050 4509 1091 4562 24.
1110 4507 1217 4571 Septicio
1234 4509 1357 4558 Garatoni
1374 4509 1406 4559 ll.
1427 4507 1494 4571 (coll.
1511 4507 1596 4560 Bentl.

264 4579 299 4631 ad
324 4579 414 4630 Horat.
437 4581 485 4645 Ep.
504 4581 524 4631 l.
543 4582 572 4642 s,
590 4582 631 4632 26.
660 4583 731 4633 cort.
755 4583 790 4634 ad
813 4584 876 4635 Plio.
901 4585 948 4650 Ep.
967 4585 987 4634 1.
1007 4586 1030 4635 i.
1057 4585 1187 4648 spartian.
1209 4583 1289 4634 lladr.
1308 4583 1332 4632 e.
1351 4584 1392 4634 44.
1411 4583 1451 4633 ts.
1477 4585 1558 4636 Prisc.
1576 4586 1595 4636 1.

263 4670 290 4722 p.
303 4657 361 4708 333.
381 4669 413 4706 ex
430 4657 491 4707 cod.
504 4655 615 4708 Barber.
634 4659 772 4722 antiquiss.
800 4659 843 4710 Sic
859 4659 915 4710 lere
933 4658 1034 4724 lapides
1054 4659 1154 4723 antiqui
1172 4671 1213 4708 ex.
1232 4671 1255 4708 c.
1275 4659 1369 4709 Murci.
1387 4659 1522 4712 lilllllllll.
1541 4661 1599 4712 llei-

265 4745 322 4784 nes.
340 4732 393 4782 xx.
408 4733 490 4796 toti:
509 4734 613 4796 Septicio
629 4734 707 4786 codd.
721 4736 750 4786 0.
770 4735 812 4799 [ot.
826 4747 897 4784 nuuc
907 4733 1073 4784 Mommsenii
1092 4732 1209 4783 indicem
1226 4734 1308 4784 lusor.
1321 4733 1350 4784 a.
1363 4733 1471 4799 Neapol.
1489 4748 1516 4800 p.
1529 4735 1598 4799 iso]

266 4835 293 4846 -
312 4809 481 4859 tenutissimo
498 4811 579 4870 equite
595 4811 706 4862 duaaao
723 4809 754 4862 i:
780 4811 838 4861 toa.
856 4811 953 4859 homiue
970 4810 1098 4872 equiteque
1114 4810 1184 4860 itura.
1203 4809 1251 4859 dtt.
1270 4809 1299 4859 0.
1319 4837 1347 4847 -
1366 4811 1406 4861 25.
1425 4811 1507 4874 sepius
1522 4812 1597 4862 decu

264 4895 368 4934 maaum
385 4885 506 4934 delumens
523 4884 600 4948 Lgli.
622 4911 650 4921 -
669 4886 710 4937 48.
729 4887 756 4936 iu
773 4898 836 4936 amu
852 4887 980 4947 eorrumpi
997 4885 1078 4936 Prisc.
1092 4886 1111 4935 1.
1130 4898 1157 4950 p.
1170 4883 1226 4936 433.
1241 4911 1270 4922 -
1288 4890 1388 4949 repente
1403 4899 1457 4937 om.
1475 4886 1553 4950 Lgli.
1568 4913 1596 4924 -

264 4959 306 5012 29.
325 4961 616 5024 quaestuosissimumque
632 4960 715 5025 Lgli:
738 4967 761 5012 et
778 4962 1021 5024 quaestuosissimum
1037 4958 1094 5010 rell.
1113 4960 1143 5011 0.
1165 4987 1188 4997 -
1210 4965 1239 5011 ut
1255 4973 1308 5012 om.
1326 4959 1405 5025 4342.
1425 4987 1454 4997 -
1472 4961 1599 5012 Kalendas

265 5047 318 5087 out.
332 5035 410 5100 ngte.
420 5061 448 5074 -
462 5036 565 5087 Sextilis
576 5050 660 5087 omues
671 5037 779 5088 decimos
789 5037 900 5102 Lgl2.—
914 5037 953 5087 34.
968 5051 991 5099 q.
1004 5051 1054 5087 eoa
1071 5034 1240 5099 asperioribus
1251 5036 1310 5099 dtt.;
1330 5052 1353 5100 q.
1366 5039 1419 5087 iem
1429 5036 1598 5099 superioribus

265 5111 285 5162 0
298 5113 389 5163 contra
400 5111 480 5164 codd.
491 5139 519 5149 -
533 5112 574 5163 34.
587 5111 637 5178 isti]
648 5112 686 5164 itti
696 5113 838 5164 Manutius.
847 5138 874 5149 -
889 5110 929 5164 34.
941 5113 980 5163 ed.
993 5112 1042 5163 eut
1052 5111 1122 5176 43444
1133 5113 1164 5164 A:
1183 5113 1223 5164 ed.
1236 5116 1294 5162 suut
1304 5109 1361 5163 rell.
1374 5110 1451 5177 prol).
1466 5112 1551 5163 Garat.
1561 5112 1593 5163 11.
