3648 5888
250 403 314 474 iia
631 413 674 476 lN
694 412 862 478 VERREM
882 412 1006 479 ACTIO
1029 413 1214 485 secunus

249 599 359 655 neam,
389 579 526 663 pecunia
547 580 716 659 attrffuta,
738 591 902 648 numerata
923 591 990 662 est:
1024 583 1185 669 proiectus
1207 592 1258 650 est
1278 587 1483 674 quaestorio
1506 609 1582 671 pro·

250 673 403 748 vinciam:
431 675 519 739 venit
546 683 749 759 exspectatus
779 679 812 742 in
842 679 976 744 Galliam
1003 680 1043 743 ad
1073 681 1247 744 exercitum
1278 681 1479 748 consularem
1508 705 1581 746 cum

248 769 402 851 pecunia:
432 769 564 834 simulac
587 771 724 854 primum
746 773 776 836 ei
798 773 925 837 occasio
941 774 1009 836 risa
1037 783 1087 838 est
1117 771 1311 858 (cognoscite
1332 775 1474 844 bominis
1493 779 1582 862 prin

249 863 368 947 eipinm
390 863 631 946 magistratuum
650 866 863 947 gerendorum
878 874 910 930 et
925 867 970 930 rei
988 869 1134 951 publicae
1150 869 1448 953 administrandae),
1471 892 1584 936 aversa

224 957 386 1039 epecunia
413 957 542 1041 publica
571 965 725 1042 quaestor
745 960 926 1036 consulem,
955 962 1147 1037 exercitum,
1178 971 1295 1026 sortem
1316 965 1580 1050 provinciamque

248 1051 399 1114 deseruit.
443 1048 494 1113 35.
520 1051 621 1114 Video
650 1053 728 1137 quid
758 1054 892 1136 egerim:
928 1056 1021 1138 erigit
1048 1076 1099 1133 se:
1133 1065 1242 1140 sperat
1271 1058 1330 1121 sibi
1354 1078 1463 1121 auram
1485 1079 1580 1142 posse

248 1147 389 1232 aliquam
411 1145 512 1210 afflari
534 1147 567 1208 in
589 1145 651 1211 boc
674 1147 806 1210 crimine
827 1149 1001 1212 voluntatis
1026 1147 1326 1237 [dissensionisque]
1351 1174 1482 1229 eorum,
1508 1153 1581 1239 qui·

247 1239 308 1304 bus
332 1240 387 1303 Cn.
410 1240 563 1303 Carbonis
586 1241 702 1304 mortui
726 1261 843 1305 nomen
866 1243 941 1307 odio
964 1244 1020 1319 sit,
1044 1245 1160 1328 quibus
1185 1246 1273 1309 illam
1287 1247 1487 1313 relictionem
1506 1271 1579 1332 pro·

248 1333 468 1419 ditionemque
490 1335 630 1398 consulis
654 1336 703 1398 sui
735 1345 856 1418 gratam
878 1344 985 1420 sperat
1006 1337 1085 1400 iore.
1129 1339 1231 1415 Quasi
1252 1361 1328 1405 vero
1351 1342 1382 1403 id
1406 1344 1579 1426 cupiditate

211 1427 467 1495 rodelendendae
496 1428 671 1492 nobilitatis
701 1439 757 1492 aut
779 1429 887 1494 studio
914 1431 1050 1514 partium
1073 1430 1201 1508 lecerit,
1232 1453 1270 1498 ao
1292 1455 1356 1498 non
1379 1437 1578 1518 apertissime

248 1523 427 1598 consulem,
450 1524 625 1587 exercitum
646 1525 910 1608 provinciamque
934 1525 1113 1607 compilarit
1134 1534 1167 1589 et
1187 1535 1319 1610 propter
1341 1529 1579 1611 impudentissi-

247 1640 334 1683 mum
362 1618 483 1682 lurtum
510 1616 678 1700 aufugerit.
726 1619 784 1680 Est
810 1619 896 1680 enim
925 1618 1096 1682 obscurum
1122 1627 1155 1681 et
1176 1620 1334 1684 eiusmodi
1356 1623 1476 1687 sacurm
1498 1626 1577 1698 eius,

210 1773 211 1776 ,
247 1721 282 1778 ut
310 1712 412 1796 possit
441 1712 560 1796 aliquis
591 1712 747 1795 suspicari
772 1711 804 1774 C.
828 1713 972 1786 Verrem,
1005 1713 1092 1797 quod
1115 1714 1197 1778 ferre
1220 1735 1321 1780 novos
1344 1715 1490 1782 homines
1512 1739 1576 1782 non

244 1807 402 1892 potuerit,
424 1807 465 1869 ad
486 1805 701 1880 nobilitatem,
731 1804 793 1869 boo
816 1814 882 1880 est,
910 1806 951 1869 ad
977 1826 1053 1869 suos
1073 1808 1244 1884 transisse,
1266 1811 1346 1872 nihil
1368 1811 1483 1874 iecisse
1504 1833 1577 1896 pro-

209 1909 317 1987 septer
338 1901 517 1986 pecuniam.
561 1897 612 1962 36.
642 1900 814 1962 Videamus
844 1902 984 1964 rationes
1007 1903 1278 1986 quemadmodum
1299 1906 1468 1970 rettulerit.
1511 1908 1575 1970 lam

245 1997 314 2080 ipse
336 1993 497 2067 ostendet,
521 1994 729 2077 quamobrem
752 1993 807 2056 Cn.
831 1993 1006 2057 Carbonem
1029 1996 1214 2079 reliquerit:
1238 1997 1300 2060 iam
1323 2019 1357 2062 se
1371 1999 1442 2082 ipse
1457 1999 1576 2062 indica·

244 2090 301 2155 bit.
340 2089 423 2152 xlv.
452 2087 592 2151 Primum
621 2087 808 2150 brevitatem
831 2089 1023 2170 cognoscite.
1066 2091 1205 2166 Acuent,
1239 2092 1360 2176 inquit,
1393 2093 1452 2156 iis
1477 2113 1576 2157 vrcrns

244 2201 390 2248 nvcsura
413 2200 563 2247 rarorum
586 2200 724 2256 ernovn
747 2199 840 2244 urnis
863 2200 1123 2255 stonrnuunros
1146 2205 1213 2248 xvu
1236 2207 1373 2251 nvuuos.
1409 2187 1493 2268 Duos
1515 2208 1576 2250 srr·
1635 2227 1639 2236 ·

244 2297 378 2351 sannio,
408 2295 593 2351 ravusnro,
624 2295 773 2352 nsosrrs,
804 2293 864 2339 eno
893 2295 1094 2352 ovassrons,
1125 2297 1265 2343 cononrr
1294 2299 1493 2344 rassronrss
1516 2281 1575 2344 Hs

206 2391 346 2442 mutans
380 2389 542 2435 sexcsnrs
575 2388 726 2436 rurornrs
760 2389 897 2445 ovrsovs
932 2391 1023 2436 urnis
1053 2391 1314 2446 stnnrsseuros
1342 2395 1410 2439 xvir
1439 2395 1575 2439 nvuuos.

245 2471 382 2542 Remove
414 2467 548 2529 Annam:
578 2465 637 2528 iis
667 2486 829 2530 saxosum
858 2483 963 2528 urnis.
1007 2467 1075 2530 lloc
1105 2475 1153 2530 est
1176 2469 1315 2532 rationes
1338 2449 1576 2548 referrei(hoc

78 2540 177 2624 W
245 2563 340 2626 modo
364 2567 419 2624 aut
440 2580 498 2643 ego
521 2568 578 2623 aut
599 2568 650 2636 tu,
679 2561 846 2634 Hortensi,
870 2567 925 2622 aut
947 2561 1119 2644 quisquam
1143 2562 1286 2626 omnium
1308 2547 1469 2652 rettulit‘l]
1491 2563 1576 2640 Quid

109 2675 138 2761 ss
243 2657 305 2720 hoc
328 2659 400 2718 esti
433 2674 515 2740 quae
539 2655 762 2737 impudentia?
785 2673 873 2741 quae
890 2653 1050 2717 audaciai
1073 2655 1160 2742 qpod
1185 2656 1366 2738 exemplum
1390 2677 1431 2720 ex
1452 2665 1500 2721 tot
1517 2657 1576 2721 ho·

244 2751 366 2814 minum
388 2747 564 2812 rationibus
587 2748 694 2812 relatis
715 2744 938 2812 huiuscemodi
961 2752 1032 2812 esti
1064 2749 1123 2812 Illa
1144 2757 1250 2814 tamen
1267 2751 1326 2814 Hs
1345 2759 1497 2815 sexcenta
1518 2751 1576 2813 mi·

206 2845 303 2919 ulia,
337 2861 420 2928 quae
450 2862 490 2908 ne
511 2841 591 2906 falso
616 2843 745 2926 quidem
772 2842 879 2926 potnit
901 2843 1018 2924 quibus
1040 2843 1114 2906 data
1135 2852 1243 2908 essent
1264 2845 1460 2922 describere,
1493 2866 1574 2930 quae

244 2960 279 3004 se
300 2937 435 3002 Arimini
458 2935 568 3000 scribit
588 2935 775 3020 reliquisse,
798 2955 882 3020 quae
903 2935 973 3017 ipsa
996 2937 1055 3000 Hs
1078 2947 1229 3002 sexcenta
1251 2940 1339 3002 milia
1352 2942 1477 3025 reliqua
1491 2941 1574 3004 sacta

244 3040 335 3108 sunt,
364 3050 470 3116 neque
501 3029 601 3094 Carbo
631 3031 738 3112 attigit
766 3050 871 3113 neque
901 3029 990 3093 Sulla
1013 3031 1094 3095 vidit
1115 3053 1219 3116 neque
1240 3034 1275 3096 in
1296 3035 1453 3098 aerarium
1475 3034 1574 3097 relata

244 3135 328 3192 sunt.
372 3119 534 3210 Oppidum
557 3124 617 3188 sibi
641 3125 738 3206 elegit
758 3124 952 3200 Ariminum,
977 3125 1063 3208 quod
1086 3135 1168 3202 tum,
1191 3147 1265 3191 oum
1286 3129 1346 3192 iste
1363 3129 1502 3192 rationes
1523 3149 1573 3192 re·

242 3221 381 3296 ferebat,
404 3239 594 3304 oppressum
617 3217 842 3302 direptumque
865 3227 941 3282 erat.
985 3221 1055 3282 Non
1078 3221 1301 3303 suspicabatur
1323 3222 1354 3284 id
1378 3222 1465 3306 quod
1488 3243 1572 3286 nune

205 3317 375 3391 assentiet,
398 3316 474 3378 satis
496 3314 613 3378 multos
637 3333 677 3375 ex
700 3311 754 3375 illa
767 3311 944 3375 calamitate
960 3313 1208 3378 Ariminensium
1224 3323 1319 3379 testes
1335 3317 1427 3380 uobis
1443 3317 1477 3379 in
1491 3318 1572 3379 hanc

242 3432 309 3476 rem
331 3410 475 3495 reliquos
497 3428 578 3473 esse.
622 3405 673 3470 37.
697 3408 806 3470 Recita
828 3406 945 3470 denuo.
978 3409 1011 3470 P.
1035 3408 1183 3472 Laurvno
1206 3410 1241 3471 L.
1257 3412 1393 3475 Turnum
1416 3429 1574 3486 orsssro-

243 3527 331 3570 nrsvs
361 3523 491 3568 mannis
516 3524 573 3567 nus
596 3523 757 3566 nsrronvu
779 3522 979 3566 nsnsrsnru.
1022 3502 1142 3566 Recita.
1174 3503 1223 3566 Ex
1246 3524 1381 3568 seuerus
1404 3524 1573 3570 cossvnro.

219 3589 282 3669 itit
309 3599 491 3680 hocpaeto
520 3597 676 3660 rationem
704 3595 821 3658 referre
843 3594 972 3671 liceret,
1003 3615 1041 3659 eo
1065 3595 1215 3659 Sullanus
1237 3605 1369 3679 repente
1390 3599 1493 3662 factus
1515 3605 1573 3672 est,
1676 3611 1682 3620 ·

64 3685 143 3778 p..)
227 3678 308 3784 (non
332 3699 368 3755 ut
387 3691 491 3756 bonos
514 3697 547 3754 et
575 3690 713 3774 dignitas
735 3689 894 3752 nobilitati
917 3688 1159 3784 restitueretur.)
1192 3689 1287 3766 Quod
1311 3691 1337 3754 si
1360 3691 1447 3755 illinc
1469 3691 1573 3756 inanis

91 3764 112 3784 Α
205 3785 457 3870 stprofugisses,
480 3792 584 3847 tamen
608 3784 669 3848 ista
690 3791 745 3846 tua
766 3781 840 3865 iuga
863 3781 984 3846 nefaria
1014 3782 1154 3865 proditio
1179 3784 1320 3847 consulis
1342 3785 1389 3847 tui
1412 3785 1573 3850 conscele-

242 3889 310 3944 rata
332 3879 536 3943 iudicaretur.
557 3910 600 3925 -
620 3877 724 3941 Malus
747 3877 841 3952 civis,
865 3877 1029 3961 improbus
1052 3877 1179 3954 consul,
1202 3879 1374 3943 seditiosus
1395 3879 1492 3943 homo
1517 3879 1573 3944 Cn.

308 4151 332 4202 2.
350 4151 377 4202 iu
394 4152 424 4203 G.
443 4163 513 4214 exsp.
532 4147 579 4201 dtt.
598 4149 627 4198 0.
649 4173 676 4184 -
694 4147 719 4198 Ἰ.
738 4147 830 4211 afflare
845 4147 913 4198 coni.
933 4149 1035 4213 Zumpt.
1055 4147 1243 4213 probabiliter;
1263 4148 1295 4200 ci.
1309 4150 1399 4199 umen
1413 4145 1495 4199 Klotz.
1509 4149 1570 4198 Lex.

243 4239 265 4279 s.
284 4239 309 4278 r.
330 4253 357 4264 -·
376 4225 580 4287 auersusque
596 4221 675 4273 codd.
694 4223 763 4272 noti:
781 4223 976 4286 numerusque
992 4223 1054 4273 edd.
1068 4237 1147 4274 nonu.
1161 4223 1276 4283 Asconii,
1290 4223 1324 4283 0;
1343 4235 1397 4274 om.
1411 4223 1473 4273 edit.
1487 4225 1571 4287 princ.

242 4307 303 4356 Asc.
323 4303 416 4365 ltaque
434 4301 509 4352 uncis
526 4297 631 4350 inclusit
641 4295 728 4357 illota:
747 4309 835 4360 neque
852 4299 925 4349 enim
941 4299 1058 4349 disemus
1075 4298 1101 4348 h.
1118 4296 1135 4348 l.
1154 4297 1247 4358 babet,
1267 4310 1320 4362 quo
1337 4297 1476 4359 rotaretur,
1495 4299 1574 4348 inter·

243 4377 454 4444 protumentique
472 4376 591 4440 speciem
608 4372 690 4424 reteri
707 4385 739 4422 ex
757 4385 790 4422 eo
808 4385 920 4436 genere,
940 4373 1011 4435 quod
1029 4386 1108 4437 sopra
1127 4372 1151 4436 5.
1167 4372 1207 4422 32.
1227 4373 1507 4424 commemoravimus.
1530 4373 1574 4422 Vo-

242 4453 347 4504 luntatis
363 4452 433 4501 enim
450 4463 544 4499 eurem
561 4462 593 4498 ex
610 4449 758 4498 dueeuuoue
774 4449 867 4497 muium
879 4447 911 4511 (ἓ,
924 4445 986 4509 btl,
1004 4459 1073 4509 quae
1086 4446 1172 4497 iuerat
1182 4447 1251 4496 inter
1262 4445 1381 4498 Sullanos
1393 4448 1420 4497 et
1431 4447 1571 4509 Marianos,

244 4527 389 4593 proiectum
408 4537 468 4576 essa
485 4523 634 4588 significare
650 4522 733 4572 voluit
749 4523 889 4587 interpres.
911 4549 935 4560 -
958 4522 982 4572 8.
1000 4521 1093 4571 mutui
1109 4533 1164 4571 om.
1183 4522 1228 4570 Gt.
1248 4523 1281 4572 At
1297 4521 1330 4572 ct.
1350 4521 1374 4585 5.
1393 4521 1433 4570 39.
1455 4548 1482 4558 -
1508 4522 1573 4572 reie-

243 4603 348 4653 ctiouem
365 4597 442 4650 codd.
462 4600 516 4650 noti
533 4600 559 4649 et
576 4597 637 4648 edd.
657 4600 717 4648 onte
729 4599 828 4648 Victor.
844 4623 870 4634 -
891 4599 931 4648 ⁴5.
949 4609 1010 4646 uam
1027 4597 1063 4645 Gt
1081 4598 1109 4645 ct
1125 4595 1163 4646 sic
1179 4595 1253 4647 inira.
1269 4623 1296 4633 -
1316 4596 1356 4646 ti.
1369 4596 1443 4646 obice
1454 4621 1491 4632 --
1502 4609 1574 4646 uuo:-

242 4691 297 4727 mos
312 4677 342 4728 A.
369 4673 482 4725 Codices
500 4673 525 4726 b.
538 4671 555 4724 l.
574 4673 600 4722 in
618 4674 736 4724 numeris
754 4673 826 4723 varie
843 4671 959 4723 turbant.
975 4699 1003 4709 -
1023 4671 1062 4720 rs.
1079 4684 1127 4734 pro
1144 4675 1274 4732 quaestore
1291 4673 1325 4720 A:
1341 4684 1390 4733 pro
1402 4671 1574 4732 quaestoribus

242 4751 320 4803 codd.
339 4749 403 4800 noti.
424 4775 451 4784 -
478 4749 519 4798 ti.
544 4749 668 4810 quispiam
691 4749 727 4798 Ga
745 4747 791 4798 Ld.
813 4774 839 4784 -
866 4747 978 4798 omnim
995 4744 1073 4796 codd.
1094 4745 1161 4804 noti,
1188 4747 1268 4795 etiam
1286 4759 1319 4807 g:
1346 4745 1473 4795 temtum
1490 4748 1519 4796 Ο.
1541 4773 1568 4784 -

241 4825 282 4877 il.
300 4823 466 4876 huiuscemodi
483 4823 515 4872 tii
528 4823 585 4881 25:
604 4823 742 4873 buiusruodi
759 4823 807 4873 dtt.
821 4823 847 4872 0.
865 4851 891 4859 -
910 4823 951 4872 25.
969 4834 1048 4883 oeque
1064 4821 1128 4884 [otro
1145 4819 1181 4870 G3
1199 4821 1276 4884 Logg.
1296 4832 1399 4881 omnes,
1418 4820 1460 4870 alii
1479 4821 1526 4871 dtt.
1543 4847 1569 4856 —-

238 4899 393 4965 perscribere
409 4897 468 4949 cod.
487 4899 559 4957 Urs:
575 4898 658 4960 potuit
674 4899 751 4948 deser.
770 4897 857 4958 quibus
874 4899 899 4948 d.
917 4901 996 4948 esseut
1013 4897 1060 4946 dtt.
1077 4923 1103 4931 κ
1123 4897 1163 4946 27.
1182 4909 1261 4959 neque
1272 4895 1353 4947 Carbo
1366 4905 1425 4957 sqq.
1446 4895 1570 4946 Victorln.

242 4989 268 5043 p.
287 4975 328 5027 90.
349 5001 377 5011 -
400 4974 441 5024 29.
458 4972 533 5037 etune]
549 4987 600 5022 uon
617 4974 649 5021 Gt
661 4974 690 5032 l,
710 4973 736 5022 in
754 4973 851 5036 quibus
867 4988 931 5034 uon,
955 4986 1036 5034 estne,
1058 4984 1119 5020 uum
1135 4971 1291 5035 saepissime
1313 4970 1520 5021 contunduntur.
1543 4997 1569 5006 -

243 5051 283 5102 34.
303 5051 332 5114 Q.
353 5050 451 5100 Triario
468 5051 500 5099 Gt
512 5049 538 5098 ἰ.
560 5071 587 5083 -
612 5047 652 5097 33.
674 5047 800 5113 Sullanus]
821 5049 860 5098 oet
882 5047 968 5100 correcti
982 5047 1094 5097 Silluuru
1110 5047 1155 5096 Gi.
1177 5072 1203 5081 α
1228 5046 1268 5098 35.
1292 5044 1460 5095 conscelerata
1481 5042 1572 5108 Geir

243 5126 320 5190 ngas.
340 5123 373 5177 cl.
393 5124 417 5190 5.
430 5124 478 5174 90:
496 5123 618 5174 scelesta
633 5120 681 5172 dtt.
700 5122 729 5173 0.
