3684 5862
307 421 350 490 ac
677 517 680 522 Δ
706 423 858 493 omno
879 423 958 493 rao
979 427 1013 494 n.
1035 423 1229 506 cunano

308 598 396 662 done
431 617 471 662 ex
500 602 548 662 tot
572 597 780 662 creditoribus
809 618 902 662 nemo
929 618 1037 684 neque
1063 605 1132 662 tum
1157 599 1243 662 idem
1270 597 1382 663 fecerit
1412 617 1516 683 neque
1538 619 1623 665 nunc

308 700 420 756 contra
440 692 540 769 dicat,
563 712 737 778 omnesque
758 715 816 779 pro
838 696 872 758 P.
888 695 1038 772 Quinctio
1055 699 1212 779 pugnent,
1233 693 1418 776 praesertim
1433 694 1553 757 cumin
1567 693 1622 756 tali

307 786 426 851 iudicio
455 787 638 852 testimonia
666 789 857 852 creditorum
890 791 1112 855 existimentur
1139 789 1179 852 ad
1208 809 1275 852 rem
1297 790 1432 852 maxime
1453 788 1622 872 pertinere.

308 881 421 946 Postea
447 903 517 946 sum
546 903 622 947 usus
643 883 815 948 adversarii
840 884 1041 958 testimonio,
1072 883 1127 966 qui
1149 881 1209 945 sibi
1232 901 1304 945 eum
1326 903 1430 966 nuper
1450 881 1550 946 edidit
1571 901 1622 944 so·

284 975 409 1051 scium,
432 997 542 1060 quem,
567 998 631 1062 quo
654 979 748 1042 modo
771 998 854 1040 nunc
876 977 1026 1051 intendit,
1055 997 1095 1040 ne
1119 977 1152 1040 in
1174 976 1318 1040 vivorum
1340 974 1469 1058 quidem
1490 995 1622 1038 numero

307 1077 373 1133 tum
396 1071 590 1135 demonstrat
610 1072 718 1136 luisse.
761 1073 841 1134 Tum
869 1072 956 1135 illam
982 1072 1199 1135 incredibilem
1222 1071 1415 1134 celeritatem
1437 1089 1494 1133 seu
1515 1069 1621 1151 potius

307 1167 471 1230 audaciam
493 1167 629 1249 protuli:
651 1162 833 1230 confirmavi
855 1187 985 1230 necesse
1008 1187 1093 1240 esse,
1115 1173 1170 1228 aut
1183 1166 1280 1230 biduo
1296 1185 1354 1229 ncc
1370 1165 1456 1230 milia
1471 1183 1622 1247 passuum

307 1282 377 1325 esse
399 1262 548 1337 decursa,
580 1270 635 1325 aut
656 1261 728 1324 Sex.
750 1262 902 1324 Naevium
925 1260 1036 1323 diebus
1058 1261 1274 1344 compluribus
1295 1271 1367 1325 ante
1389 1262 1424 1323 in
1446 1259 1623 1344 possessio·

308 1376 380 1419 nem
408 1357 543 1430 misisse,
573 1376 668 1440 quam
696 1355 888 1440 postularet,
917 1355 964 1416 uli
987 1355 1016 1418 ei
1039 1355 1150 1419 liceret
1170 1356 1254 1418 bona
1275 1357 1449 1439 possidere.
1492 1350 1543 1416 89.
1563 1353 1623 1416 Po·

269 1457 375 1513 lostea
396 1451 525 1514 recitavi
547 1452 701 1526 edictum,
723 1450 810 1534 quod
832 1457 939 1533 aperte
963 1449 1125 1512 dominum
1148 1451 1186 1512 de
1208 1451 1339 1533 praedic
1354 1449 1478 1513 detrudi
1492 1457 1622 1524 vetaret,

306 1545 340 1609 in
362 1567 426 1629 quo
449 1546 603 1620 constitit,
625 1547 778 1609 Naevium
800 1566 841 1608 ex
863 1545 966 1608 edicto
983 1565 1047 1608 non
1061 1545 1257 1627 possedisse,
1280 1566 1351 1607 cum
1366 1543 1568 1609 confiteretur
1583 1565 1624 1608 ex

305 1640 436 1724 praedio
458 1641 489 1704 vi
512 1641 674 1705 detrusum
696 1661 765 1704 esse
787 1641 982 1716 Quinctium.
1022 1639 1158 1702 Omnino
1181 1651 1286 1703 autem
1300 1641 1385 1704 bona
1398 1660 1545 1724 possessa
1558 1661 1623 1704 non

307 1755 376 1798 esse
398 1735 564 1810 constitui,
594 1735 681 1819 quod
702 1736 858 1798 bonorum
882 1736 1043 1820 possessio
1066 1742 1227 1819 spectetur
1248 1755 1312 1798 non
1334 1736 1368 1798 in
1389 1735 1496 1819 aliqua
1517 1743 1622 1818 parte,

307 1830 362 1892 sed
384 1829 417 1892 in
439 1829 612 1904 universis,
635 1848 717 1913 quae
741 1829 839 1891 teneri
861 1837 894 1892 et
913 1831 1071 1913 possideri
1093 1830 1227 1913 possint
1260 1829 1333 1894 Diri
1355 1831 1483 1893 domum
1504 1832 1623 1896 Romae

269 1922 419 1997 sciuisse,
442 1941 506 2007 quo
528 1923 587 1986 iste
608 1941 649 1985 ne
671 1923 840 2005 adspirarit
862 1923 1010 2006 quidem;
1032 1944 1140 1987 servos
1161 1925 1355 2008 complures,
1377 1945 1419 1987 ex
1434 1925 1549 2009 quibus
1563 1929 1623 1990 iste

305 2018 483 2101 possederit
507 2019 683 2092 neminem,
711 2037 752 2080 ne
774 2017 913 2098 attigerit
934 2019 1080 2102 quideme
1101 2039 1199 2082 unum
1221 2018 1335 2093 luisse,
1358 2039 1452 2103 quem
1469 2019 1623 2103 attingere

306 2120 437 2176 conatus
460 2113 518 2188 sit;
541 2111 736 2196 prohibitum
756 2109 871 2186 luisse,
902 2113 1073 2196 quievisse.
1116 2112 1167 2176 90.
1189 2115 1226 2176 ln
1248 2115 1317 2198 ipsa
1338 2115 1440 2178 Gallia
1461 2119 1622 2199 cognostis

305 2208 338 2271 in
361 2208 491 2290 praedia
511 2209 636 2291 privata
658 2205 799 2281 Quinctii
822 2206 895 2269 Sex.
917 2209 1070 2273 Naevium
1091 2230 1156 2273 non
1175 2210 1318 2286 venisse;
1341 2211 1478 2293 denique
1501 2231 1541 2274 ex
1561 2211 1623 2275 boc

304 2303 375 2386 ipso
398 2301 495 2376 saltu,
518 2321 612 2386 quem
634 2302 776 2384 pervim
799 2303 933 2385 expulso
956 2304 1044 2366 socio
1062 2304 1220 2387 possedit,
1243 2325 1350 2368 servos
1367 2307 1506 2389 privatos
1522 2307 1624 2382 Quin·

267 2398 359 2461 scetii
382 2415 447 2459 non
469 2415 580 2459 omnes
603 2397 721 2459 eiectos
744 2415 831 2458 esse:
859 2416 900 2459 ex
922 2417 986 2482 quo
1010 2405 1042 2460 et
1063 2419 1103 2461 ex
1124 2398 1236 2462 ceteris
1259 2400 1368 2475 dictis,
1391 2400 1481 2462 lectis
1502 2403 1623 2483 cogita-

305 2493 409 2576 tisque
431 2492 504 2554 Sex.
527 2492 638 2556 Naevii
661 2492 765 2575 quivis
787 2498 893 2575 potest
912 2491 1104 2576 intelligere,
1126 2495 1221 2557 istum
1243 2494 1323 2556 nihil
1345 2493 1431 2557 aliud
1451 2495 1552 2577 egisse
1568 2515 1623 2557 ne·

305 2608 368 2674 que
390 2607 474 2650 nunc
496 2607 589 2670 agere
611 2586 674 2650 nisi
696 2586 742 2647 uti
764 2587 922 2669 pervim,
944 2607 1002 2670 per
1023 2588 1186 2665 iniuriam,
1209 2609 1266 2672 per
1285 2589 1485 2673 iniquitatem
1512 2589 1622 2653 iudicii

305 2689 407 2746 totum
429 2701 553 2766 agrum,
576 2681 632 2766 qui
654 2681 830 2744 communis
853 2688 917 2757 est,
941 2702 1032 2745 suum
1053 2682 1156 2747 lacere
1178 2685 1288 2768 possit.

388 2836 491 2899 XXX.
521 2829 571 2897 9l.
599 2836 689 2897 Nunc
711 2853 807 2898 causa
827 2841 987 2935 perorata<¹
995 2856 1045 2898 res
1066 2837 1136 2919 ipsa
1158 2842 1188 2898 et
1210 2837 1344 2919 periculi
1365 2837 1568 2921 magnitudo)
1588 2840 1621 2904 C.

106 2995 123 3006 ,
136 2978 228 3025 Ν
267 2923 566 3015 ttAquili,(ccgere
589 2931 734 3004 videtur)
763 2937 799 2992 ut
821 2938 851 2992 te
874 2937 969 3013 atque
992 2951 1064 3006 eos,
1087 2931 1143 3014 qui
1165 2931 1222 2994 tibi
1245 2931 1277 2994 in
1300 2933 1434 2996 consilio
1457 2941 1544 3010 sunt,
1567 2934 1622 2998 ob·

305 3032 407 3090 secret
435 3025 671 3110 obtesteturque
698 3026 732 3087 P.
756 3025 925 3100 Quinctius
952 3046 1010 3108 per
1032 3034 1224 3089 seneclutem
1247 3047 1283 3090 ac
1306 3027 1511 3092 solitudinem
1532 3050 1622 3095 suam

304 3121 384 3186 nibil
414 3120 500 3184 allud
531 3121 593 3184 nisi
626 3127 662 3183 ut
682 3126 805 3184 vestrae
827 3126 957 3184 naturae
978 3121 1176 3204 bonitatique
1199 3120 1433 3206 obsequamini,
1466 3133 1518 3198 ut,
1550 3146 1622 3188 cum

303 3216 419 3280 veritas
442 3235 514 3279 cum
535 3215 597 3279 hoc
617 3215 729 3290 faciat,
751 3215 823 3298 plus
845 3215 940 3278 buius
961 3216 1071 3298 inopia
1091 3216 1193 3298 possit
1207 3216 1246 3279 ad
1263 3217 1510 3281 misericordiam
1526 3238 1621 3302 quam

303 3311 389 3374 illius
412 3329 488 3394 opes
510 3311 550 3376 ad
572 3311 800 3374 crudelitatem.
837 3307 888 3372 ci.
912 3310 983 3387 Quo
1007 3311 1058 3374 dic
1074 3311 1112 3373 ad
1128 3317 1158 3373 te
1174 3311 1311 3374 iudicem
1326 3312 1486 3389 venimus,
1509 3314 1621 3376 eodem

265 3406 355 3472 acdie
376 3406 505 3469 illorum
526 3405 644 3480 minas,
667 3425 746 3488 quas
761 3412 834 3469 ante
849 3405 1071 3480 horrebamus,
1094 3405 1254 3488 negligere
1269 3407 1441 3489 coepimus.
1479 3408 1512 3470 Si
1527 3428 1622 3471 causa

303 3522 374 3565 cum
396 3521 491 3566 causa
513 3500 737 3574 contenderet,
760 3521 818 3563 nos
840 3508 980 3564 nostram
1001 3499 1150 3583 perfacile
1173 3500 1272 3564 cuivis
1294 3501 1481 3584 probaturos
1503 3509 1621 3566 statue·

302 3597 433 3661 bamus:
467 3597 553 3681 quod
582 3595 667 3659 vitae
695 3595 775 3658 ratio
804 3615 877 3658 cum
907 3596 1030 3658 mtione
1051 3595 1134 3659 vitae
1157 3595 1357 3671 decerneret,
1390 3595 1506 3660 idcirco
1529 3597 1621 3661 nobis

303 3691 398 3756 etiam
419 3691 520 3774 magis
540 3697 573 3754 te
595 3691 700 3754 iudice
723 3710 804 3775 opus
827 3710 895 3754 esse
917 3690 1060 3754 arbitrali
1083 3710 1201 3754 sumus.
1244 3691 1290 3755 Ea
1310 3712 1361 3754 res
1384 3711 1468 3754 nunc
1489 3692 1621 3756 enimin

304 3786 486 3850 discrimino
507 3792 665 3860 versatur,
687 3791 793 3848 utrum
815 3785 959 3868 possitne
981 3805 1015 3848 se
1037 3795 1147 3848 contra
1167 3785 1324 3850 luxuriem
1343 3806 1379 3849 ac
1395 3786 1554 3851 licentiam
1568 3807 1621 3851 ru·

265 3880 424 3946 assticana
446 3880 502 3944 illa
523 3886 618 3965 atque
639 3880 760 3944 inculta
781 3880 975 3963 parsimonia
996 3879 1182 3957 defendere,
1204 3901 1245 3946 an
1261 3881 1435 3946 deformata
1452 3889 1547 3966 atque
1570 3901 1621 3946 or·

367 4173 392 4225 3.
409 4172 511 4234 indicio]
526 4171 623 4236 negotio
640 4171 666 4222 k.
686 4198 714 4208 -
732 4171 756 4221 s.
774 4170 888 4222 viromm
904 4171 929 4222 k.
951 4198 978 4208 -
997 4173 1020 4222 7.
1039 4171 1092 4237 ool]
1109 4177 1136 4223 nt
1151 4173 1176 4222 k.
1198 4199 1225 4210 -
1244 4173 1268 4223 9.
1286 4173 1323 4223 uti
1339 4173 1618 4239 eimbdabcdlg

302 4248 380 4300 blln
397 4251 424 4300 cl
439 4250 478 4310 A,
498 4252 526 4298 ul
543 4249 603 4298 ciL.
619 4274 647 4284 -
666 4248 705 4298 io.
724 4247 1074 4300 edictcmnlioeuinmom.
1090 4250 1115 4299 k.
1131 4275 1158 4284 -
1178 4247 1225 4299 cel.
1243 4253 1323 4299 oetote
1341 4261 1393 4312 mg.
1413 4247 1438 4302 2.
1454 4275 1481 4285 -
1501 4251 1539 4300 ll.
1558 4263 1618 4300 con-

301 4326 404 4376 sistite.
425 4351 452 4360 -
472 4325 511 4374 la.
532 4323 674 4386 Quinctium
690 4336 722 4372 ec
736 4323 841 4386 praedio
856 4325 882 4373 oi
898 4325 1024 4374 detmnum
1040 4337 1089 4375 esse
1100 4326 1128 4375 b.
1143 4353 1170 4361 -
1189 4325 1293 4375 Omnino
1309 4337 1370 4374 cum
1388 4325 1535 4375 Hotomano
1552 4327 1617 4377 LO:

304 4402 394 4452 omnic
418 4413 480 4451 cum
502 4399 638 4450 codicibus
662 4397 720 4452 Ab.
748 4426 776 4436 -
803 4397 842 4449 ll.
869 4403 892 4448 et
916 4399 1222 4464 BGbclgbilmn:
1249 4398 1570 4455 concatenatio,
1591 4427 1618 4438 -

299 4475 437 4540 posnmtk.
458 4501 485 4511 -
504 4474 1116 4540 dommnllomoeBancdigbiklmn:
1142 4476 1554 4531 liomccdomnmeetdbto.
1580 4476 1618 4526 Cl.

303 4551 327 4616 5.
340 4552 381 4601 85.
400 4551 485 4614 Frgm.
503 4552 618 4602 tertium.
634 4579 661 4587 -
681 4552 721 4601 ie.
734 4551 873 4613 adspirooit
889 4566 912 4602 e.
934 4576 961 4588 -
981 4553 1021 4602 lii.
1036 4554 1171 4614 possideret
1188 4565 1212 4603 e.
1227 4579 1254 4588 -
1273 4553 1312 4602 ll.
1329 4551 1404 4614 puisse
1420 4557 1443 4602 et
1459 4553 1577 4612 quievisse
1592 4551 1617 4602 k.

305 4655 333 4665 -
352 4625 392 4677 ⁴8.
410 4627 455 4677 boc
471 4639 523 4678 om.
542 4626 568 4682 tl.
589 4654 616 4663 —
642 4629 683 4678 20.
701 4641 752 4677 non
768 4641 821 4678 om.
840 4629 919 4678 uolt
936 4629 962 4678 et
979 4629 1009 4678 Α.
1036 4626 1122 4678 liubet
1141 4629 1194 4678 iam
1216 4625 1316 4678 Aldine.
1346 4653 1373 4662 —
1401 4639 1450 4676 esse
1472 4639 1524 4677 om.
1544 4627 1568 4676 k.
1589 4653 1618 4664 -

302 4704 343 4756 tt.
361 4703 425 4766 sunt]
443 4707 528 4752 osnmt
545 4703 563 4752 L
580 4703 666 4754 inullis
683 4701 828 4753 codicibus.
853 4703 891 4754 Ci.
910 4704 934 4768 ἓ.
948 4703 972 4755 i.
995 4729 1024 4740 —
1042 4704 1082 4754 ac.
1102 4707 1130 4766 (i.
1150 4705 1184 4753 cd
1199 4707 1343 4752 smeclulcm
1359 4715 1389 4752 oc
1404 4701 1558 4753 solitudines
1574 4703 1619 4753 bc

305 4778 384 4844 ghi,
408 4778 437 4839 Q.
461 4778 495 4826 od
516 4783 660 4828 senectsstem
676 4779 711 4828 od
726 4778 881 4828 solitudines
896 4792 927 4841 n,
947 4781 975 4841 ο.
994 4793 1025 4829 oc
1041 4785 1185 4830 senectutem
1201 4792 1231 4828 oc
1247 4779 1401 4828 solitudinem
1416 4777 1463 4840 dl,
1489 4779 1517 4840 (l.
1533 4791 1581 4841 per
1595 4791 1620 4828 se

304 4869 335 4906 cc
350 4858 495 4906 seneclutem
511 4860 534 4904 et
549 4855 704 4905 solitudinem
721 4855 875 4905 ekmetll.
892 4881 921 4892 ·-
939 4855 1049 4905 iteum
1065 4856 1125 4920 post
1141 4867 1166 4904 v.
1184 4855 1277 4904 centos
1293 4866 1345 4903 om.
1365 4852 1619 4916 Gebcdelgbi

304 4930 416 4983 klmn.
432 4957 460 4966 -
475 4929 528 4995 loc]
540 4929 950 4994 boecGebclgbilmnetA.
966 4959 992 4968 -
1007 4931 1047 4982 ³0.
1061 4929 1172 4980 cnteok.
1187 4957 1214 4966 —
1234 4931 1273 4981 3i.
1291 4929 1377 4994 coicis]
1394 4931 1490 4994 quotvis
1503 4931 1530 4979 P.
1545 4929 1621 4979 slor-

304 5010 376 5058 tasse
393 5009 451 5057 erat
467 5006 586 5069 pudone
603 5008 678 5057 Pera.
699 5033 726 5042 -
748 5011 910 5056 statueremus
925 5006 950 5055 k.
971 5033 998 5043 -
1017 5004 1057 5056 33.
1075 5019 1141 5054 nnnc
1156 5005 1264 5055 eniml’:
1283 5007 1349 5056 mim
1363 5020 1429 5056 nnnc
1446 5017 1507 5055 cum
1524 5005 1619 5056 ceteris

306 5083 441 5135 codicibus
452 5081 564 5137 bito.
580 5109 607 5119 -
626 5082 666 5133 ai.
684 5083 711 5131 in
722 5083 852 5134 discrimen
868 5095 896 5132 m
912 5083 939 5131 el
954 5080 980 5136 tl.
995 5109 1022 5120 -
1040 5086 1157 5132 mmmm
1167 5082 1246 5144 possit
1261 5081 1321 5146 nc,
1343 5084 1452 5146 possitne
1468 5081 1574 5148 (omisso
1591 5093 1617 5130 v.

305 5159 400 5228 ntmml
416 5161 441 5214 k.
462 5185 489 5198 -
508 5155 787 5214 contemnetis.
