3642 5868
256 302 318 372 iss
634 309 677 373 ut
698 305 864 374 manat
884 307 1007 376 serlo
1028 307 1210 374 SECUNDA

160 537 166 546 .
337 473 391 540 66.
426 479 491 543 lam
522 475 658 544 liemelii
691 475 903 562 Centuripini,
938 478 1048 562 optimi
1078 477 1327 562 nobilissimique
1358 475 1579 554 domassetis

255 574 466 637 testimouium
487 573 634 638 audistis:
655 593 674 638 a
695 594 758 658 quo
779 572 839 636 iss
855 593 872 638 c
886 573 972 638 milia
985 593 1043 656 per
1056 573 1242 638 palummum
1256 571 1467 657 malitiamque
1481 575 1580 657 petita

256 673 339 730 sunt.
387 667 451 730 Iste
481 667 591 751 poenis
622 669 917 753 compromissisque
945 667 1135 752 interpositis
1164 665 1223 730 HS
1254 683 1330 730 cccc
1360 664 1580 751 extorquenda

257 760 391 836 curarim
413 762 563 846 quodque
583 761 732 825 iudicium
753 763 925 826 secuudum
951 759 1130 826 Heraclium
1154 761 1194 824 de
1215 761 1439 845 compromisso
1459 760 1577 826 lacurn

232 858 336 928 serat,
368 873 439 918 eum
468 857 544 922 ciris
569 855 788 939 Centuripinus
815 857 897 919 inter
931 855 1009 919 dnos
1038 856 1121 919 eires
1152 853 1369 930 diiudicasset,
1398 854 1431 920 id
1456 855 1576 920 irritem

256 949 346 1012 mssit
360 967 431 1012 esse
444 969 580 1036 eumque
594 949 729 1013 iudicem
743 949 858 1013 talsum
872 948 1027 1012 iudicasse
1042 948 1204 1012 iudicarit:
1225 948 1257 1010 iu
1274 955 1384 1014 senatu
1397 969 1477 1023 esse,
1498 947 1576 1012 loeis

256 1040 491 1127 commodisque
510 1043 643 1126 publicis
663 1043 710 1106 uti
729 1044 838 1107 vetuit.
873 1044 905 1107 Si
927 1045 999 1127 quis
1020 1065 1092 1108 eum
1113 1043 1278 1126 pulsasset,
1299 1043 1400 1108 edixit
1412 1063 1482 1108 sese
1497 1041 1577 1106 iudi·

256 1135 338 1198 eium
359 1136 540 1201 iniuriarum
561 1157 626 1201 non
648 1129 808 1201 daurom:
832 1136 986 1222 quidquid
1008 1137 1047 1201 ab
1069 1157 1107 1200 eo
1126 1143 1294 1221 peteretur,
1315 1137 1450 1202 indicem
1464 1137 1504 1202 de
1519 1157 1578 1202 sua

256 1228 381 1292 ecberte
403 1229 556 1307 datumrm,
577 1233 638 1316 ipsi
658 1239 762 1296 autem
783 1231 901 1295 nullius
923 1232 1078 1296 actionem
1091 1233 1136 1294 rei
1152 1251 1221 1296 sese
1236 1231 1389 1296 daturum.
1411 1229 1463 1295 67.
1485 1230 1577 1309 Quae

218 1323 345 1390 rombus
365 1328 532 1389 auctoritas
559 1333 679 1390 tentsrm
699 1325 813 1400 valuit,
840 1333 877 1389 ui
896 1345 1001 1410 neque
1021 1326 1110 1389 illum
1130 1326 1269 1409 pulsaret
1290 1327 1473 1411 qnisquam,
1504 1345 1577 1390 cum

253 1424 378 1501 praetor
397 1421 431 1482 iu
451 1421 610 1504 provincia
631 1439 688 1483 sua
701 1419 798 1483 verbo
812 1421 1012 1503 permitteret,
1033 1440 1068 1484 re
1082 1420 1266 1495 hortaretur,
1287 1440 1391 1505 neque
1407 1422 1577 1506 quisquam

254 1512 294 1575 sb
322 1531 360 1576 eo
388 1513 563 1599 quidquam
590 1523 727 1599 peteret,
756 1515 907 1578 carniste
933 1515 1107 1580 calumniae
1128 1514 1286 1580 licentiam
1308 1535 1365 1578 sua
1392 1515 1576 1578 auctoritate

254 1606 451 1671 ostendisset
492 1609 667 1692 Ignominia
688 1614 792 1671 autem
822 1607 876 1672 illa
905 1609 1006 1690 gravis
1035 1615 1099 1672 tam
1129 1608 1183 1672 diu
1210 1611 1244 1672 in
1270 1607 1325 1672 illo
1352 1607 1480 1672 bomine
1504 1607 1574 1684 sarit,

253 1721 347 1784 quam
376 1701 430 1766 diu
456 1703 515 1766 iste
544 1703 577 1766 in
605 1704 765 1787 provincia
793 1702 914 1765 mansit.
963 1703 1032 1767 Hoc
1057 1704 1170 1766 iniecto
1199 1711 1284 1766 metu
1310 1700 1464 1766 iudicibus
1491 1722 1574 1768 noro

216 1809 349 1870 temore,
370 1795 459 1860 nullo
480 1795 643 1881 exemplo,
671 1815 803 1880 ecquam
824 1816 891 1859 rem
913 1798 1025 1879 putatia
1048 1816 1118 1859 esse
1139 1797 1172 1859 iu
1195 1796 1300 1860 Sicilia
1320 1795 1381 1860 nisi
1402 1796 1442 1859 ad
1462 1803 1574 1860 nutum

251 1891 339 1953 istius
362 1890 550 1954 iudicatam?
594 1891 702 1955 lituum
724 1891 757 1954 id
779 1891 880 1955 solum
902 1891 1115 1954 videturesse
1137 1897 1256 1964 aenam,
1287 1888 1372 1974 qnod
1401 1896 1573 1956 esttamen

251 1991 363 2059 actum,
384 1993 420 2048 ut
439 1984 518 2049 baec
533 1984 678 2049 Heraclio
692 1985 826 2069 pecunie
842 1985 1034 2069 eriperetur?
1056 2004 1097 2048 au
1113 1985 1205 2048 etiam
1221 1983 1309 2058 illud,
1330 1985 1364 2048 in
1378 2005 1442 2068 quo
1456 1983 1572 2068 praeda

252 2085 319 2142 erat
338 2079 483 2154 maxima,
504 2087 540 2142 ut
560 2079 686 2142 nomine
707 2079 892 2142 iudiciorum
914 2081 1052 2144 omnium
1072 2079 1156 2142 bona
1170 2085 1265 2163 atque
1280 2077 1423 2144 torbrnae
1436 2081 1471 2143 iu
1483 2080 1571 2145 istius

250 2173 343 2237 unius
366 2180 472 2238 essent
492 2176 666 2257 potestate?

214 2279 242 2327 m
334 2267 480 2331 xxvfll.
510 2265 560 2329 66.
590 2269 655 2331 lam
676 2287 751 2331 vero
773 2269 806 2330 in
828 2287 931 2330 rerum
952 2268 1130 2352 capitalium
1151 2267 1388 2352 quaestionibus
1410 2266 1489 2352 quid
1510 2287 1570 2352 eqo

250 2381 517 2446 unamquamque
538 2381 604 2425 rem
627 2362 770 2446 colligam
792 2368 824 2425 et
845 2365 991 2426 causam?
1020 2363 1070 2424 Ex
1091 2361 1197 2426 multis
1220 2360 1372 2426 similibus
1388 2382 1425 2425 ea
1440 2382 1571 2439 sumam,

252 2475 332 2540 quae
362 2457 495 2520 maxime
527 2457 721 2540 improbitate
754 2457 910 2520 excellere
939 2455 1136 2520 videbuntur.
1191 2458 1321 2540 Sopater
1356 2456 1484 2540 quidam
1513 2457 1572 2522 tuit

148 2529 187 2640 b
249 2549 459 2632 Halicyensis,
487 2550 693 2637 hqmpdomi
719 2569 793 2614 suae
823 2571 893 2614 curn
920 2552 1027 2635 primis
1055 2551 1194 2635 locuples
1216 2559 1310 2634 atque
1332 2549 1493 2618 honestus.
1536 2555 1568 2617 ls

249 2643 289 2706 sb
310 2644 444 2707 ini-seis
466 2645 530 2707 suis
552 2645 634 2730 apud
658 2645 691 2708 C.
714 2645 914 2709 Sacerdotem
941 2652 1116 2729 praetorem
1144 2646 1189 2708 rei
1218 2644 1356 2728 capitalis
1386 2665 1458 2711 eum
1479 2669 1571 2712 aecn-

212 2746 334 2804 666463
356 2743 455 2814 esset,
483 2739 575 2802 facile
603 2760 641 2803 eo
669 2739 784 2804 iudicio
807 2746 855 2802 est
875 2738 1032 2803 liberatus.
1074 2741 1156 2802 Huic
1184 2740 1286 2812 eidem
1314 2740 1445 2824 Sopatro
1474 2740 1570 2806 iidem

248 2834 367 2900 inimici
388 2831 428 2896 ad
451 2832 484 2896 C.
506 2834 644 2909 Verrem,
667 2854 738 2898 curn
759 2836 786 2898 is
803 2834 963 2897 Sacerdoti
985 2835 1199 2914 successisset,
1221 2833 1362 2898 eiusdem
1383 2835 1430 2898 rei
1452 2856 1568 2900 nomeu

249 2929 438 2993 delrrleruut.
470 2928 532 2991 lies
547 2928 677 3012 Sopatro
698 2928 798 2992 facilis
819 2928 991 3002 videbatur,
1012 2937 1045 2991 et
1065 2929 1150 3012 quod
1172 2935 1239 2992 erat
1258 2929 1410 2992 innocens
1432 2935 1464 2992 et
1484 2931 1568 3014 quod

249 3019 425 3087 Sacerdotis
446 3023 596 3086 iudicium
617 3023 792 3106 improbare
812 3025 906 3087 istum
927 3041 1075 3086 ausumm
1101 3042 1165 3086 nou
1194 3021 1406 3086 arbitrabatur.
1451 3023 1570 3088 Citatur

247 3135 337 3179 reus:
365 3135 458 3180 causa
478 3117 579 3199 agitur
600 3118 776 3201 Syracusis:
805 3119 934 3181 crimina
953 3124 1123 3180 tractautm
1143 3116 1183 3180 ab
1205 3123 1383 3181 accusatore
1404 3137 1458 3192 ea,
1488 3137 1568 3200 quae

210 3215 238 3264 ὓ
248 3217 336 3276 aaut
356 3218 456 3274 autea
469 3231 532 3275 uon
548 3211 649 3275 solum
663 3211 856 3286 defensioue,
878 3213 1091 3276 verumetiam
1107 3211 1220 3274 iudicio
1236 3207 1397 3274 dissoluta.
1420 3207 1470 3274 69.
1490 3212 1569 3276 Cau·

117 3271 164 3380 s
247 3324 313 3368 sam
328 3304 450 3389 Sopatri
471 3305 659 3369 defendebat
674 3306 713 3382 Q.
728 3307 897 3392 Minucius,
915 3327 1013 3392 eques
1035 3307 1192 3369 Romanus
1212 3305 1367 3389 inprimis
1383 3305 1566 3390 splendidus

247 3405 341 3482 mque
361 3399 512 3464 honestus
534 3399 696 3483 vobisque,
719 3399 847 3474 iudices,
869 3420 932 3463 uon
954 3402 1088 3482 ignotus.
1124 3399 1208 3464 Nihil
1231 3399 1342 3462 eratin
1357 3420 1461 3473 eausa,
1483 3399 1569 3483 quod

247 3492 449 3557 metuendum
469 3501 524 3556 aut
544 3495 672 3557 omnino
695 3494 779 3577 quod
796 3493 999 3557 dubitandum
1020 3493 1187 3558 videretur.
1223 3495 1345 3558 Interea
1365 3494 1454 3558 istius
1475 3493 1568 3558 liber-

246 3594 296 3652 tus
319 3594 350 3650 et
370 3606 520 3651 accensus
536 3587 758 3663 Timarchides,
780 3589 835 3673 qui
857 3594 913 3662 est,
937 3587 968 3651 id
991 3587 1076 3672 quod
1099 3608 1140 3651 ex
1159 3587 1300 3671 piurimis
1317 3588 1449 3652 testibus
1464 3589 1567 3672 priore

209 3681 368 3746 stacione
390 3679 560 3759 didicistis,
588 3703 693 3745 rerum
718 3681 937 3745 huiuscemodi
965 3683 1103 3746 omnium
1130 3688 1302 3746 transactor
1323 3689 1355 3745 et
1375 3681 1567 3764 administer,

310 3906 335 3956 4.
354 3905 514 3956 marcescis
527 3905 702 3955 mmmsmtsm
717 3904 748 3953 V.
764 3932 791 3941 -
804 3903 829 3954 i.
842 3903 945 3968 emite]
963 3905 1079 3956 occisos
1090 3904 1121 3954 V.
1136 3931 1163 3942 ·-
1177 3904 1201 3955 3.
1213 3905 1523 3969 semprmsempossis
1533 3906 1564 3956 V.

248 4005 275 4017 -
288 3981 469 4045 csrsprmrrissts
478 3980 511 4031 V.
525 4005 553 4018 -
566 3980 607 4030 HS
617 3991 678 4031 cccc
688 3977 767 4029 codd.
780 3981 888 4043 praeter
897 3980 928 4041 V,
946 3980 971 4029 lo
984 3991 1037 4044 quo
1049 3981 1091 4031 est
1100 3979 1142 4030 Hs
1152 3991 1197 4031 ccc
1206 3980 1221 4030 1
1228 3991 1287 4038 ³³³3
1305 3979 1347 4030 HS
1357 3993 1403 4032 ccc
1413 3979 1442 4030 0.
1457 4005 1484 4016 -
1496 3976 1522 4031 4.
1536 3981 1568 4031 sis

244 4057 419 4120 conpromisso
435 4054 504 4119 tht
520 4066 547 4119 p.
565 4067 603 4104 m.
621 4069 659 4116 cp:
681 4055 856 4116 conpromisso
873 4056 934 4117 (orn.
952 4055 989 4118 de)
1007 4055 1043 4115 V;
1065 4055 1096 4104 de
1110 4055 1291 4116 compromissts
1307 4056 1352 4106 ott.
1371 4055 1399 4105 0.
1421 4081 1448 4092 ·-
1467 4055 1491 4105 l.
1509 4069 1567 4107 enm

245 4131 338 4197 63649
353 4144 380 4196 p.
399 4143 435 4182 m.
454 4131 490 4180 V:
515 4131 581 4192 peod
596 4131 641 4180 ott.
660 4129 689 4179 0.
710 4155 737 4166 —
756 4130 818 4179 deos
838 4130 901 4179 FV:
925 4131 974 4180 deo
990 4132 1034 4180 ott.
1054 4129 1082 4180 0.
1104 4157 1131 4166 -
1158 4130 1315 4180 diiudicasset
1341 4129 1410 4193 igis
1433 4143 1458 4191 p.
1478 4144 1514 4182 ru.
1533 4133 1563 4182 1³:

244 4209 375 4258 mammes
394 4205 433 4256 eV
450 4206 495 4256 cti.
514 4205 543 4254 0.
564 4231 591 4241 -
610 4203 636 4253 6.
653 4201 766 4266 susem]
783 4204 875 4254 ludicro
891 4205 921 4254 V.
943 4233 970 4244 -
987 4206 1051 4269 sciso
1068 4206 1089 4256 ii
1108 4207 1170 4268 [non
1185 4205 1250 4256 item
1266 4204 1350 4269 egis,
1369 4205 1403 4256 de
1420 4218 1474 4269 qun
1490 4207 1567 4258 Zum-

245 4283 315 4353 ptius
332 4281 449 4347 erravit]
469 4307 496 4319 -
523 4293 573 4332 esse
589 4279 656 4343 egit
674 4291 701 4344 p.
719 4291 755 4330 m.
773 4294 814 4342 cp:
834 4294 867 4332 ss
882 4294 932 4332 ssse
947 4282 982 4341 V;
1009 4293 1040 4330 oe
1055 4285 1115 4330 mest
1134 4280 1179 4330 cti.
1197 4279 1227 4330 0.
1247 4306 1275 4317 -
1301 4279 1325 4329 9.
1347 4280 1386 4330 rsi
1405 4293 1433 4331 ss
1448 4281 1567 4332 emeram

245 4359 276 4409 V.
297 4383 324 4395 -
343 4359 384 4408 44.
404 4355 517 4420 prester]
537 4355 645 4419 pepcius
666 4355 792 4405 Romame
811 4355 841 4405 V.
869 4355 908 4406 Gt.
927 4353 950 4418 5.
969 4355 1025 4405 439.
1045 4379 1072 4391 -
1093 4357 1132 4406 ii.
1151 4367 1224 4404 eccm
1240 4355 1414 4406 auctoritates
1424 4355 1454 4405 V.
1476 4381 1503 4394 -
1523 4357 1564 4408 43.

245 4433 385 4484 6346666364
402 4431 471 4496 6349
487 4443 513 4496 p.
531 4443 568 4482 m.
585 4430 652 4494 qu:
675 4431 819 4493 possedisset
835 4431 895 4489 ctt.;
919 4431 1021 4480 dedisset
1035 4429 1069 4488 0;
1091 4429 1247 4492 praebuisset
1265 4431 1346 4494 Naug.
1362 4457 1390 4468 -
1412 4429 1453 4482 44.
1473 4432 1566 4482 massi

246 4509 284 4559 eV
300 4507 433 4574 plerique:
451 4508 500 4572 (ott
513 4507 583 4571 6329
599 4519 626 4572 p.
639 4517 691 4564 nr.;
709 4506 737 4554 is
749 4505 793 4555 iiio
808 4505 832 4556 ii.
845 4506 923 4556 boeot
939 4504 989 4567 (vei
1003 4505 1114 4568 messii),
1134 4505 1299 4567 pcemcte--
1309 4507 1358 4570 soit
1376 4508 1444 4557 coni.
1466 4506 1513 4558 Lb.
1535 4533 1563 4544 ·—

245 4585 285 4634 46.
298 4581 482 4644 mereersV.
500 4581 660 4646 Ambiguum
671 4579 755 4631 videri
767 4583 862 4645 potest,
880 4583 967 4630 uirum
984 4580 1127 4644 praeferas,
1146 4593 1208 4631 cnm
1220 4583 1362 4646 utrumque
1379 4595 1432 4634 nou
1450 4584 1566 4649 ineptam

244 4657 373 4724 praebeat
389 4657 556 4709 sententiam.
573 4656 614 4708 sd
624 4654 755 4718 vulgatam
768 4654 861 4706 center
875 4653 900 4719 5.
913 4654 952 4704 93.
968 4656 1138 4717 «accomodo,
1155 4655 1224 4706 scito
1234 4657 1360 4718 smmpto»
1373 4656 1397 4721 g.
1411 4657 1467 4709 444.
1487 4671 1565 4708 «seeo

244 4745 327 4784 mores
345 4733 375 4782 V.
388 4732 412 4797 9.
426 4733 467 4784 66.
479 4745 506 4798 p.
519 4732 598 4783 Caee.
612 4731 636 4796 S.
649 4730 690 4781 36.
707 4742 790 4780 rmore
800 4730 970 4792 siccome.-
987 4730 1030 4780 iss
1046 4730 1073 4781 et
1088 4731 1228 4794 mempisco
1243 4732 1387 4795 iunguntur
1401 4732 1444 4782 lii.
1463 4731 1486 4796 S.
1507 4733 1562 4783 aas.

246 4810 301 4862 496.
324 4807 408 4874 (titt)
428 4835 453 4844 -
473 4813 497 4858 ei
513 4819 589 4871 passm
604 4806 640 4868 V,
657 4807 777 4870 iscqscm
793 4805 870 4869 6349.
891 4831 919 4842 -
938 4806 977 4857 ii.
996 4807 1056 4856 base
1071 4805 1101 4866 4,
1118 4821 1155 4869 sp:
1180 4819 1233 4858 om.
1252 4809 1297 4858 cit.
1312 4808 1341 4857 0.
1363 4833 1390 4844 -
1407 4807 1477 4872 44466]
1494 4807 1565 4858 iiisms

245 4887 277 4938 V.
297 4913 325 4924 -
344 4887 384 4937 49.
401 4884 606 4935 ministerii.
622 4909 650 4920 -
665 4887 811 4944 potestatem
828 4881 926 4931 Fit·
944 4881 984 4931 m.
1003 4880 1129 4946 eccsikre]
1147 4886 1170 4931 st
1185 4882 1273 4933 meiere
1289 4880 1400 4944 639944.
1415 4882 1566 4933 -ssflm

245 4959 357 5025 metensis
372 4959 441 5025 6319
457 4959 489 5012 V.
503 4984 532 4997 -
549 4971 607 5009 men
621 4957 752 5020 inprimis
767 4957 796 5006 V.
811 4981 838 4991 —
857 4957 897 5006 96.
916 4955 998 5022 Man]
1015 4955 1206 5020 lemovigas.
1222 4981 1249 4992 -
1268 4956 1308 5007 34.
1327 4955 1513 5021 Haumlgii.
1533 4981 1562 4994 -

245 5036 286 5089 34.
301 5035 465 5088 reserentes
479 5033 549 5100 ipit
565 5047 592 5099 p.
605 5045 659 5086 m.:
677 5031 743 5083 idem
754 5031 874 5082 Tiemrci.
888 5032 934 5081 ott.
947 5032 976 5083 0.
991 5058 1019 5076 -ψ
1037 5030 1257 5083 attemperavit
1267 5029 1363 5082 codd:
1381 5029 1520 5082 immadi
1530 5030 1560 5082 0.
