3642 5862
272 433 336 502 396
644 441 687 506 lli
708 439 876 504 VERREM
895 439 1019 506 torto
1042 441 1224 506 SECUNDA

271 594 384 676 navem
412 608 463 673 vel
490 627 591 692 usque
622 607 663 672 ad
684 608 862 686 Oceanum,
896 611 922 674 si
948 611 1205 694 imperassemus,
1237 617 1364 695 sumptu
1385 611 1590 696 periculoque

272 724 330 768 suo
352 711 502 768 armatam
524 711 619 787 atque
641 711 782 768 ornatam
804 707 926 769 mittere
949 705 1141 768 debuerunt:
1168 705 1198 769 ei
1220 726 1261 769 ne
1282 705 1315 767 in
1336 705 1417 769 ireto
1439 712 1511 768 ante
1533 725 1592 792 sua

270 805 354 861 tecta
376 804 408 860 et
429 796 539 860 domos
561 798 760 881 navigarent,
783 819 822 862 ne
845 819 902 888 sua
916 800 1041 863 moenia
1055 807 1229 884 portusque
1244 798 1466 874 defenderent,
1487 801 1591 882 pretio

270 893 326 956 abs
348 898 379 953 te
401 891 450 953 ius
478 890 616 954 foederis
639 899 671 955 et
697 892 821 976 imperii
844 893 1062 959 condicionem
1083 894 1295 958 redemerunt.
1337 887 1388 954 5t.
1411 892 1496 968 Quid
1518 911 1592 956 oen·

246 987 346 1050 tsetis
378 987 412 1048 in
429 985 501 1049 ⁴boo
526 985 657 1050 foedere
683 986 829 1050 faciendo
856 987 993 1053 voluisse
1019 988 1221 1052 Mamertinos
1249 986 1432 1071 impendere
1462 986 1591 1062 laboris,

268 1099 404 1163 operae,
426 1081 593 1164 pecuniae,
623 1100 663 1143 ne
686 1080 765 1144 baeu
786 1082 915 1145 biremis
937 1081 1183 1157 adscriberetur,
1211 1081 1237 1145 si
1259 1081 1293 1144 id
1315 1081 1380 1145 ullo
1402 1080 1494 1144 modo
1516 1099 1592 1163 pos·

269 1182 340 1238 sent
361 1194 380 1237 a
401 1175 517 1237 nostris
539 1174 710 1237 maioribus
732 1175 922 1259 impetraret
948 1177 1043 1250 Nam,
1065 1195 1133 1238 oum
1156 1174 1216 1238 boc
1238 1195 1350 1239 munus
1371 1174 1592 1257 imponebatur

269 1275 332 1331 tam
361 1287 455 1351 grave
485 1268 621 1344 civitati,
652 1269 755 1333 inerat
781 1270 889 1332 neseio
924 1289 987 1354 quo
1019 1269 1114 1332 modo
1143 1269 1177 1333 in
1202 1269 1258 1333 illo
1278 1270 1408 1333 foedere
1430 1269 1592 1333 societatis

270 1362 361 1447 quasi
390 1361 547 1446 quaedam
577 1369 653 1426 nota
675 1363 850 1427 servitutis.
893 1363 987 1439 Quod
1009 1371 1076 1426 tum
1098 1364 1278 1427 recentibus
1301 1365 1367 1427 suis
1389 1359 1519 1438 officiis,
1543 1363 1592 1425 iu·

232 1463 356 1539 toteqra
375 1476 426 1529 re,
448 1456 544 1518 nullis
565 1456 677 1539 populi
699 1457 831 1520 Romani
851 1455 1089 1521 difficultatibus
1104 1477 1124 1520 a
1139 1458 1312 1522 maioribus
1327 1458 1445 1521 nostris
1459 1455 1589 1521 loedere

268 1552 394 1636 assequi
415 1571 479 1614 non
502 1556 689 1634 potuerunt,
711 1551 742 1615 id
765 1571 867 1626 nunc,
890 1551 979 1615 nullo
1002 1549 1108 1615 ollioio
1131 1572 1206 1628 suo,
1228 1561 1277 1616 tot
1297 1553 1387 1617 annis
1408 1559 1498 1635 post,
1520 1551 1590 1614 iure

267 1645 391 1728 imperii
413 1646 513 1709 nostri
536 1645 706 1728 quotannis
727 1653 914 1728 usurpatum
936 1665 972 1709 ao
995 1665 1119 1729 semper
1140 1653 1314 1722 retentum,
1336 1665 1457 1710 summa
1480 1647 1513 1709 in
1529 1646 1591 1708 dii·

266 1738 406 1803 iicultate
428 1739 556 1803 navium
578 1737 646 1803 aC.
661 1739 757 1802 Verre
778 1740 881 1822 pretio
903 1740 1039 1803 assecuti
1061 1747 1152 1815 sunt,
1174 1759 1211 1802 aa
1231 1759 1296 1804 non
1310 1741 1371 1804 boo
1387 1741 1490 1804 solum
1505 1760 1590 1805 asse-

268 1834 348 1908 cuti,
378 1855 419 1897 ne
446 1853 558 1898 navem
585 1834 713 1896 darent:
742 1853 876 1918 ecquem
897 1843 1042 1909 nauum,
1072 1853 1205 1918 ecquem
1227 1833 1375 1910 militem,
1404 1835 1459 1918 qui
1480 1835 1589 1898 autin

231 1927 367 1991 taolasse
388 1933 444 1991 aut
464 1927 498 1991 iu
520 1927 680 2011 praesidio
703 1935 802 2004 esset,
830 1936 861 1991 te
888 1935 1033 2012 praetore
1051 1947 1109 2013 per
1133 1929 1303 1992 triennium
1329 1929 1508 2018 Mamertini
1535 1929 1591 1992 de·

268 2021 405 2086 derunt?

349 2117 437 2179 xxi.
466 2111 517 2179 52.
545 2115 693 2201 Denique
723 2137 794 2181 cum
827 2137 867 2182 ex
896 2123 1025 2182 senatus
1047 2117 1193 2182 consulto
1214 2116 1355 2201 itemque
1365 2115 1417 2204 (ex
1438 2117 1508 2211 lege
1530 2118 1590 2182 Te-

86 2177 160 2307 (JV
267 2210 369 2274 rentia
389 2218 421 2274 et
442 2203 764 2317 Cassiaqirumentum
785 2211 995 2296 aequabiliter
1015 2211 1077 2275 emi
1100 2213 1139 2274 ab
1162 2211 1309 2274 omnibus
1333 2211 1459 2274 Siciliae
1480 2211 1590 2275 civita·

266 2303 351 2367 tibus
384 2311 561 2388 oporteret,
593 2305 627 2368 id
660 2326 789 2390 quoque
821 2327 937 2370 munus
970 2306 1038 2370 leve
1072 2313 1167 2390 atque
1199 2325 1366 2369 commune
1394 2307 1589 2371 Mamertinis

227 2398 423 2462 aoremisisti.
437 2431 478 2446 -
499 2401 592 2464 Dices
613 2399 806 2464 frumentum
821 2401 1025 2464 Mamertinos
1046 2420 1111 2464 non
1127 2401 1252 2463 debere.
1267 2432 1309 2447 -
1327 2397 1399 2475 Quo
1415 2400 1509 2464 modo
1523 2421 1588 2464 non

266 2494 404 2557 deberet
425 2513 484 2569 an,
505 2501 542 2557 ut
562 2513 603 2556 ne
618 2494 812 2558 venderent?
834 2514 900 2558 non
922 2494 1007 2558 enim
1029 2503 1095 2558 erat
1116 2495 1178 2557 boe
1200 2513 1299 2577 genus
1320 2494 1469 2559 frumenti
1492 2515 1533 2560 ex
1547 2515 1586 2560 eo

265 2607 396 2673 genere,
420 2587 505 2671 quod
528 2589 725 2670 exigeretur,
748 2589 805 2652 sed
827 2609 868 2652 ex
890 2608 944 2663 eo,
967 2589 1054 2673 quod
1077 2596 1243 2652 emeretur.
1277 2589 1321 2650 Te
1343 2589 1439 2670 igitur
1459 2598 1588 2656 auctore

265 2689 297 2746 et
327 2682 499 2764 interprete
527 2701 567 2744 ne
594 2681 664 2745 ioro
698 2683 828 2766 quidem
851 2689 883 2746 et
903 2689 1079 2746 commeatu
1100 2681 1280 2745 Mamertini
1302 2683 1411 2746 iuvare
1433 2685 1588 2768 populum

263 2777 439 2839 Romanum
463 2777 648 2841 debuerunt
685 2775 736 2840 53.
759 2775 849 2853 Quae
871 2779 998 2841 tandem
1021 2777 1132 2840 civitas
1153 2776 1229 2851 fuit,
1253 2795 1334 2860 quae
1351 2775 1500 2840 deberetl
1523 2777 1586 2853 Qui

227 2870 410 2956 republicae
431 2890 524 2954 agros
546 2880 651 2947 arant,
675 2878 794 2934 certum
817 2878 879 2947 est,
902 2871 1012 2956 quide
1034 2870 1105 2953 lege
1127 2871 1271 2934 censoria
1285 2869 1437 2933 debeantr
1460 2871 1588 2935 curbis

265 2964 439 3050 quidquam
460 2973 624 3049 praeterea
645 2986 685 3030 ex
707 2966 770 3029 alio
792 2985 906 3048 genere
928 2965 1147 3048 imperavisti?
1181 2964 1267 3041 Quid
1289 2963 1482 3029 decumani?
1511 2986 1588 3029 num

264 3058 342 3145 quid
365 3067 491 3141 praeter
511 3061 651 3143 singulas
673 3063 822 3125 decumas
845 3061 976 3143 exlege
998 3059 1169 3123 Hieronica
1192 3057 1332 3121 debenti
1359 3057 1486 3122 curbis
1510 3080 1589 3143 quo-

266 3157 328 3238 que
350 3154 504 3229 statuisti,
528 3163 680 3238 quantum
704 3176 745 3219 ex
766 3156 828 3219 boo
850 3172 966 3237 genere
986 3153 1136 3217 frumenti
1159 3152 1257 3235 empti
1272 3152 1405 3215 darentl
1428 3149 1513 3227 Quid
1528 3153 1587 3214 im·

264 3251 399 3311 munes?
420 3248 453 3310 bi
476 3256 560 3311 certe
583 3249 663 3312 nibil
686 3250 810 3313 debent.
832 3251 873 3312 At
894 3249 940 3311 eis
961 3268 1025 3311 non
1041 3248 1136 3310 modo
1151 3246 1331 3329 imperasti,
1352 3265 1463 3308 verum
1480 3246 1584 3322 etiam,

226 3355 329 3426 eoquo
360 3341 432 3425 plus
459 3343 583 3418 darent,
617 3363 712 3427 quam
734 3351 896 3427 poterant,
927 3342 1005 3407 baec
1027 3359 1184 3424 sexagena
1205 3339 1294 3403 milia
1314 3340 1470 3415 modium,
1505 3360 1587 3424 quae

226 3435 227 3438 ’
264 3437 459 3502 Mamertinis
480 3437 658 3513 remiseras,
680 3437 839 3502 addidisti.
871 3438 981 3520 Neque
1001 3436 1063 3499 boc
1079 3437 1162 3509 dieo,
1183 3434 1296 3497 ceteris
1310 3453 1374 3496 nou
1389 3441 1473 3496 recte
1487 3433 1587 3516 impe-

263 3539 382 3594 ratum:
406 3530 461 3593 sed
483 3532 696 3609 Mamertinis,
725 3532 945 3616 quietantia
968 3530 1078 3593 eadem
1100 3547 1195 3592 causa
1216 3535 1248 3591 at
1270 3527 1385 3611 quibus
1407 3528 1586 3613 superiores

264 3645 392 3701 omnes,
414 3626 491 3688 item
510 3633 547 3689 ut
568 3628 698 3701 ueteris,
720 3627 913 3709 imperarant
933 3625 1164 3707 pecuniamque
1187 3641 1227 3684 ex
1249 3628 1376 3684 senatus
1392 3621 1537 3685 consulto
1554 3628 1586 3684 et

265 3739 306 3782 ex
328 3720 396 3802 lege
418 3720 646 3796 dissolverant,
673 3721 724 3784 bis
753 3719 823 3784 dico
851 3739 916 3782 non
943 3725 1028 3782 recte
1050 3717 1227 3781 remissum.
1269 3717 1310 3779 Et
1330 3723 1366 3778 ut
1386 3716 1448 3779 boo
1469 3711 1587 3778 benefi-

225 3813 364 3888 aeoium,
387 3815 542 3898 quemad
565 3815 693 3878 modum
715 3814 847 3890 dicitur,
868 3813 982 3877 trabali
1004 3811 1093 3876 olavo
1115 3807 1242 3894 figeret,
1264 3808 1490 3874 cumconsilio
1513 3828 1586 3896 oau-

329 4102 354 4152 2.
373 4107 490 4153 armatam
506 4107 582 4165 atque
597 4107 725 4154 armatam
741 4103 818 4167 Laii.
838 4129 865 4139 —
885 4103 917 4166 er]
933 4107 956 4152 et
972 4101 1022 4160 113;
1046 4101 1071 4150 lvi
1088 4101 1117 4149 0.
1137 4125 1164 4134 -
1183 4102 1241 4147 aute
1256 4108 1309 4146 om.
1329 4094 1374 4145 aa.
1394 4121 1421 4131 -
1441 4093 1464 4146 1.
1482 4097 1586 4160 foederis

263 4177 361 4238 imperii
376 4179 448 4228 caud.
466 4183 578 4228 mmuut
594 4179 672 4243 lagg.
690 4181 797 4243 praeter
813 4179 854 4228 29.
880 4203 907 4213 -
930 4178 954 4226 e.
972 4175 1085 4238 [odardo
1102 4173 1155 4224 aa:
1177 4171 1294 4235 faciundo
1311 4169 1375 4220 dett.
1395 4169 1475 4220 0.⁴—
1498 4173 1586 4236 inpru-

267 4256 324 4305 dere
340 4255 369 4304 ll.
390 4279 417 4290 ·-
437 4255 461 4304 7.
479 4253 645 4317 inponebotur
661 4253 696 4305 aa
709 4250 738 4302 λε
757 4251 929 4316 imperabatur
939 4251 1003 4301 dett.
1019 4277 1045 4286 -
1064 4249 1088 4299 8.
1107 4248 1207 4297 inerant
1222 4247 1290 4297 lim.
1303 4257 1357 4296 sec.
1373 4269 1399 4281 -
1418 4248 1583 4300 societateali.

267 4357 294 4366 -
314 4332 355 4380 ti.
374 4329 476 4391 adsequi
492 4329 526 4390 a,
545 4331 573 4379 et
588 4329 627 4379 sio
644 4327 780 4392 deinceps.
800 4355 827 4365 -
845 4327 913 4377 uallo
928 4339 991 4376 uoao
1008 4325 1088 4390 offitio
1104 4323 1169 4374 dett.
1188 4321 1216 4372 0.
1237 4347 1264 4356 —
1282 4325 1318 4370 tot
1329 4322 1456 4370 --uoatri
1472 4333 1526 4372 om.
1538 4322 1583 4373 113.

267 4429 294 4439 -
314 4403 354 4454 ta.
373 4404 512 4465 quodannis
528 4403 557 4454 li.
577 4430 605 4440 -
627 4409 749 4466 umrpato
766 4415 798 4451 aa
813 4415 909 4466 seraper
923 4405 1017 4452 retento
1033 4399 1098 4450 dett.
1124 4423 1151 4434 -
1175 4397 1215 4447 13.
1238 4410 1269 4446 ac
1288 4409 1338 4445 uois
1355 4397 1417 4446 1th
1433 4395 1463 4445 2:
1490 4403 1518 4446 at
1536 4412 1586 4448 aaa

265 4478 326 4536 td.;
345 4483 373 4529 at
384 4480 478 4542 Lagg.;
496 4478 527 4529 At
543 4484 600 4528 aurit
611 4478 641 4529 0.
659 4479 858 4529 Distinctionem
874 4475 1019 4526 verborum
1037 4474 1150 4525 correxit
1161 4470 1304 4534 Madvigius
1315 4483 1341 4535 p.
1354 4471 1411 4521 ito.
1426 4498 1453 4508 -
1467 4473 1506 4522 ti.
1519 4475 1586 4536 cum]

262 4558 315 4603 tum
331 4553 360 4604 a.
380 4579 407 4589 -
426 4555 467 4604 at.
487 4567 522 4603 arr
537 4557 566 4603 ut
580 4551 619 4618 ue]
638 4567 673 4602 au
689 4557 717 4601 ut
733 4553 816 4610 aaa
835 4556 880 4600 aut
895 4551 984 4607 uth;
1003 4563 1038 4599 aa
1052 4563 1103 4599 nou
1119 4547 1165 4598 Ld.
1180 4573 1209 4584 -
1227 4547 1267 4597 11.
1285 4547 1328 4596 red
1344 4559 1372 4596 eo
1389 4547 1466 4610 Lagg.
1479 4551 1587 4612 praeter

263 4627 303 4679 ta.
324 4655 352 4666 -
370 4634 497 4679 auctorem
513 4633 537 4678 et
552 4629 710 4691 interpretem
726 4626 770 4678 aa.
796 4653 823 4663 -
848 4625 889 4675 23.
907 4629 1070 4674 coruneatam
1087 4625 1115 4675 li.
1139 4649 1167 4660 -
1190 4622 1279 4672 iuuare
1299 4635 1358 4684 pop.
1376 4621 1405 4672 ll.
1423 4623 1459 4673 R3
1471 4620 1583 4686 angae:

260 4715 318 4765 pop.
337 4702 366 4753 ll.
384 4704 473 4753 iuuare
489 4701 554 4756 dett.
573 4703 602 4752 0.
622 4730 650 4740 -
669 4703 711 4752 15.
730 4701 811 4764 eleae
827 4699 888 4753 aa:
910 4715 928 4751 a
944 4701 996 4765 leae
1013 4701 1062 4758 aar
1086 4700 1138 4762 lepe
1154 4700 1203 4759 Gt;
1228 4713 1262 4749 ea
1277 4699 1329 4763 leae
1346 4699 1410 4749 dett.
1429 4698 1458 4749 0.
1478 4723 1505 4733 -
1524 4698 1586 4747 dare

263 4777 365 4828 mbram
381 4779 459 4842 lagg.
477 4782 585 4843 praeter
600 4778 647 4836 293
674 4778 736 4827 dure
752 4775 883 4828 inclusum
901 4775 1027 4827 habeto.
1048 4801 1075 4810 -
1094 4775 1131 4824 bis
1148 4775 1181 4825 a:
1203 4774 1235 4824 iia
1250 4775 1279 4824 0.
1300 4800 1327 4810 -
1347 4774 1387 4824 ld.
1405 4775 1533 4838 imperasti
1549 4774 1580 4822 Gt

263 4853 341 4916 Lgtt.
362 4879 388 4888 -
408 4853 448 4903 27.
466 4853 504 4902 tris
520 4851 540 4903 lt
557 4853 635 4916 lagg.
655 4852 770 4916 (praeter
786 4851 839 4912 tot:
857 4853 889 4901 iia
904 4853 933 4901 0.
953 4877 980 4886 -
999 4845 1040 4900 aa.
1059 4849 1120 4912 quid
1136 4849 1171 4901 aa
1183 4847 1211 4898 i:
1230 4851 1274 4911 qui
1289 4854 1346 4900 suot
1362 4849 1426 4900 dett.
1440 4849 1469 4899 0.
1490 4875 1517 4884 -
1536 4849 1585 4897 im·

262 4941 337 4979 mure
352 4929 381 4979 ll.
401 4954 429 4966 -
448 4929 489 4979 19.
507 4929 533 4978 ii
548 4928 581 4978 lt:
601 4927 620 4977 ti
637 4924 693 4977 io.
714 4953 741 4964 —
770 4927 804 4976 ais
820 4927 855 4978 aa
868 4924 896 4975 l:
915 4925 947 4975 iis
963 4923 1044 4988 ugia,
1063 4924 1097 4983 O;
1115 4923 1153 4972 bis
1168 4922 1224 4974 rell.
1243 4925 1321 4987 Lagg.
1341 4949 1370 4962 -
1389 4924 1429 4974 31.
1447 4923 1489 4974 sed
1503 4923 1582 4973 Mam.

264 5003 301 5056 aa
313 5001 341 5054 i:
360 5017 424 5056 esse:
441 5005 520 5055 Mam,
538 5003 603 5053 deti.
623 5004 652 5053 0.
671 5028 699 5038 -
719 5003 759 5054 3³.
778 5015 861 5054 mures
878 5000 913 5051 113
926 4999 1007 5065 tgiap
1026 5011 1109 5048 moues
1120 5003 1250 5060 praetores
1267 4997 1331 5050 dett.
1345 5001 1373 5050 0.
1389 5025 1416 5036 -
1434 4999 1585 5062 imverareut

260 5080 395 5144 perreriam
411 5079 454 5142 qut
470 5091 503 5129 aa
519 5077 563 5129 113.
584 5105 611 5115 -
630 5076 670 5129 at.
688 5079 710 5128 ia
725 5078 807 5142 Lati,
826 5076 897 5128 unde
914 5072 1107 5126 restituendum
1123 5073 1162 5124 iis.
1181 5075 1261 5125 llus.
1281 5099 1309 5112 -
1328 5074 1369 5126 35.
1385 5073 1451 5139 eum]
1470 5073 1584 5138 onomat

264 5153 623 5220 apr‚m.;comrutttit.
641 5165 678 5206 m.
696 5154 728 5205 ot
744 5153 770 5206 1.
