3642 5868
746 781 1022 844 Accusnmoriis

871 933 905 984 IN

434 1069 1347 1164 &VERREM

721 1261 849 1316 LIBER
874 1261 1064 1315 TERTIUS.

521 1413 759 1510 [ORATIO
805 1419 1256 1506 indulturum]

786 1621 992 1635 m

289 1797 328 1846 De
346 1792 498 1856 codicibus,
517 1789 615 1856 cutbus
631 1787 676 1840 Iib.
694 1791 737 1840 III.
756 1790 919 1850 continetur,
938 1790 992 1840 iam
1009 1801 1090 1855 supra
1107 1787 1141 1840 ad
1158 1786 1203 1839 lib.
1222 1789 1254 1838 lI.
1272 1786 1439 1838 dictumest.
1467 1789 1556 1838 444444-

224 1871 307 1922 lucus
327 1870 424 1921 desinit
445 1866 587 1932 cap.XV1.
613 1864 767 1928 Erfurteruis
784 1865 961 1928 fragmentum
980 1866 1097 1916 continet
1119 1877 1177 1929 cap.
1196 1865 1206 1914 1
1222 1889 1249 1898 -
1262 1864 1294 1913 V.
1318 1863 1341 1926 5.
1361 1863 1401 1913 44.
1419 1863 1554 1925 deprecati.

224 1944 374 1998 bIeIohioris
390 1943 510 2005 iiuurpu
520 1939 648 2000 schedae,
668 1952 737 2004 quae
748 1943 878 1991 vocantur
889 1953 904 1990 a
917 1943 1042 2002 Grutaro,
1061 1941 1188 2004 excerpta
1200 1941 1262 1990 suut
1273 1938 1373 1988 codicis
1385 1935 1553 1989 Erfurteusis.

226 2019 358 2071 Acodice
375 2019 439 2082 Lep.
454 2023 477 2068 4.
495 2014 573 2066 abest
587 2016 656 2066 baec
673 2015 765 2066 oratio.
801 2015 892 2066 Codex
912 2015 1048 2065 Vaticanus
1062 2015 1131 2064 baec
1149 2013 1266 2064 continet
1282 2011 1445 2079 Iragmeuta:

291 2095 314 2158 4)
333 2104 391 2157 44ρ.
410 2093 429 2142 l.
449 2092 473 2158 5.
493 2092 517 2140 4.
536 2124 565 2136 -
582 2088 605 2153 5.
625 2090 649 2140 t.
669 2089 757 2154 officii,
775 2090 818 2139 sed
834 2091 919 2140 444444.

288 2169 312 2232 4)
331 2180 390 2232 cap.
408 2167 472 2218 VIII.
492 2165 517 2229 5.
535 2166 576 2216 20.
594 2167 623 2213 ut
637 2175 717 2224 neque
732 2164 760 2212 in
775 2163 895 2228 repetitus
910 2199 939 2211 -
955 2165 997 2215 IX.
1022 2163 1046 2229 5.
1065 2163 1106 2214 43.
1123 2168 1153 2214 ut
1167 2163 1219 2226 lpse
1234 2175 1286 2212 non
1302 2163 1390 2213 44444444.

288 2245 312 2307 3)
330 2255 389 2308 44ρ.
408 2241 439 2292 X.
458 2241 483 2306 5.
501 2239 542 2291 tl.
563 2239 765 2302 diripiendasque
779 2273 808 2286 ..
824 2239 879 2290 XII.
898 2239 922 2304 5.
941 2241 982 2292 49.
1001 2243 1054 2290 ext.
1072 2251 1151 2302 neque
1167 2243 1258 2288 444444.

291 2319 314 2383 4)
333 2331 393 2383 cap.
410 2317 475 2368 XVI.
493 2315 517 2380 5.
537 2315 577 2368 Io.
595 2312 746 2365 vendidisti?
762 2318 791 2364 lu
802 2318 892 2376 portes
909 2339 937 2352 -
956 2314 1045 2366 XVIII.
1064 2313 1088 2378 5.
1107 2311 1148 2364 ir.
1167 2325 1283 2362 4444444
1299 2313 1440 2364 4444444444.

291 2394 315 2458 5)
334 2405 392 2456 cap.
411 2391 464 2442 XX.
478 2390 508 2456 5.
526 2391 567 2440 54.
582 2388 709 2455 profecto,
729 2402 885 2452 quamquem
902 2423 931 2435 -
947 2389 1023 2440 XXV.
1042 2389 1066 2454 5.
1085 2389 1126 2440 64.
1144 2388 1171 2438 44
1186 2388 1292 2452 Apronii
1307 2390 1428 2440 44444444.

292 2467 315 2532 5)
334 2479 393 2532 cap.
411 2467 498 2518 XXVI.
518 2467 571 2516 ext.
589 2464 722 2514 4444444444
738 2469 870 2515 consecuto
887 2499 915 2511 -.
931 2465 1019 2515 XXIX.
1039 2463 1063 2530 5.
1083 2464 1123 2515 70.
1143 2466 1195 2514 ext.
1212 2464 1292 2529 unqu
1308 2469 1340 2514 44.

289 2544 312 2606 7)
331 2555 398 2610 44ρ.Ι
408 2541 494 2593 XXXI.
513 2541 538 2606 5.
558 2540 599 2592 il.
618 2541 670 2591 ert.
689 2544 774 2590 444444
790 2540 862 2590 dolor
878 2575 906 2586 -
922 2541 1032 2591 XXXIV.
1052 2539 1077 2605 5.
1096 2540 1136 2591 48.
1156 2541 1209 2590 ext.
1224 2543 1388 2603 posteaquem
1402 2543 1511 2589 44444444.

287 2619 311 2681 8)
329 2630 389 2683 cap.
406 2615 516 2668 XXXVI.
536 2615 561 2680 5.
579 2614 620 2667 83.
640 2614 670 2666 de
683 2627 744 2678 pop.
761 2617 791 2666 Ii.
808 2616 877 2666 uictu
891 2651 921 2662 ..
936 2615 1070 2666 XXXVIII.
1091 2615 1115 2680 5.
1133 2615 1174 2668 45.
1192 2615 1265 2666 Iuno
1280 2617 1387 2667 4444444
1405 2615 1530 2666 444444444.

288 2693 311 2755 9)
329 2703 388 2756 cap.
406 2691 469 2742 LVI.
482 2691 507 2756 5.
521 2691 578 2741 449.
593 2689 735 2754 periculum
747 2689 907 2752 pertinebunt
918 2722 947 2734 -
957 2690 1032 2741 LVII.
1047 2690 1071 2756 5.
1085 2691 1142 2742 439.
1155 2690 1320 2753 loquebantur
1334 2692 1400 2742 4444444
1415 2688 1555 2742 desumunt.

271 2769 310 2831 44)
329 2778 387 2830 44ρ.
406 2765 456 2816 LX.
477 2765 501 2829 5.
522 2766 578 2824 444.
598 2769 677 2816 lolem
693 2764 808 2828 iniquom
824 2766 846 2817 44
863 2771 919 2816 erct
935 2801 962 2812 -
979 2765 1053 2816 LXII.
1072 2765 1096 2830 5.
1117 2765 1173 2818 444.
1192 2767 1213 2817 si
1229 2779 1302 2830 44444
1318 2771 1459 2817 4444444444.

271 2843 310 2907 44)
329 2853 389 2906 cap.
408 2839 525 2905 LXV.‚5.
546 2843 602 2892 454.
622 2841 726 2892 Tenetur
742 2842 822 2906 Igitur
837 2875 866 2886 -
882 2841 990 2892 LXVIII.
1010 2839 1034 2905 5.
1055 2841 1111 2891 454.
1133 2841 1238 2902 Videtis,
1256 2845 1293 2890 ut.

270 2919 309 2982 44)
328 2929 386 2980 cap.
405 2915 502 2966 LXXII.
521 2915 545 2979 5.
566 2916 622 2967 444,
641 2918 698 2979 quis
714 2918 819 2980 44444444
834 2921 939 2968 cunutus
955 2947 982 2959 -
1002 2917 1099 2969 LXXV.
1118 2915 1142 2980 5.
1162 2916 1220 2968 443.
1238 2916 1329 2967 Sicelis
1345 2927 1426 2967 emere
1441 2915 1521 2965 4444444.

270 2992 309 3056 43)
327 3003 386 3056 cap.
404 2990 501 3042 LXXV.
521 2991 545 3054 5.
565 2990 622 3042 445.
640 2993 779 3056 cognoscite
794 3005 828 3043 44
844 2992 933 3044 44444444
948 2991 1055 3056 publicis
1071 2992 1211 3044 4444444444
1226 3028 1255 3041 ..
1273 2991 1381 3044 LXXVI.
1400 2989 1425 3054 5.
1443 2989 1501 3041 474.
1519 2993 1557 3042 44·

448 3069 530 3116 netur.
561 3064 680 3116 Vidimus.

270 3140 309 3204 44)
328 3154 387 3206 44ρ.
406 3139 537 3192 LXXVIII.
556 3137 580 3204 5.
594 3139 651 3191 484.
664 3141 807 3204 oppupnuri
821 3139 881 3191 iuro
891 3142 954 3192 dicet
965 3178 993 3189 -
1003 3141 1101 3193 LXXX.
1114 3143 1138 3208 5.
1153 3143 1193 3193 48.
1206 3142 1382 3205 Sprcnucnus
1390 3141 1555 3205 praedonum.

269 3217 308 3282 45)
327 3229 387 3281 44ρ.
405 3215 525 3266 LXXXII.
549 3217 601 3265 ent.
624 3217 782 3266 444444444444
804 3221 850 3266 cut
874 3217 1017 3268 audiuimus
1031 3252 1059 3263 -
1076 3217 1207 3268 LXXXIV.
1234 3215 1257 3282 5.
1278 3217 1334 3268 493.
1358 3221 1433 3280 elque
1452 3217 1480 3266 in
1499 3227 1558 3268 med

449 3291 557 3340 44444444.

271 3367 309 3429 45)
329 3379 389 3431 cap.
408 3365 538 3416 LXXXIV.
557 3365 582 3429 5.
601 3365 658 3417 495.
679 3365 742 3417 44444
758 3364 802 3415 titi
817 3369 919 3416 44444444
933 3402 962 3412 .-
979 3366 1100 3417 LXXXV.
1119 3366 1142 3431 5.
1162 3365 1219 3418 495.
1243 3367 1295 3418 Hoc
1312 3367 1381 3428 quid.

270 3442 309 3505 44)
328 3454 388 3505 44ρ.
407 3438 536 3490 LXXXVI.
555 3438 580 3502 5.
599 3439 656 3489 499.
675 3444 704 3490 ul
720 3441 792 3490 duret
808 3445 914 3501 444444,
935 3453 996 3502 quos
1010 3479 1039 3488 ,
1056 3440 1209 3492 LXXXVIII.
1228 3441 1252 3506 5.
1271 3441 1329 3494 rol.
1349 3442 1393 3505 qui
1408 3442 1523 3492 aderunt

271 3517 311 3579 48)
330 3529 388 3580 cap.
408 3513 559 3565 LXXXVIII.
580 3513 603 3577 5.
623 3514 680 3564 205.
699 3529 750 3565 nou
766 3528 799 3566 ear
816 3528 857 3578 eo,
877 3516 944 3576 quod
959 3515 1056 3566 licueril
1072 3547 1100 3560 -
1116 3517 1170 3567 XC.
1189 3515 1213 3580 5.
1232 3516 1289 3568 299.
1313 3517 1411 3582 Magne
1427 3520 1462 3568 444
1476 3515 1558 3566 44444-

451 3599 512 3638 num
529 3590 677 3640 4444444444.

270 3667 309 3732 49)
328 3677 388 3730 cap.
405 3663 469 3715 XCI.
489 3663 514 3727 5.
533 3665 590 3714 444.
609 3665 738 3730 4414444444
753 3669 777 3715 44
789 3666 919 3728 perditem
934 3695 962 3708 -
980 3665 1056 3718 XCII.
1075 3667 1099 3730 5.
1118 3665 1176 3718 til.
1196 3669 1249 3717 ext.
1267 3667 1295 3717 tn
1310 3666 1362 3716 illo.

269 3745 311 3806 44)
329 3754 387 3806 cap.
406 3741 494 3792 XCIV.
514 3741 538 3806 5.
557 3741 615 3793 449.
634 3747 724 3804 quone
740 3743 788 3792 erit
802 3745 850 3794 4444
864 3777 892 3790 ..
908 3744 1007 3794 XCVII.
1030 3741 1055 3806 5.
1074 3742 1131 3792 aab.
1151 3744 1204 3793 ext.
1222 3743 1244 3792 44
1260 3742 1402 3794 auunculi
1416 3742 1490 3793 444444.

269 3819 310 3882 ii]
328 3829 387 3881 cap.
405 3815 515 3868 XCVIII.
535 3816 559 3880 5.
578 3817 636 3868 228.
655 3819 707 3868 ext.
726 3818 794 3868 nullo
810 3819 884 3869 modo
898 3823 1036 3881 potueruut
1053 3843 1080 3854 -
1097 3821 1265 3868 ructantur.

288 3900 340 3966 (Ab
362 3901 414 3951 hoc
434 3900 496 3952 inde
518 3900 586 3952 libro
610 3914 679 3953 nova
697 3901 837 3953 collatione
854 3901 1019 3969 Patimpsesti
1037 3903 1157 3954 Vaticani
1173 3902 1208 3952 ab
1226 3904 1319 3954 iienr.
1338 3903 1479 3956 BrunnIo
1497 3903 1557 3955 diti-

221 3979 373 4044 gentissime
390 3978 459 4028 iacta
477 3976 554 4028 nobis
571 3979 608 4028 uti
626 3977 712 4037 144444,
731 3989 812 4041 quam
829 3977 947 4030 Halmius
964 3979 1146 4030 munificentia
1164 3991 1272 4040 eorum,
1291 3979 1336 4044 qui
1352 3979 1435 4032 rebus
1451 3979 1558 4033 subota-

221 4054 293 4106 sticis
309 4055 336 4104 in
353 4053 463 4103 Baveria
480 4055 622 4118 praesunt,
641 4053 746 4105 adiutus
764 4053 913 4105 taciendam
931 4055 1041 4104 curavit.
1067 4053 1139 4114 Quae
1157 4053 1287 4105 Bruanius
1305 4051 1339 4105 de
1355 4053 1421 4106 iocis
1438 4055 1558 4121 superio·

221 4129 295 4181 ribus
312 4128 401 4194 quiin
418 4128 592 4195 Palimpsesto
615 4130 760 4194 supersunt
779 4129 930 4180 accuratius
948 4141 1030 4194 quarn
1047 4129 1130 4182 biaiua
1146 4127 1258 4194 rettudit,
1284 4130 1312 4182 in
1327 4128 1464 4182 Addendis
1481 4127 1558 4182 enbi-

220 4203 354 4256 bebimus.
380 4204 462 4268 44444.)

286 4479 353 4530 Cum
376 4476 485 4530 codices
505 4478 729 4542 Lagomnrsiniaoi
753 4488 826 4528 num.
845 4475 878 4530 ta
895 4478 923 4528 et
938 4477 970 4528 49
987 4478 1014 4528 44
1030 4474 1099 4529 libro
1115 4477 1147 4529 ll.
1165 4479 1194 4527 44
1208 4477 1251 4528 444.
1269 4477 1442 4530 Vestinorum
1459 4479 1557 4532 ceteris

220 4555 266 4619 qui
291 4553 370 4606 hodie
396 4554 502 4604 exstant
525 4557 572 4604 aut
594 4553 649 4604 noti
670 4552 780 4617 andem
797 4554 860 4603 sunt
881 4551 959 4617 longe
982 4555 1131 4618 praestent,
1158 4555 1392 4619 operaepretium
1409 4555 1557 4606 existimari

219 4633 309 4696 ipsum
326 4628 511 4695 apographum
522 4629 730 4681 Niebubriauum
748 4629 895 4694 inspicere,
913 4629 1041 4693 quoniam
1054 4629 1191 4693 Zumptius
1209 4627 1363 4693 exemplum
1374 4629 1497 4682 ediliouts
1508 4631 1557 4681 Ga-

219 4705 389 4764 ralouiaune,
414 4704 440 4753 iu
459 4704 534 4755 cuius
553 4703 716 4768 marginibus
732 4703 894 4756 Niebubrius
911 4702 1039 4754 tectiores
1056 4703 1180 4755 codicum
1196 4704 1491 4767 Lagomarsiuianorum
1507 4703 1557 4756 de-

220 4779 339 4843 scripsit,
366 4791 420 4829 444
440 4780 498 4844 4ρ44
522 4780 556 4831 ad
580 4793 675 4832 manus
692 4779 797 4842 hebuit,
825 4779 874 4831 sed
891 4779 1044 4844 apographo
1061 4779 1168 4830 Bonnae
1185 4779 1255 4830 iacto
1277 4791 1342 4831 usus
1363 4783 1418 4838 est;
1446 4779 1479 4830 44.
1498 4780 1556 4832 eius
1645 4779 1648 4783 '

222 4852 334 4904 Praeiat.
353 4865 380 4916 p.
393 4852 481 4904 XXXI.
517 4855 574 4915 Quo
592 4855 740 4907 accedebat
756 4854 829 4920 quod
845 4868 907 4919 ego,
927 4855 972 4918 qui
989 4867 1023 4904 ex
1039 4853 1285 4908 uisuntuminbus
1303 4854 1423 4907 ciusdem
1440 4853 1556 4918 exempti

221 4927 349 4978 lectiones
371 4941 386 4977 a
409 4927 554 4980 Niebuhrio
577 4942 640 4981 cum
660 4929 810 4982 admirabili
831 4929 923 4982 iabore
946 4932 1087 4994 congestus
1109 4931 1339 4996 transcripserim,
1362 4942 1413 4980 usu
1430 4930 1555 4993 expertus

222 5015 294 5066 sum,
322 5015 405 5067 quam
430 5003 535 5057 diiticile
556 5008 666 5071 propter
686 5019 810 5072 magnam
832 5008 955 5057 notarum
976 5006 1030 5057 rim
1053 5008 1243 5073 ingentemque
1260 5006 1404 5059 lectionum
1420 5005 1554 5055 variarum

222 5078 328 5143 copiam
343 5078 396 5129 boc
413 5081 546 5144 negotium
563 5081 636 5132 baud
652 5083 745 5146 paucis
762 5084 788 5133 in
806 5080 870 5134 locis
885 5081 1008 5132 videatur
1025 5095 1160 5147 quamque
1178 5083 1254 5136 tacite
1271 5081 1372 5134 homini
1388 5077 1432 5131 vel
1448 5077 1556 5142 diligen·

222 5155 323 5208 44444444
340 5155 465 5210 accidere
480 5157 580 5224 posstt,
598 5161 628 5210 ut
644 5158 779 5224 quaedam
794 5157 989 5224 praetermittat
1005 5159 1052 5212 4444
1067 5157 1117 5214 alta
1134 5171 1197 5215 curu
1213 5157 1270 5212 aliis
1288 5153 1440 5217 nuendu-
1472 5152 1554 5210 Pollu
1598 5197 1602 5206 .
