3644 5874
606 459 680 523 err.
700 459 843 526 rx-x.
871 454 928 542 ss.
944 453 1091 522 44-44.
1441 439 1506 511 ns

129 629 269 703 haec,
302 650 370 694 non
392 638 427 694 ut
447 650 521 705 vas,
544 631 597 714 qui
618 628 694 692 mihi
717 628 820 694 studio
841 649 941 714 paene
962 627 1181 715 praecurritis,
1204 625 1388 696 excitarem,
1418 620 1504 683 laeu-

133 731 205 786 tus
237 745 348 798 sum,
371 725 427 788 sed
449 733 485 789 ut
506 744 575 788 mea
594 743 672 795 vox,
694 744 775 807 quae
792 723 885 786 dehet
899 743 969 788 esse
985 724 1016 786 in
1032 741 1065 784 re
1080 720 1204 805 publica
1218 721 1381 804 princeps,
1402 711 1505 778 officio

133 817 287 881 functa
314 819 470 883 eonsuiari
488 819 657 882 videretur.

255 913 313 975 X.
345 910 396 975 20.
426 915 516 977 Nune
538 922 707 997 antequam
728 914 767 977 ad
793 913 979 978 sententiam
1001 913 1113 986 redeo,
1141 911 1180 974 de
1203 929 1252 974 me
1273 927 1374 992 pauca
1395 905 1507 970 dicam.

133 1009 255 1090 Ego,
302 1015 422 1091 quanta
449 1027 560 1070 manus
588 1014 636 1072 eet
657 1009 903 1083 coniuratorum,
934 1027 1029 1092 quam
1057 1004 1171 1069 videtis
1197 1023 1267 1068 esse
1295 1019 1537 1087 permagnam‚s

134 1109 306 1165 tantm
328 1122 379 1164 me
406 1101 604 1166 inimicarum
633 1101 866 1166 multitudinem
890 1103 1067 1184 suscepisse
1088 1099 1199 1174 video;
1234 1097 1289 1161 sed
1312 1116 1381 1160 eam
1403 1093 1511 1158 iudico

135 1215 237 1258 esse
287 1203 414 1278 turpem
450 1202 482 1258 et
517 1195 671 1258 infirmam
710 1202 742 1259 et
776 1197 938 1260 abiectam.
997 1195 1090 1271 Quod
1119 1193 1145 1256 si
1181 1193 1350 1276 aliquando
1378 1188 1510 1253 alicuius

136 1288 292 1353 furore
316 1297 349 1352 et
369 1289 488 1353 scelere
510 1289 664 1353 concitata
687 1309 796 1352 manus
824 1291 885 1354 ista
913 1290 983 1373 pius
1004 1289 1139 1352 valuerit
1167 1306 1260 1372 quam
1282 1293 1386 1349 vestra
1406 1305 1443 1348 ac
1463 1283 1507 1347 rei

139 1383 333 1465 publicae
355 1382 503 1466 dignitas,
532 1405 583 1448 me
604 1393 710 1446 tamen
733 1403 874 1446 meorum
901 1383 1054 1448 factorum
1076 1390 1172 1466 atque
1194 1380 1397 1444 consiliorum
1419 1401 1509 1444 num·

143 1498 301 1562 quam,
330 1484 435 1561 patres
458 1479 639 1561 conscripti,
670 1478 850 1562 paenitebit.
899 1479 1024 1542 Etenim
1055 1497 1155 1551 mors,
1178 1496 1272 1560 quam
1301 1474 1347 1538 iiii
1376 1474 1547 1540 sonassen

146 1572 388 1646 minitantur,
419 1572 565 1635 omnibus
596 1581 644 1636 est
670 1578 795 1655 parata:
825 1572 907 1636 ritae
930 1581 1047 1635 tantam
1069 1570 1214 1644 taudem,
1243 1577 1359 1653 quanta
1380 1589 1438 1633 vos
1458 1590 1509 1632 me

148 1666 300 1728 vestris
322 1665 457 1729 decretis
478 1666 685 1740 honestastis,
708 1686 800 1729 nemo
817 1675 864 1731 est
879 1671 1050 1729 assecutus.
1085 1665 1203 1728 Ceteris
1218 1666 1303 1728 enim
1316 1664 1397 1728 hene
1412 1669 1511 1747 gesta,

151 1760 260 1823 mihi
285 1759 342 1822 uni
364 1766 549 1824 conservata
570 1780 604 1822 re
626 1759 751 1842 publica
773 1760 1014 1843 gratulationem
1038 1758 1231 1824 decrevistis.
1262 1755 1313 1820 it.
1336 1758 1384 1822 Sit
1404 1758 1512 1840 Scipio

153 1854 230 1915 iile
262 1854 384 1928 clarus,
405 1855 497 1917 euius
518 1853 648 1917 oonsilio
670 1861 765 1938 atque
786 1855 902 1918 virtute
923 1854 1056 1918 Annibal
1079 1856 1112 1918 in
1133 1853 1268 1916 Africam
1291 1852 1393 1915 redire
1415 1859 1509 1934 atque

155 1947 277 2010 ltalia
300 1946 452 2011 decedere
474 1955 601 2011 coactus
624 1955 688 2020 est;
722 1954 850 2010 ornetur
878 1948 956 2012 aiter
985 1949 1102 2012 eximia
1130 1947 1225 2012 laude
1246 1945 1431 2020 Africanus,
1455 1945 1509 2029 qui
1520 1966 1547 2010 44

159 2041 266 2105 duas
290 2041 384 2106 urbes
405 2042 481 2106 huic
503 2043 636 2125 imperio
659 2041 878 2105 infestissimas
900 2041 1122 2142 Karthaginem
1140 2041 1402 2124 Numantiamque
1425 2040 1511 2104 dele·

161 2137 242 2211 vit3
267 2136 422 2201 habeatur
442 2136 491 2198 vir
512 2137 656 2219 egregius
679 2136 793 2199 Paulus
816 2134 886 2209 itte,
916 2135 1004 2198 euius
1033 2156 1158 2198 oumum
1187 2155 1244 2197 rex
1265 2123 1510 2217 potentissimus

163 2231 348 2313 quondam
370 2239 402 2293 et
423 2229 638 2293 nobilissimus
666 2229 775 2318 Perses
807 2229 999 2304 honestavit;
1034 2231 1073 2292 sit
1100 2236 1228 2293 aeterna
1255 2227 1355 2311 gioria
1384 2226 1510 2303 Marius,

168 2325 241 2408 qui
265 2324 315 2387 bis
337 2325 459 2387 Italiam
482 2323 649 2387 obsidione
672 2332 703 2386 et
725 2331 809 2386 metu
831 2324 990 2387 servitutis
1005 2323 1164 2398 liberavit;
1187 2329 1397 2407 anteponatur
1411 2321 1511 2385 omni-

165 2417 245 2480 bus
268 2417 454 2500 Pompeius,
477 2417 567 2480 euius
589 2437 639 2480 res
662 2425 769 2499 gestae
790 2425 886 2502 atque
909 2417 1039 2481 virtutes
1061 2417 1178 2492 isdem,
1202 2416 1319 2500 quibus
1342 2415 1418 2478 solis
1441 2435 1548 2481 cur-eo

169 2531 256 2583 sus,
279 2511 462 2592 regionibus
484 2531 521 2573 ac
544 2511 682 2573 terminis
704 2512 918 2575 continentur:
944 2512 1003 2574 erit
1021 2511 1161 2594 profecto
1177 2511 1260 2573 inter
1274 2510 1387 2573 horum
1401 2509 1512 2573 laudet

170 2603 308 2688 aliquid
330 2604 391 2667 toci
415 2613 539 2668 nostrae
562 2605 697 2686 gloriae,
725 2604 785 2666 nisi
814 2603 895 2668 torte
923 2606 1024 2668 maius
1054 2612 1102 2668 est
1124 2604 1300 2688 patefacere
1325 2605 1417 2669 nobis
1438 2624 1512 2686 pro·

172 2699 321 2773 vincias,
354 2720 417 2782 quo
450 2700 537 2763 exire
568 2700 742 2784 possimus,
774 2718 870 2782 quam
904 2719 1013 2762 curare
1046 2707 1081 2762 ut
1113 2700 1206 2763 etiam
1237 2699 1284 2762 illi
1314 2698 1368 2783 qui
1398 2697 1512 2760 absunt

171 2787 332 2868 habeant,
354 2813 418 2877 quo
433 2794 567 2858 victores
587 2800 791 2857 revertantur.
828 2789 879 2857 22.
902 2793 1098 2878 Quamquam
1122 2801 1170 2858 est
1190 2815 1254 2858 uno
1277 2793 1347 2857 ioco
1370 2791 1510 2856 conditio

252 3139 276 3188 4.
293 3139 353 3188 boec
369 3151 423 3188 om.
441 3151 477 3197 w;
496 3139 540 3188 bes
558 3138 636 3187 BVz.
657 3164 685 3176 -
704 3139 784 3189 studio
801 3151 854 3189 om.
873 3151 909 3189 m.
924 3163 951 3174 ·-
970 3139 1130 3188 exhortarem
1146 3153 1161 3189 e
1178 3153 1214 3190 m.
1234 3153 1273 3204 pr.
1290 3167 1316 3176 -
1331 3139 1355 3192 4.
1374 3143 1510 3202 autequam

178 3215 209 3264 Ρ.
224 3215 252 3264 C.
270 3215 304 3264 od
321 3227 362 3264 eu
379 3216 424 3277 hg.
439 3215 479 3263 50.
493 3214 533 3274 57,
547 3215 576 3264 0.
589 3241 622 3251 -
638 3215 672 3264 ad
687 3215 820 3264 4444444444
836 3211 884 3264 tw.
899 3240 932 3250 -
948 3215 1048 3264 redeam
1065 3215 1145 3274 Bes,
1163 3216 1269 3279 blngg.
1285 3243 1311 3252 —
1330 3216 1508 3266 boidinus.

181 3317 218 3325 -
230 3289 253 3337 6.
266 3301 360 3350 aucep.
372 3289 463 3338 muttit.
477 3288 537 3339 (4,-
556 3301 611 3338 eam
622 3302 675 3339 orn.
689 3303 754 3352 5.-
771 3289 794 3338 7.
808 3289 889 3338 iudico
906 3302 956 3338 esse
972 3293 1069 3350 turpem
1085 3287 1252 3352 bcdlng.
1265 3291 1304 3340 46.
1314 3289 1360 3340 53:
1379 3303 1429 3340 asse
1439 3289 1510 3340 uideo

183 3368 203 3414 t.
217 3376 248 3426 μ
267 3376 316 3414 esse
333 3364 443 3413 tiudiea
461 3365 503 3421 rt;
523 3369 620 3426 turpem
636 3377 689 3413 om.
704 3377 739 3420 νς
758 3364 869 3414 esseiud.
883 3364 992 3414 44440.
1006 3391 1032 3399 -
1052 3369 1076 3414 44
1091 3364 1227 3429 infimiori]
1244 3364 1283 3415 sie
1300 3365 1508 3426 Cademrtm

184 3442 231 3501 lg.
244 3439 269 3488 3.
283 3439 324 3488 46.
337 3437 377 3490 46.
390 3438 422 3488 63
440 3437 497 3498 (sed
509 3451 561 3488 orn.
575 3437 613 3487 dt
628 3439 674 3500 eit:
693 3443 717 3488 et
732 3439 859 3502 inttnnam
875 3443 898 3488 et
914 3443 1078 3502 comeuptam
1094 3438 1216 3500 hitsu,
1235 3441 1284 3490 40
1302 3442 1329 3490 et
1345 3439 1401 3491 rell.
1421 3443 1508 3504 harag..

183 3526 302 3579 quorum
319 3511 418 3577 aliquot
435 3513 505 3574 (item
524 3513 579 3574 40)
597 3513 728 3576 posterius
746 3519 768 3563 et
787 3514 918 3564 omittunt.
938 3540 965 3549 -
985 3516 1051 3578 pund
1067 3515 1096 3580 si]
1117 3516 1158 3565 sed
1182 3513 1236 3565 sil.
1260 3543 1293 3551 -
1314 3515 1338 3566 9.
1362 3520 1476 3566 nmen
1498 3531 1510 3566 s

184 3592 253 3654 (suet.
268 3601 380 3638 memum
396 3587 603 3649 remotionemque
619 3589 651 3651 r).
665 3615 698 3624 -
717 3589 744 3639 P.
763 3589 789 3638 C.
807 3588 982 3651 numquamv
1000 3593 1027 3639 et
1044 3591 1088 3653 hg.
1107 3591 1147 3640 57.
1167 3616 1194 3625 -
1217 3591 1257 3641 40.
1275 3591 1312 3640 itti
1327 3591 1386 3653 [art.
1405 3592 1510 3640 Caeni

184 3667 274 3730 qtoz
292 3664 336 3726 Lg.
355 3663 378 3712 3.
398 3664 422 3712 6.
435 3661 476 3712 43.
490 3661 530 3714 46.
544 3663 583 3713 53.
598 3665 645 3714 65:
663 3665 724 3714 mibi
740 3665 777 3714 itti
792 3666 851 3727 fort.
869 3663 930 3714 trw
946 3666 992 3728 Lg.
1012 3665 1057 3722 46;
1075 3665 1111 3715 itti
1127 3668 1187 3729 sart.
1205 3667 1265 3716 mitri
1281 3665 1399 3729 (44448ι
1412 3668 1457 3723 44,
1475 3666 1512 3715 itti

184 3739 245 3790 mibi
260 3739 319 3801 tort.
338 3738 357 3788 44
368 3739 387 3786 4
399 3739 428 3788 Ο.
447 3765 480 3776 -
495 3739 602 3801 forsitan
618 3753 640 3789 z.
663 3769 688 3778 —
708 3742 748 3790 44.
766 3742 896 3791 minantur
912 3741 962 3790 Bw
980 3740 1025 3802 hg.
1044 3741 1084 3791 50.
1103 3741 1149 3800 573
1173 3742 1357 3792 cornmindntur
1378 3744 1422 3805 Lg.
1441 3743 1465 3791 7.
1485 3743 1509 3791 9.

183 3844 217 3854 -
242 3814 347 3875 tantam]
370 3817 453 3864 tamea
470 3827 497 3875 ss
522 3817 622 3866 tandem
642 3829 673 3865 rr.
697 3844 730 3852 -
749 3829 789 3865 me
804 3828 848 3866 uos
863 3829 895 3875 u;
919 3828 963 3865 uos
980 3828 1032 3865 om.
1051 3830 1065 3865 z
1082 3818 1109 3866 et
1126 3817 1170 3880 Lg.
1190 3817 1231 3867 65.
1254 3844 1287 3854 -
1310 3818 1349 3868 te.
1368 3816 1512 3867 honestastis

183 3890 314 3941 ecbkm
325 3903 365 3954 qz
382 3889 455 3953 ope
473 3891 500 3939 et
515 3889 531 3938 6
548 3888 604 3940 aiii:
624 3891 756 3940 honestatis
772 3892 800 3940 R.
813 3919 846 3927 -
857 3897 1000 3940 consecutus
1015 3891 1101 3941 ceteris
1116 3891 1255 3942 consulibus
1270 3892 1336 3942 enim
1351 3891 1380 3941 ii.
1392 3919 1425 3928 -
1436 3891 1509 3956 euim]

184 3968 224 4016 sio
241 3964 294 4014 mei
319 3964 435 4028 (praeter
451 3962 537 4026 dtu),
561 3966 653 4015 acek
669 3966 715 4029 Lg.
733 3967 757 4016 7.
776 3966 818 4017 46.
837 3966 884 4016 dt:
908 3966 973 4015 esim
989 3979 1084 4029 semper
1107 3965 1186 4028 dtu,
1211 3965 1267 4017 rell.
1286 3967 1378 4031 Lagg.,
1401 3966 1460 4017 40.
1477 3995 1510 4004 -

183 4045 267 4106 pestae
281 4037 430 4101 btqsux,
449 4038 517 4089 64444
528 4041 605 4102 segg.
619 4043 647 4091 et
662 4041 724 4099 L0;
743 4042 780 4090 rei
790 4045 873 4104 pertas
883 4042 928 4104 hg.
941 4042 965 4090 7.
979 4041 1008 4096 9:
1026 4043 1099 4105 pestis
1110 4042 1154 4104 bg.
1167 4040 1209 4098 46;
1228 4045 1298 4105 perta
1309 4054 1362 4092 om.
1376 4043 1421 4106 Lg.
1434 4041 1509 4092 ts.-

186 4117 226 4165 ts.
244 4117 404 4165 sarsenatae
418 4115 457 4164 rei
469 4129 497 4177 p.
516 4116 563 4166 LO
578 4117 605 4165 et
619 4116 697 4167 codd.
717 4114 806 4177 iidem,
825 4118 870 4179 qui
885 4121 968 4180 peetae
982 4114 1097 4177 habent,
1114 4116 1179 4166 item
1196 4117 1241 4178 Lg.
1255 4116 1296 4166 46.
1308 4114 1350 4166 43.
1365 4144 1392 4154 -
1412 4116 1452 4169 44.
1470 4117 1510 4167 uu

185 4191 270 4240 otonis
286 4189 383 4240 bois:
399 4189 430 4239 et.
443 4189 610 4240 tursto-
629 4189 736 4240 Annibal
752 4191 817 4242 bsz
835 4192 878 4254 Lg.
892 4192 916 4240 7.
929 4192 970 4242 so.
983 4193 1023 4241 44.
1038 4191 1083 4240 644ε
1102 4189 1362 4240 HannibatRLO.-
1383 4191 1423 4240 45.
1435 4191 1511 4241 itatis

187 4267 398 4326 cremetur,
421 4266 466 4328 hg.
484 4266 524 4315 46.
544 4264 584 4316 43.
602 4266 642 4316 46.
662 4266 702 4316 53.
722 4267 765 4316 65:
791 4279 824 4316 aa
839 4266 916 4315 Italia
931 4267 1018 4316 4440.
1044 4265 1154 4329 (Italiam
1169 4266 1280 4316 deserere
1297 4265 1324 4326 d)
1344 4289 1370 4301 -
1394 4267 1512 4318 accedere

186 4343 231 4403 Lg.
249 4340 296 4400 46;
314 4342 397 4391 redire
412 4355 444 4392 rr.
461 4367 485 4380 -
502 4342 597 4392 orietur
612 4341 653 4392 bs
672 4345 698 4392 et
715 4356 728 4392 r
746 4341 807 4402 (sed
820 4347 923 4392 ornetur
940 4343 965 4392 in
982 4354 996 4390 r
1012 4355 1081 4391 corr.
1101 4354 1136 4391 rn.
1149 4340 1199 4405 pr.)
1211 4341 1319 4391 -ntter
1330 4354 1383 4392 om.
1396 4342 1509 4405 unx.

186 4445 218 4452 -
235 4416 276 4466 46.
294 4417 358 4482 huic]
374 4418 440 4467 bunc
457 4419 475 4467 4.
495 4443 521 4451 -
547 4418 724 4480 interessemus
740 4421 784 4467 tu.
805 4443 832 4452 -
858 4417 1038 4481 Karthaginem
1055 4416 1101 4467 et:
1124 4418 1231 4482 Kartap.
1249 4430 1313 4477 uw;
1337 4418 1511 4483 Cortiapinem

187 4489 229 4542 vet
246 4491 349 4556 Cartap.
369 4490 427 4542 reti.
447 4493 508 4543 mei.
524 4516 551 4528 -
566 4493 606 4542 47.
624 4492 729 4543 babetur
745 4492 794 4543 br.
809 4519 836 4529 -
854 4493 895 4542 uir
911 4505 964 4542 om.
984 4491 1047 4543 dm.
1062 4518 1089 4527 —
1103 4493 1202 4558 44444444]
1220 4494 1248 4543 4.
1261 4494 1353 4544 Pautm
1368 4492 1511 4559 dtqrrxz

186 4567 302 4617 444440.
320 4593 353 4602 -
370 4568 410 4618 48.
429 4568 461 4616 sit
476 4568 503 4617 in
518 4574 622 4619 neuma
639 4566 703 4619 Bdi
721 4569 766 4632 Lg.
785 4570 831 4626 er.
851 4568 909 4619 LO.
940 4567 978 4619 Ct.
998 4567 1083 4618 Madv.
1104 4569 1201 4633 opusc.
1220 4569 1239 4618 1.
1258 4581 1284 4633 p.
1304 4568 1366 4629 493,
1385 4571 1430 4633 qui
1447 4582 1512 4620 eon-

185 4641 237 4692 4444
253 4655 279 4706 p.
298 4643 366 4692 Sest.
385 4641 408 4705 ἓ.
429 4640 486 4702 ete,
505 4640 539 4692 de
557 4643 627 4692 Orat.
648 4643 677 4691 44.
698 4641 722 4704 S.
741 4642 781 4692 444.
795 4642 923 4692 -btario
940 4643 956 4692 i.
972 4671 999 4680 —
1014 4645 1053 4694 444.
1073 4643 1176 4708 quibis]
1195 4644 1283 4706 quidm
1299 4643 1347 4704 bt;
1366 4645 1402 4694 bis
1418 4658 1470 4695 orn.
1485 4659 1510 4709 g.

186 4743 212 4751 -
232 4717 392 4778 anteponitur
408 4716 457 4766 bs.
475 4744 508 4754 —
524 4717 565 4766 td.
583 4716 667 4778 Pomp.
686 4717 798 4766 oumibeu
814 4731 838 4767 e.
856 4743 889 4752 —
905 4717 974 4782 virt]
995 4720 1099 4769 uirtutes
1114 4719 1271 4769 caruiuentar
1288 4722 1305 4768 t.
1327 4744 1353 4752 -
1375 4719 1452 4770 isdem
1467 4719 1511 4783 bg
1587 4751 1588 4754 =

184 4794 268 4841 mst:
286 4793 352 4842 idem
368 4805 399 4848 u,
418 4793 510 4842 hisdem
527 4789 625 4851 dlru;
644 4792 752 4841 eiusdem
768 4791 790 4848 it
809 4791 896 4841 iisdem
913 4792 970 4841 1.0.
991 4819 1017 4829 -
1037 4793 1124 4855 quibua
1141 4806 1194 4844 om.
1215 4795 1232 4842 t.
1247 4821 1273 4831 -
1293 4793 1513 4854 cummarcanis

184 4881 211 4932 p.
231 4895 258 4903 -
277 4868 319 4917 et.
338 4868 565 4917 aetermmisom.
584 4865 640 4924 bs;
663 4871 686 4915 et
703 4871 775 4916 term
794 4866 840 4915 Bt.
858 4893 891 4902 -
914 4867 1053 4917 4444444444
1070 4868 1230 4928 CVertu,
1255 4870 1299 4930 Lg.
1318 4870 1343 4918 2.
1362 4869 1402 4918 db.
1424 4895 1449 4904 -
1468 4870 1509 4918 ti.

183 4941 286 5004 aliquod
301 4955 324 4992 e.
345 4968 372 4978 -
390 4943 439 4991 nisi
450 4969 488 4981 ·-
500 4946 659 4992 repertantur
675 4943 751 4992 affert
767 4941 911 4992 Diomedes
933 4955 959 5006 p.
978 4941 1026 4993 389
1043 4944 1071 4992 Ρ.
1092 4969 1119 4980 -
1137 4942 1207 4993 nebia
1228 4944 1423 5006 patefaceres:
1443 4945 1513 4994 uobis

180 5017 259 5079 pates.
284 5016 302 5067 d
319 5029 380 5068 cum
397 5019 483 5068 Diem.
503 5018 591 5082 (etiam
609 5017 668 5068 cod.
688 5018 799 5080 Monac.)
825 5043 852 5052 -
872 5017 913 5066 63.
928 5019 1027 5078 possitis
1043 5017 1070 5068 d.
1094 5041 1119 5054 -
1143 5019 1186 5082 pue·
1202 5019 1283 5069 4444444
1299 5031 1315 5081 g
1332 5020 1360 5067 et·
1375 5018 1460 5068 Diam.
1481 5046 1508 5055 -

182 5088 224 5141 ii.
248 5093 291 5158 est]
312 5093 375 5144 inest
395 5096 431 5155 V3
460 5110 510 5146 noe
532 5101 567 5146 eet
588 5097 616 5146 B.
646 5121 674 5134 -
698 5094 756 5159 uno]
786 5097 813 5144 in
833 5109 883 5144 uno
903 5092 998 5144 Vtar
1020 5095 1050 5156 4;
1080 5107 1130 5146 uuo
1152 5095 1179 5144 in
1201 5093 1217 5144 4
1241 5094 1335 5156 Lagg.;
1360 5094 1427 5146 omui
1448 5093 1474 5145 iu
1496 5108 1510 5145 r

183 5178 318 5231 supersor.
341 5182 401 5219 urso.

1467 5310 1478 5365 lt

1459 5382 1465 5405 Ι

1379 5500 1442 5837 r
