3648 5888
295 315 338 383 96
717 319 870 388 ORATIO
891 321 971 390 PRO
992 323 1036 390 ll.
1056 323 1205 392 TULLIO

295 490 385 553 Sicut
410 487 456 552 ita
476 488 678 554 interdictum
699 500 748 557 est
768 499 801 557 ct
821 494 952 576 sponsio
977 496 1078 572 luctu,
1107 515 1166 578 ego
1195 515 1245 559 me
1272 495 1313 559 ud
1338 495 1477 560 iudicem
1506 496 1533 561 si
1562 498 1617 562 de-

292 584 437 660 lendam,
464 585 497 649 ri
524 607 574 650 me
603 586 756 652 deiecisse
779 585 946 666 confitear,
976 590 1050 654 dolo
1078 589 1162 654 melo
1185 610 1316 674 negem,
1345 591 1458 675 ecquis
1481 611 1531 656 me
1561 612 1617 670 nu·

294 678 382 742 dist‘l
425 676 476 742 30.
498 680 570 742 Non
593 681 707 763 opinor
728 680 873 764 quidem,
904 685 995 768 quin,
1025 686 1052 749 si
1081 685 1112 748 vi
1141 685 1241 748 deieci
1269 686 1310 749 Μ.
1334 684 1514 762 Claudium,
1540 685 1616 750 dolo

292 776 376 840 malo
406 776 524 851 deieci,
554 775 588 839 in
609 777 640 840 vi
664 777 748 842 enim
770 776 863 842 dolus
884 779 987 843 malus
1013 779 1118 854 inest;
1152 786 1184 848 et
1207 777 1341 843 Claudio
1363 781 1518 844 utrumvis
1540 780 1616 844 setis

269 878 342 938 uest
369 872 500 956 planum
525 867 646 947 lacere,
673 872 724 936 vel
752 891 785 936 se
814 892 904 936 ame
931 873 1002 954 ipso
1029 873 1061 936 vi
1087 872 1244 936 deiectum
1272 893 1357 949 esse,
1386 873 1438 936 vel
1464 895 1515 939 me
1541 895 1617 939 eon-

292 964 400 1030 silium
420 967 529 1042 inisse,
551 974 587 1030 ut
607 965 639 1031 vi
661 967 860 1031 deiiceretur.
894 966 969 1030 Plus
991 966 1088 1050 igitur
1101 1011 1207 1030 .....
1223 967 1335 1031 Claudi
1355 1011 1386 1031 ..
1406 990 1427 1032 u
1444 1013 1453 1032 .
1468 1013 1498 1032 ..
1520 968 1617 1032 inter·

293 1059 423 1136 dicitur,
444 1060 530 1124 unde
552 1060 626 1124 dolo
648 1059 732 1125 malo
754 1082 826 1125 meo
847 1062 880 1126 vi
902 1061 1044 1124 deiectus
1066 1061 1122 1136 sit,
1145 1081 1239 1145 quam
1262 1061 1289 1125 si
1313 1063 1457 1138 duretur,
1489 1063 1575 1125 unde
1597 1082 1616 1125 a

291 1155 395 1219 mevi
417 1155 559 1219 deiectus
581 1163 675 1219 essct.
716 1158 796 1220 Num
825 1157 859 1219 in
890 1156 953 1219 hoc
980 1156 1177 1239 posteriore,
1207 1157 1269 1220 nisi
1292 1157 1360 1240 ipsc
1382 1164 1509 1240 egomet
1529 1156 1616 1220 deie-

292 1251 424 1326 cissem,
439 1251 605 1318 ,vincerem
627 1250 850 1333 sponsionem:
883 1251 917 1313 iu
938 1250 995 1314 illo
1017 1249 1140 1334 priore,
1162 1251 1217 1314 ubi
1240 1252 1333 1314 dolus
1355 1251 1457 1314 mulus
1478 1252 1614 1326 additur,

254 1345 358 1412 losive
380 1344 547 1410 consilium
568 1326 716 1421 idissem,
739 1345 806 1410 sive
827 1347 897 1429 ipse
919 1344 1121 1421 deiecissem,
1145 1365 1276 1409 neeesse
1299 1353 1367 1409 erat
1387 1352 1419 1408 te
1441 1344 1517 1410 dolo
1532 1344 1615 1409 malo

291 1459 363 1503 meo
385 1440 417 1502 vi
439 1439 597 1504 deiectum
619 1438 765 1502 iudicari.

376 1530 427 1598 34.
449 1535 518 1598 Hoc
539 1533 700 1619 persimile
721 1542 817 1618 etque
840 1534 920 1597 adeo
942 1527 1036 1617 plane
1058 1533 1145 1598 idem
1167 1541 1216 1597 est
1236 1533 1271 1598 in
1292 1532 1354 1598 hoo
1376 1533 1514 1611 iudicio,
1536 1534 1616 1599 reoi-

290 1637 462 1714 perutores.
506 1628 633 1704 Quaero
655 1629 741 1693 enim
762 1627 818 1692 abs
840 1636 889 1692 te:
918 1629 945 1691 si
967 1628 1012 1692 ita
1032 1627 1185 1691 iudicium
1207 1626 1316 1690 datum
1338 1634 1438 1704 esset,
1470 1648 1614 1702 ovsrrln

290 1742 446 1790 suerrus
474 1740 579 1788 renus
605 1746 625 1787 s
654 1741 786 1788 esurum
814 1723 848 1786 Ρ.
871 1721 962 1786 Fron
991 1740 1025 1786 vr
1060 1739 1234 1787 nostrisve
1255 1739 1396 1806 enutris
1417 1729 1549 1787 niuniu
1573 1725 1614 1788 ll.

253 1821 409 1885 leTruuro
429 1835 556 1893 norun,
579 1817 656 1902 quid
671 1818 804 1880 haberes
827 1816 914 1900 quod
936 1816 1081 1880 diceres?
1106 1815 1211 1892 Nihil,
1233 1817 1358 1900 opinor.
1388 1818 1508 1882 Fateris
1530 1818 1615 1882 enim

290 1915 412 1990 omnin,
445 1922 477 1978 et
503 1912 656 1978 familiam
683 1913 717 1976 P.
739 1911 827 1974 Fabii
855 1908 983 1986 iecisse,
1018 1918 1051 1974 et
1081 1909 1314 1974 vihominilius
1340 1912 1468 1975 armatis
1490 1912 1613 1976 iecisse.

291 2009 385 2085 Quod
408 2008 550 2073 additum
573 2016 621 2072 est
641 2027 725 2072 nono
746 2027 850 2082 usco,
872 2005 906 2069 id
926 2012 959 2068 te
980 2006 1130 2068 adiuvare
1151 2013 1260 2087 putes,
1282 2007 1316 2069 in
1339 2025 1404 2090 quo
1426 2007 1615 2090 opprimitur

289 2112 322 2168 et
344 2104 524 2170 excluditur
545 2103 649 2167 omnis
671 2110 726 2165 tun
748 2100 902 2164 defensio.
945 2095 996 2161 32.
1018 2101 1098 2163 Nam
1120 2097 1147 2161 si
1168 2098 1311 2162 additum
1332 2098 1365 2162 id
1386 2119 1452 2163 non
1473 2109 1614 2165 essetne

173 2199 176 2206 “
288 2199 346 2263 tihi
369 2196 494 2262 libitum
516 2203 600 2260 esset
620 2197 665 2260 itu
686 2195 875 2270 defendere,
897 2201 984 2258 tunm
1005 2191 1158 2256 familiam
1173 2212 1238 2256 uon
1251 2193 1379 2271 fecisse,
1400 2195 1562 2273 vinceres,
1585 2197 1613 2260 si

251 2291 323 2362 soid
343 2292 478 2377 probare
500 2289 669 2373 potuisses.
703 2291 795 2353 Nunc
816 2289 883 2354 sire
905 2287 961 2352 illa
981 2286 1168 2352 defensione
1190 2287 1236 2351 uti
1258 2287 1434 2366 voluisses,
1456 2291 1522 2354 sire
1544 2290 1614 2366 hnc,

290 2404 354 2470 qus
374 2385 491 2460 uteris,
513 2384 733 2450 condemneris
754 2403 885 2448 necesse
907 2390 974 2446 est:
1000 2381 1062 2446 nisi
1083 2389 1232 2464 putamus
1253 2401 1321 2446 eum
1340 2384 1375 2445 iu
1394 2384 1543 2449 iudicium
1561 2404 1615 2448 ve-

288 2481 374 2557 nire,
398 2480 453 2564 qui
473 2481 643 2545 consilium
665 2479 787 2555 inierit,
815 2479 923 2552 illum,
950 2476 1006 2561 qui
1027 2475 1152 2552 iecerit,
1175 2495 1241 2540 non
1261 2477 1387 2554 venire;
1416 2501 1487 2544 cum
1510 2480 1615 2546 consi·

287 2571 368 2637 lium
390 2574 459 2637 sine
479 2573 563 2638 lecto
585 2573 720 2657 intelligi
740 2573 859 2657 possit,
880 2573 999 2635 iactum
1014 2569 1082 2634 sine
1098 2571 1233 2634 oonsilio
1250 2591 1315 2634 uon
1329 2573 1441 2655 possit.
1462 2578 1513 2640 Au
1528 2576 1615 2660 quod

288 2668 406 2733 iactum
428 2666 586 2732 eiusmodi
606 2674 673 2743 est,
694 2674 730 2730 ut
751 2668 820 2730 sine
842 2667 967 2731 occulto
990 2665 1141 2740 oonsilio,
1164 2667 1234 2728 sine
1254 2673 1366 2742 nocte,
1388 2667 1523 2745 sineri,
1545 2671 1614 2734 sine

253 2763 405 2832 sedamno
427 2761 572 2836 ulterius,
595 2761 664 2824 sine
685 2759 801 2836 armis,
823 2761 892 2824 sine
907 2757 1021 2835 caede,
1045 2758 1114 2822 sine
1130 2755 1284 2824 maleficio
1301 2759 1368 2824 lieri
1384 2783 1449 2826 non
1463 2765 1613 2846 potuerit,

289 2856 322 2919 id
355 2856 424 2920 sine
451 2853 525 2918 dolo
555 2852 639 2918 malo
666 2853 785 2918 factum
814 2854 1029 2918 iudicabitur?
1072 2849 1124 2915 33.
1149 2855 1198 2917 An
1221 2873 1285 2938 qua
1305 2856 1339 2919 in
1360 2877 1394 2920 re
1415 2865 1545 2942 praetor
1565 2859 1612 2922 illi

182 2985 184 2994 ι
289 2950 466 3033 improbam
489 2948 708 3013 defensionem
729 2948 798 3012 tolli
819 2949 940 3024 voluit,
963 2949 996 3011 in
1018 2968 1056 3012 en
1077 2969 1112 3012 re
1134 2949 1212 3012 milri
1228 2945 1438 3016 difficiliorem
1454 2953 1612 3017 actionem

288 3045 403 3110 iactam
425 3044 604 3130 putabitis?
637 3043 698 3107 llic
719 3043 797 3106 milri
819 3042 872 3107 isti
894 3043 1047 3127 singulari
1069 3044 1199 3127 ingenio
1221 3045 1371 3108 videntur
1392 3065 1480 3123 esse,
1503 3049 1559 3133 qui
1582 3056 1614 3112 et

288 3139 339 3216 id,
371 3139 459 3224 quod
481 3137 559 3202 milri
581 3145 691 3202 contra
711 3137 786 3201 illos
809 3136 917 3202 dutum
939 3145 1003 3215 est,
1033 3138 1096 3222 ipsi
1123 3138 1286 3221 adripiunt
1308 3147 1340 3203 et
1361 3141 1494 3224 scopulo
1514 3150 1611 3227 atque

325 3318 350 3369 2.
361 3317 395 3383 os]
407 3316 468 3367 otei
476 3318 537 3367 P.-
547 3314 637 3380 ecque]
649 3326 737 3375 srprrs
748 3315 777 3377 Τ,
786 3319 810 3365 ct
818 3315 873 3378 quis
884 3315 956 3366 Plill.
966 3314 1122 3366 Emendavit
1132 3313 1284 3366 Orellius.-
1298 3315 1321 3366 3.
1329 3317 1441 3379 equidem
1452 3315 1610 3370 Halmius.-

287 3388 312 3443 4.
325 3391 356 3456 ol]
368 3388 596 3454 emmanueli.
611 3417 639 3426 -
653 3389 677 3439 6.
691 3390 826 3440 deiceretur
836 3389 928 3440 TPBH.
940 3417 968 3426 —
980 3402 1062 3440 rcrrrr
1077 3395 1081 3450 Ι
1098 3391 1410 3442 .....ccrrn1..r...T:
1427 3393 1613 3458 tpitcrprodert

287 3467 391 3518 acuam
401 3479 459 3517 com
469 3467 498 3528 Ρ,
515 3467 596 3530 luitur
609 3465 686 3515 datio
698 3465 802 3516 Cdrndio
812 3465 984 3526 comitello,
1002 3465 1157 3529 ipitorvnlet
1168 3465 1256 3517 Claudi
1271 3466 1389 3528 commit
1405 3467 1498 3518 llll.—
1512 3469 1536 3519 7.
1547 3469 1612 3519 uode

286 3541 342 3592 dolo
357 3541 426 3592 malo
441 3553 496 3592 meo
505 3542 567 3606 post
577 3539 705 3592 Klotzium
716 3540 750 3591 ll:
768 3541 834 3591 node
849 3553 867 3590 a
877 3540 1010 3590 dolomate
1019 3553 1074 3591 meo
1085 3542 1132 3592 PB
1141 3542 1172 3592 ll.
1191 3539 1339 3594 librarium
1356 3543 1454 3596 codicis
1466 3547 1486 3597 Τ
1502 3544 1579 3597 oculo
1595 3559 1611 3596 s

286 3627 353 3670 voee
365 3619 430 3668 uode
439 3616 518 3666 limus
536 3626 631 3666 versus
642 3615 676 3667 ed
688 3627 784 3665 vocem
797 3615 863 3665 mide
875 3614 1005 3666 interioris
1017 3627 1112 3666 versus
1130 3615 1271 3668 aberrante
1286 3618 1358 3682 prins
1376 3620 1515 3686 scripsisse
1531 3635 1549 3671 a
1562 3635 1609 3682 ore,

286 3692 384 3746 deinde
394 3705 485 3745 errore
493 3691 679 3742 animadverso
686 3704 726 3741 mo
733 3693 850 3743 mutasse
860 3691 948 3748 inmeo
958 3693 984 3741 et
992 3692 1212 3756 superscripsisse
1222 3693 1361 3756 dolomate,
1372 3693 1486 3748 litterum
1496 3709 1514 3746 a
1521 3698 1611 3747 autem

285 3768 445 3835 expunxisse
462 3765 609 3818 luculenter
626 3765 743 3817 ostendit
757 3765 886 3817 llellerus.
900 3794 927 3803 -
947 3765 971 3816 8.
981 3766 1118 3828 posteriore
1134 3766 1226 3817 PBO:
1243 3767 1376 3830 poster-iovi
1392 3768 1474 3820 Tilil.
1494 3769 1533 3821 cl.
1546 3783 1572 3820 v.
1584 3769 1609 3819 9.

286 3846 315 3894 et
326 3843 367 3908 55.
380 3845 404 3894 4.
417 3844 442 3893 6.
453 3843 494 3894 42.
507 3870 534 3880 -
547 3842 571 3892 9.
584 3841 687 3893 audire
698 3844 726 3893 P.
745 3841 813 3892 «Sed
825 3853 877 3891 non
888 3839 966 3905 plene
977 3843 1066 3893 certus
1077 3853 1150 3903 sum,
1170 3840 1254 3892 codex
1266 3841 1365 3893 hubent
1375 3844 1479 3894 nuddur
1494 3856 1528 3894 en
1540 3844 1612 3894 addi·

286 3923 341 3978 tur,
359 3917 432 3982 quod
449 3918 502 3969 ism
512 3919 621 3969 Belerus
632 3919 704 3968 reete
715 3917 854 3968 restituit.»
867 3915 943 3966 Ksuu.
957 3943 985 3954 -
1005 3917 1045 3967 lli.
1057 3917 1109 3966 ries
1118 3917 1247 3966 conditum
1257 3917 1357 3968 inissem
1367 3918 1401 3968 ll:
1419 3919 1470 3970 sivo
1483 3918 1612 3969 comedim

286 3993 395 4054 inim
411 3996 440 4042 ut
454 3993 481 4042 oi
491 3993 628 4044 deicerstw
637 3993 657 4042 P
665 3994 685 4042 li
694 3993 752 4043 Oll.
772 3990 919 4042 librarium
929 3989 1028 4042 codicis
1045 3991 1064 4041 Τ
1081 3989 1163 4042 oeulis
1180 4004 1196 4041 n
1212 3991 1302 4044 verbis
1318 3992 1448 4043 mettim
1462 3993 1561 4044 missen
1576 3991 1611 4043 od

286 4064 371 4116 verbs
387 4063 466 4131 pnulo
482 4068 605 4132 superius
622 4067 719 4132 scriptu
736 4065 865 4116 motion
874 4066 949 4116 icisse
958 4064 1143 4118 oberrantibus
1154 4067 1228 4132 prius
1241 4067 1420 4132 scripsissent
1429 4068 1454 4118 oi
1466 4068 1609 4128 motor,

287 4142 371 4194 verba
387 4154 452 4193 vero
467 4143 519 4193 sios
534 4142 671 4192 mern
688 4141 822 4203 omisisse,
841 4143 899 4191 tum
915 4153 1005 4192 errore
1023 4143 1160 4208 comperto
1178 4155 1293 4209 superne
1310 4143 1377 4195 haec
1391 4141 1555 4208 supplevisse
1572 4141 1612 4192 lit·

288 4219 344 4271 tera
360 4233 387 4270 m
401 4217 568 4284 praeposite,
586 4218 617 4267 ut
632 4215 793 4280 signiticaret
809 4229 851 4266 vv.
870 4217 921 4266 sive
936 4217 1074 4267 6444643366
1089 4218 1210 4283 proxime
1228 4219 1359 4283 iungenda
1377 4231 1437 4271 esse
1454 4231 1515 4269 eum
1532 4229 1612 4282 pree·

287 4293 400 4346 cedente
420 4292 504 4344 verbo
520 4293 632 4354 inissem,
659 4303 765 4344 summo
782 4291 905 4342 acumine
921 4291 987 4342 vidit
1003 4295 1031 4343 et
1052 4292 1243 4344 demonstravit
1258 4293 1384 4345 Kellerus.
1406 4319 1433 4330 -
1452 4297 1475 4343 te
1491 4291 1555 4342 TP:
1582 4291 1611 4342 de

285 4369 405 4422 noun.
438 4368 491 4420 sed
507 4366 647 4433 appellntio
663 4367 764 4419 directe
780 4367 834 4417 fieti
851 4367 994 4419 adversarii
1010 4380 1081 4420 nuno
1098 4365 1213 4432 expulsis
1230 4367 1318 4420 verbis
1335 4373 1364 4419 ut
1378 4369 1404 4418 oi
1421 4368 1556 4418 deicorw
1572 4378 1607 4417 ne

286 4445 424 4496 minimam
436 4442 544 4508 quidem
555 4440 638 4494 hebet
648 4441 831 4493 offensionem.
845 4441 883 4493 Cl.
895 4456 922 4492 v.
931 4442 970 4493 43.
982 4445 1009 4492 et
1019 4442 1108 4493 adnot.
1119 4442 1154 4492 sd
1164 4457 1191 4508 p.
1203 4443 1243 4494 96.
1256 4457 1281 4494 v.
1291 4443 1364 4494 3³.·
1379 4444 1420 4493 44.
1429 4455 1484 4494 mm
1494 4453 1610 4506 superne

287 4521 416 4585 seriptum
433 4517 515 4570 habet
529 4520 558 4569 T.
573 4545 601 4555 —
620 4517 660 4570 44.
678 4517 740 4568 Fabi
755 4518 781 4567 oi
796 4517 1012 4569 homoidnsllll:
1030 4517 1092 4568 Fuit
1106 4517 1244 4568 lominum
1259 4519 1334 4569 TPB
1344 4519 1373 4569 0.
1393 4516 1431 4568 Cl.
1448 4531 1473 4568 v.
1487 4517 1527 4568 46.
1546 4515 1570 4580 5.
1583 4516 1608 4566 l.

288 4598 316 4647 et
331 4608 386 4646 ver.
404 4592 465 4646 lect.
484 4593 508 4659 5.
526 4595 568 4646 24.
588 4621 616 4631 -
635 4595 676 4646 46.
693 4606 777 4644 nmrrr
793 4605 854 4644 nos:
876 4597 1009 4653 ...lrrr
1025 4594 1057 4656 T,
1075 4593 1174 4644 motum
1190 4595 1221 4656 P,
1239 4593 1462 4658 [ootsmBOllli.
1481 4591 1610 4644 leodico

288 4667 351 4722 nihil
374 4668 481 4720 obstare
503 4669 566 4733 quin
585 4681 668 4720 nrrrrr
686 4666 829 4728 scribatur,
851 4680 902 4732 per
925 4665 1025 4719 litteras
1046 4681 1090 4718 me
1112 4667 1201 4719 docuit
1221 4667 1348 4720 Kellerus.
1376 4666 1414 4720 Cl.
1437 4665 1479 4732 55.
1497 4669 1522 4719 e.
1540 4669 1565 4718 7.
1583 4667 1608 4718 8.

287 4747 329 4798 42.
353 4745 394 4798 27.
417 4743 457 4795 til.
478 4742 520 4795 39.
540 4769 568 4780 -
592 4745 634 4795 46.
651 4741 713 4794 raes
735 4741 880 4793 TPBllll.
901 4768 928 4778 -
951 4743 991 4794 48.
1010 4741 1138 4808 aiendo?
1154 4744 1212 4794 ΒΟ.
1233 4769 1261 4780 -
1286 4744 1326 4794 49.
1344 4753 1516 4796 nrrrrnnrnr
1531 4743 1559 4793 T.
1580 4767 1607 4780 -·

287 4821 328 4875 20.
345 4831 458 4872 sussum
480 4818 508 4870 T.
532 4845 560 4856 -
585 4819 627 4870 24.
651 4823 769 4882 potamus
789 4830 846 4870 eum
865 4817 893 4868 tn
911 4817 1032 4868 iudicitur
1052 4819 1148 4870 Pilll:
1174 4823 1316 4879 omnium
1329 4855 1486 4872 ........
1504 4829 1563 4870 cm
1579 4818 1608 4880 T,

284 4901 406 4960 putemus
429 4893 457 4943 to
480 4892 600 4944 indiction
619 4892 679 4944 Βο.
699 4918 726 4930 -
749 4892 790 4944 23.
812 4891 919 4957 melleas·
935 4892 1019 4943 TPB.
1040 4918 1068 4930 -
1094 4891 1135 4944 24.
1153 4894 1205 4946 sine
1219 4894 1254 4961 vl]
1280 4895 1309 4944 ln
1325 4893 1413 4958 priore
1429 4907 1497 4946 voce
1514 4891 1610 4944 desinit

288 4969 379 5022 lolium
395 4967 557 5019 Taurinense
575 4969 716 5032 quartum,
742 4979 756 5016 s
773 4969 920 5032 posteriore
936 4969 1029 5036 incipit
1045 4969 1174 5034 quintum.
1194 4997 1221 5010 -
1240 4970 1281 5023 26.
1296 4967 1410 5036 prooem]
1427 4969 1454 5020 P.
1471 4969 1500 5020 li.
1518 4967 1538 5017 T
1555 4965 1609 5016 ire-

291 5044 466 5111 quentlssimo
483 5056 583 5096 errore.
606 5042 645 5096 Cl.
662 5056 690 5110 p.
709 5043 822 5096 Coccina
839 5043 863 5109 5.
877 5043 919 5097 23.
