<?xml version="1.0" encoding="UTF-8"?>
<!DOCTYPE html PUBLIC "-//W3C//DTD XHTML 1.0 Transitional//EN"
    "http://www.w3.org/TR/xhtml1/DTD/xhtml1-transitional.dtd">
<html xmlns="http://www.w3.org/1999/xhtml" xml:lang="en" lang="en">
 <head>
  <title>
</title>
<meta http-equiv="Content-Type" content="text/html;charset=utf-8" />
  <meta name='ocr-system' content='tesseract 3.04.00' />
  <meta name='ocr-capabilities' content='ocr_page ocr_carea ocr_par ocr_line ocrx_word'/>
</head>
<body>
  <div class='ocr_page' id='page_1' title='image "./mtulliiciceroni00baitgoog_0563.png"; bbox 0 0 3610 5860; ppageno 0'>
   <div class='ocr_carea' id='block_1_1' title="bbox 553 425 1520 551">
    <p class='ocr_par' dir='ltr' id='par_1_1' title="bbox 553 425 1520 551">
     <span class='ocr_line' id='line_1_1' title="bbox 553 425 1520 551; baseline -0.008 -21"><span class='ocrx_word' id='word_1_1' title='bbox 553 464 627 530; x_wconf 75' lang='lat' dir='ltr'><strong>m.</strong></span> <span class='ocrx_word' id='word_1_2' title='bbox 647 425 909 531; x_wconf 79' lang='lat' dir='ltr'><strong>xxa-xxm.</strong></span> <span class='ocrx_word' id='word_1_3' title='bbox 935 461 992 551; x_wconf 71' lang='lat' dir='ltr'><strong>sp.</strong></span> <span class='ocrx_word' id='word_1_4' title='bbox 1015 459 1163 532; x_wconf 79' lang='lat' dir='ltr'><strong>oa-er.</strong></span> <span class='ocrx_word' id='word_1_5' title='bbox 1457 447 1520 522; x_wconf 77' lang='lat' dir='ltr'><strong>aar</strong></span> 
     </span>
    </p>
   </div>
   <div class='ocr_carea' id='block_1_2' title="bbox 196 624 1667 3439">
    <p class='ocr_par' dir='ltr' id='par_1_2' title="bbox 196 624 1667 3439">
     <span class='ocr_line' id='line_1_2' title="bbox 203 624 1667 738; baseline -0.002 -38"><span class='ocrx_word' id='word_1_6' title='bbox 203 655 285 722; x_wconf 90' lang='lat' dir='ltr'><strong>qnae</strong></span> <span class='ocrx_word' id='word_1_7' title='bbox 307 642 355 699; x_wconf 89' lang='lat' dir='ltr'><strong>est</strong></span> <span class='ocrx_word' id='word_1_8' title='bbox 375 634 409 698; x_wconf 91' lang='lat' dir='ltr'><strong>in</strong></span> <span class='ocrx_word' id='word_1_9' title='bbox 431 631 487 698; x_wconf 85' lang='lat' dir='ltr'><strong>Gn.</strong></span> <span class='ocrx_word' id='word_1_10' title='bbox 505 635 655 719; x_wconf 88' lang='lat' dir='ltr'><strong>Pompeio</strong></span> <span class='ocrx_word' id='word_1_11' title='bbox 678 634 856 718; x_wconf 88' lang='lat' dir='ltr'><strong>singularis,</strong></span> <span class='ocrx_word' id='word_1_12' title='bbox 865 624 934 718; x_wconf 74' lang='lat' dir='ltr'><strong>(sed</strong></span> <span class='ocrx_word' id='word_1_13' title='bbox 955 634 1036 699; x_wconf 86' lang='lat' dir='ltr'><strong>aliae</strong></span> <span class='ocrx_word' id='word_1_14' title='bbox 1052 653 1179 720; x_wconf 90' lang='lat' dir='ltr'><strong>qnoque</strong></span> <span class='ocrx_word' id='word_1_15' title='bbox 1193 633 1326 699; x_wconf 83' lang='lat' dir='ltr'><strong>virtutes</strong></span> <span class='ocrx_word' id='word_1_16' title='bbox 1340 632 1438 697; x_wconf 92' lang='lat' dir='ltr'><strong>animi</strong></span> <span class='ocrx_word' id='word_1_17' title='bbox 1451 651 1520 697; x_wconf 86' lang='lat' dir='ltr'><strong>ma·</strong></span> <span class='ocrx_word' id='word_1_18' title='bbox 1595 663 1667 738; x_wconf 45' lang='grc' dir='ltr'><strong>ὦ,</strong></span> 
     </span>
     <span class='ocr_line' id='line_1_3' title="bbox 202 698 1594 824; baseline -0.002 -31"><span class='ocrx_word' id='word_1_19' title='bbox 202 749 281 814; x_wconf 90' lang='lat' dir='ltr'><strong>gnae</strong></span> <span class='ocrx_word' id='word_1_20' title='bbox 304 735 336 792; x_wconf 93' lang='lat' dir='ltr'><strong>et</strong></span> <span class='ocrx_word' id='word_1_21' title='bbox 353 727 468 792; x_wconf 87' lang='lat' dir='ltr'><strong>multae</strong></span> <span class='ocrx_word' id='word_1_22' title='bbox 483 721 708 824; x_wconf 65' lang='lat' dir='ltr'><strong>requiguntnq).</strong></span> <span class='ocrx_word' id='word_1_23' title='bbox 722 726 858 794; x_wconf 84' lang='lat' dir='ltr'><strong>Difficile</strong></span> <span class='ocrx_word' id='word_1_24' title='bbox 873 731 966 794; x_wconf 90' lang='lat' dir='ltr'><strong>estin</strong></span> <span class='ocrx_word' id='word_1_25' title='bbox 981 730 1073 804; x_wconf 81' lang='lat' dir='ltr'><strong>Asia,</strong></span> <span class='ocrx_word' id='word_1_26' title='bbox 1096 728 1220 805; x_wconf 88' lang='lat' dir='ltr'><strong>Cilicia,</strong></span> <span class='ocrx_word' id='word_1_27' title='bbox 1243 728 1332 813; x_wconf 83' lang='lat' dir='ltr'><strong>Syria</strong></span> <span class='ocrx_word' id='word_1_28' title='bbox 1346 727 1517 811; x_wconf 72' lang='lat' dir='ltr'><strong>regnisque</strong></span> <span class='ocrx_word' id='word_1_29' title='bbox 1582 698 1594 730; x_wconf 40' lang='grc' dir='ltr'>ι</span> 
     </span>
     <span class='ocr_line' id='line_1_4' title="bbox 200 817 1518 908; baseline -0.004 -23"><span class='ocrx_word' id='word_1_30' title='bbox 200 823 384 886; x_wconf 89' lang='lat' dir='ltr'><strong>interiorum</strong></span> <span class='ocrx_word' id='word_1_31' title='bbox 406 821 571 886; x_wconf 89' lang='lat' dir='ltr'><strong>nationum</strong></span> <span class='ocrx_word' id='word_1_32' title='bbox 591 824 636 887; x_wconf 89' lang='lat' dir='ltr'><strong>ita</strong></span> <span class='ocrx_word' id='word_1_33' title='bbox 649 823 768 887; x_wconf 87' lang='lat' dir='ltr'><strong>versari</strong></span> <span class='ocrx_word' id='word_1_34' title='bbox 789 831 931 888; x_wconf 91' lang='lat' dir='ltr'><strong>nostrum</strong></span> <span class='ocrx_word' id='word_1_35' title='bbox 952 824 1190 908; x_wconf 79' lang='lat' dir='ltr'><strong>imperatorem,</strong></span> <span class='ocrx_word' id='word_1_36' title='bbox 1212 830 1248 886; x_wconf 90' lang='lat' dir='ltr'><strong>ut</strong></span> <span class='ocrx_word' id='word_1_37' title='bbox 1261 821 1340 884; x_wconf 92' lang='lat' dir='ltr'><strong>nibil</strong></span> <span class='ocrx_word' id='word_1_38' title='bbox 1354 819 1441 884; x_wconf 91' lang='lat' dir='ltr'><strong>aliud</strong></span> <span class='ocrx_word' id='word_1_39' title='bbox 1455 817 1518 882; x_wconf 90' lang='lat' dir='ltr'><strong>nisi</strong></span> 
     </span>
     <span class='ocr_line' id='line_1_5' title="bbox 201 915 1519 1001; baseline -0.003 -23"><span class='ocrx_word' id='word_1_40' title='bbox 201 915 241 979; x_wconf 93' lang='lat' dir='ltr'><strong>de</strong></span> <span class='ocrx_word' id='word_1_41' title='bbox 260 916 352 979; x_wconf 88' lang='lat' dir='ltr'><strong>hoste</strong></span> <span class='ocrx_word' id='word_1_42' title='bbox 374 935 410 979; x_wconf 92' lang='lat' dir='ltr'><strong>ac</strong></span> <span class='ocrx_word' id='word_1_43' title='bbox 431 915 470 979; x_wconf 91' lang='lat' dir='ltr'><strong>de</strong></span> <span class='ocrx_word' id='word_1_44' title='bbox 492 916 586 980; x_wconf 87' lang='lat' dir='ltr'><strong>laude</strong></span> <span class='ocrx_word' id='word_1_45' title='bbox 608 918 732 1001; x_wconf 75' lang='lat' dir='ltr'><strong>cogitet.</strong></span> <span class='ocrx_word' id='word_1_46' title='bbox 763 916 884 998; x_wconf 85' lang='lat' dir='ltr'><strong>Deinde</strong></span> <span class='ocrx_word' id='word_1_47' title='bbox 907 917 1001 981; x_wconf 91' lang='lat' dir='ltr'><strong>etiam</strong></span> <span class='ocrx_word' id='word_1_48' title='bbox 1023 918 1121 1001; x_wconf 92' lang='lat' dir='ltr'><strong>siqui</strong></span> <span class='ocrx_word' id='word_1_49' title='bbox 1143 924 1217 980; x_wconf 90' lang='lat' dir='ltr'><strong>sunt</strong></span> <span class='ocrx_word' id='word_1_50' title='bbox 1237 915 1359 1000; x_wconf 90' lang='lat' dir='ltr'><strong>pudore</strong></span> <span class='ocrx_word' id='word_1_51' title='bbox 1381 932 1417 976; x_wconf 85' lang='lat' dir='ltr'><strong>ac</strong></span> <span class='ocrx_word' id='word_1_52' title='bbox 1438 919 1519 976; x_wconf 88' lang='lat' dir='ltr'><strong>tem·</strong></span> 
     </span>
     <span class='ocr_line' id='line_1_6' title="bbox 200 1007 1543 1094; baseline -0.002 -22"><span class='ocrx_word' id='word_1_53' title='bbox 200 1009 342 1093; x_wconf 83' lang='lat' dir='ltr'><strong>perantia</strong></span> <span class='ocrx_word' id='word_1_54' title='bbox 370 1009 613 1086; x_wconf 85' lang='lat' dir='ltr'><strong>moderatiores,</strong></span> <span class='ocrx_word' id='word_1_55' title='bbox 644 1019 750 1074; x_wconf 61' lang='lat' dir='ltr'><strong>nmen</strong></span> <span class='ocrx_word' id='word_1_56' title='bbox 773 1030 828 1074; x_wconf 88' lang='lat' dir='ltr'><strong>eos</strong></span> <span class='ocrx_word' id='word_1_57' title='bbox 850 1030 919 1074; x_wconf 92' lang='lat' dir='ltr'><strong>esse</strong></span> <span class='ocrx_word' id='word_1_58' title='bbox 944 1011 1023 1074; x_wconf 90' lang='lat' dir='ltr'><strong>tales</strong></span> <span class='ocrx_word' id='word_1_59' title='bbox 1051 1015 1181 1094; x_wconf 89' lang='lat' dir='ltr'><strong>propter</strong></span> <span class='ocrx_word' id='word_1_60' title='bbox 1209 1007 1441 1074; x_wconf 84' lang='lat' dir='ltr'><strong>multitudinem</strong></span> <span class='ocrx_word' id='word_1_61' title='bbox 1465 1009 1543 1070; x_wconf 70' lang='grc'><strong>66-4</strong></span> 
     </span>
     <span class='ocr_line' id='line_1_7' title="bbox 199 1101 1519 1187; baseline -0.002 -21"><span class='ocrx_word' id='word_1_62' title='bbox 199 1102 346 1187; x_wconf 89' lang='lat' dir='ltr'><strong>pidorum</strong></span> <span class='ocrx_word' id='word_1_63' title='bbox 375 1102 539 1166; x_wconf 90' lang='lat' dir='ltr'><strong>bominum</strong></span> <span class='ocrx_word' id='word_1_64' title='bbox 568 1123 661 1167; x_wconf 91' lang='lat' dir='ltr'><strong>nemo</strong></span> <span class='ocrx_word' id='word_1_65' title='bbox 693 1105 867 1168; x_wconf 85' lang='lat' dir='ltr'><strong>arbitratur.</strong></span> <span class='ocrx_word' id='word_1_66' title='bbox 917 1101 968 1168; x_wconf 81' lang='grc'><strong>66.</strong></span> <span class='ocrx_word' id='word_1_67' title='bbox 997 1101 1130 1168; x_wconf 86' lang='lat' dir='ltr'><strong>Difficile</strong></span> <span class='ocrx_word' id='word_1_68' title='bbox 1157 1111 1206 1167; x_wconf 89' lang='lat' dir='ltr'><strong>est</strong></span> <span class='ocrx_word' id='word_1_69' title='bbox 1234 1103 1336 1179; x_wconf 90' lang='lat' dir='ltr'><strong>dictu,</strong></span> <span class='ocrx_word' id='word_1_70' title='bbox 1368 1101 1519 1176; x_wconf 87' lang='lat' dir='ltr'><strong>Quirites,</strong></span> 
     </span>
     <span class='ocr_line' id='line_1_8' title="bbox 201 1194 1521 1282; baseline -0.002 -23"><span class='ocrx_word' id='word_1_71' title='bbox 201 1203 321 1280; x_wconf 89' lang='lat' dir='ltr'><strong>quanto</strong></span> <span class='ocrx_word' id='word_1_72' title='bbox 344 1196 376 1258; x_wconf 94' lang='lat' dir='ltr'><strong>in</strong></span> <span class='ocrx_word' id='word_1_73' title='bbox 399 1195 473 1259; x_wconf 93' lang='lat' dir='ltr'><strong>odio</strong></span> <span class='ocrx_word' id='word_1_74' title='bbox 494 1197 592 1260; x_wconf 90' lang='lat' dir='ltr'><strong>simus</strong></span> <span class='ocrx_word' id='word_1_75' title='bbox 614 1196 697 1281; x_wconf 92' lang='lat' dir='ltr'><strong>apud</strong></span> <span class='ocrx_word' id='word_1_76' title='bbox 719 1205 843 1261; x_wconf 88' lang='lat' dir='ltr'><strong>exteras</strong></span> <span class='ocrx_word' id='word_1_77' title='bbox 856 1200 999 1262; x_wconf 90' lang='lat' dir='ltr'><strong>nationes</strong></span> <span class='ocrx_word' id='word_1_78' title='bbox 1020 1205 1149 1282; x_wconf 88' lang='lat' dir='ltr'><strong>propter</strong></span> <span class='ocrx_word' id='word_1_79' title='bbox 1163 1219 1291 1274; x_wconf 89' lang='lat' dir='ltr'><strong>eorum,</strong></span> <span class='ocrx_word' id='word_1_80' title='bbox 1314 1216 1395 1281; x_wconf 87' lang='lat' dir='ltr'><strong>quos</strong></span> <span class='ocrx_word' id='word_1_81' title='bbox 1410 1194 1449 1258; x_wconf 87' lang='lat' dir='ltr'><strong>ad</strong></span> <span class='ocrx_word' id='word_1_82' title='bbox 1465 1213 1521 1257; x_wconf 87' lang='lat' dir='ltr'><strong>eas</strong></span> 
     </span>
     <span class='ocr_line' id='line_1_9' title="bbox 199 1289 1518 1374; baseline -0.002 -22"><span class='ocrx_word' id='word_1_83' title='bbox 199 1309 257 1373; x_wconf 88' lang='lat' dir='ltr'><strong>per</strong></span> <span class='ocrx_word' id='word_1_84' title='bbox 276 1289 336 1353; x_wconf 89' lang='lat' dir='ltr'><strong>hos</strong></span> <span class='ocrx_word' id='word_1_85' title='bbox 357 1309 457 1354; x_wconf 91' lang='lat' dir='ltr'><strong>annos</strong></span> <span class='ocrx_word' id='word_1_86' title='bbox 480 1310 550 1352; x_wconf 91' lang='lat' dir='ltr'><strong>cum</strong></span> <span class='ocrx_word' id='word_1_87' title='bbox 573 1290 707 1374; x_wconf 89' lang='lat' dir='ltr'><strong>imperio</strong></span> <span class='ocrx_word' id='word_1_88' title='bbox 729 1291 887 1367; x_wconf 87' lang='lat' dir='ltr'><strong>misimus,</strong></span> <span class='ocrx_word' id='word_1_89' title='bbox 915 1291 1061 1355; x_wconf 88' lang='lat' dir='ltr'><strong>libidines</strong></span> <span class='ocrx_word' id='word_1_90' title='bbox 1091 1300 1123 1354; x_wconf 93' lang='lat' dir='ltr'><strong>et</strong></span> <span class='ocrx_word' id='word_1_91' title='bbox 1143 1293 1283 1356; x_wconf 90' lang='lat' dir='ltr'><strong>iniurias.</strong></span> <span class='ocrx_word' id='word_1_92' title='bbox 1317 1290 1411 1366; x_wconf 90' lang='lat' dir='ltr'><strong>Quod</strong></span> <span class='ocrx_word' id='word_1_93' title='bbox 1434 1289 1518 1352; x_wconf 91' lang='lat' dir='ltr'><strong>enim</strong></span> 
     </span>
     <span class='ocr_line' id='line_1_10' title="bbox 199 1381 1520 1469; baseline -0.003 -21"><span class='ocrx_word' id='word_1_94' title='bbox 199 1383 308 1448; x_wconf 83' lang='lat' dir='ltr'><strong>sanum</strong></span> <span class='ocrx_word' id='word_1_95' title='bbox 329 1385 446 1468; x_wconf 91' lang='lat' dir='ltr'><strong>putatis</strong></span> <span class='ocrx_word' id='word_1_96' title='bbox 467 1382 586 1448; x_wconf 91' lang='lat' dir='ltr'><strong>inillis</strong></span> <span class='ocrx_word' id='word_1_97' title='bbox 608 1386 698 1448; x_wconf 89' lang='lat' dir='ltr'><strong>terris</strong></span> <span class='ocrx_word' id='word_1_98' title='bbox 719 1385 835 1449; x_wconf 86' lang='lat' dir='ltr'><strong>nostris</strong></span> <span class='ocrx_word' id='word_1_99' title='bbox 857 1387 1089 1468; x_wconf 89' lang='lat' dir='ltr'><strong>magistratibus</strong></span> <span class='ocrx_word' id='word_1_100' title='bbox 1108 1387 1308 1469; x_wconf 89' lang='lat' dir='ltr'><strong>religiosum,</strong></span> <span class='ocrx_word' id='word_1_101' title='bbox 1332 1403 1427 1469; x_wconf 91' lang='lat' dir='ltr'><strong>quam</strong></span> <span class='ocrx_word' id='word_1_102' title='bbox 1442 1381 1520 1444; x_wconf 83' lang='lat' dir='ltr'><strong>civi·</strong></span> 
     </span>
     <span class='ocr_line' id='line_1_11' title="bbox 199 1476 1556 1562; baseline -0.004 -20"><span class='ocrx_word' id='word_1_103' title='bbox 199 1485 295 1542; x_wconf 89' lang='lat' dir='ltr'><strong>tatem</strong></span> <span class='ocrx_word' id='word_1_104' title='bbox 324 1485 480 1553; x_wconf 77' lang='lat' dir='ltr'><strong>miratam,</strong></span> <span class='ocrx_word' id='word_1_105' title='bbox 511 1498 605 1562; x_wconf 88' lang='lat' dir='ltr'><strong>quam</strong></span> <span class='ocrx_word' id='word_1_106' title='bbox 637 1477 765 1542; x_wconf 91' lang='lat' dir='ltr'><strong>domum</strong></span> <span class='ocrx_word' id='word_1_107' title='bbox 787 1481 862 1543; x_wconf 89' lang='lat' dir='ltr'><strong>satis</strong></span> <span class='ocrx_word' id='word_1_108' title='bbox 884 1479 1021 1544; x_wconf 89' lang='lat' dir='ltr'><strong>clausam</strong></span> <span class='ocrx_word' id='word_1_109' title='bbox 1043 1499 1080 1543; x_wconf 91' lang='lat' dir='ltr'><strong>ac</strong></span> <span class='ocrx_word' id='word_1_110' title='bbox 1100 1481 1252 1544; x_wconf 89' lang='lat' dir='ltr'><strong>munitam</strong></span> <span class='ocrx_word' id='word_1_111' title='bbox 1272 1479 1395 1543; x_wconf 78' lang='lat' dir='ltr'><strong>fuisset</strong></span> <span class='ocrx_word' id='word_1_112' title='bbox 1423 1476 1518 1539; x_wconf 90' lang='lat' dir='ltr'><strong>urbes</strong></span> <span class='ocrx_word' id='word_1_113' title='bbox 1527 1483 1556 1530; x_wconf 82' lang='grc'><strong>40</strong></span> 
     </span>
     <span class='ocr_line' id='line_1_12' title="bbox 198 1569 1520 1657; baseline -0.001 -23"><span class='ocrx_word' id='word_1_114' title='bbox 198 1571 261 1635; x_wconf 90' lang='lat' dir='ltr'><strong>iam</strong></span> <span class='ocrx_word' id='word_1_115' title='bbox 283 1572 456 1655; x_wconf 85' lang='lat' dir='ltr'><strong>locupletes</strong></span> <span class='ocrx_word' id='word_1_116' title='bbox 478 1579 509 1636; x_wconf 91' lang='lat' dir='ltr'><strong>et</strong></span> <span class='ocrx_word' id='word_1_117' title='bbox 530 1574 677 1655; x_wconf 89' lang='lat' dir='ltr'><strong>copiosae</strong></span> <span class='ocrx_word' id='word_1_118' title='bbox 698 1574 918 1656; x_wconf 88' lang='lat' dir='ltr'><strong>requiruntur,</strong></span> <span class='ocrx_word' id='word_1_119' title='bbox 943 1573 1058 1657; x_wconf 92' lang='lat' dir='ltr'><strong>quibus</strong></span> <span class='ocrx_word' id='word_1_120' title='bbox 1080 1593 1176 1638; x_wconf 91' lang='lat' dir='ltr'><strong>causa</strong></span> <span class='ocrx_word' id='word_1_121' title='bbox 1197 1574 1272 1637; x_wconf 90' lang='lat' dir='ltr'><strong>belli</strong></span> <span class='ocrx_word' id='word_1_122' title='bbox 1293 1579 1423 1656; x_wconf 89' lang='lat' dir='ltr'><strong>propter</strong></span> <span class='ocrx_word' id='word_1_123' title='bbox 1444 1569 1520 1633; x_wconf 85' lang='lat' dir='ltr'><strong>diri·</strong></span> 
     </span>
     <span class='ocr_line' id='line_1_13' title="bbox 198 1663 1519 1750; baseline -0.002 -22"><span class='ocrx_word' id='word_1_124' title='bbox 198 1666 306 1750; x_wconf 86' lang='lat' dir='ltr'><strong>piendi</strong></span> <span class='ocrx_word' id='word_1_125' title='bbox 333 1666 537 1750; x_wconf 81' lang='lat' dir='ltr'><strong>cupiditatem</strong></span> <span class='ocrx_word' id='word_1_126' title='bbox 563 1665 723 1729; x_wconf 81' lang='lat' dir='ltr'><strong>inseratur.</strong></span> <span class='ocrx_word' id='word_1_127' title='bbox 767 1663 818 1730; x_wconf 92' lang='grc'><strong>66.</strong></span> <span class='ocrx_word' id='word_1_128' title='bbox 848 1667 995 1731; x_wconf 86' lang='lat' dir='ltr'><strong>Libenter</strong></span> <span class='ocrx_word' id='word_1_129' title='bbox 1023 1668 1103 1732; x_wconf 88' lang='lat' dir='ltr'><strong>haec</strong></span> <span class='ocrx_word' id='word_1_130' title='bbox 1124 1688 1229 1732; x_wconf 90' lang='lat' dir='ltr'><strong>coram</strong></span> <span class='ocrx_word' id='word_1_131' title='bbox 1251 1689 1321 1732; x_wconf 94' lang='lat' dir='ltr'><strong>cum</strong></span> <span class='ocrx_word' id='word_1_132' title='bbox 1344 1665 1383 1742; x_wconf 92' lang='lat' dir='ltr'><strong>Q.</strong></span> <span class='ocrx_word' id='word_1_133' title='bbox 1408 1663 1519 1728; x_wconf 86' lang='lat' dir='ltr'><strong>Catulo</strong></span> 
     </span>
     <span class='ocr_line' id='line_1_14' title="bbox 199 1759 1519 1848; baseline -0.001 -25"><span class='ocrx_word' id='word_1_134' title='bbox 199 1766 232 1823; x_wconf 83' lang='lat' dir='ltr'><strong>ct</strong></span> <span class='ocrx_word' id='word_1_135' title='bbox 252 1760 291 1836; x_wconf 90' lang='lat' dir='ltr'><strong>Q.</strong></span> <span class='ocrx_word' id='word_1_136' title='bbox 305 1760 493 1836; x_wconf 87' lang='lat' dir='ltr'><strong>Hortensio,</strong></span> <span class='ocrx_word' id='word_1_137' title='bbox 515 1760 660 1844; x_wconf 45' lang='lat' dir='ltr'><strong>summi-s</strong></span> <span class='ocrx_word' id='word_1_138' title='bbox 669 1766 701 1823; x_wconf 90' lang='lat' dir='ltr'><strong>et</strong></span> <span class='ocrx_word' id='word_1_139' title='bbox 715 1760 899 1824; x_wconf 89' lang='lat' dir='ltr'><strong>clarissimis</strong></span> <span class='ocrx_word' id='word_1_140' title='bbox 915 1760 1009 1836; x_wconf 79' lang='lat' dir='ltr'><strong>viris,</strong></span> <span class='ocrx_word' id='word_1_141' title='bbox 1032 1761 1243 1848; x_wconf 82' lang='lat' dir='ltr'><strong>disputarem3</strong></span> <span class='ocrx_word' id='word_1_142' title='bbox 1265 1768 1421 1825; x_wconf 84' lang='lat' dir='ltr'><strong>noverunt</strong></span> <span class='ocrx_word' id='word_1_143' title='bbox 1435 1759 1519 1822; x_wconf 91' lang='lat' dir='ltr'><strong>enim</strong></span> 
     </span>
     <span class='ocr_line' id='line_1_15' title="bbox 200 1853 1519 1938; baseline -0.002 -20"><span class='ocrx_word' id='word_1_144' title='bbox 200 1856 358 1919; x_wconf 87' lang='lat' dir='ltr'><strong>sociorum</strong></span> <span class='ocrx_word' id='word_1_145' title='bbox 379 1855 526 1930; x_wconf 81' lang='lat' dir='ltr'><strong>vulnera,</strong></span> <span class='ocrx_word' id='word_1_146' title='bbox 547 1854 657 1918; x_wconf 85' lang='lat' dir='ltr'><strong>vident</strong></span> <span class='ocrx_word' id='word_1_147' title='bbox 678 1873 787 1918; x_wconf 90' lang='lat' dir='ltr'><strong>eorum</strong></span> <span class='ocrx_word' id='word_1_148' title='bbox 810 1853 1018 1932; x_wconf 83' lang='lat' dir='ltr'><strong>calamitates,</strong></span> <span class='ocrx_word' id='word_1_149' title='bbox 1042 1856 1256 1938; x_wconf 87' lang='lat' dir='ltr'><strong>querimonias</strong></span> <span class='ocrx_word' id='word_1_150' title='bbox 1278 1855 1419 1919; x_wconf 80' lang='lat' dir='ltr'><strong>audiunt</strong></span> <span class='ocrx_word' id='word_1_151' title='bbox 1458 1853 1519 1916; x_wconf 85' lang='lat' dir='ltr'><strong>Pro</strong></span> 
     </span>
     <span class='ocr_line' id='line_1_16' title="bbox 200 1946 1558 2032; baseline -0.001 -22"><span class='ocrx_word' id='word_1_152' title='bbox 200 1947 296 2012; x_wconf 84' lang='lat' dir='ltr'><strong>sociis</strong></span> <span class='ocrx_word' id='word_1_153' title='bbox 317 1967 375 2011; x_wconf 85' lang='lat' dir='ltr'><strong>vos</strong></span> <span class='ocrx_word' id='word_1_154' title='bbox 397 1955 505 2011; x_wconf 88' lang='lat' dir='ltr'><strong>contra</strong></span> <span class='ocrx_word' id='word_1_155' title='bbox 525 1948 633 2012; x_wconf 90' lang='lat' dir='ltr'><strong>hostes</strong></span> <span class='ocrx_word' id='word_1_156' title='bbox 655 1949 828 2012; x_wconf 86' lang='lat' dir='ltr'><strong>exercitum</strong></span> <span class='ocrx_word' id='word_1_157' title='bbox 849 1949 973 2012; x_wconf 89' lang='lat' dir='ltr'><strong>mittere</strong></span> <span class='ocrx_word' id='word_1_158' title='bbox 995 1949 1130 2032; x_wconf 84' lang='lat' dir='ltr'><strong>putatis,</strong></span> <span class='ocrx_word' id='word_1_159' title='bbox 1161 1967 1201 2012; x_wconf 87' lang='lat' dir='ltr'><strong>an</strong></span> <span class='ocrx_word' id='word_1_160' title='bbox 1230 1948 1370 2012; x_wconf 90' lang='lat' dir='ltr'><strong>bostium</strong></span> <span class='ocrx_word' id='word_1_161' title='bbox 1392 1946 1558 2014; x_wconf 78' lang='lat' dir='ltr'><strong>simula-u</strong></span> 
     </span>
     <span class='ocr_line' id='line_1_17' title="bbox 198 2040 1520 2126; baseline -0.002 -22"><span class='ocrx_word' id='word_1_162' title='bbox 198 2041 286 2105; x_wconf 88' lang='lat' dir='ltr'><strong>tione</strong></span> <span class='ocrx_word' id='word_1_163' title='bbox 308 2049 417 2105; x_wconf 91' lang='lat' dir='ltr'><strong>contra</strong></span> <span class='ocrx_word' id='word_1_164' title='bbox 439 2040 544 2106; x_wconf 90' lang='lat' dir='ltr'><strong>socios</strong></span> <span class='ocrx_word' id='word_1_165' title='bbox 565 2048 660 2126; x_wconf 90' lang='lat' dir='ltr'><strong>atque</strong></span> <span class='ocrx_word' id='word_1_166' title='bbox 682 2042 825 2105; x_wconf 81' lang='lat' dir='ltr'><strong>amicost</strong></span> <span class='ocrx_word' id='word_1_167' title='bbox 861 2043 952 2119; x_wconf 89' lang='lat' dir='ltr'><strong>Quae</strong></span> <span class='ocrx_word' id='word_1_168' title='bbox 973 2043 1083 2106; x_wconf 83' lang='lat' dir='ltr'><strong>civitas</strong></span> <span class='ocrx_word' id='word_1_169' title='bbox 1105 2043 1208 2106; x_wconf 89' lang='lat' dir='ltr'><strong>estin</strong></span> <span class='ocrx_word' id='word_1_170' title='bbox 1229 2043 1319 2118; x_wconf 79' lang='lat' dir='ltr'><strong>Asia,</strong></span> <span class='ocrx_word' id='word_1_171' title='bbox 1351 2060 1432 2126; x_wconf 89' lang='lat' dir='ltr'><strong>quaa</strong></span> <span class='ocrx_word' id='word_1_172' title='bbox 1454 2059 1520 2103; x_wconf 92' lang='lat' dir='ltr'><strong>non</strong></span> 
     </span>
     <span class='ocr_line' id='line_1_18' title="bbox 200 2133 1521 2222; baseline -0.001 -24"><span class='ocrx_word' id='word_1_173' title='bbox 200 2135 294 2198; x_wconf 89' lang='lat' dir='ltr'><strong>modo</strong></span> <span class='ocrx_word' id='word_1_174' title='bbox 316 2135 514 2218; x_wconf 88' lang='lat' dir='ltr'><strong>imperatorie</strong></span> <span class='ocrx_word' id='word_1_175' title='bbox 535 2144 590 2200; x_wconf 90' lang='lat' dir='ltr'><strong>aut</strong></span> <span class='ocrx_word' id='word_1_176' title='bbox 611 2135 722 2222; x_wconf 89' lang='lat' dir='ltr'><strong>legati,</strong></span> <span class='ocrx_word' id='word_1_177' title='bbox 745 2137 801 2200; x_wconf 88' lang='lat' dir='ltr'><strong>sed</strong></span> <span class='ocrx_word' id='word_1_178' title='bbox 823 2137 918 2200; x_wconf 90' lang='lat' dir='ltr'><strong>unius</strong></span> <span class='ocrx_word' id='word_1_179' title='bbox 941 2137 1059 2201; x_wconf 90' lang='lat' dir='ltr'><strong>tribuni</strong></span> <span class='ocrx_word' id='word_1_180' title='bbox 1081 2138 1217 2200; x_wconf 92' lang='lat' dir='ltr'><strong>militum</strong></span> <span class='ocrx_word' id='word_1_181' title='bbox 1232 2137 1353 2200; x_wconf 90' lang='lat' dir='ltr'><strong>animos</strong></span> <span class='ocrx_word' id='word_1_182' title='bbox 1369 2153 1406 2198; x_wconf 92' lang='lat' dir='ltr'><strong>ac</strong></span> <span class='ocrx_word' id='word_1_183' title='bbox 1427 2133 1521 2217; x_wconf 87' lang='lat' dir='ltr'><strong>spiri-</strong></span> 
     </span>
     <span class='ocr_line' id='line_1_19' title="bbox 199 2227 1521 2315; baseline -0.002 -21"><span class='ocrx_word' id='word_1_184' title='bbox 199 2235 250 2294; x_wconf 89' lang='lat' dir='ltr'><strong>tns</strong></span> <span class='ocrx_word' id='word_1_185' title='bbox 272 2247 386 2313; x_wconf 89' lang='lat' dir='ltr'><strong>capere</strong></span> <span class='ocrx_word' id='word_1_186' title='bbox 408 2231 532 2313; x_wconf 79' lang='lat' dir='ltr'><strong>possiti</strong></span> <span class='ocrx_word' id='word_1_187' title='bbox 576 2231 692 2294; x_wconf 88' lang='lat' dir='ltr'><strong>Xlllll.</strong></span> <span class='ocrx_word' id='word_1_188' title='bbox 715 2230 836 2306; x_wconf 88' lang='lat' dir='ltr'><strong>Quare,</strong></span> <span class='ocrx_word' id='word_1_189' title='bbox 866 2231 960 2295; x_wconf 90' lang='lat' dir='ltr'><strong>etiam</strong></span> <span class='ocrx_word' id='word_1_190' title='bbox 982 2233 1008 2295; x_wconf 90' lang='lat' dir='ltr'><strong>si</strong></span> <span class='ocrx_word' id='word_1_191' title='bbox 1030 2249 1125 2315; x_wconf 88' lang='lat' dir='ltr'><strong>quem</strong></span> <span class='ocrx_word' id='word_1_192' title='bbox 1146 2230 1285 2305; x_wconf 90' lang='lat' dir='ltr'><strong>habetis,</strong></span> <span class='ocrx_word' id='word_1_193' title='bbox 1318 2229 1373 2314; x_wconf 92' lang='lat' dir='ltr'><strong>qui</strong></span> <span class='ocrx_word' id='word_1_194' title='bbox 1395 2227 1521 2293; x_wconf 89' lang='lat' dir='ltr'><strong>collatis</strong></span> 
     </span>
     <span class='ocr_line' id='line_1_20' title="bbox 199 2323 1520 2408; baseline -0.003 -20"><span class='ocrx_word' id='word_1_195' title='bbox 199 2323 296 2407; x_wconf 92' lang='lat' dir='ltr'><strong>signis</strong></span> <span class='ocrx_word' id='word_1_196' title='bbox 318 2325 475 2388; x_wconf 83' lang='lat' dir='ltr'><strong>exercitus</strong></span> <span class='ocrx_word' id='word_1_197' title='bbox 497 2323 600 2408; x_wconf 88' lang='lat' dir='ltr'><strong>regios</strong></span> <span class='ocrx_word' id='word_1_198' title='bbox 623 2343 773 2408; x_wconf 83' lang='lat' dir='ltr'><strong>superare</strong></span> <span class='ocrx_word' id='word_1_199' title='bbox 799 2343 894 2407; x_wconf 88' lang='lat' dir='ltr'><strong>posse</strong></span> <span class='ocrx_word' id='word_1_200' title='bbox 915 2324 1075 2400; x_wconf 82' lang='lat' dir='ltr'><strong>videatur,</strong></span> <span class='ocrx_word' id='word_1_201' title='bbox 1104 2332 1223 2398; x_wconf 89' lang='lat' dir='ltr'><strong>tamen,</strong></span> <span class='ocrx_word' id='word_1_202' title='bbox 1253 2323 1317 2387; x_wconf 93' lang='lat' dir='ltr'><strong>nisi</strong></span> <span class='ocrx_word' id='word_1_203' title='bbox 1345 2324 1405 2388; x_wconf 85' lang='lat' dir='ltr'><strong>erit</strong></span> <span class='ocrx_word' id='word_1_204' title='bbox 1425 2323 1520 2398; x_wconf 91' lang='lat' dir='ltr'><strong>idem,</strong></span> 
     </span>
     <span class='ocr_line' id='line_1_21' title="bbox 200 2417 1559 2502; baseline -0.002 -22"><span class='ocrx_word' id='word_1_205' title='bbox 200 2417 256 2500; x_wconf 89' lang='lat' dir='ltr'><strong>qui</strong></span> <span class='ocrx_word' id='word_1_206' title='bbox 276 2437 296 2480; x_wconf 87' lang='lat' dir='ltr'><strong>a</strong></span> <span class='ocrx_word' id='word_1_207' title='bbox 316 2418 460 2500; x_wconf 91' lang='lat' dir='ltr'><strong>pecuniis</strong></span> <span class='ocrx_word' id='word_1_208' title='bbox 482 2419 657 2493; x_wconf 89' lang='lat' dir='ltr'><strong>sociorum,</strong></span> <span class='ocrx_word' id='word_1_209' title='bbox 687 2419 742 2502; x_wconf 92' lang='lat' dir='ltr'><strong>qui</strong></span> <span class='ocrx_word' id='word_1_210' title='bbox 771 2419 811 2481; x_wconf 89' lang='lat' dir='ltr'><strong>ab</strong></span> <span class='ocrx_word' id='word_1_211' title='bbox 833 2438 942 2482; x_wconf 93' lang='lat' dir='ltr'><strong>eorum</strong></span> <span class='ocrx_word' id='word_1_212' title='bbox 970 2417 1157 2501; x_wconf 91' lang='lat' dir='ltr'><strong>coniugibus</strong></span> <span class='ocrx_word' id='word_1_213' title='bbox 1186 2437 1223 2481; x_wconf 89' lang='lat' dir='ltr'><strong>ac</strong></span> <span class='ocrx_word' id='word_1_214' title='bbox 1248 2418 1370 2495; x_wconf 89' lang='lat' dir='ltr'><strong>liberis,</strong></span> <span class='ocrx_word' id='word_1_215' title='bbox 1401 2417 1559 2502; x_wconf 77' lang='lat' dir='ltr'><strong>quiebit</strong></span> 
     </span>
     <span class='ocr_line' id='line_1_22' title="bbox 199 2510 1521 2596; baseline -0.001 -21"><span class='ocrx_word' id='word_1_216' title='bbox 199 2513 392 2576; x_wconf 88' lang='lat' dir='ltr'><strong>ornamentis</strong></span> <span class='ocrx_word' id='word_1_217' title='bbox 413 2512 559 2576; x_wconf 89' lang='lat' dir='ltr'><strong>fanorum</strong></span> <span class='ocrx_word' id='word_1_218' title='bbox 581 2518 677 2596; x_wconf 88' lang='lat' dir='ltr'><strong>alque</strong></span> <span class='ocrx_word' id='word_1_219' title='bbox 694 2513 901 2595; x_wconf 89' lang='lat' dir='ltr'><strong>oppidorum,</strong></span> <span class='ocrx_word' id='word_1_220' title='bbox 924 2511 977 2596; x_wconf 91' lang='lat' dir='ltr'><strong>qui</strong></span> <span class='ocrx_word' id='word_1_221' title='bbox 994 2510 1033 2575; x_wconf 89' lang='lat' dir='ltr'><strong>ab</strong></span> <span class='ocrx_word' id='word_1_222' title='bbox 1049 2531 1126 2574; x_wconf 91' lang='lat' dir='ltr'><strong>auro</strong></span> <span class='ocrx_word' id='word_1_223' title='bbox 1142 2530 1284 2595; x_wconf 85' lang='lat' dir='ltr'><strong>gazaque</strong></span> <span class='ocrx_word' id='word_1_224' title='bbox 1298 2511 1384 2594; x_wconf 81' lang='lat' dir='ltr'><strong>regia</strong></span> <span class='ocrx_word' id='word_1_225' title='bbox 1398 2529 1521 2584; x_wconf 90' lang='lat' dir='ltr'><strong>manus,</strong></span> 
     </span>
     <span class='ocr_line' id='line_1_23' title="bbox 199 2603 1521 2691; baseline -0.002 -23"><span class='ocrx_word' id='word_1_226' title='bbox 199 2603 324 2681; x_wconf 90' lang='lat' dir='ltr'><strong>oculos,</strong></span> <span class='ocrx_word' id='word_1_227' title='bbox 347 2607 487 2668; x_wconf 91' lang='lat' dir='ltr'><strong>animum</strong></span> <span class='ocrx_word' id='word_1_228' title='bbox 509 2605 657 2669; x_wconf 87' lang='lat' dir='ltr'><strong>cohibere</strong></span> <span class='ocrx_word' id='word_1_229' title='bbox 678 2608 798 2691; x_wconf 87' lang='lat' dir='ltr'><strong>possit&#39;,</strong></span> <span class='ocrx_word' id='word_1_230' title='bbox 820 2626 885 2669; x_wconf 91' lang='lat' dir='ltr'><strong>non</strong></span> <span class='ocrx_word' id='word_1_231' title='bbox 908 2606 968 2670; x_wconf 83' lang='lat' dir='ltr'><strong>erit</strong></span> <span class='ocrx_word' id='word_1_232' title='bbox 988 2604 1123 2669; x_wconf 89' lang='lat' dir='ltr'><strong>idoneus</strong></span> <span class='ocrx_word' id='word_1_233' title='bbox 1152 2607 1209 2689; x_wconf 92' lang='lat' dir='ltr'><strong>qui</strong></span> <span class='ocrx_word' id='word_1_234' title='bbox 1229 2606 1269 2668; x_wconf 91' lang='lat' dir='ltr'><strong>ad</strong></span> <span class='ocrx_word' id='word_1_235' title='bbox 1292 2604 1411 2669; x_wconf 90' lang='lat' dir='ltr'><strong>bellum</strong></span> <span class='ocrx_word' id='word_1_236' title='bbox 1432 2603 1521 2668; x_wconf 80' lang='lat' dir='ltr'><strong>Asia-</strong></span> 
     </span>
     <span class='ocr_line' id='line_1_24' title="bbox 198 2697 1520 2784; baseline -0.002 -23"><span class='ocrx_word' id='word_1_237' title='bbox 198 2699 295 2762; x_wconf 88' lang='lat' dir='ltr'><strong>ticum</strong></span> <span class='ocrx_word' id='word_1_238' title='bbox 316 2700 503 2784; x_wconf 89' lang='lat' dir='ltr'><strong>regiumque</strong></span> <span class='ocrx_word' id='word_1_239' title='bbox 525 2700 673 2764; x_wconf 90' lang='lat' dir='ltr'><strong>mittatur.</strong></span> <span class='ocrx_word' id='word_1_240' title='bbox 711 2697 762 2762; x_wconf 87' lang='grc'><strong>67.</strong></span> <span class='ocrx_word' id='word_1_241' title='bbox 784 2701 924 2784; x_wconf 91' lang='lat' dir='ltr'><strong>Ecquam</strong></span> <span class='ocrx_word' id='word_1_242' title='bbox 946 2699 1066 2783; x_wconf 90' lang='lat' dir='ltr'><strong>putatis</strong></span> <span class='ocrx_word' id='word_1_243' title='bbox 1081 2699 1238 2762; x_wconf 86' lang='lat' dir='ltr'><strong>civitatem</strong></span> <span class='ocrx_word' id='word_1_244' title='bbox 1254 2707 1397 2780; x_wconf 86' lang='lat' dir='ltr'><strong>pacatam</strong></span> <span class='ocrx_word' id='word_1_245' title='bbox 1411 2697 1520 2772; x_wconf 82' lang='lat' dir='ltr'><strong>fuisse,</strong></span> 
     </span>
     <span class='ocr_line' id='line_1_25' title="bbox 199 2791 1522 2878; baseline -0.002 -22"><span class='ocrx_word' id='word_1_246' title='bbox 199 2812 281 2878; x_wconf 91' lang='lat' dir='ltr'><strong>quae</strong></span> <span class='ocrx_word' id='word_1_247' title='bbox 311 2793 453 2876; x_wconf 91' lang='lat' dir='ltr'><strong>locuples</strong></span> <span class='ocrx_word' id='word_1_248' title='bbox 481 2794 546 2857; x_wconf 82' lang='lat' dir='ltr'><strong>sit‘l</strong></span> <span class='ocrx_word' id='word_1_249' title='bbox 575 2813 707 2878; x_wconf 89' lang='lat' dir='ltr'><strong>ecquam</strong></span> <span class='ocrx_word' id='word_1_250' title='bbox 732 2814 802 2858; x_wconf 90' lang='lat' dir='ltr'><strong>esse</strong></span> <span class='ocrx_word' id='word_1_251' title='bbox 824 2793 1032 2876; x_wconf 86' lang='lat' dir='ltr'><strong>locupletem,</strong></span> <span class='ocrx_word' id='word_1_252' title='bbox 1059 2812 1142 2877; x_wconf 87' lang='lat' dir='ltr'><strong>quae</strong></span> <span class='ocrx_word' id='word_1_253' title='bbox 1162 2791 1231 2856; x_wconf 91' lang='lat' dir='ltr'><strong>istis</strong></span> <span class='ocrx_word' id='word_1_254' title='bbox 1252 2800 1363 2876; x_wconf 89' lang='lat' dir='ltr'><strong>pacata</strong></span> <span class='ocrx_word' id='word_1_255' title='bbox 1382 2812 1453 2860; x_wconf 83' lang='lat' dir='ltr'><strong>csse</strong></span> <span class='ocrx_word' id='word_1_256' title='bbox 1474 2791 1522 2854; x_wconf 84' lang='lat' dir='ltr'><strong>vi-</strong></span> 
     </span>
     <span class='ocr_line' id='line_1_26' title="bbox 198 2884 1558 2972; baseline -0.001 -22"><span class='ocrx_word' id='word_1_257' title='bbox 198 2888 333 2952; x_wconf 87' lang='lat' dir='ltr'><strong>deaturl</strong></span> <span class='ocrx_word' id='word_1_258' title='bbox 355 2887 419 2952; x_wconf 89' lang='lat' dir='ltr'><strong>Ora</strong></span> <span class='ocrx_word' id='word_1_259' title='bbox 433 2887 605 2963; x_wconf 90' lang='lat' dir='ltr'><strong>maritima,</strong></span> <span class='ocrx_word' id='word_1_260' title='bbox 629 2888 785 2964; x_wconf 84' lang='lat' dir='ltr'><strong>Quirites,</strong></span> <span class='ocrx_word' id='word_1_261' title='bbox 808 2887 864 2950; x_wconf 88' lang='lat' dir='ltr'><strong>Cn.</strong></span> <span class='ocrx_word' id='word_1_262' title='bbox 886 2888 1073 2972; x_wconf 89' lang='lat' dir='ltr'><strong>Pompeium</strong></span> <span class='ocrx_word' id='word_1_263' title='bbox 1099 2906 1165 2950; x_wconf 91' lang='lat' dir='ltr'><strong>non</strong></span> <span class='ocrx_word' id='word_1_264' title='bbox 1190 2886 1293 2952; x_wconf 90' lang='lat' dir='ltr'><strong>solnm</strong></span> <span class='ocrx_word' id='word_1_265' title='bbox 1319 2892 1449 2969; x_wconf 91' lang='lat' dir='ltr'><strong>propter</strong></span> <span class='ocrx_word' id='word_1_266' title='bbox 1473 2884 1558 2950; x_wconf 78' lang='lat' dir='ltr'><strong>rein</strong></span> 
     </span>
     <span class='ocr_line' id='line_1_27' title="bbox 197 2979 1521 3066; baseline 0.002 -22"><span class='ocrx_word' id='word_1_267' title='bbox 197 2982 341 3046; x_wconf 87' lang='lat' dir='ltr'><strong>militaris</strong></span> <span class='ocrx_word' id='word_1_268' title='bbox 363 2982 508 3065; x_wconf 78' lang='lat' dir='ltr'><strong>gloriam,</strong></span> <span class='ocrx_word' id='word_1_269' title='bbox 530 2982 696 3046; x_wconf 89' lang='lat' dir='ltr'><strong>sedetiam</strong></span> <span class='ocrx_word' id='word_1_270' title='bbox 718 2987 848 3066; x_wconf 89' lang='lat' dir='ltr'><strong>propter</strong></span> <span class='ocrx_word' id='word_1_271' title='bbox 868 2980 965 3044; x_wconf 91' lang='lat' dir='ltr'><strong>animi</strong></span> <span class='ocrx_word' id='word_1_272' title='bbox 982 2981 1207 3045; x_wconf 89' lang='lat' dir='ltr'><strong>continentiam</strong></span> <span class='ocrx_word' id='word_1_273' title='bbox 1225 2980 1403 3064; x_wconf 89' lang='lat' dir='ltr'><strong>requisivit.</strong></span> <span class='ocrx_word' id='word_1_274' title='bbox 1425 2979 1521 3046; x_wconf 87' lang='lat' dir='ltr'><strong>Vide·</strong></span> 
     </span>
     <span class='ocr_line' id='line_1_28' title="bbox 196 3063 1530 3160; baseline -0.001 -22"><span class='ocrx_word' id='word_1_275' title='bbox 196 3075 251 3138; x_wconf 89' lang='lat' dir='ltr'><strong>bat</strong></span> <span class='ocrx_word' id='word_1_276' title='bbox 271 3076 372 3150; x_wconf 92' lang='lat' dir='ltr'><strong>enim,</strong></span> <span class='ocrx_word' id='word_1_277' title='bbox 393 3084 554 3158; x_wconf 87' lang='lat' dir='ltr'><strong>praetores</strong></span> <span class='ocrx_word' id='word_1_278' title='bbox 569 3075 754 3159; x_wconf 83' lang='lat' dir='ltr'><strong>locupletari</strong></span> <span class='ocrx_word' id='word_1_279' title='bbox 770 3075 939 3160; x_wconf 60' lang='lat' dir='ltr'><strong>metandis</strong></span> <span class='ocrx_word' id='word_1_280' title='bbox 955 3075 1092 3160; x_wconf 88' lang='lat' dir='ltr'><strong>pecunia</strong></span> <span class='ocrx_word' id='word_1_281' title='bbox 1112 3075 1239 3157; x_wconf 90' lang='lat' dir='ltr'><strong>publica</strong></span> <span class='ocrx_word' id='word_1_282' title='bbox 1251 3080 1377 3159; x_wconf 89' lang='lat' dir='ltr'><strong>praeter</strong></span> <span class='ocrx_word' id='word_1_283' title='bbox 1390 3063 1530 3157; x_wconf 68' lang='lat' dir='ltr'><strong>paucos,</strong></span> 
     </span>
     <span class='ocr_line' id='line_1_29' title="bbox 197 3166 1520 3252; baseline 0 -22"><span class='ocrx_word' id='word_1_284' title='bbox 197 3186 303 3252; x_wconf 91' lang='lat' dir='ltr'><strong>neque</strong></span> <span class='ocrx_word' id='word_1_285' title='bbox 325 3187 379 3232; x_wconf 90' lang='lat' dir='ltr'><strong>eos</strong></span> <span class='ocrx_word' id='word_1_286' title='bbox 401 3167 574 3252; x_wconf 89' lang='lat' dir='ltr'><strong>quidquam</strong></span> <span class='ocrx_word' id='word_1_287' title='bbox 597 3166 683 3232; x_wconf 91' lang='lat' dir='ltr'><strong>aliud</strong></span> <span class='ocrx_word' id='word_1_288' title='bbox 698 3168 826 3250; x_wconf 86' lang='lat' dir='ltr'><strong>assequi</strong></span> <span class='ocrx_word' id='word_1_289' title='bbox 847 3167 995 3231; x_wconf 91' lang='lat' dir='ltr'><strong>classium</strong></span> <span class='ocrx_word' id='word_1_290' title='bbox 1016 3170 1161 3242; x_wconf 92' lang='lat' dir='ltr'><strong>nomine,</strong></span> <span class='ocrx_word' id='word_1_291' title='bbox 1182 3167 1244 3230; x_wconf 89' lang='lat' dir='ltr'><strong>nisi</strong></span> <span class='ocrx_word' id='word_1_292' title='bbox 1265 3174 1301 3230; x_wconf 93' lang='lat' dir='ltr'><strong>ut</strong></span> <span class='ocrx_word' id='word_1_293' title='bbox 1322 3166 1520 3231; x_wconf 88' lang='lat' dir='ltr'><strong>detrimentis</strong></span> 
     </span>
     <span class='ocr_line' id='line_1_30' title="bbox 199 3258 1521 3346; baseline -0.002 -22"><span class='ocrx_word' id='word_1_294' title='bbox 199 3260 390 3344; x_wconf 90' lang='lat' dir='ltr'><strong>accipiendis</strong></span> <span class='ocrx_word' id='word_1_295' title='bbox 412 3262 529 3326; x_wconf 88' lang='lat' dir='ltr'><strong>maiore</strong></span> <span class='ocrx_word' id='word_1_296' title='bbox 550 3258 633 3325; x_wconf 88' lang='lat' dir='ltr'><strong>affici</strong></span> <span class='ocrx_word' id='word_1_297' title='bbox 655 3260 852 3346; x_wconf 90' lang='lat' dir='ltr'><strong>turpitudine</strong></span> <span class='ocrx_word' id='word_1_298' title='bbox 865 3261 1054 3326; x_wconf 81' lang='lat' dir='ltr'><strong>videremur.</strong></span> <span class='ocrx_word' id='word_1_299' title='bbox 1085 3263 1176 3324; x_wconf 88' lang='lat' dir='ltr'><strong>Nunc</strong></span> <span class='ocrx_word' id='word_1_300' title='bbox 1191 3279 1256 3345; x_wconf 90' lang='lat' dir='ltr'><strong>qua</strong></span> <span class='ocrx_word' id='word_1_301' title='bbox 1269 3259 1441 3343; x_wconf 84' lang='lat' dir='ltr'><strong>cupiditate</strong></span> <span class='ocrx_word' id='word_1_302' title='bbox 1461 3258 1521 3322; x_wconf 88' lang='lat' dir='ltr'><strong>bo·</strong></span> 
     </span>
     <span class='ocr_line' id='line_1_31' title="bbox 198 3354 1558 3439; baseline 0.001 -21"><span class='ocrx_word' id='word_1_303' title='bbox 198 3354 299 3418; x_wconf 89' lang='lat' dir='ltr'><strong>mines</strong></span> <span class='ocrx_word' id='word_1_304' title='bbox 313 3355 347 3418; x_wconf 92' lang='lat' dir='ltr'><strong>in</strong></span> <span class='ocrx_word' id='word_1_305' title='bbox 360 3354 550 3438; x_wconf 84' lang='lat' dir='ltr'><strong>provincias,</strong></span> <span class='ocrx_word' id='word_1_306' title='bbox 564 3355 680 3439; x_wconf 89' lang='lat' dir='ltr'><strong>quibus</strong></span> <span class='ocrx_word' id='word_1_307' title='bbox 695 3354 824 3418; x_wconf 87' lang='lat' dir='ltr'><strong>iacturis</strong></span> <span class='ocrx_word' id='word_1_308' title='bbox 836 3360 868 3418; x_wconf 92' lang='lat' dir='ltr'><strong>et</strong></span> <span class='ocrx_word' id='word_1_309' title='bbox 885 3354 1002 3438; x_wconf 88' lang='lat' dir='ltr'><strong>quibus</strong></span> <span class='ocrx_word' id='word_1_310' title='bbox 1017 3354 1257 3418; x_wconf 88' lang='lat' dir='ltr'><strong>condicionibus</strong></span> <span class='ocrx_word' id='word_1_311' title='bbox 1271 3354 1518 3438; x_wconf 85' lang='lat' dir='ltr'><strong>proficiscantur,</strong></span> <span class='ocrx_word' id='word_1_312' title='bbox 1528 3367 1558 3420; x_wconf 85' lang='grc'><strong>40</strong></span> 
     </span>
    </p>
   </div>
   <div class='ocr_carea' id='block_1_3' title="bbox 195 3669 1521 5233">
    <p class='ocr_par' dir='ltr' id='par_1_3' title="bbox 195 3669 1521 5233">
     <span class='ocr_line' id='line_1_32' title="bbox 197 3669 1520 3739; baseline -0.002 -13"><span class='ocrx_word' id='word_1_313' title='bbox 197 3673 289 3726; x_wconf 69' lang='lat' dir='ltr'><strong>amica</strong></span> <span class='ocrx_word' id='word_1_314' title='bbox 303 3673 437 3738; x_wconf 72' lang='lat' dir='ltr'><strong>gnudmnt.</strong></span> <span class='ocrx_word' id='word_1_315' title='bbox 452 3671 484 3738; x_wconf 74' lang='lat'><strong>(5.</strong></span> <span class='ocrx_word' id='word_1_316' title='bbox 497 3671 556 3739; x_wconf 75' lang='grc'><strong>68)]</strong></span> <span class='ocrx_word' id='word_1_317' title='bbox 584 3674 656 3726; x_wconf 88' lang='lat' dir='ltr'><strong>Haec</strong></span> <span class='ocrx_word' id='word_1_318' title='bbox 672 3675 760 3726; x_wconf 88' lang='lat' dir='ltr'><strong>omnia</strong></span> <span class='ocrx_word' id='word_1_319' title='bbox 777 3671 917 3726; x_wconf 86' lang='lat' dir='ltr'><strong>subditicia</strong></span> <span class='ocrx_word' id='word_1_320' title='bbox 934 3674 962 3724; x_wconf 90' lang='grc'><strong>64</strong></span> <span class='ocrx_word' id='word_1_321' title='bbox 978 3685 1011 3724; x_wconf 85' lang='lat' dir='ltr'><strong>ex</strong></span> <span class='ocrx_word' id='word_1_322' title='bbox 1027 3671 1114 3738; x_wconf 88' lang='lat' dir='ltr'><strong>aliqua</strong></span> <span class='ocrx_word' id='word_1_323' title='bbox 1126 3669 1362 3724; x_wconf 88' lang='lat' dir='ltr'><strong>declamatiuncuia</strong></span> <span class='ocrx_word' id='word_1_324' title='bbox 1379 3671 1423 3723; x_wconf 88' lang='lat' dir='ltr'><strong>hic</strong></span> <span class='ocrx_word' id='word_1_325' title='bbox 1439 3671 1520 3724; x_wconf 92' lang='lat' dir='ltr'><strong>incul-</strong></span> 
     </span>
     <span class='ocr_line' id='line_1_33' title="bbox 199 3746 1520 3815; baseline -0.001 -14"><span class='ocrx_word' id='word_1_326' title='bbox 199 3752 257 3801; x_wconf 85' lang='lat' dir='ltr'><strong>cata</strong></span> <span class='ocrx_word' id='word_1_327' title='bbox 273 3761 336 3801; x_wconf 88' lang='lat' dir='ltr'><strong>esse</strong></span> <span class='ocrx_word' id='word_1_328' title='bbox 352 3751 513 3800; x_wconf 88' lang='lat' dir='ltr'><strong>censuerunt</strong></span> <span class='ocrx_word' id='word_1_329' title='bbox 529 3751 689 3814; x_wconf 81' lang='lat' dir='ltr'><strong>Naugerius,</strong></span> <span class='ocrx_word' id='word_1_330' title='bbox 711 3751 902 3815; x_wconf 81' lang='lat' dir='ltr'><strong>Pantagathus,</strong></span> <span class='ocrx_word' id='word_1_331' title='bbox 919 3747 1058 3812; x_wconf 85' lang='lat' dir='ltr'><strong>Blochins,</strong></span> <span class='ocrx_word' id='word_1_332' title='bbox 1076 3748 1233 3812; x_wconf 75' lang='lat' dir='ltr'><strong>Madvigius,</strong></span> <span class='ocrx_word' id='word_1_333' title='bbox 1251 3746 1375 3808; x_wconf 88' lang='lat' dir='ltr'><strong>0relllus;</strong></span> <span class='ocrx_word' id='word_1_334' title='bbox 1399 3749 1520 3800; x_wconf 87' lang='lat' dir='ltr'><strong>Ciceroni</strong></span> 
     </span>
     <span class='ocr_line' id='line_1_34' title="bbox 198 3821 1520 3890; baseline 0 -14"><span class='ocrx_word' id='word_1_335' title='bbox 198 3825 277 3878; x_wconf 87' lang='lat' dir='ltr'><strong>docte</strong></span> <span class='ocrx_word' id='word_1_336' title='bbox 294 3822 435 3890; x_wconf 79' lang='lat' dir='ltr'><strong>vindicavit</strong></span> <span class='ocrx_word' id='word_1_337' title='bbox 445 3821 563 3875; x_wconf 81' lang='lat' dir='ltr'><strong>Halmius</strong></span> <span class='ocrx_word' id='word_1_338' title='bbox 580 3837 607 3889; x_wconf 90' lang='lat' dir='ltr'><strong>p.</strong></span> <span class='ocrx_word' id='word_1_339' title='bbox 619 3825 668 3876; x_wconf 86' lang='grc'><strong>400</strong></span> <span class='ocrx_word' id='word_1_340' title='bbox 679 3838 720 3889; x_wconf 89' lang='lat' dir='ltr'><strong>sq.</strong></span> <span class='ocrx_word' id='word_1_341' title='bbox 736 3851 763 3862; x_wconf 89' lang='lat'>—</span> <span class='ocrx_word' id='word_1_342' title='bbox 782 3827 806 3875; x_wconf 87' lang='grc'><strong>4.</strong></span> <span class='ocrx_word' id='word_1_343' title='bbox 823 3838 931 3890; x_wconf 72' lang='lat' dir='ltr'><strong>megarae</strong></span> <span class='ocrx_word' id='word_1_344' title='bbox 946 3830 970 3875; x_wconf 84' lang='grc'><strong>64</strong></span> <span class='ocrx_word' id='word_1_345' title='bbox 984 3825 1149 3884; x_wconf 62' lang='lat' dir='ltr'><strong>muttum,</strong></span> <span class='ocrx_word' id='word_1_346' title='bbox 1166 3836 1258 3888; x_wconf 80' lang='lat' dir='ltr'><strong>magne</strong></span> <span class='ocrx_word' id='word_1_347' title='bbox 1273 3828 1296 3873; x_wconf 84' lang='lat' dir='ltr'><strong>et</strong></span> <span class='ocrx_word' id='word_1_348' title='bbox 1311 3823 1435 3876; x_wconf 79' lang='lat' dir='ltr'><strong>mattev:</strong></span> <span class='ocrx_word' id='word_1_349' title='bbox 1453 3825 1520 3876; x_wconf 83' lang='grc'><strong>4444-</strong></span> 
     </span>
     <span class='ocr_line' id='line_1_35' title="bbox 198 3895 1518 3965; baseline 0 -13"><span class='ocrx_word' id='word_1_350' title='bbox 198 3906 238 3952; x_wconf 83' lang='lat' dir='ltr'><strong>tce</strong></span> <span class='ocrx_word' id='word_1_351' title='bbox 248 3904 272 3951; x_wconf 84' lang='lat' dir='ltr'><strong>et</strong></span> <span class='ocrx_word' id='word_1_352' title='bbox 281 3911 392 3963; x_wconf 72' lang='grc'><strong>4466466</strong></span> <span class='ocrx_word' id='word_1_353' title='bbox 402 3900 422 3949; x_wconf 82' lang='lat' dir='ltr'><strong>li</strong></span> <span class='ocrx_word' id='word_1_354' title='bbox 431 3900 479 3949; x_wconf 83' lang='lat' dir='ltr'><strong>ai.</strong></span> <span class='ocrx_word' id='word_1_355' title='bbox 490 3895 543 3950; x_wconf 75' lang='grc'><strong>40.</strong></span> <span class='ocrx_word' id='word_1_356' title='bbox 563 3898 602 3950; x_wconf 89' lang='lat' dir='ltr'><strong>Ci.</strong></span> <span class='ocrx_word' id='word_1_357' title='bbox 616 3898 650 3949; x_wconf 91' lang='lat' dir='ltr'><strong>ad</strong></span> <span class='ocrx_word' id='word_1_358' title='bbox 662 3901 777 3951; x_wconf 83' lang='lat' dir='ltr'><strong>Herenn.</strong></span> <span class='ocrx_word' id='word_1_359' title='bbox 790 3901 821 3951; x_wconf 92' lang='lat'><strong>11.</strong></span> <span class='ocrx_word' id='word_1_360' title='bbox 836 3901 860 3965; x_wconf 74' lang='lat' dir='ltr'><strong>g.</strong></span> <span class='ocrx_word' id='word_1_361' title='bbox 874 3901 914 3950; x_wconf 85' lang='lat'><strong>37.</strong></span> <span class='ocrx_word' id='word_1_362' title='bbox 929 3926 956 3937; x_wconf 95' lang='lat'>-</span> <span class='ocrx_word' id='word_1_363' title='bbox 975 3901 999 3950; x_wconf 86' lang='grc'><strong>4.</strong></span> <span class='ocrx_word' id='word_1_364' title='bbox 1013 3899 1108 3964; x_wconf 80' lang='grc'><strong>0444646]</strong></span> <span class='ocrx_word' id='word_1_365' title='bbox 1121 3897 1209 3950; x_wconf 81' lang='lat' dir='ltr'><strong>Cilicia</strong></span> <span class='ocrx_word' id='word_1_366' title='bbox 1218 3899 1289 3949; x_wconf 79' lang='lat' dir='ltr'><strong>licto</strong></span> <span class='ocrx_word' id='word_1_367' title='bbox 1300 3911 1333 3948; x_wconf 84' lang='lat' dir='ltr'><strong>ex</strong></span> <span class='ocrx_word' id='word_1_368' title='bbox 1344 3899 1518 3963; x_wconf 86' lang='lat' dir='ltr'><strong>geminatione</strong></span> 
     </span>
     <span class='ocr_line' id='line_1_36' title="bbox 198 3971 1520 4036; baseline -0.001 -10"><span class='ocrx_word' id='word_1_369' title='bbox 198 3979 234 4035; x_wconf 85' lang='grc' dir='ltr'><strong>Α;</strong></span> <span class='ocrx_word' id='word_1_370' title='bbox 253 3974 340 4026; x_wconf 80' lang='lat' dir='ltr'><strong>Cilicio</strong></span> <span class='ocrx_word' id='word_1_371' title='bbox 355 3973 433 4036; x_wconf 75' lang='grc'><strong>144646</strong></span> <span class='ocrx_word' id='word_1_372' title='bbox 449 3975 477 4024; x_wconf 85' lang='lat' dir='ltr'><strong>l..</strong></span> <span class='ocrx_word' id='word_1_373' title='bbox 497 3999 524 4009; x_wconf 97' lang='lat'><em>-</em></span> <span class='ocrx_word' id='word_1_374' title='bbox 544 3975 608 4024; x_wconf 79' lang='lat' dir='ltr'><strong>stria</strong></span> <span class='ocrx_word' id='word_1_375' title='bbox 624 3974 688 4033; x_wconf 80' lang='lat' dir='ltr'><strong>TV3</strong></span> <span class='ocrx_word' id='word_1_376' title='bbox 706 3975 779 4025; x_wconf 76' lang='grc'><strong>664446</strong></span> <span class='ocrx_word' id='word_1_377' title='bbox 795 3975 825 4035; x_wconf 78' lang='grc'><strong>4·“;</strong></span> <span class='ocrx_word' id='word_1_378' title='bbox 843 3975 931 4026; x_wconf 79' lang='grc'><strong>4644446</strong></span> <span class='ocrx_word' id='word_1_379' title='bbox 945 3976 975 4025; x_wconf 91' lang='grc' dir='ltr'><strong>Β.</strong></span> <span class='ocrx_word' id='word_1_380' title='bbox 992 4001 1018 4013; x_wconf 89' lang='grc'>-</span> <span class='ocrx_word' id='word_1_381' title='bbox 1037 3975 1062 4025; x_wconf 85' lang='grc'><strong>3.</strong></span> <span class='ocrx_word' id='word_1_382' title='bbox 1080 3971 1235 4036; x_wconf 70' lang='lat' dir='ltr'><strong>muricatos]</strong></span> <span class='ocrx_word' id='word_1_383' title='bbox 1252 3973 1406 4024; x_wconf 75' lang='grc'><strong>6644464444</strong></span> <span class='ocrx_word' id='word_1_384' title='bbox 1420 3974 1454 4034; x_wconf 82' lang='grc'><strong>,4;</strong></span> <span class='ocrx_word' id='word_1_385' title='bbox 1473 3988 1520 4025; x_wconf 82' lang='lat' dir='ltr'><strong>ac·</strong></span> 
     </span>
     <span class='ocr_line' id='line_1_37' title="bbox 199 4046 1520 4114; baseline 0 -13"><span class='ocrx_word' id='word_1_386' title='bbox 199 4056 312 4101; x_wconf 77' lang='grc'><strong>46464464</strong></span> <span class='ocrx_word' id='word_1_387' title='bbox 331 4061 393 4099; x_wconf 88' lang='lat' dir='ltr'><strong>cum</strong></span> <span class='ocrx_word' id='word_1_388' title='bbox 414 4047 457 4100; x_wconf 90' lang='lat' dir='ltr'><strong>ed.</strong></span> <span class='ocrx_word' id='word_1_389' title='bbox 476 4048 640 4113; x_wconf 85' lang='lat' dir='ltr'><strong>llervagiana</strong></span> <span class='ocrx_word' id='word_1_390' title='bbox 656 4046 710 4101; x_wconf 77' lang='grc'><strong>40.</strong></span> <span class='ocrx_word' id='word_1_391' title='bbox 728 4050 885 4114; x_wconf 69' lang='lat' dir='ltr'><strong>(immonem</strong></span> <span class='ocrx_word' id='word_1_392' title='bbox 901 4052 981 4103; x_wconf 88' lang='lat' dir='ltr'><strong>etiam</strong></span> <span class='ocrx_word' id='word_1_393' title='bbox 998 4048 1075 4114; x_wconf 89' lang='lat' dir='ltr'><strong>Cbh.)</strong></span> <span class='ocrx_word' id='word_1_394' title='bbox 1093 4075 1121 4086; x_wconf 89' lang='lat'><em>—</em></span> <span class='ocrx_word' id='word_1_395' title='bbox 1143 4053 1255 4099; x_wconf 77' lang='grc'><strong>46644444</strong></span> <span class='ocrx_word' id='word_1_396' title='bbox 1271 4049 1391 4100; x_wconf 82' lang='lat' dir='ltr'><strong>ETFB:</strong></span> <span class='ocrx_word' id='word_1_397' title='bbox 1411 4055 1520 4101; x_wconf 77' lang='lat' dir='ltr'><strong>ocetnan</strong></span> 
     </span>
     <span class='ocr_line' id='line_1_38' title="bbox 198 4123 1521 4192; baseline 0.002 -16"><span class='ocrx_word' id='word_1_398' title='bbox 198 4123 340 4177; x_wconf 68' lang='grc'><strong>44480.</strong></span> <span class='ocrx_word' id='word_1_399' title='bbox 355 4153 382 4162; x_wconf 96' lang='grc'>-</span> <span class='ocrx_word' id='word_1_400' title='bbox 400 4124 560 4174; x_wconf 81' lang='lat' dir='ltr'><strong>nisiETV:</strong></span> <span class='ocrx_word' id='word_1_401' title='bbox 578 4123 855 4187; x_wconf 69' lang='lat' dir='ltr'><strong>macerato-</strong></span> <span class='ocrx_word' id='word_1_402' title='bbox 875 4124 899 4176; x_wconf 87' lang='grc'><strong>4.</strong></span> <span class='ocrx_word' id='word_1_403' title='bbox 917 4127 957 4192; x_wconf 86' lang='lat' dir='ltr'><strong>oc]</strong></span> <span class='ocrx_word' id='word_1_404' title='bbox 975 4129 1041 4178; x_wconf 81' lang='lat' dir='ltr'><strong>acF.</strong></span> <span class='ocrx_word' id='word_1_405' title='bbox 1058 4156 1085 4165; x_wconf 97' lang='lat'>-</span> <span class='ocrx_word' id='word_1_406' title='bbox 1103 4127 1246 4190; x_wconf 70' lang='grc'><strong>4464446]</strong></span> <span class='ocrx_word' id='word_1_407' title='bbox 1263 4128 1414 4179; x_wconf 62' lang='grc'><strong>464464-</strong></span> <span class='ocrx_word' id='word_1_408' title='bbox 1433 4129 1521 4192; x_wconf 63' lang='lat' dir='ltr'><strong>&amp;per</strong></span> 
     </span>
     <span class='ocr_line' id='line_1_39' title="bbox 197 4199 1521 4256; baseline 0.001 -4"><span class='ocrx_word' id='word_1_409' title='bbox 197 4201 241 4252; x_wconf 71' lang='lat' dir='ltr'><strong>bos</strong></span> <span class='ocrx_word' id='word_1_410' title='bbox 256 4200 539 4252; x_wconf 76' lang='lat' dir='ltr'><strong>occosWCETVO:</strong></span> <span class='ocrx_word' id='word_1_411' title='bbox 557 4201 603 4250; x_wconf 80' lang='lat' dir='ltr'><strong>boc</strong></span> <span class='ocrx_word' id='word_1_412' title='bbox 619 4213 685 4250; x_wconf 84' lang='grc'><strong>6446</strong></span> <span class='ocrx_word' id='word_1_413' title='bbox 702 4199 814 4253; x_wconf 72' lang='grc'><strong>44448.</strong></span> <span class='ocrx_word' id='word_1_414' title='bbox 829 4227 856 4237; x_wconf 92' lang='grc'><strong>-</strong></span> <span class='ocrx_word' id='word_1_415' title='bbox 874 4201 986 4254; x_wconf 81' lang='lat' dir='ltr'><strong>libidines</strong></span> <span class='ocrx_word' id='word_1_416' title='bbox 1001 4209 1026 4255; x_wconf 83' lang='lat' dir='ltr'><strong>et</strong></span> <span class='ocrx_word' id='word_1_417' title='bbox 1040 4203 1279 4256; x_wconf 78' lang='lat' dir='ltr'><strong>iniuriosCETV:</strong></span> <span class='ocrx_word' id='word_1_418' title='bbox 1298 4203 1406 4254; x_wconf 75' lang='grc'><strong>44464466</strong></span> <span class='ocrx_word' id='word_1_419' title='bbox 1422 4203 1521 4254; x_wconf 84' lang='grc'><strong>664444-</strong></span> 
     </span>
     <span class='ocr_line' id='line_1_40' title="bbox 198 4273 1521 4342; baseline 0.004 -16"><span class='ocrx_word' id='word_1_420' title='bbox 198 4277 265 4328; x_wconf 71' lang='lat' dir='ltr'><strong>aaa</strong></span> <span class='ocrx_word' id='word_1_421' title='bbox 284 4273 429 4328; x_wconf 73' lang='grc'><strong>1444480.</strong></span> <span class='ocrx_word' id='word_1_422' title='bbox 450 4302 477 4312; x_wconf 96' lang='grc'><strong>-</strong></span> <span class='ocrx_word' id='word_1_423' title='bbox 501 4276 526 4326; x_wconf 81' lang='grc'><strong>8.</strong></span> <span class='ocrx_word' id='word_1_424' title='bbox 543 4275 631 4326; x_wconf 62' lang='lat' dir='ltr'><strong>cesima</strong></span> <span class='ocrx_word' id='word_1_425' title='bbox 652 4275 740 4327; x_wconf 74' lang='lat' dir='ltr'><strong>all..</strong></span> <span class='ocrx_word' id='word_1_426' title='bbox 760 4302 786 4314; x_wconf 95' lang='lat'><em>-</em></span> <span class='ocrx_word' id='word_1_427' title='bbox 813 4277 853 4328; x_wconf 91' lang='grc'><strong>40.</strong></span> <span class='ocrx_word' id='word_1_428' title='bbox 872 4277 911 4342; x_wconf 87' lang='grc'><strong>66]</strong></span> <span class='ocrx_word' id='word_1_429' title='bbox 929 4285 974 4330; x_wconf 82' lang='lat' dir='ltr'><strong>out</strong></span> <span class='ocrx_word' id='word_1_430' title='bbox 989 4281 1022 4340; x_wconf 89' lang='lat' dir='ltr'><strong>T;</strong></span> <span class='ocrx_word' id='word_1_431' title='bbox 1045 4286 1069 4331; x_wconf 80' lang='grc'><strong>64</strong></span> <span class='ocrx_word' id='word_1_432' title='bbox 1083 4281 1115 4331; x_wconf 87' lang='lat' dir='ltr'><strong>V.</strong></span> <span class='ocrx_word' id='word_1_433' title='bbox 1136 4306 1163 4317; x_wconf 93' lang='lat'><strong>·-</strong></span> <span class='ocrx_word' id='word_1_434' title='bbox 1188 4281 1227 4330; x_wconf 95' lang='grc'><strong>44.</strong></span> <span class='ocrx_word' id='word_1_435' title='bbox 1246 4284 1270 4330; x_wconf 84' lang='lat' dir='ltr'><strong>et</strong></span> <span class='ocrx_word' id='word_1_436' title='bbox 1286 4280 1463 4331; x_wconf 77' lang='lat' dir='ltr'><strong>TVBFAL:</strong></span> <span class='ocrx_word' id='word_1_437' title='bbox 1489 4293 1521 4331; x_wconf 84' lang='lat' dir='ltr'><strong>co</strong></span> 
     </span>
     <span class='ocr_line' id='line_1_41' title="bbox 197 4347 1521 4416; baseline 0.002 -13"><span class='ocrx_word' id='word_1_438' title='bbox 197 4347 281 4403; x_wconf 80' lang='lat' dir='ltr'><strong>aco.</strong></span> <span class='ocrx_word' id='word_1_439' title='bbox 301 4377 328 4387; x_wconf 95' lang='lat'><em>-</em></span> <span class='ocrx_word' id='word_1_440' title='bbox 349 4351 389 4400; x_wconf 89' lang='grc'><strong>44.</strong></span> <span class='ocrx_word' id='word_1_441' title='bbox 406 4351 574 4416; x_wconf 72' lang='lat' dir='ltr'><strong>cupiditates]</strong></span> <span class='ocrx_word' id='word_1_442' title='bbox 590 4351 735 4416; x_wconf 70' lang='grc'><strong>[6664444444</strong></span> <span class='ocrx_word' id='word_1_443' title='bbox 751 4351 800 4402; x_wconf 88' lang='lat' dir='ltr'><strong>Ch.</strong></span> <span class='ocrx_word' id='word_1_444' title='bbox 819 4377 847 4388; x_wconf 92' lang='lat'><strong>·-</strong></span> <span class='ocrx_word' id='word_1_445' title='bbox 868 4367 926 4404; x_wconf 83' lang='lat' dir='ltr'><strong>cam</strong></span> <span class='ocrx_word' id='word_1_446' title='bbox 943 4366 996 4404; x_wconf 92' lang='lat' dir='ltr'><strong>om.</strong></span> <span class='ocrx_word' id='word_1_447' title='bbox 1014 4355 1070 4406; x_wconf 85' lang='lat' dir='ltr'><strong>Ti..</strong></span> <span class='ocrx_word' id='word_1_448' title='bbox 1086 4381 1112 4391; x_wconf 90' lang='lat'><em>-</em></span> <span class='ocrx_word' id='word_1_449' title='bbox 1127 4354 1167 4406; x_wconf 88' lang='grc'><strong>43.</strong></span> <span class='ocrx_word' id='word_1_450' title='bbox 1185 4355 1288 4405; x_wconf 68' lang='lat' dir='ltr'><strong>mammis</strong></span> <span class='ocrx_word' id='word_1_451' title='bbox 1303 4359 1327 4405; x_wconf 82' lang='lat' dir='ltr'><strong>et</strong></span> <span class='ocrx_word' id='word_1_452' title='bbox 1342 4355 1372 4404; x_wconf 87' lang='grc'><strong>64.</strong></span> <span class='ocrx_word' id='word_1_453' title='bbox 1390 4355 1452 4404; x_wconf 79' lang='lat' dir='ltr'><strong>otrts</strong></span> <span class='ocrx_word' id='word_1_454' title='bbox 1469 4355 1521 4407; x_wconf 73' lang='grc'><strong>444,-</strong></span> 
     </span>
     <span class='ocr_line' id='line_1_42' title="bbox 195 4423 1519 4496; baseline 0.005 -22"><span class='ocrx_word' id='word_1_455' title='bbox 195 4430 312 4489; x_wconf 80' lang='lat' dir='ltr'><strong>putorem</strong></span> <span class='ocrx_word' id='word_1_456' title='bbox 327 4423 422 4475; x_wconf 85' lang='lat' dir='ltr'><strong>ETV:</strong></span> <span class='ocrx_word' id='word_1_457' title='bbox 448 4425 510 4488; x_wconf 75' lang='lat' dir='ltr'><strong>disp.</strong></span> <span class='ocrx_word' id='word_1_458' title='bbox 532 4427 634 4476; x_wconf 80' lang='grc'><strong>44444446</strong></span> <span class='ocrx_word' id='word_1_459' title='bbox 654 4432 678 4477; x_wconf 83' lang='lat' dir='ltr'><strong>ct</strong></span> <span class='ocrx_word' id='word_1_460' title='bbox 698 4427 809 4478; x_wconf 75' lang='lat' dir='ltr'><strong>stabis</strong></span> <span class='ocrx_word' id='word_1_461' title='bbox 828 4425 968 4480; x_wconf 77' lang='lat' dir='ltr'><strong>nauso.</strong></span> <span class='ocrx_word' id='word_1_462' title='bbox 989 4453 1016 4467; x_wconf 94' lang='lat'>-</span> <span class='ocrx_word' id='word_1_463' title='bbox 1044 4431 1084 4482; x_wconf 88' lang='grc'><strong>46.</strong></span> <span class='ocrx_word' id='word_1_464' title='bbox 1106 4441 1169 4491; x_wconf 70' lang='lat' dir='ltr'><strong>aava</strong></span> <span class='ocrx_word' id='word_1_465' title='bbox 1185 4429 1213 4480; x_wconf 90' lang='grc' dir='ltr'><strong>Τ.</strong></span> <span class='ocrx_word' id='word_1_466' title='bbox 1240 4456 1267 4467; x_wconf 95' lang='lat'>-</span> <span class='ocrx_word' id='word_1_467' title='bbox 1294 4431 1335 4481; x_wconf 84' lang='lat' dir='ltr'><strong>tT.</strong></span> <span class='ocrx_word' id='word_1_468' title='bbox 1352 4429 1519 4496; x_wconf 69' lang='lat' dir='ltr'><strong>imperatoria]</strong></span> 
     </span>
     <span class='ocr_line' id='line_1_43' title="bbox 196 4497 1517 4568; baseline 0.003 -17"><span class='ocrx_word' id='word_1_469' title='bbox 196 4501 271 4551; x_wconf 77' lang='grc'><strong>64446</strong></span> <span class='ocrx_word' id='word_1_470' title='bbox 294 4499 452 4563; x_wconf 68' lang='lat' dir='ltr'><strong>operam</strong></span> <span class='ocrx_word' id='word_1_471' title='bbox 471 4497 497 4553; x_wconf 70' lang='grc'><strong>8.</strong></span> <span class='ocrx_word' id='word_1_472' title='bbox 523 4527 550 4538; x_wconf 89' lang='grc'><strong>-</strong></span> <span class='ocrx_word' id='word_1_473' title='bbox 576 4503 619 4553; x_wconf 82' lang='lat' dir='ltr'><strong>scd</strong></span> <span class='ocrx_word' id='word_1_474' title='bbox 638 4505 662 4552; x_wconf 84' lang='lat' dir='ltr'><strong>et</strong></span> <span class='ocrx_word' id='word_1_475' title='bbox 683 4503 757 4552; x_wconf 77' lang='grc'><strong>64444</strong></span> <span class='ocrx_word' id='word_1_476' title='bbox 773 4503 864 4567; x_wconf 76' lang='lat' dir='ltr'><strong>Ellr.)</strong></span> <span class='ocrx_word' id='word_1_477' title='bbox 876 4503 908 4554; x_wconf 87' lang='lat' dir='ltr'><strong>V.</strong></span> <span class='ocrx_word' id='word_1_478' title='bbox 928 4531 955 4541; x_wconf 92' lang='grc'><strong>-</strong></span> <span class='ocrx_word' id='word_1_479' title='bbox 982 4505 1084 4568; x_wconf 81' lang='lat' dir='ltr'><strong>spiritus</strong></span> <span class='ocrx_word' id='word_1_480' title='bbox 1100 4501 1275 4556; x_wconf 65' lang='lat' dir='ltr'><strong>arvum:</strong></span> <span class='ocrx_word' id='word_1_481' title='bbox 1301 4517 1368 4568; x_wconf 75' lang='lat' dir='ltr'><strong>apocri</strong></span> <span class='ocrx_word' id='word_1_482' title='bbox 1385 4504 1470 4555; x_wconf 78' lang='lat' dir='ltr'><strong>Fun.</strong></span> <span class='ocrx_word' id='word_1_483' title='bbox 1490 4531 1517 4542; x_wconf 93' lang='lat'><strong>·-</strong></span> 
     </span>
     <span class='ocr_line' id='line_1_44' title="bbox 198 4575 1520 4643; baseline 0.003 -17"><span class='ocrx_word' id='word_1_484' title='bbox 198 4575 239 4626; x_wconf 92' lang='grc'><strong>48.</strong></span> <span class='ocrx_word' id='word_1_485' title='bbox 257 4575 333 4626; x_wconf 82' lang='grc'><strong>444644</strong></span> <span class='ocrx_word' id='word_1_486' title='bbox 349 4579 372 4624; x_wconf 82' lang='lat' dir='ltr'><strong>et</strong></span> <span class='ocrx_word' id='word_1_487' title='bbox 387 4575 409 4624; x_wconf 82' lang='lat' dir='ltr'><strong>ei</strong></span> <span class='ocrx_word' id='word_1_488' title='bbox 424 4575 452 4625; x_wconf 83' lang='lat' dir='ltr'><strong>F.</strong></span> <span class='ocrx_word' id='word_1_489' title='bbox 473 4601 499 4613; x_wconf 92' lang='lat'><em>-</em></span> <span class='ocrx_word' id='word_1_490' title='bbox 520 4575 561 4626; x_wconf 85' lang='grc'><strong>40.</strong></span> <span class='ocrx_word' id='word_1_491' title='bbox 579 4576 627 4626; x_wconf 80' lang='lat' dir='ltr'><strong>nisi</strong></span> <span class='ocrx_word' id='word_1_492' title='bbox 642 4577 707 4628; x_wconf 81' lang='lat' dir='ltr'><strong>idem</strong></span> <span class='ocrx_word' id='word_1_493' title='bbox 722 4579 770 4628; x_wconf 80' lang='lat' dir='ltr'><strong>orit</strong></span> <span class='ocrx_word' id='word_1_494' title='bbox 786 4579 808 4628; x_wconf 82' lang='lat' dir='ltr'><strong>is</strong></span> <span class='ocrx_word' id='word_1_495' title='bbox 823 4581 867 4640; x_wconf 81' lang='lat' dir='ltr'><strong>oui</strong></span> <span class='ocrx_word' id='word_1_496' title='bbox 883 4581 911 4630; x_wconf 89' lang='lat' dir='ltr'><strong>L.</strong></span> <span class='ocrx_word' id='word_1_497' title='bbox 932 4605 959 4616; x_wconf 90' lang='lat'>-</span> <span class='ocrx_word' id='word_1_498' title='bbox 978 4582 1020 4632; x_wconf 95' lang='grc'><strong>40.</strong></span> <span class='ocrx_word' id='word_1_499' title='bbox 1038 4581 1082 4643; x_wconf 81' lang='lat' dir='ltr'><strong>qai</strong></span> <span class='ocrx_word' id='word_1_500' title='bbox 1098 4594 1115 4630; x_wconf 89' lang='grc'><strong>6</strong></span> <span class='ocrx_word' id='word_1_501' title='bbox 1131 4581 1314 4632; x_wconf 88' lang='lat' dir='ltr'><strong>ileamennns:</strong></span> <span class='ocrx_word' id='word_1_502' title='bbox 1334 4581 1377 4643; x_wconf 78' lang='lat' dir='ltr'><strong>qut</strong></span> <span class='ocrx_word' id='word_1_503' title='bbox 1392 4592 1418 4630; x_wconf 82' lang='lat' dir='ltr'><strong>ss</strong></span> <span class='ocrx_word' id='word_1_504' title='bbox 1434 4593 1452 4630; x_wconf 86' lang='lat' dir='ltr'><strong>o</strong></span> <span class='ocrx_word' id='word_1_505' title='bbox 1468 4577 1520 4631; x_wconf 77' lang='lat' dir='ltr'><strong>aa</strong></span> 
     </span>
     <span class='ocr_line' id='line_1_45' title="bbox 196 4648 1520 4716; baseline 0.002 -15"><span class='ocrx_word' id='word_1_506' title='bbox 196 4648 281 4702; x_wconf 74' lang='grc'><strong>440.</strong></span> <span class='ocrx_word' id='word_1_507' title='bbox 301 4674 329 4686; x_wconf 94' lang='grc'>-</span> <span class='ocrx_word' id='word_1_508' title='bbox 348 4651 391 4712; x_wconf 82' lang='lat' dir='ltr'><strong>qui</strong></span> <span class='ocrx_word' id='word_1_509' title='bbox 407 4649 439 4700; x_wconf 86' lang='grc'><strong>60</strong></span> <span class='ocrx_word' id='word_1_510' title='bbox 456 4663 511 4701; x_wconf 74' lang='lat' dir='ltr'><strong>orn.</strong></span> <span class='ocrx_word' id='word_1_511' title='bbox 529 4650 582 4714; x_wconf 80' lang='lat' dir='ltr'><strong>sno.</strong></span> <span class='ocrx_word' id='word_1_512' title='bbox 601 4657 676 4714; x_wconf 77' lang='lat' dir='ltr'><strong>atque</strong></span> <span class='ocrx_word' id='word_1_513' title='bbox 692 4652 931 4716; x_wconf 72' lang='lat' dir='ltr'><strong>oppidommeo:</strong></span> <span class='ocrx_word' id='word_1_514' title='bbox 951 4666 1004 4706; x_wconf 94' lang='lat' dir='ltr'><strong>om.</strong></span> <span class='ocrx_word' id='word_1_515' title='bbox 1023 4653 1135 4710; x_wconf 70' lang='lat' dir='ltr'><strong>anst.</strong></span> <span class='ocrx_word' id='word_1_516' title='bbox 1151 4683 1178 4692; x_wconf 98' lang='lat'>-</span> <span class='ocrx_word' id='word_1_517' title='bbox 1196 4653 1319 4705; x_wconf 85' lang='grc'><strong>436444.</strong></span> <span class='ocrx_word' id='word_1_518' title='bbox 1336 4667 1441 4716; x_wconf 84' lang='lat' dir='ltr'><strong>coquom</strong></span> <span class='ocrx_word' id='word_1_519' title='bbox 1457 4667 1520 4705; x_wconf 93' lang='lat' dir='ltr'><strong>cnm</strong></span> 
     </span>
     <span class='ocr_line' id='line_1_46' title="bbox 197 4720 1519 4796; baseline 0.002 -20"><span class='ocrx_word' id='word_1_520' title='bbox 197 4721 345 4776; x_wconf 76' lang='lat' dir='ltr'><strong>edaldina</strong></span> <span class='ocrx_word' id='word_1_521' title='bbox 361 4720 451 4776; x_wconf 72' lang='lat' dir='ltr'><strong>iio:</strong></span> <span class='ocrx_word' id='word_1_522' title='bbox 469 4729 493 4776; x_wconf 86' lang='grc'><strong>64</strong></span> <span class='ocrx_word' id='word_1_523' title='bbox 509 4737 586 4787; x_wconf 83' lang='lat' dir='ltr'><strong>quom</strong></span> <span class='ocrx_word' id='word_1_524' title='bbox 601 4727 774 4780; x_wconf 77' lang='lat' dir='ltr'><strong>ETVFBA.</strong></span> <span class='ocrx_word' id='word_1_525' title='bbox 789 4757 817 4767; x_wconf 90' lang='lat'>-</span> <span class='ocrx_word' id='word_1_526' title='bbox 834 4729 875 4782; x_wconf 87' lang='grc'><strong>44.</strong></span> <span class='ocrx_word' id='word_1_527' title='bbox 894 4743 944 4781; x_wconf 80' lang='lat' dir='ltr'><strong>ease</strong></span> <span class='ocrx_word' id='word_1_528' title='bbox 962 4744 1015 4782; x_wconf 90' lang='lat' dir='ltr'><strong>om.</strong></span> <span class='ocrx_word' id='word_1_529' title='bbox 1030 4731 1057 4782; x_wconf 87' lang='lat' dir='ltr'><strong>F.</strong></span> <span class='ocrx_word' id='word_1_530' title='bbox 1073 4757 1101 4769; x_wconf 93' lang='lat'><em>-</em></span> <span class='ocrx_word' id='word_1_531' title='bbox 1119 4731 1159 4782; x_wconf 81' lang='grc'><strong>40.</strong></span> <span class='ocrx_word' id='word_1_532' title='bbox 1179 4729 1295 4796; x_wconf 81' lang='grc'><strong>04444444]</strong></span> <span class='ocrx_word' id='word_1_533' title='bbox 1313 4742 1377 4792; x_wconf 84' lang='lat' dir='ltr'><strong>quoe</strong></span> <span class='ocrx_word' id='word_1_534' title='bbox 1394 4729 1519 4780; x_wconf 70' lang='grc'><strong>844.-</strong></span> 
     </span>
     <span class='ocr_line' id='line_1_47' title="bbox 196 4799 1519 4871; baseline 0 -19"><span class='ocrx_word' id='word_1_535' title='bbox 196 4801 238 4852; x_wconf 78' lang='grc'><strong>44.</strong></span> <span class='ocrx_word' id='word_1_536' title='bbox 252 4804 383 4864; x_wconf 63' lang='lat' dir='ltr'><strong>procerae</strong></span> <span class='ocrx_word' id='word_1_537' title='bbox 398 4799 545 4864; x_wconf 69' lang='grc'><strong>4664444644·</strong></span> <span class='ocrx_word' id='word_1_538' title='bbox 558 4801 731 4854; x_wconf 86' lang='lat' dir='ltr'><strong>WCbETV</strong></span> <span class='ocrx_word' id='word_1_539' title='bbox 754 4805 814 4868; x_wconf 80' lang='lat' dir='ltr'><strong>(sed</strong></span> <span class='ocrx_word' id='word_1_540' title='bbox 831 4806 858 4858; x_wconf 89' lang='lat' dir='ltr'><strong>ln</strong></span> <span class='ocrx_word' id='word_1_541' title='bbox 874 4807 894 4857; x_wconf 85' lang='lat' dir='ltr'>E</span> <span class='ocrx_word' id='word_1_542' title='bbox 912 4820 927 4857; x_wconf 90' lang='lat' dir='ltr'><strong>a</strong></span> <span class='ocrx_word' id='word_1_543' title='bbox 944 4819 1000 4857; x_wconf 89' lang='lat' dir='ltr'><strong>rec.</strong></span> <span class='ocrx_word' id='word_1_544' title='bbox 1018 4818 1099 4856; x_wconf 90' lang='lat' dir='ltr'><strong>manu</strong></span> <span class='ocrx_word' id='word_1_545' title='bbox 1115 4807 1226 4871; x_wconf 90' lang='lat' dir='ltr'><strong>margini</strong></span> <span class='ocrx_word' id='word_1_546' title='bbox 1244 4805 1332 4857; x_wconf 89' lang='lat' dir='ltr'><strong>adscr.</strong></span> <span class='ocrx_word' id='word_1_547' title='bbox 1349 4805 1424 4868; x_wconf 69' lang='lat' dir='ltr'><strong>nont:</strong></span> <span class='ocrx_word' id='word_1_548' title='bbox 1450 4817 1477 4866; x_wconf 88' lang='lat' dir='ltr'><strong>p.</strong></span> <span class='ocrx_word' id='word_1_549' title='bbox 1494 4815 1519 4853; x_wconf 86' lang='lat' dir='ltr'><strong>r.</strong></span> 
     </span>
     <span class='ocr_line' id='line_1_48' title="bbox 196 4875 1519 4945; baseline 0.003 -21"><span class='ocrx_word' id='word_1_550' title='bbox 196 4875 344 4938; x_wconf 71' lang='lat' dir='ltr'><strong>tocsqktort</strong></span> <span class='ocrx_word' id='word_1_551' title='bbox 365 4876 425 4937; x_wconf 80' lang='lat' dir='ltr'><strong>sa;</strong></span> <span class='ocrx_word' id='word_1_552' title='bbox 451 4877 493 4927; x_wconf 83' lang='lat' dir='ltr'><strong>Po.</strong></span> <span class='ocrx_word' id='word_1_553' title='bbox 511 4878 556 4928; x_wconf 83' lang='lat' dir='ltr'><strong>lio.</strong></span> <span class='ocrx_word' id='word_1_554' title='bbox 573 4891 623 4928; x_wconf 85' lang='grc'><strong>464</strong></span> <span class='ocrx_word' id='word_1_555' title='bbox 647 4879 793 4942; x_wconf 75' lang='lat' dir='ltr'><strong>locrsplatoat</strong></span> <span class='ocrx_word' id='word_1_556' title='bbox 808 4880 845 4940; x_wconf 77' lang='lat' dir='ltr'><strong>l;</strong></span> <span class='ocrx_word' id='word_1_557' title='bbox 866 4881 976 4944; x_wconf 75' lang='lat' dir='ltr'><strong>populace</strong></span> <span class='ocrx_word' id='word_1_558' title='bbox 991 4883 1035 4932; x_wconf 83' lang='lat' dir='ltr'><strong>lto.</strong></span> <span class='ocrx_word' id='word_1_559' title='bbox 1053 4895 1104 4931; x_wconf 90' lang='grc'><strong>464</strong></span> <span class='ocrx_word' id='word_1_560' title='bbox 1119 4880 1265 4945; x_wconf 62' lang='lat' dir='ltr'><strong>amputavi</strong></span> <span class='ocrx_word' id='word_1_561' title='bbox 1282 4877 1314 4940; x_wconf 81' lang='lat' dir='ltr'><strong>a;</strong></span> <span class='ocrx_word' id='word_1_562' title='bbox 1337 4879 1459 4943; x_wconf 66' lang='grc'><strong>66664644</strong></span> <span class='ocrx_word' id='word_1_563' title='bbox 1474 4877 1519 4929; x_wconf 87' lang='lat' dir='ltr'><strong>lio.</strong></span> 
     </span>
     <span class='ocr_line' id='line_1_49' title="bbox 196 4950 1518 5020; baseline 0.002 -19"><span class='ocrx_word' id='word_1_564' title='bbox 196 4965 247 5001; x_wconf 85' lang='grc'><strong>464</strong></span> <span class='ocrx_word' id='word_1_565' title='bbox 270 4950 417 5014; x_wconf 64' lang='lat' dir='ltr'><strong>memorare</strong></span> <span class='ocrx_word' id='word_1_566' title='bbox 441 4965 503 5003; x_wconf 90' lang='lat' dir='ltr'><strong>cum</strong></span> <span class='ocrx_word' id='word_1_567' title='bbox 526 4953 672 5004; x_wconf 87' lang='lat' dir='ltr'><strong>Hotomano</strong></span> <span class='ocrx_word' id='word_1_568' title='bbox 689 4955 746 5005; x_wconf 80' lang='lat' dir='ltr'><strong>lo.</strong></span> <span class='ocrx_word' id='word_1_569' title='bbox 766 4979 792 4990; x_wconf 90' lang='lat'><em>-</em></span> <span class='ocrx_word' id='word_1_570' title='bbox 818 4956 884 5018; x_wconf 81' lang='lat' dir='ltr'><strong>quod</strong></span> <span class='ocrx_word' id='word_1_571' title='bbox 900 4956 973 5006; x_wconf 81' lang='grc'><strong>64444</strong></span> <span class='ocrx_word' id='word_1_572' title='bbox 988 4955 1017 5006; x_wconf 92' lang='lat' dir='ltr'><strong>T.</strong></span> <span class='ocrx_word' id='word_1_573' title='bbox 1038 4981 1065 4992; x_wconf 89' lang='lat'><strong>·-</strong></span> <span class='ocrx_word' id='word_1_574' title='bbox 1090 4951 1411 5020; x_wconf 71' lang='lat' dir='ltr'><strong>ar.p1osuopecmsos.</strong></span> <span class='ocrx_word' id='word_1_575' title='bbox 1431 4975 1458 4987; x_wconf 91' lang='lat'>-</span> <span class='ocrx_word' id='word_1_576' title='bbox 1477 4951 1518 5004; x_wconf 85' lang='grc'><strong>48.</strong></span> 
     </span>
     <span class='ocr_line' id='line_1_50' title="bbox 196 5022 1518 5092; baseline 0 -16"><span class='ocrx_word' id='word_1_577' title='bbox 196 5038 238 5077; x_wconf 79' lang='lat' dir='ltr'><strong>eos</strong></span> <span class='ocrx_word' id='word_1_578' title='bbox 253 5022 461 5079; x_wconf 70' lang='lat' dir='ltr'><strong>ETVTBA-t:</strong></span> <span class='ocrx_word' id='word_1_579' title='bbox 486 5039 532 5077; x_wconf 83' lang='lat' dir='ltr'><strong>noe</strong></span> <span class='ocrx_word' id='word_1_580' title='bbox 547 5027 604 5078; x_wconf 82' lang='lat' dir='ltr'><strong>LO.</strong></span> <span class='ocrx_word' id='word_1_581' title='bbox 625 5055 651 5064; x_wconf 99' lang='lat'>-</span> <span class='ocrx_word' id='word_1_582' title='bbox 671 5030 806 5092; x_wconf 73' lang='lat' dir='ltr'><strong>quicqum</strong></span> <span class='ocrx_word' id='word_1_583' title='bbox 820 5029 851 5080; x_wconf 93' lang='lat' dir='ltr'><strong>T.</strong></span> <span class='ocrx_word' id='word_1_584' title='bbox 871 5056 899 5067; x_wconf 96' lang='lat'>-</span> <span class='ocrx_word' id='word_1_585' title='bbox 917 5031 1017 5081; x_wconf 79' lang='grc'><strong>4644444</strong></span> <span class='ocrx_word' id='word_1_586' title='bbox 1032 5029 1148 5082; x_wconf 73' lang='lat' dir='ltr'><strong>cicestren</strong></span> <span class='ocrx_word' id='word_1_587' title='bbox 1163 5032 1195 5082; x_wconf 88' lang='lat' dir='ltr'><strong>V.</strong></span> <span class='ocrx_word' id='word_1_588' title='bbox 1217 5055 1244 5068; x_wconf 89' lang='lat'><em>-</em></span> <span class='ocrx_word' id='word_1_589' title='bbox 1271 5027 1429 5082; x_wconf 78' lang='lat' dir='ltr'><strong>detrimmdic</strong></span> <span class='ocrx_word' id='word_1_590' title='bbox 1444 5026 1473 5077; x_wconf 91' lang='lat' dir='ltr'><strong>T.</strong></span> <span class='ocrx_word' id='word_1_591' title='bbox 1490 5053 1518 5063; x_wconf 90' lang='lat'><em>-</em></span> 
     </span>
     <span class='ocr_line' id='line_1_51' title="bbox 197 5099 1518 5233; baseline 0.002 -82"><span class='ocrx_word' id='word_1_592' title='bbox 197 5101 238 5152; x_wconf 85' lang='grc'><strong>40.</strong></span> <span class='ocrx_word' id='word_1_593' title='bbox 256 5101 349 5233; x_wconf 73' lang='lat' dir='ltr'><strong>mqtort</strong></span> <span class='ocrx_word' id='word_1_594' title='bbox 365 5102 392 5154; x_wconf 85' lang='lat' dir='ltr'><strong>F.</strong></span> <span class='ocrx_word' id='word_1_595' title='bbox 413 5129 440 5140; x_wconf 92' lang='lat'>-</span> <span class='ocrx_word' id='word_1_596' title='bbox 459 5099 499 5155; x_wconf 83' lang='grc'><strong>80.</strong></span> <span class='ocrx_word' id='word_1_597' title='bbox 514 5103 658 5170; x_wconf 67' lang='lat' dir='ltr'><strong>proclames</strong></span> <span class='ocrx_word' id='word_1_598' title='bbox 672 5109 697 5156; x_wconf 87' lang='grc'><strong>64</strong></span> <span class='ocrx_word' id='word_1_599' title='bbox 712 5105 799 5170; x_wconf 70' lang='lat' dir='ltr'><strong>paitru</strong></span> <span class='ocrx_word' id='word_1_600' title='bbox 815 5106 844 5159; x_wconf 90' lang='lat' dir='ltr'><strong>T.</strong></span> <span class='ocrx_word' id='word_1_601' title='bbox 863 5133 891 5144; x_wconf 93' lang='lat'>-</span> <span class='ocrx_word' id='word_1_602' title='bbox 909 5103 1022 5174; x_wconf 80' lang='lat' dir='ltr'><strong>iactaris]</strong></span> <span class='ocrx_word' id='word_1_603' title='bbox 1039 5105 1138 5158; x_wconf 76' lang='grc'><strong>44444444</strong></span> <span class='ocrx_word' id='word_1_604' title='bbox 1154 5105 1183 5160; x_wconf 86' lang='lat' dir='ltr'><strong>C.</strong></span> <span class='ocrx_word' id='word_1_605' title='bbox 1204 5133 1232 5145; x_wconf 96' lang='lat'><em>-</em></span> <span class='ocrx_word' id='word_1_606' title='bbox 1253 5105 1293 5160; x_wconf 85' lang='grc'><strong>30.</strong></span> <span class='ocrx_word' id='word_1_607' title='bbox 1311 5107 1335 5157; x_wconf 82' lang='lat' dir='ltr'><strong>ct</strong></span> <span class='ocrx_word' id='word_1_608' title='bbox 1350 5101 1442 5155; x_wconf 83' lang='lat' dir='ltr'><strong>ETV:</strong></span> <span class='ocrx_word' id='word_1_609' title='bbox 1464 5113 1518 5153; x_wconf 91' lang='lat' dir='ltr'><strong>om.</strong></span> 
     </span>
    </p>
   </div>
   <div class='ocr_carea' id='block_1_4' title="bbox 0 0 1810 5860">
    <p class='ocr_par' dir='ltr' id='par_1_4' title="bbox 0 0 1810 5860">
     <span class='ocr_line' id='line_1_52' title="bbox 0 0 1810 5860; baseline 0 1"><span class='ocrx_word' id='word_1_610' title='bbox 0 0 1810 5860; x_wconf 95' lang='lat' dir='ltr'><strong> </strong></span> 
     </span>
    </p>
   </div>
  </div>
 </body>
</html>
