<?xml version="1.0" encoding="UTF-8"?>
<!DOCTYPE html PUBLIC "-//W3C//DTD XHTML 1.0 Transitional//EN"
    "http://www.w3.org/TR/xhtml1/DTD/xhtml1-transitional.dtd">
<html xmlns="http://www.w3.org/1999/xhtml" xml:lang="en" lang="en">
 <head>
  <title>
</title>
<meta http-equiv="Content-Type" content="text/html;charset=utf-8" />
  <meta name='ocr-system' content='tesseract 3.04.00' />
  <meta name='ocr-capabilities' content='ocr_page ocr_carea ocr_par ocr_line ocrx_word'/>
</head>
<body>
  <div class='ocr_page' id='page_1' title='image "./mtulliiciceroni00baitgoog_0149.png"; bbox 0 0 3648 5888; ppageno 0'>
   <div class='ocr_carea' id='block_1_1' title="bbox 631 441 1541 534">
    <p class='ocr_par' dir='ltr' id='par_1_1' title="bbox 631 441 1541 534">
     <span class='ocr_line' id='line_1_1' title="bbox 631 441 1541 534; baseline -0.011 -15"><span class='ocrx_word' id='word_1_1' title='bbox 631 451 703 518; x_wconf 76' lang='lat' dir='ltr'>cn.</span> <span class='ocrx_word' id='word_1_2' title='bbox 724 451 877 518; x_wconf 84' lang='lat' dir='ltr'>v-vn.</span> <span class='ocrx_word' id='word_1_3' title='bbox 902 448 959 534; x_wconf 73' lang='grc'>44.</span> <span class='ocrx_word' id='word_1_4' title='bbox 981 445 1128 516; x_wconf 81' lang='grc'><strong>44-44.</strong></span> <span class='ocrx_word' id='word_1_5' title='bbox 1344 500 1349 514; x_wconf 75' lang='grc'><strong>,</strong></span> <span class='ocrx_word' id='word_1_6' title='bbox 1479 441 1541 510; x_wconf 81' lang='lat' dir='ltr'>ses</span> 
     </span>
    </p>
   </div>
   <div class='ocr_carea' id='block_1_2' title="bbox 143 618 1734 4179">
    <p class='ocr_par' dir='ltr' id='par_1_2' title="bbox 223 618 1542 800">
     <span class='ocr_line' id='line_1_2' title="bbox 225 618 1541 706; baseline -0.005 -19"><span class='ocrx_word' id='word_1_7' title='bbox 225 622 335 687; x_wconf 76' lang='lat' dir='ltr'><strong>statuis</strong></span> <span class='ocrx_word' id='word_1_8' title='bbox 357 624 613 706; x_wconf 73' lang='lat' dir='ltr'>ornamentisque</span> <span class='ocrx_word' id='word_1_9' title='bbox 634 621 769 705; x_wconf 88' lang='lat' dir='ltr'>publicis</span> <span class='ocrx_word' id='word_1_10' title='bbox 789 621 881 695; x_wconf 88' lang='lat' dir='ltr'>lecit,</span> <span class='ocrx_word' id='word_1_11' title='bbox 903 619 959 684; x_wconf 91' lang='lat' dir='ltr'>sed</span> <span class='ocrx_word' id='word_1_12' title='bbox 981 621 1075 685; x_wconf 86' lang='lat' dir='ltr'>etiam</span> <span class='ocrx_word' id='word_1_13' title='bbox 1090 619 1221 684; x_wconf 90' lang='lat' dir='ltr'>delubra</span> <span class='ocrx_word' id='word_1_14' title='bbox 1242 621 1361 694; x_wconf 82' lang='lat' dir='ltr'>omnia,</span> <span class='ocrx_word' id='word_1_15' title='bbox 1383 618 1541 681; x_wconf 88' lang='lat' dir='ltr'>sanctissi-</span> 
     </span>
     <span class='ocr_line' id='line_1_3' title="bbox 223 712 1542 800; baseline -0.004 -20"><span class='ocrx_word' id='word_1_16' title='bbox 223 718 282 780; x_wconf 91' lang='lat' dir='ltr'>mis</span> <span class='ocrx_word' id='word_1_17' title='bbox 303 716 509 799; x_wconf 78' lang='lat' dir='ltr'>religionibus</span> <span class='ocrx_word' id='word_1_18' title='bbox 530 723 728 790; x_wconf 88' lang='lat' dir='ltr'>consecrata,</span> <span class='ocrx_word' id='word_1_19' title='bbox 751 716 961 800; x_wconf 87' lang='lat' dir='ltr'>depopulatus</span> <span class='ocrx_word' id='word_1_20' title='bbox 984 722 1048 778; x_wconf 88' lang='lat' dir='ltr'>cst:</span> <span class='ocrx_word' id='word_1_21' title='bbox 1070 715 1163 777; x_wconf 91' lang='lat' dir='ltr'>deum</span> <span class='ocrx_word' id='word_1_22' title='bbox 1188 715 1326 797; x_wconf 91' lang='lat' dir='ltr'>deniquo</span> <span class='ocrx_word' id='word_1_23' title='bbox 1345 713 1469 776; x_wconf 92' lang='lat' dir='ltr'>nullum</span> <span class='ocrx_word' id='word_1_24' title='bbox 1494 712 1542 775; x_wconf 91' lang='lat' dir='ltr'>Si-</span> 
     </span>
    </p>

    <p class='ocr_par' dir='ltr' id='par_1_3' title="bbox 143 803 1646 1830">
     <span class='ocr_line' id='line_1_4' title="bbox 143 803 1542 894; baseline -0.005 -22"><span class='ocrx_word' id='word_1_25' title='bbox 143 825 145 832; x_wconf 87' lang='lat'>·</span> <span class='ocrx_word' id='word_1_26' title='bbox 224 809 321 886; x_wconf 90' lang='lat' dir='ltr'>culis,</span> <span class='ocrx_word' id='word_1_27' title='bbox 344 810 401 894; x_wconf 92' lang='lat' dir='ltr'>qui</span> <span class='ocrx_word' id='word_1_28' title='bbox 423 811 452 873; x_wconf 90' lang='lat' dir='ltr'>ei</span> <span class='ocrx_word' id='word_1_29' title='bbox 474 810 570 894; x_wconf 91' lang='lat' dir='ltr'>paulo</span> <span class='ocrx_word' id='word_1_30' title='bbox 593 809 691 891; x_wconf 89' lang='lat' dir='ltr'>magis</span> <span class='ocrx_word' id='word_1_31' title='bbox 713 809 829 872; x_wconf 80' lang='lat' dir='ltr'>affabre</span> <span class='ocrx_word' id='word_1_32' title='bbox 851 817 946 893; x_wconf 88' lang='lat' dir='ltr'>atque</span> <span class='ocrx_word' id='word_1_33' title='bbox 966 809 1096 891; x_wconf 90' lang='lat' dir='ltr'>antiquo</span> <span class='ocrx_word' id='word_1_34' title='bbox 1111 806 1242 871; x_wconf 87' lang='lat' dir='ltr'>artilicio</span> <span class='ocrx_word' id='word_1_35' title='bbox 1255 806 1358 870; x_wconf 84' lang='lat' dir='ltr'>iaetus</span> <span class='ocrx_word' id='word_1_36' title='bbox 1372 803 1542 876; x_wconf 82' lang='lat' dir='ltr'>videretur,</span> 
     </span>
     <span class='ocr_line' id='line_1_5' title="bbox 223 901 1542 988; baseline -0.005 -22"><span class='ocrx_word' id='word_1_37' title='bbox 223 903 361 988; x_wconf 89' lang='lat' dir='ltr'>reliquit.</span> <span class='ocrx_word' id='word_1_38' title='bbox 405 905 441 965; x_wconf 94' lang='lat' dir='ltr'>ln</span> <span class='ocrx_word' id='word_1_39' title='bbox 463 905 579 986; x_wconf 88' lang='lat' dir='ltr'>stupris</span> <span class='ocrx_word' id='word_1_40' title='bbox 600 923 675 967; x_wconf 82' lang='lat' dir='ltr'>vero</span> <span class='ocrx_word' id='word_1_41' title='bbox 698 909 730 966; x_wconf 92' lang='lat' dir='ltr'>et</span> <span class='ocrx_word' id='word_1_42' title='bbox 750 904 874 987; x_wconf 85' lang='lat' dir='ltr'>llagitiis</span> <span class='ocrx_word' id='word_1_43' title='bbox 896 903 1031 984; x_wconf 77' lang='lat' dir='ltr'>nefarias</span> <span class='ocrx_word' id='word_1_44' title='bbox 1053 903 1120 965; x_wconf 91' lang='lat' dir='ltr'>eius</span> <span class='ocrx_word' id='word_1_45' title='bbox 1135 901 1282 965; x_wconf 83' lang='lat' dir='ltr'>libidines</span> <span class='ocrx_word' id='word_1_46' title='bbox 1297 916 1542 964; x_wconf 89' lang='lat' dir='ltr'>commemorare</span> 
     </span>
     <span class='ocr_line' id='line_1_6' title="bbox 223 989 1581 1080; baseline -0.007 -19"><span class='ocrx_word' id='word_1_47' title='bbox 223 997 346 1080; x_wconf 89' lang='lat' dir='ltr'>pudore</span> <span class='ocrx_word' id='word_1_48' title='bbox 368 998 543 1072; x_wconf 90' lang='lat' dir='ltr'>deterreor;</span> <span class='ocrx_word' id='word_1_49' title='bbox 566 997 660 1062; x_wconf 90' lang='lat' dir='ltr'>simul</span> <span class='ocrx_word' id='word_1_50' title='bbox 672 995 799 1062; x_wconf 90' lang='lat' dir='ltr'>illorum</span> <span class='ocrx_word' id='word_1_51' title='bbox 814 997 1023 1060; x_wconf 79' lang='lat' dir='ltr'>calamitatem</span> <span class='ocrx_word' id='word_1_52' title='bbox 1039 994 1312 1058; x_wconf 89' lang='lat' dir='ltr'>commemorando</span> <span class='ocrx_word' id='word_1_53' title='bbox 1327 1011 1442 1076; x_wconf 86' lang='lat' dir='ltr'>augere</span> <span class='ocrx_word' id='word_1_54' title='bbox 1456 989 1543 1065; x_wconf 90' lang='lat' dir='ltr'>nolo,</span> <span class='ocrx_word' id='word_1_55' title='bbox 1564 999 1581 1045; x_wconf 78' lang='grc'>4</span> 
     </span>
     <span class='ocr_line' id='line_1_7' title="bbox 224 1089 1646 1178; baseline -0.004 -25"><span class='ocrx_word' id='word_1_56' title='bbox 224 1090 340 1174; x_wconf 89' lang='lat' dir='ltr'>quibus</span> <span class='ocrx_word' id='word_1_57' title='bbox 362 1091 479 1156; x_wconf 90' lang='lat' dir='ltr'>liberos</span> <span class='ocrx_word' id='word_1_58' title='bbox 501 1091 715 1173; x_wconf 74' lang='lat' dir='ltr'>coniugesque</span> <span class='ocrx_word' id='word_1_59' title='bbox 737 1109 810 1178; x_wconf 81' lang='lat' dir='ltr'>suas</span> <span class='ocrx_word' id='word_1_60' title='bbox 831 1091 968 1174; x_wconf 90' lang='lat' dir='ltr'>integras</span> <span class='ocrx_word' id='word_1_61' title='bbox 990 1090 1030 1154; x_wconf 85' lang='lat' dir='ltr'>ab</span> <span class='ocrx_word' id='word_1_62' title='bbox 1052 1091 1142 1152; x_wconf 87' lang='lat' dir='ltr'>istius</span> <span class='ocrx_word' id='word_1_63' title='bbox 1164 1089 1337 1170; x_wconf 90' lang='lat' dir='ltr'>petulantia</span> <span class='ocrx_word' id='word_1_64' title='bbox 1356 1103 1542 1150; x_wconf 78' lang='lat' dir='ltr'>conseruare</span> <span class='ocrx_word' id='word_1_65' title='bbox 1639 1121 1646 1135; x_wconf 88' lang='lat'><strong>·</strong></span> 
     </span>
     <span class='ocr_line' id='line_1_8' title="bbox 223 1173 1542 1258; baseline -0.003 -12"><span class='ocrx_word' id='word_1_66' title='bbox 223 1203 288 1246; x_wconf 92' lang='lat' dir='ltr'>non</span> <span class='ocrx_word' id='word_1_67' title='bbox 316 1184 438 1248; x_wconf 92' lang='lat' dir='ltr'>licitum</span> <span class='ocrx_word' id='word_1_68' title='bbox 468 1190 526 1247; x_wconf 84' lang='lat' dir='ltr'>est</span> <span class='ocrx_word' id='word_1_69' title='bbox 569 1179 620 1246; x_wconf 86' lang='grc'>45.</span> <span class='ocrx_word' id='word_1_70' title='bbox 643 1185 685 1247; x_wconf 84' lang='grc'>44</span> <span class='ocrx_word' id='word_1_71' title='bbox 713 1173 796 1247; x_wconf 76' lang='lat' dir='ltr'>enim</span> <span class='ocrx_word' id='word_1_72' title='bbox 817 1185 896 1249; x_wconf 89' lang='lat' dir='ltr'>haec</span> <span class='ocrx_word' id='word_1_73' title='bbox 917 1187 961 1248; x_wconf 88' lang='lat' dir='ltr'>ita</span> <span class='ocrx_word' id='word_1_74' title='bbox 983 1185 1150 1249; x_wconf 88' lang='lat' dir='ltr'>commissa</span> <span class='ocrx_word' id='word_1_75' title='bbox 1171 1185 1303 1247; x_wconf 77' lang='lat' dir='ltr'>suntab</span> <span class='ocrx_word' id='word_1_76' title='bbox 1321 1185 1397 1258; x_wconf 90' lang='lat' dir='ltr'>isto,</span> <span class='ocrx_word' id='word_1_77' title='bbox 1419 1188 1454 1246; x_wconf 92' lang='lat' dir='ltr'>ut</span> <span class='ocrx_word' id='word_1_78' title='bbox 1478 1199 1542 1243; x_wconf 93' lang='lat' dir='ltr'>non</span> 
     </span>
     <span class='ocr_line' id='line_1_9' title="bbox 224 1267 1544 1361; baseline -0.001 -21"><span class='ocrx_word' id='word_1_79' title='bbox 224 1279 349 1360; x_wconf 86' lang='lat' dir='ltr'>cognita</span> <span class='ocrx_word' id='word_1_80' title='bbox 377 1279 440 1342; x_wconf 91' lang='lat' dir='ltr'>sint</span> <span class='ocrx_word' id='word_1_81' title='bbox 469 1279 509 1342; x_wconf 91' lang='lat' dir='ltr'>ab</span> <span class='ocrx_word' id='word_1_82' title='bbox 538 1267 695 1342; x_wconf 83' lang='lat' dir='ltr'>omnibus.</span> <span class='ocrx_word' id='word_1_83' title='bbox 746 1278 914 1342; x_wconf 86' lang='lat' dir='ltr'>Hominem</span> <span class='ocrx_word' id='word_1_84' title='bbox 943 1297 1012 1342; x_wconf 90' lang='lat' dir='ltr'>esse</span> <span class='ocrx_word' id='word_1_85' title='bbox 1042 1277 1175 1342; x_wconf 80' lang='lat' dir='ltr'>arbitror</span> <span class='ocrx_word' id='word_1_86' title='bbox 1201 1279 1375 1352; x_wconf 89' lang='lat' dir='ltr'>neminem,</span> <span class='ocrx_word' id='word_1_87' title='bbox 1404 1277 1459 1361; x_wconf 88' lang='lat' dir='ltr'>qui</span> <span class='ocrx_word' id='word_1_88' title='bbox 1486 1295 1544 1339; x_wconf 93' lang='lat' dir='ltr'>no-</span> 
     </span>
     <span class='ocr_line' id='line_1_10' title="bbox 223 1370 1542 1458; baseline -0.002 -24"><span class='ocrx_word' id='word_1_89' title='bbox 223 1391 296 1434; x_wconf 90' lang='lat' dir='ltr'>men</span> <span class='ocrx_word' id='word_1_90' title='bbox 317 1372 408 1435; x_wconf 88' lang='lat' dir='ltr'>istius</span> <span class='ocrx_word' id='word_1_91' title='bbox 430 1373 579 1446; x_wconf 87' lang='lat' dir='ltr'>audierit,</span> <span class='ocrx_word' id='word_1_92' title='bbox 602 1373 679 1456; x_wconf 93' lang='lat' dir='ltr'>quin</span> <span class='ocrx_word' id='word_1_93' title='bbox 700 1371 783 1436; x_wconf 83' lang='lat' dir='ltr'>lacta</span> <span class='ocrx_word' id='word_1_94' title='bbox 797 1393 927 1458; x_wconf 91' lang='lat' dir='ltr'>quoque</span> <span class='ocrx_word' id='word_1_95' title='bbox 949 1375 1017 1436; x_wconf 89' lang='lat' dir='ltr'>eius</span> <span class='ocrx_word' id='word_1_96' title='bbox 1036 1371 1155 1434; x_wconf 82' lang='lat' dir='ltr'>nelarie</span> <span class='ocrx_word' id='word_1_97' title='bbox 1169 1391 1412 1435; x_wconf 87' lang='lat' dir='ltr'>commemorare</span> <span class='ocrx_word' id='word_1_98' title='bbox 1427 1370 1542 1454; x_wconf 86' lang='lat' dir='ltr'>possit,</span> 
     </span>
     <span class='ocr_line' id='line_1_11' title="bbox 223 1465 1580 1548; baseline -0.004 -18"><span class='ocrx_word' id='word_1_99' title='bbox 223 1473 259 1530; x_wconf 95' lang='lat' dir='ltr'>ut</span> <span class='ocrx_word' id='word_1_100' title='bbox 280 1467 357 1530; x_wconf 92' lang='lat' dir='ltr'>mihi</span> <span class='ocrx_word' id='word_1_101' title='bbox 377 1468 477 1548; x_wconf 88' lang='lat' dir='ltr'>magis</span> <span class='ocrx_word' id='word_1_102' title='bbox 498 1466 673 1529; x_wconf 92' lang='lat' dir='ltr'>timendum</span> <span class='ocrx_word' id='word_1_103' title='bbox 695 1467 749 1541; x_wconf 87' lang='lat' dir='ltr'>sit,</span> <span class='ocrx_word' id='word_1_104' title='bbox 771 1487 812 1530; x_wconf 92' lang='lat' dir='ltr'>ne</span> <span class='ocrx_word' id='word_1_105' title='bbox 835 1467 934 1530; x_wconf 90' lang='lat' dir='ltr'>multa</span> <span class='ocrx_word' id='word_1_106' title='bbox 955 1465 1085 1530; x_wconf 88' lang='lat' dir='ltr'>crimina</span> <span class='ocrx_word' id='word_1_107' title='bbox 1106 1468 1371 1548; x_wconf 87' lang='lat' dir='ltr'>praetermittere,</span> <span class='ocrx_word' id='word_1_108' title='bbox 1392 1483 1488 1548; x_wconf 90' lang='lat' dir='ltr'>quam</span> <span class='ocrx_word' id='word_1_109' title='bbox 1502 1471 1580 1526; x_wconf 74' lang='lat' dir='ltr'>neto</span> 
     </span>
     <span class='ocr_line' id='line_1_12' title="bbox 224 1556 1543 1644; baseline -0.003 -22"><span class='ocrx_word' id='word_1_110' title='bbox 224 1578 287 1643; x_wconf 92' lang='lat' dir='ltr'>qua</span> <span class='ocrx_word' id='word_1_111' title='bbox 308 1561 341 1622; x_wconf 92' lang='lat' dir='ltr'>in</span> <span class='ocrx_word' id='word_1_112' title='bbox 362 1562 458 1623; x_wconf 87' lang='lat' dir='ltr'>istum</span> <span class='ocrx_word' id='word_1_113' title='bbox 480 1556 597 1642; x_wconf 88' lang='lat' dir='ltr'>lingere</span> <span class='ocrx_word' id='word_1_114' title='bbox 617 1561 786 1623; x_wconf 85' lang='lat' dir='ltr'>existimer.</span> <span class='ocrx_word' id='word_1_115' title='bbox 818 1562 929 1644; x_wconf 88' lang='lat' dir='ltr'>Neque</span> <span class='ocrx_word' id='word_1_116' title='bbox 945 1560 1028 1624; x_wconf 92' lang='lat' dir='ltr'>enim</span> <span class='ocrx_word' id='word_1_117' title='bbox 1044 1559 1120 1622; x_wconf 92' lang='lat' dir='ltr'>mihi</span> <span class='ocrx_word' id='word_1_118' title='bbox 1134 1557 1260 1622; x_wconf 78' lang='lat' dir='ltr'>ridetur</span> <span class='ocrx_word' id='word_1_119' title='bbox 1272 1559 1350 1623; x_wconf 89' lang='lat' dir='ltr'>haec</span> <span class='ocrx_word' id='word_1_120' title='bbox 1365 1558 1543 1630; x_wconf 93' lang='lat' dir='ltr'>multitudo,</span> 
     </span>
     <span class='ocr_line' id='line_1_13' title="bbox 224 1649 1542 1737; baseline -0.003 -22"><span class='ocrx_word' id='word_1_121' title='bbox 224 1673 306 1736; x_wconf 90' lang='lat' dir='ltr'>quae</span> <span class='ocrx_word' id='word_1_122' title='bbox 336 1652 375 1716; x_wconf 92' lang='lat' dir='ltr'>ad</span> <span class='ocrx_word' id='word_1_123' title='bbox 403 1652 596 1716; x_wconf 89' lang='lat' dir='ltr'>audiendum</span> <span class='ocrx_word' id='word_1_124' title='bbox 617 1654 780 1729; x_wconf 89' lang='lat' dir='ltr'>convenit,</span> <span class='ocrx_word' id='word_1_125' title='bbox 809 1673 999 1737; x_wconf 76' lang='lat' dir='ltr'>cognoscere</span> <span class='ocrx_word' id='word_1_126' title='bbox 1021 1673 1062 1718; x_wconf 84' lang='lat' dir='ltr'>ex</span> <span class='ocrx_word' id='word_1_127' title='bbox 1082 1673 1132 1716; x_wconf 91' lang='lat' dir='ltr'>me</span> <span class='ocrx_word' id='word_1_128' title='bbox 1155 1673 1283 1718; x_wconf 90' lang='lat' dir='ltr'>causam</span> <span class='ocrx_word' id='word_1_129' title='bbox 1303 1652 1469 1726; x_wconf 59' lang='lat' dir='ltr'>uoluisse„</span> <span class='ocrx_word' id='word_1_130' title='bbox 1487 1649 1542 1713; x_wconf 93' lang='lat' dir='ltr'>sed</span> 
     </span>
     <span class='ocr_line' id='line_1_14' title="bbox 224 1749 850 1830; baseline 0.002 -21"><span class='ocrx_word' id='word_1_131' title='bbox 224 1766 262 1810; x_wconf 90' lang='lat' dir='ltr'>ea</span> <span class='ocrx_word' id='word_1_132' title='bbox 284 1765 367 1830; x_wconf 89' lang='lat' dir='ltr'>quae</span> <span class='ocrx_word' id='word_1_133' title='bbox 389 1749 449 1811; x_wconf 89' lang='lat' dir='ltr'>scit</span> <span class='ocrx_word' id='word_1_134' title='bbox 469 1767 592 1810; x_wconf 89' lang='lat' dir='ltr'>mecum</span> <span class='ocrx_word' id='word_1_135' title='bbox 614 1766 850 1830; x_wconf 87' lang='lat' dir='ltr'>recognoscere.</span> 
     </span>
    </p>

    <p class='ocr_par' dir='ltr' id='par_1_4' title="bbox 220 1841 1734 4179">
     <span class='ocr_line' id='line_1_15' title="bbox 308 1841 1543 1926; baseline 0 -24"><span class='ocrx_word' id='word_1_136' title='bbox 308 1841 360 1903; x_wconf 85' lang='lat' dir='ltr'>VI.</span> <span class='ocrx_word' id='word_1_137' title='bbox 383 1841 473 1916; x_wconf 84' lang='lat' dir='ltr'>Quae</span> <span class='ocrx_word' id='word_1_138' title='bbox 502 1860 573 1903; x_wconf 93' lang='lat' dir='ltr'>cum</span> <span class='ocrx_word' id='word_1_139' title='bbox 601 1842 645 1904; x_wconf 92' lang='lat' dir='ltr'>ita</span> <span class='ocrx_word' id='word_1_140' title='bbox 672 1842 752 1915; x_wconf 89' lang='lat' dir='ltr'>sint,</span> <span class='ocrx_word' id='word_1_141' title='bbox 781 1843 841 1905; x_wconf 89' lang='lat' dir='ltr'>iste</span> <span class='ocrx_word' id='word_1_142' title='bbox 869 1842 964 1905; x_wconf 91' lang='lat' dir='ltr'>homo</span> <span class='ocrx_word' id='word_1_143' title='bbox 986 1861 1094 1906; x_wconf 91' lang='lat' dir='ltr'>amens</span> <span class='ocrx_word' id='word_1_144' title='bbox 1115 1862 1152 1906; x_wconf 90' lang='lat' dir='ltr'>ae</span> <span class='ocrx_word' id='word_1_145' title='bbox 1174 1842 1317 1926; x_wconf 89' lang='lat' dir='ltr'>perditus</span> <span class='ocrx_word' id='word_1_146' title='bbox 1338 1841 1400 1906; x_wconf 86' lang='lat' dir='ltr'>alia</span> <span class='ocrx_word' id='word_1_147' title='bbox 1421 1859 1543 1905; x_wconf 90' lang='lat' dir='ltr'>mecum</span> 
     </span>
     <span class='ocr_line' id='line_1_16' title="bbox 223 1933 1581 2020; baseline -0.002 -21"><span class='ocrx_word' id='word_1_148' title='bbox 223 1935 346 1999; x_wconf 92' lang='lat' dir='ltr'>ratione</span> <span class='ocrx_word' id='word_1_149' title='bbox 368 1940 497 2018; x_wconf 87' lang='lat' dir='ltr'>pugnet</span> <span class='ocrx_word' id='word_1_150' title='bbox 539 1935 610 1995; x_wconf 90' lang='lat' dir='ltr'>Non</span> <span class='ocrx_word' id='word_1_151' title='bbox 641 1933 674 1998; x_wconf 96' lang='lat' dir='ltr'>id</span> <span class='ocrx_word' id='word_1_152' title='bbox 703 1935 783 2017; x_wconf 86' lang='lat' dir='ltr'>agit,</span> <span class='ocrx_word' id='word_1_153' title='bbox 810 1942 847 1998; x_wconf 88' lang='lat' dir='ltr'>ut</span> <span class='ocrx_word' id='word_1_154' title='bbox 875 1935 1009 1999; x_wconf 85' lang='lat' dir='ltr'>alicuius</span> <span class='ocrx_word' id='word_1_155' title='bbox 1039 1937 1253 2020; x_wconf 84' lang='lat' dir='ltr'>eloquentium</span> <span class='ocrx_word' id='word_1_156' title='bbox 1282 1934 1358 2000; x_wconf 89' lang='lat' dir='ltr'>mihi</span> <span class='ocrx_word' id='word_1_157' title='bbox 1386 1939 1581 2018; x_wconf 76' lang='lat' dir='ltr'>opponat3⁴⁵</span> 
     </span>
     <span class='ocr_line' id='line_1_17' title="bbox 223 2028 1545 2113; baseline -0.002 -20"><span class='ocrx_word' id='word_1_158' title='bbox 223 2049 289 2094; x_wconf 91' lang='lat' dir='ltr'>non</span> <span class='ocrx_word' id='word_1_159' title='bbox 317 2029 431 2111; x_wconf 89' lang='lat' dir='ltr'>gratia,</span> <span class='ocrx_word' id='word_1_160' title='bbox 461 2047 526 2090; x_wconf 92' lang='lat' dir='ltr'>non</span> <span class='ocrx_word' id='word_1_161' title='bbox 551 2029 737 2093; x_wconf 87' lang='lat' dir='ltr'>auctoritate</span> <span class='ocrx_word' id='word_1_162' title='bbox 763 2029 968 2113; x_wconf 87' lang='lat' dir='ltr'>cuiusquam,</span> <span class='ocrx_word' id='word_1_163' title='bbox 997 2049 1063 2092; x_wconf 94' lang='lat' dir='ltr'>non</span> <span class='ocrx_word' id='word_1_164' title='bbox 1084 2032 1227 2113; x_wconf 89' lang='lat' dir='ltr'>potentia</span> <span class='ocrx_word' id='word_1_165' title='bbox 1247 2029 1368 2092; x_wconf 92' lang='lat' dir='ltr'>nltitur.</span> <span class='ocrx_word' id='word_1_166' title='bbox 1412 2028 1545 2092; x_wconf 91' lang='lat' dir='ltr'>Simulat</span> 
     </span>
     <span class='ocr_line' id='line_1_18' title="bbox 224 2119 1545 2207; baseline -0.002 -21"><span class='ocrx_word' id='word_1_167' title='bbox 224 2124 274 2188; x_wconf 89' lang='lat' dir='ltr'>his</span> <span class='ocrx_word' id='word_1_168' title='bbox 296 2144 330 2186; x_wconf 87' lang='lat' dir='ltr'>se</span> <span class='ocrx_word' id='word_1_169' title='bbox 351 2121 446 2186; x_wconf 89' lang='lat' dir='ltr'>rebus</span> <span class='ocrx_word' id='word_1_170' title='bbox 468 2119 642 2184; x_wconf 86' lang='lat' dir='ltr'>confidere:</span> <span class='ocrx_word' id='word_1_171' title='bbox 673 2120 739 2205; x_wconf 86' lang='lat' dir='ltr'>(sed</span> <span class='ocrx_word' id='word_1_172' title='bbox 760 2121 869 2197; x_wconf 83' lang='lat' dir='ltr'>rideo,</span> <span class='ocrx_word' id='word_1_173' title='bbox 899 2123 976 2206; x_wconf 92' lang='lat' dir='ltr'>quid</span> <span class='ocrx_word' id='word_1_174' title='bbox 998 2131 1087 2206; x_wconf 82' lang='lat' dir='ltr'>agat3</span> <span class='ocrx_word' id='word_1_175' title='bbox 1119 2143 1224 2207; x_wconf 91' lang='lat' dir='ltr'>neque</span> <span class='ocrx_word' id='word_1_176' title='bbox 1247 2125 1330 2188; x_wconf 93' lang='lat' dir='ltr'>enim</span> <span class='ocrx_word' id='word_1_177' title='bbox 1352 2125 1418 2207; x_wconf 85' lang='lat' dir='ltr'>agit</span> <span class='ocrx_word' id='word_1_178' title='bbox 1439 2122 1545 2186; x_wconf 91' lang='lat' dir='ltr'>oecul-</span> 
     </span>
     <span class='ocr_line' id='line_1_19' title="bbox 224 2213 1544 2301; baseline -0.003 -19"><span class='ocrx_word' id='word_1_179' title='bbox 224 2219 344 2282; x_wconf 83' lang='lat' dir='ltr'>tissime</span> <span class='ocrx_word' id='word_1_180' title='bbox 352 2213 370 2298; x_wconf 76' lang='grc' dir='ltr'>τ)</span> <span class='ocrx_word' id='word_1_181' title='bbox 392 2219 541 2300; x_wconf 85' lang='lat' dir='ltr'>proponit</span> <span class='ocrx_word' id='word_1_182' title='bbox 562 2218 669 2280; x_wconf 88' lang='lat' dir='ltr'>inania</span> <span class='ocrx_word' id='word_1_183' title='bbox 687 2217 764 2280; x_wconf 92' lang='lat' dir='ltr'>mibi</span> <span class='ocrx_word' id='word_1_184' title='bbox 779 2217 969 2292; x_wconf 84' lang='lat' dir='ltr'>nobilitatis,</span> <span class='ocrx_word' id='word_1_185' title='bbox 989 2218 1051 2281; x_wconf 92' lang='lat' dir='ltr'>hoc</span> <span class='ocrx_word' id='word_1_186' title='bbox 1067 2224 1130 2293; x_wconf 88' lang='lat' dir='ltr'>est,</span> <span class='ocrx_word' id='word_1_187' title='bbox 1152 2219 1314 2282; x_wconf 92' lang='lat' dir='ltr'>bominum</span> <span class='ocrx_word' id='word_1_188' title='bbox 1330 2218 1544 2301; x_wconf 86' lang='lat' dir='ltr'>arrogantium</span> 
     </span>
     <span class='ocr_line' id='line_1_20' title="bbox 222 2309 1543 2397; baseline -0.002 -23"><span class='ocrx_word' id='word_1_189' title='bbox 222 2315 364 2387; x_wconf 89' lang='lat' dir='ltr'>nomina,</span> <span class='ocrx_word' id='word_1_190' title='bbox 387 2311 442 2396; x_wconf 92' lang='lat' dir='ltr'>qui</span> <span class='ocrx_word' id='word_1_191' title='bbox 464 2329 529 2372; x_wconf 92' lang='lat' dir='ltr'>non</span> <span class='ocrx_word' id='word_1_192' title='bbox 550 2317 614 2372; x_wconf 86' lang='lat' dir='ltr'>tam</span> <span class='ocrx_word' id='word_1_193' title='bbox 636 2330 686 2372; x_wconf 91' lang='lat' dir='ltr'>me</span> <span class='ocrx_word' id='word_1_194' title='bbox 708 2309 901 2394; x_wconf 89' lang='lat' dir='ltr'>impediunt,</span> <span class='ocrx_word' id='word_1_195' title='bbox 924 2312 1010 2394; x_wconf 93' lang='lat' dir='ltr'>quod</span> <span class='ocrx_word' id='word_1_196' title='bbox 1025 2309 1147 2375; x_wconf 89' lang='lat' dir='ltr'>nobiles</span> <span class='ocrx_word' id='word_1_197' title='bbox 1162 2319 1252 2388; x_wconf 87' lang='lat' dir='ltr'>sunt,</span> <span class='ocrx_word' id='word_1_198' title='bbox 1274 2332 1369 2397; x_wconf 90' lang='lat' dir='ltr'>quam</span> <span class='ocrx_word' id='word_1_199' title='bbox 1384 2313 1543 2383; x_wconf 88' lang='lat' dir='ltr'>adiuvant,</span> 
     </span>
     <span class='ocr_line' id='line_1_21' title="bbox 223 2402 1581 2491; baseline -0.004 -22"><span class='ocrx_word' id='word_1_200' title='bbox 223 2408 309 2491; x_wconf 91' lang='lat' dir='ltr'>quod</span> <span class='ocrx_word' id='word_1_201' title='bbox 331 2407 398 2470; x_wconf 91' lang='lat' dir='ltr'>noti</span> <span class='ocrx_word' id='word_1_202' title='bbox 421 2411 503 2467; x_wconf 85' lang='lat' dir='ltr'>sunt</span> <span class='ocrx_word' id='word_1_203' title='bbox 537 2404 672 2468; x_wconf 86' lang='lat' dir='ltr'>Simulat</span> <span class='ocrx_word' id='word_1_204' title='bbox 693 2425 726 2468; x_wconf 92' lang='lat' dir='ltr'>se</span> <span class='ocrx_word' id='word_1_205' title='bbox 742 2425 849 2468; x_wconf 90' lang='lat' dir='ltr'>eorum</span> <span class='ocrx_word' id='word_1_206' title='bbox 865 2405 1024 2488; x_wconf 84' lang='lat' dir='ltr'>praesidio</span> <span class='ocrx_word' id='word_1_207' title='bbox 1041 2402 1215 2481; x_wconf 87' lang='lat' dir='ltr'>confidere,</span> <span class='ocrx_word' id='word_1_208' title='bbox 1237 2428 1308 2470; x_wconf 91' lang='lat' dir='ltr'>cum</span> <span class='ocrx_word' id='word_1_209' title='bbox 1322 2408 1443 2471; x_wconf 83' lang='lat' dir='ltr'>interce</span> <span class='ocrx_word' id='word_1_210' title='bbox 1457 2403 1581 2469; x_wconf 76' lang='lat' dir='ltr'>alinde</span> 
     </span>
     <span class='ocr_line' id='line_1_22' title="bbox 222 2494 1543 2588; baseline -0.003 -24"><span class='ocrx_word' id='word_1_211' title='bbox 222 2500 375 2586; x_wconf 89' lang='lat' dir='ltr'>quiddam</span> <span class='ocrx_word' id='word_1_212' title='bbox 396 2499 460 2563; x_wconf 91' lang='lat' dir='ltr'>iam</span> <span class='ocrx_word' id='word_1_213' title='bbox 482 2497 536 2560; x_wconf 92' lang='lat' dir='ltr'>diu</span> <span class='ocrx_word' id='word_1_214' title='bbox 558 2498 764 2561; x_wconf 88' lang='lat' dir='ltr'>machinetur.</span> <span class='ocrx_word' id='word_1_215' title='bbox 808 2494 858 2560; x_wconf 83' lang='lat' dir='ltr'>lb.</span> <span class='ocrx_word' id='word_1_216' title='bbox 882 2500 985 2588; x_wconf 84' lang='lat' dir='ltr'>Quam</span> <span class='ocrx_word' id='word_1_217' title='bbox 1007 2519 1095 2582; x_wconf 89' lang='lat' dir='ltr'>spem</span> <span class='ocrx_word' id='word_1_218' title='bbox 1117 2520 1202 2563; x_wconf 91' lang='lat' dir='ltr'>nunc</span> <span class='ocrx_word' id='word_1_219' title='bbox 1223 2500 1338 2564; x_wconf 83' lang='lat' dir='ltr'>habeat</span> <span class='ocrx_word' id='word_1_220' title='bbox 1351 2501 1384 2563; x_wconf 93' lang='lat' dir='ltr'>in</span> <span class='ocrx_word' id='word_1_221' title='bbox 1400 2498 1543 2562; x_wconf 82' lang='lat' dir='ltr'>manibus</span> 
     </span>
     <span class='ocr_line' id='line_1_23' title="bbox 223 2592 1545 2678; baseline -0.003 -21"><span class='ocrx_word' id='word_1_222' title='bbox 223 2593 352 2678; x_wconf 90' lang='lat' dir='ltr'>etquid</span> <span class='ocrx_word' id='word_1_223' title='bbox 374 2593 538 2668; x_wconf 89' lang='lat' dir='ltr'>moliatur,</span> <span class='ocrx_word' id='word_1_224' title='bbox 561 2593 698 2655; x_wconf 81' lang='lat' dir='ltr'>breviter</span> <span class='ocrx_word' id='word_1_225' title='bbox 718 2593 799 2667; x_wconf 88' lang='lat' dir='ltr'>iarn,</span> <span class='ocrx_word' id='word_1_226' title='bbox 821 2593 958 2667; x_wconf 90' lang='lat' dir='ltr'>iudices,</span> <span class='ocrx_word' id='word_1_227' title='bbox 980 2592 1071 2658; x_wconf 85' lang='lat' dir='ltr'>vobis</span> <span class='ocrx_word' id='word_1_228' title='bbox 1092 2612 1260 2677; x_wconf 85' lang='lat' dir='ltr'>exponam.</span> <span class='ocrx_word' id='word_1_229' title='bbox 1291 2594 1352 2657; x_wconf 89' lang='lat' dir='ltr'>Sed</span> <span class='ocrx_word' id='word_1_230' title='bbox 1375 2594 1480 2676; x_wconf 89' lang='lat' dir='ltr'>prius,</span> <span class='ocrx_word' id='word_1_231' title='bbox 1507 2597 1545 2654; x_wconf 88' lang='lat' dir='ltr'>ut</span> 
     </span>
     <span class='ocr_line' id='line_1_24' title="bbox 224 2686 1543 2772; baseline -0.003 -22"><span class='ocrx_word' id='word_1_232' title='bbox 224 2687 261 2750; x_wconf 91' lang='lat' dir='ltr'>ab</span> <span class='ocrx_word' id='word_1_233' title='bbox 289 2689 379 2750; x_wconf 92' lang='lat' dir='ltr'>initio</span> <span class='ocrx_word' id='word_1_234' title='bbox 408 2706 458 2750; x_wconf 90' lang='lat' dir='ltr'>res</span> <span class='ocrx_word' id='word_1_235' title='bbox 480 2686 519 2748; x_wconf 88' lang='lat' dir='ltr'>ab</span> <span class='ocrx_word' id='word_1_236' title='bbox 541 2706 579 2749; x_wconf 90' lang='lat' dir='ltr'>eo</span> <span class='ocrx_word' id='word_1_237' title='bbox 609 2687 779 2750; x_wconf 90' lang='lat' dir='ltr'>constituta</span> <span class='ocrx_word' id='word_1_238' title='bbox 810 2689 865 2764; x_wconf 89' lang='lat' dir='ltr'>sit,</span> <span class='ocrx_word' id='word_1_239' title='bbox 896 2707 1033 2772; x_wconf 86' lang='lat' dir='ltr'>quaeso,</span> <span class='ocrx_word' id='word_1_240' title='bbox 1063 2689 1253 2770; x_wconf 90' lang='lat' dir='ltr'>cognoscite.</span> <span class='ocrx_word' id='word_1_241' title='bbox 1296 2687 1337 2751; x_wconf 89' lang='lat' dir='ltr'>Ut</span> <span class='ocrx_word' id='word_1_242' title='bbox 1362 2689 1498 2769; x_wconf 90' lang='lat' dir='ltr'>primum</span> <span class='ocrx_word' id='word_1_243' title='bbox 1525 2705 1543 2746; x_wconf 91' lang='lat' dir='ltr'>e</span> 
     </span>
     <span class='ocr_line' id='line_1_25' title="bbox 223 2779 1548 2864; baseline 0.002 -22"><span class='ocrx_word' id='word_1_244' title='bbox 223 2781 385 2863; x_wconf 89' lang='lat' dir='ltr'>provincia</span> <span class='ocrx_word' id='word_1_245' title='bbox 412 2779 520 2855; x_wconf 88' lang='lat' dir='ltr'>rediit,</span> <span class='ocrx_word' id='word_1_246' title='bbox 547 2779 725 2863; x_wconf 89' lang='lat' dir='ltr'>redemptio</span> <span class='ocrx_word' id='word_1_247' title='bbox 755 2789 804 2844; x_wconf 91' lang='lat' dir='ltr'>est</span> <span class='ocrx_word' id='word_1_248' title='bbox 829 2782 924 2846; x_wconf 89' lang='lat' dir='ltr'>buius</span> <span class='ocrx_word' id='word_1_249' title='bbox 946 2782 1054 2846; x_wconf 94' lang='lat' dir='ltr'>iudicii</span> <span class='ocrx_word' id='word_1_250' title='bbox 1076 2783 1159 2845; x_wconf 87' lang='lat' dir='ltr'>facta</span> <span class='ocrx_word' id='word_1_251' title='bbox 1179 2781 1289 2864; x_wconf 88' lang='lat' dir='ltr'>grandi</span> <span class='ocrx_word' id='word_1_252' title='bbox 1311 2783 1454 2864; x_wconf 88' lang='lat' dir='ltr'>pecunia.</span> <span class='ocrx_word' id='word_1_253' title='bbox 1494 2781 1548 2863; x_wconf 64' lang='lat' dir='ltr'>Ea</span> 
     </span>
     <span class='ocr_line' id='line_1_26' title="bbox 222 2873 1696 2961; baseline -0.001 -24"><span class='ocrx_word' id='word_1_254' title='bbox 222 2877 337 2938; x_wconf 87' lang='lat' dir='ltr'>mansit</span> <span class='ocrx_word' id='word_1_255' title='bbox 356 2877 389 2937; x_wconf 93' lang='lat' dir='ltr'>in</span> <span class='ocrx_word' id='word_1_256' title='bbox 411 2875 600 2938; x_wconf 90' lang='lat' dir='ltr'>condicione</span> <span class='ocrx_word' id='word_1_257' title='bbox 622 2883 719 2960; x_wconf 89' lang='lat' dir='ltr'>atque</span> <span class='ocrx_word' id='word_1_258' title='bbox 741 2886 833 2959; x_wconf 89' lang='lat' dir='ltr'>pacto</span> <span class='ocrx_word' id='word_1_259' title='bbox 856 2897 958 2961; x_wconf 87' lang='lat' dir='ltr'>usque</span> <span class='ocrx_word' id='word_1_260' title='bbox 980 2876 1020 2957; x_wconf 85' lang='lat' dir='ltr'>ad</span> <span class='ocrx_word' id='word_1_261' title='bbox 1043 2897 1115 2940; x_wconf 92' lang='lat' dir='ltr'>eum</span> <span class='ocrx_word' id='word_1_262' title='bbox 1137 2873 1247 2952; x_wconf 88' lang='lat' dir='ltr'>finem,</span> <span class='ocrx_word' id='word_1_263' title='bbox 1269 2876 1344 2939; x_wconf 93' lang='lat' dir='ltr'>dum</span> <span class='ocrx_word' id='word_1_264' title='bbox 1359 2874 1479 2938; x_wconf 90' lang='lat' dir='ltr'>iudices</span> <span class='ocrx_word' id='word_1_265' title='bbox 1494 2885 1579 2936; x_wconf 71' lang='lat' dir='ltr'>re-se</span> <span class='ocrx_word' id='word_1_266' title='bbox 1646 2901 1664 2924; x_wconf 58' lang='grc' dir='ltr'><em>ν</em></span> <span class='ocrx_word' id='word_1_267' title='bbox 1680 2885 1696 2916; x_wconf 72' lang='lat'>·⁴‘</span> 
     </span>
     <span class='ocr_line' id='line_1_27' title="bbox 221 2965 1543 3054; baseline 0 -26"><span class='ocrx_word' id='word_1_268' title='bbox 221 2968 295 3030; x_wconf 92' lang='lat' dir='ltr'>iecti</span> <span class='ocrx_word' id='word_1_269' title='bbox 317 2975 400 3030; x_wconf 89' lang='lat' dir='ltr'>sunt.</span> <span class='ocrx_word' id='word_1_270' title='bbox 435 2970 646 3053; x_wconf 86' lang='lat' dir='ltr'>Posteaquam</span> <span class='ocrx_word' id='word_1_271' title='bbox 667 2971 796 3032; x_wconf 89' lang='lat' dir='ltr'>reiectio</span> <span class='ocrx_word' id='word_1_272' title='bbox 818 2969 958 3033; x_wconf 93' lang='lat' dir='ltr'>iudicum</span> <span class='ocrx_word' id='word_1_273' title='bbox 979 2969 1062 3033; x_wconf 87' lang='lat' dir='ltr'>lacta</span> <span class='ocrx_word' id='word_1_274' title='bbox 1085 2977 1146 3044; x_wconf 89' lang='lat' dir='ltr'>est,</span> <span class='ocrx_word' id='word_1_275' title='bbox 1169 2965 1310 3054; x_wconf 84' lang='lat' dir='ltr'>quod(et</span> <span class='ocrx_word' id='word_1_276' title='bbox 1330 2971 1364 3033; x_wconf 90' lang='lat' dir='ltr'>in</span> <span class='ocrx_word' id='word_1_277' title='bbox 1378 2969 1543 3032; x_wconf 90' lang='lat' dir='ltr'>sortitione</span> 
     </span>
     <span class='ocr_line' id='line_1_28' title="bbox 221 3059 1545 3145; baseline -0.002 -21"><span class='ocrx_word' id='word_1_278' title='bbox 221 3062 312 3124; x_wconf 88' lang='lat' dir='ltr'>istius</span> <span class='ocrx_word' id='word_1_279' title='bbox 341 3081 430 3144; x_wconf 89' lang='lat' dir='ltr'>spem</span> <span class='ocrx_word' id='word_1_280' title='bbox 458 3061 586 3125; x_wconf 80' lang='lat' dir='ltr'>fortuna</span> <span class='ocrx_word' id='word_1_281' title='bbox 607 3063 719 3145; x_wconf 93' lang='lat' dir='ltr'>populi</span> <span class='ocrx_word' id='word_1_282' title='bbox 739 3064 873 3126; x_wconf 81' lang='lat' dir='ltr'>Romani</span> <span class='ocrx_word' id='word_1_283' title='bbox 895 3066 980 3126; x_wconf 91' lang='lat' dir='ltr'>etin</span> <span class='ocrx_word' id='word_1_284' title='bbox 1001 3065 1180 3128; x_wconf 88' lang='lat' dir='ltr'>reiiciendis</span> <span class='ocrx_word' id='word_1_285' title='bbox 1201 3064 1359 3128; x_wconf 91' lang='lat' dir='ltr'>iudicibus</span> <span class='ocrx_word' id='word_1_286' title='bbox 1381 3081 1452 3126; x_wconf 87' lang='lat' dir='ltr'>mea</span> <span class='ocrx_word' id='word_1_287' title='bbox 1472 3059 1545 3124; x_wconf 91' lang='lat' dir='ltr'>dili-</span> 
     </span>
     <span class='ocr_line' id='line_1_29' title="bbox 222 3128 1698 3249; baseline 0 -33"><span class='ocrx_word' id='word_1_288' title='bbox 222 3156 327 3236; x_wconf 87' lang='lat' dir='ltr'>gentia</span> <span class='ocrx_word' id='word_1_289' title='bbox 340 3155 471 3218; x_wconf 89' lang='lat' dir='ltr'>istorum</span> <span class='ocrx_word' id='word_1_290' title='bbox 487 3155 715 3238; x_wconf 87' lang='lat' dir='ltr'>impudentiam</span> <span class='ocrx_word' id='word_1_291' title='bbox 730 3135 863 3249; x_wconf 40' lang='lat' dir='ltr'>uic-erat)</span> <span class='ocrx_word' id='word_1_292' title='bbox 873 3161 1051 3221; x_wconf 87' lang='lat' dir='ltr'>renuntiata</span> <span class='ocrx_word' id='word_1_293' title='bbox 1066 3165 1115 3220; x_wconf 87' lang='lat' dir='ltr'>est</span> <span class='ocrx_word' id='word_1_294' title='bbox 1129 3165 1195 3221; x_wconf 89' lang='lat' dir='ltr'>tota</span> <span class='ocrx_word' id='word_1_295' title='bbox 1209 3158 1363 3221; x_wconf 90' lang='lat' dir='ltr'>condicio.</span> <span class='ocrx_word' id='word_1_296' title='bbox 1385 3152 1436 3218; x_wconf 86' lang='grc'>47.</span> <span class='ocrx_word' id='word_1_297' title='bbox 1451 3155 1545 3218; x_wconf 90' lang='lat' dir='ltr'>Prae·</span> <span class='ocrx_word' id='word_1_298' title='bbox 1611 3181 1623 3242; x_wconf 86' lang='lat'>.&#39;</span> <span class='ocrx_word' id='word_1_299' title='bbox 1632 3128 1698 3228; x_wconf 52' lang='grc' dir='ltr'><strong><em>Α</em></strong></span> 
     </span>
     <span class='ocr_line' id='line_1_30' title="bbox 221 3247 1544 3333; baseline -0.002 -21"><span class='ocrx_word' id='word_1_300' title='bbox 221 3247 305 3312; x_wconf 90' lang='lat' dir='ltr'>clare</span> <span class='ocrx_word' id='word_1_301' title='bbox 336 3268 370 3310; x_wconf 90' lang='lat' dir='ltr'>se</span> <span class='ocrx_word' id='word_1_302' title='bbox 398 3268 450 3311; x_wconf 89' lang='lat' dir='ltr'>res</span> <span class='ocrx_word' id='word_1_303' title='bbox 479 3248 625 3312; x_wconf 82' lang='lat' dir='ltr'>habebat.</span> <span class='ocrx_word' id='word_1_304' title='bbox 669 3249 782 3313; x_wconf 91' lang='lat' dir='ltr'>Libelli</span> <span class='ocrx_word' id='word_1_305' title='bbox 803 3251 966 3313; x_wconf 91' lang='lat' dir='ltr'>nominum</span> <span class='ocrx_word' id='word_1_306' title='bbox 989 3259 1165 3314; x_wconf 89' lang='lat' dir='ltr'>vestrorum</span> <span class='ocrx_word' id='word_1_307' title='bbox 1187 3251 1374 3333; x_wconf 88' lang='lat' dir='ltr'>consiliique</span> <span class='ocrx_word' id='word_1_308' title='bbox 1395 3249 1490 3313; x_wconf 89' lang='lat' dir='ltr'>huius</span> <span class='ocrx_word' id='word_1_309' title='bbox 1510 3249 1544 3311; x_wconf 95' lang='lat' dir='ltr'>in</span> 
     </span>
     <span class='ocr_line' id='line_1_31' title="bbox 222 3323 1734 3444; baseline -0.001 -41"><span class='ocrx_word' id='word_1_310' title='bbox 222 3342 366 3405; x_wconf 92' lang='lat' dir='ltr'>manibus</span> <span class='ocrx_word' id='word_1_311' title='bbox 389 3349 478 3404; x_wconf 90' lang='lat' dir='ltr'>erant</span> <span class='ocrx_word' id='word_1_312' title='bbox 500 3345 641 3405; x_wconf 91' lang='lat' dir='ltr'>omnium</span> <span class='ocrx_word' id='word_1_313' title='bbox 655 3340 772 3444; x_wconf 82' lang='lat' dir='ltr'>:(nulla</span> <span class='ocrx_word' id='word_1_314' title='bbox 792 3351 882 3418; x_wconf 92' lang='lat' dir='ltr'>nota,</span> <span class='ocrx_word' id='word_1_315' title='bbox 903 3345 1011 3434; x_wconf 77' lang='lat' dir='ltr'>nullus</span> <span class='ocrx_word' id='word_1_316' title='bbox 1026 3346 1130 3419; x_wconf 87' lang='lat' dir='ltr'>color,</span> <span class='ocrx_word' id='word_1_317' title='bbox 1151 3345 1258 3428; x_wconf 74' lang='lat' dir='ltr'>nullae</span> <span class='ocrx_word' id='word_1_318' title='bbox 1272 3343 1382 3406; x_wconf 90' lang='lat' dir='ltr'>sordes</span> <span class='ocrx_word' id='word_1_319' title='bbox 1395 3341 1580 3430; x_wconf 64' lang='lat' dir='ltr'>videbun-so</span> <span class='ocrx_word' id='word_1_320' title='bbox 1615 3353 1633 3435; x_wconf 67' lang='lat' dir='ltr'>j</span> <span class='ocrx_word' id='word_1_321' title='bbox 1658 3323 1734 3423; x_wconf 51' lang='lat' dir='ltr'>ql</span> 
     </span>
     <span class='ocr_line' id='line_1_32' title="bbox 222 3423 1648 3533; baseline 0.001 -37"><span class='ocrx_word' id='word_1_322' title='bbox 222 3443 273 3498; x_wconf 93' lang='lat' dir='ltr'>tur</span> <span class='ocrx_word' id='word_1_323' title='bbox 301 3435 351 3497; x_wconf 91' lang='lat' dir='ltr'>his</span> <span class='ocrx_word' id='word_1_324' title='bbox 382 3436 545 3498; x_wconf 90' lang='lat' dir='ltr'>sententiis</span> <span class='ocrx_word' id='word_1_325' title='bbox 572 3436 660 3500; x_wconf 92' lang='lat' dir='ltr'>allini</span> <span class='ocrx_word' id='word_1_326' title='bbox 688 3423 799 3533; x_wconf 63' lang='lat' dir='ltr'>po‘sse)</span> <span class='ocrx_word' id='word_1_327' title='bbox 829 3457 901 3499; x_wconf 91' lang='lat' dir='ltr'>cum</span> <span class='ocrx_word' id='word_1_328' title='bbox 929 3439 988 3500; x_wconf 91' lang='lat' dir='ltr'>iste</span> <span class='ocrx_word' id='word_1_329' title='bbox 1010 3444 1141 3521; x_wconf 89' lang='lat' dir='ltr'>repente</span> <span class='ocrx_word' id='word_1_330' title='bbox 1164 3458 1204 3501; x_wconf 81' lang='lat' dir='ltr'>ex</span> <span class='ocrx_word' id='word_1_331' title='bbox 1225 3438 1320 3501; x_wconf 77' lang='lat' dir='ltr'>alacri</span> <span class='ocrx_word' id='word_1_332' title='bbox 1343 3445 1438 3520; x_wconf 87' lang='lat' dir='ltr'>atque</span> <span class='ocrx_word' id='word_1_333' title='bbox 1460 3437 1544 3498; x_wconf 90' lang='lat' dir='ltr'>laeto</span> <span class='ocrx_word' id='word_1_334' title='bbox 1643 3435 1648 3465; x_wconf 79' lang='lat'><strong><em>‘</em></strong></span> 
     </span>
     <span class='ocr_line' id='line_1_33' title="bbox 222 3526 1543 3614; baseline -0.002 -22"><span class='ocrx_word' id='word_1_335' title='bbox 222 3530 267 3592; x_wconf 91' lang='lat' dir='ltr'>sic</span> <span class='ocrx_word' id='word_1_336' title='bbox 296 3534 362 3590; x_wconf 91' lang='lat' dir='ltr'>erat</span> <span class='ocrx_word' id='word_1_337' title='bbox 388 3528 517 3591; x_wconf 90' lang='lat' dir='ltr'>humilis</span> <span class='ocrx_word' id='word_1_338' title='bbox 544 3537 641 3611; x_wconf 89' lang='lat' dir='ltr'>atque</span> <span class='ocrx_word' id='word_1_339' title='bbox 669 3530 842 3605; x_wconf 89' lang='lat' dir='ltr'>demissus,</span> <span class='ocrx_word' id='word_1_340' title='bbox 873 3539 909 3592; x_wconf 91' lang='lat' dir='ltr'>ut</span> <span class='ocrx_word' id='word_1_341' title='bbox 937 3549 1002 3593; x_wconf 90' lang='lat' dir='ltr'>non</span> <span class='ocrx_word' id='word_1_342' title='bbox 1029 3531 1124 3594; x_wconf 91' lang='lat' dir='ltr'>modo</span> <span class='ocrx_word' id='word_1_343' title='bbox 1154 3532 1275 3614; x_wconf 92' lang='lat' dir='ltr'>populo</span> <span class='ocrx_word' id='word_1_344' title='bbox 1301 3533 1460 3603; x_wconf 80' lang='lat' dir='ltr'>Romano,</span> <span class='ocrx_word' id='word_1_345' title='bbox 1487 3526 1543 3591; x_wconf 91' lang='lat' dir='ltr'>sed</span> 
     </span>
     <span class='ocr_line' id='line_1_34' title="bbox 222 3620 1543 3708; baseline 0 -24"><span class='ocrx_word' id='word_1_346' title='bbox 222 3622 318 3685; x_wconf 89' lang='lat' dir='ltr'>etiam</span> <span class='ocrx_word' id='word_1_347' title='bbox 340 3620 399 3685; x_wconf 90' lang='lat' dir='ltr'>sibi</span> <span class='ocrx_word' id='word_1_348' title='bbox 420 3622 490 3702; x_wconf 91' lang='lat' dir='ltr'>ipse</span> <span class='ocrx_word' id='word_1_349' title='bbox 511 3622 738 3686; x_wconf 89' lang='lat' dir='ltr'>condemnatus</span> <span class='ocrx_word' id='word_1_350' title='bbox 759 3623 930 3687; x_wconf 84' lang='lat' dir='ltr'>videretur.</span> <span class='ocrx_word' id='word_1_351' title='bbox 972 3625 1055 3687; x_wconf 88' lang='lat' dir='ltr'>Ecce</span> <span class='ocrx_word' id='word_1_352' title='bbox 1078 3632 1183 3688; x_wconf 89' lang='lat' dir='ltr'>autem</span> <span class='ocrx_word' id='word_1_353' title='bbox 1208 3633 1338 3708; x_wconf 89' lang='lat' dir='ltr'>repente</span> <span class='ocrx_word' id='word_1_354' title='bbox 1359 3623 1410 3687; x_wconf 92' lang='lat' dir='ltr'>his</span> <span class='ocrx_word' id='word_1_355' title='bbox 1432 3623 1543 3685; x_wconf 91' lang='lat' dir='ltr'>diebus</span> 
     </span>
     <span class='ocr_line' id='line_1_35' title="bbox 220 3715 1543 3799; baseline -0.002 -21"><span class='ocrx_word' id='word_1_356' title='bbox 220 3716 331 3798; x_wconf 87' lang='lat' dir='ltr'>paucis</span> <span class='ocrx_word' id='word_1_357' title='bbox 362 3715 497 3777; x_wconf 88' lang='lat' dir='ltr'>comitiis</span> <span class='ocrx_word' id='word_1_358' title='bbox 531 3715 750 3780; x_wconf 89' lang='lat' dir='ltr'>consularibus</span> <span class='ocrx_word' id='word_1_359' title='bbox 778 3717 870 3781; x_wconf 83' lang='lat' dir='ltr'>sactis</span> <span class='ocrx_word' id='word_1_360' title='bbox 900 3716 1011 3781; x_wconf 90' lang='lat' dir='ltr'>eadem</span> <span class='ocrx_word' id='word_1_361' title='bbox 1038 3719 1093 3782; x_wconf 85' lang='lat' dir='ltr'>illa</span> <span class='ocrx_word' id='word_1_362' title='bbox 1122 3726 1229 3782; x_wconf 81' lang='lat' dir='ltr'>vetera</span> <span class='ocrx_word' id='word_1_363' title='bbox 1255 3718 1387 3782; x_wconf 91' lang='lat' dir='ltr'>consilia</span> <span class='ocrx_word' id='word_1_364' title='bbox 1407 3717 1543 3799; x_wconf 89' lang='lat' dir='ltr'>pecunia</span> 
     </span>
     <span class='ocr_line' id='line_1_36' title="bbox 221 3808 1580 3897; baseline 0.004 -26"><span class='ocrx_word' id='word_1_365' title='bbox 221 3809 340 3871; x_wconf 89' lang='lat' dir='ltr'>maiore</span> <span class='ocrx_word' id='word_1_366' title='bbox 361 3813 548 3889; x_wconf 88' lang='lat' dir='ltr'>repetuntur</span> <span class='ocrx_word' id='word_1_367' title='bbox 569 3808 763 3894; x_wconf 90' lang='lat' dir='ltr'>eaedemque</span> <span class='ocrx_word' id='word_1_368' title='bbox 777 3819 900 3875; x_wconf 77' lang='lat' dir='ltr'>vestrae</span> <span class='ocrx_word' id='word_1_369' title='bbox 921 3812 1024 3875; x_wconf 82' lang='lat' dir='ltr'>famae</span> <span class='ocrx_word' id='word_1_370' title='bbox 1038 3811 1238 3897; x_wconf 81' lang='lat' dir='ltr'>fortunisque</span> <span class='ocrx_word' id='word_1_371' title='bbox 1253 3814 1395 3878; x_wconf 90' lang='lat' dir='ltr'>omnium</span> <span class='ocrx_word' id='word_1_372' title='bbox 1408 3809 1542 3874; x_wconf 89' lang='lat' dir='ltr'>insidiae</span> <span class='ocrx_word' id='word_1_373' title='bbox 1551 3827 1580 3876; x_wconf 80' lang='lat' dir='ltr'>tt</span> 
     </span>
     <span class='ocr_line' id='line_1_37' title="bbox 220 3901 1542 3990; baseline 0.002 -26"><span class='ocrx_word' id='word_1_374' title='bbox 220 3921 278 3985; x_wconf 92' lang='lat' dir='ltr'>per</span> <span class='ocrx_word' id='word_1_375' title='bbox 305 3902 434 3966; x_wconf 89' lang='lat' dir='ltr'>eosdem</span> <span class='ocrx_word' id='word_1_376' title='bbox 462 3901 607 3966; x_wconf 91' lang='lat' dir='ltr'>homines</span> <span class='ocrx_word' id='word_1_377' title='bbox 630 3912 861 3987; x_wconf 89' lang='lat' dir='ltr'>comparantur.</span> <span class='ocrx_word' id='word_1_378' title='bbox 898 3904 988 3981; x_wconf 84' lang='lat' dir='ltr'>Quae</span> <span class='ocrx_word' id='word_1_379' title='bbox 1010 3926 1060 3970; x_wconf 89' lang='lat' dir='ltr'>res</span> <span class='ocrx_word' id='word_1_380' title='bbox 1082 3907 1202 3990; x_wconf 87' lang='lat' dir='ltr'>primo,</span> <span class='ocrx_word' id='word_1_381' title='bbox 1229 3907 1368 3982; x_wconf 89' lang='lat' dir='ltr'>iudices,</span> <span class='ocrx_word' id='word_1_382' title='bbox 1397 3905 1542 3988; x_wconf 89' lang='lat' dir='ltr'>pertenui</span> 
     </span>
     <span class='ocr_line' id='line_1_38' title="bbox 220 3995 1543 4084; baseline 0.003 -26"><span class='ocrx_word' id='word_1_383' title='bbox 220 3995 310 4058; x_wconf 90' lang='lat' dir='ltr'>nobis</span> <span class='ocrx_word' id='word_1_384' title='bbox 332 4001 518 4079; x_wconf 90' lang='lat' dir='ltr'>argumento</span> <span class='ocrx_word' id='word_1_385' title='bbox 540 3995 722 4080; x_wconf 89' lang='lat' dir='ltr'>indicioque</span> <span class='ocrx_word' id='word_1_386' title='bbox 739 3996 896 4080; x_wconf 76' lang='lat' dir='ltr'>patefacta</span> <span class='ocrx_word' id='word_1_387' title='bbox 911 4006 974 4062; x_wconf 85' lang='lat' dir='ltr'>eet:</span> <span class='ocrx_word' id='word_1_388' title='bbox 996 4007 1070 4084; x_wconf 89' lang='lat' dir='ltr'>post</span> <span class='ocrx_word' id='word_1_389' title='bbox 1083 4009 1193 4084; x_wconf 89' lang='lat' dir='ltr'>aperto</span> <span class='ocrx_word' id='word_1_390' title='bbox 1208 4001 1397 4084; x_wconf 90' lang='lat' dir='ltr'>suspicionis</span> <span class='ocrx_word' id='word_1_391' title='bbox 1412 4001 1543 4063; x_wconf 89' lang='lat' dir='ltr'>introitu</span> 
     </span>
     <span class='ocr_line' id='line_1_39' title="bbox 220 4087 1541 4179; baseline 0.007 -28"><span class='ocrx_word' id='word_1_392' title='bbox 220 4087 260 4151; x_wconf 91' lang='lat' dir='ltr'>ad</span> <span class='ocrx_word' id='word_1_393' title='bbox 275 4091 380 4152; x_wconf 85' lang='lat' dir='ltr'>omnia</span> <span class='ocrx_word' id='word_1_394' title='bbox 394 4090 505 4153; x_wconf 87' lang='lat' dir='ltr'>intima</span> <span class='ocrx_word' id='word_1_395' title='bbox 518 4092 651 4154; x_wconf 89' lang='lat' dir='ltr'>istorum</span> <span class='ocrx_word' id='word_1_396' title='bbox 663 4091 796 4154; x_wconf 88' lang='lat' dir='ltr'>consilia</span> <span class='ocrx_word' id='word_1_397' title='bbox 807 4093 875 4155; x_wconf 91' lang='lat' dir='ltr'>sine</span> <span class='ocrx_word' id='word_1_398' title='bbox 887 4092 953 4156; x_wconf 92' lang='lat' dir='ltr'>ullo</span> <span class='ocrx_word' id='word_1_399' title='bbox 966 4112 1073 4158; x_wconf 87' lang='lat' dir='ltr'>errore</span> <span class='ocrx_word' id='word_1_400' title='bbox 1087 4096 1299 4179; x_wconf 80' lang='lat' dir='ltr'>pervenimus.</span> <span class='ocrx_word' id='word_1_401' title='bbox 1321 4096 1387 4158; x_wconf 88' lang='lat' dir='ltr'>Vll.</span> <span class='ocrx_word' id='word_1_402' title='bbox 1401 4091 1451 4158; x_wconf 88' lang='grc'>48.</span> <span class='ocrx_word' id='word_1_403' title='bbox 1462 4098 1541 4160; x_wconf 91' lang='lat' dir='ltr'>Nam</span> 
     </span>
    </p>
   </div>
   <div class='ocr_carea' id='block_1_3' title="bbox 216 4326 1542 5071">
    <p class='ocr_par' dir='ltr' id='par_1_5' title="bbox 216 4326 1542 5071">
     <span class='ocr_line' id='line_1_40' title="bbox 282 4326 1539 4400; baseline 0.005 -19"><span class='ocrx_word' id='word_1_404' title='bbox 282 4330 306 4381; x_wconf 90' lang='grc'>4.</span> <span class='ocrx_word' id='word_1_405' title='bbox 325 4330 488 4394; x_wconf 72' lang='lat' dir='ltr'>depopulatio</span> <span class='ocrx_word' id='word_1_406' title='bbox 503 4334 539 4380; x_wconf 83' lang='lat' dir='ltr'>est</span> <span class='ocrx_word' id='word_1_407' title='bbox 555 4326 718 4392; x_wconf 63' lang='lat' dir='ltr'>etelec:</span> <span class='ocrx_word' id='word_1_408' title='bbox 737 4332 1037 4393; x_wconf 59' lang='lat' dir='ltr'>demulcendus.</span> <span class='ocrx_word' id='word_1_409' title='bbox 1056 4334 1089 4385; x_wconf 87' lang='lat' dir='ltr'>cl.</span> <span class='ocrx_word' id='word_1_410' title='bbox 1103 4335 1174 4399; x_wconf 69' lang='lat' dir='ltr'>ads.</span> <span class='ocrx_word' id='word_1_411' title='bbox 1189 4337 1229 4386; x_wconf 91' lang='grc'>44.</span> <span class='ocrx_word' id='word_1_412' title='bbox 1245 4361 1271 4374; x_wconf 92' lang='grc'><strong>-</strong></span> <span class='ocrx_word' id='word_1_413' title='bbox 1292 4337 1316 4388; x_wconf 82' lang='grc'><strong>3.</strong></span> <span class='ocrx_word' id='word_1_414' title='bbox 1335 4337 1367 4400; x_wconf 81' lang='lat' dir='ltr'>cs]</span> <span class='ocrx_word' id='word_1_415' title='bbox 1384 4338 1498 4389; x_wconf 73' lang='lat' dir='ltr'>secte.</span> <span class='ocrx_word' id='word_1_416' title='bbox 1512 4365 1539 4374; x_wconf 98' lang='lat'>-</span> 
     </span>
     <span class='ocr_line' id='line_1_41' title="bbox 218 4403 1539 4475; baseline 0.008 -21"><span class='ocrx_word' id='word_1_417' title='bbox 218 4405 242 4454; x_wconf 88' lang='lat' dir='ltr'>s.</span> <span class='ocrx_word' id='word_1_418' title='bbox 261 4405 293 4455; x_wconf 78' lang='lat' dir='ltr'>ub</span> <span class='ocrx_word' id='word_1_419' title='bbox 313 4405 535 4456; x_wconf 73' lang='lat' dir='ltr'>cuns--ttstuan</span> <span class='ocrx_word' id='word_1_420' title='bbox 555 4411 590 4455; x_wconf 83' lang='lat' dir='ltr'>ost</span> <span class='ocrx_word' id='word_1_421' title='bbox 615 4403 706 4456; x_wconf 78' lang='lat' dir='ltr'>Claud.</span> <span class='ocrx_word' id='word_1_422' title='bbox 730 4406 837 4456; x_wconf 84' lang='lat' dir='ltr'>sacerd.</span> <span class='ocrx_word' id='word_1_423' title='bbox 862 4407 887 4457; x_wconf 92' lang='lat' dir='ltr'>ln</span> <span class='ocrx_word' id='word_1_424' title='bbox 911 4406 984 4458; x_wconf 74' lang='lat' dir='ltr'>anal.</span> <span class='ocrx_word' id='word_1_425' title='bbox 1008 4421 1120 4471; x_wconf 79' lang='lat' dir='ltr'>gramm.</span> <span class='ocrx_word' id='word_1_426' title='bbox 1145 4423 1172 4475; x_wconf 92' lang='lat' dir='ltr'>p.</span> <span class='ocrx_word' id='word_1_427' title='bbox 1192 4411 1233 4462; x_wconf 78' lang='lat' dir='ltr'>tt.</span> <span class='ocrx_word' id='word_1_428' title='bbox 1251 4437 1279 4448; x_wconf 91' lang='lat'><em>-</em></span> <span class='ocrx_word' id='word_1_429' title='bbox 1299 4413 1441 4472; x_wconf 80' lang='lat' dir='ltr'>petulentia</span> <span class='ocrx_word' id='word_1_430' title='bbox 1462 4413 1539 4464; x_wconf 88' lang='lat' dir='ltr'>Prob.</span> 
     </span>
     <span class='ocr_line' id='line_1_42' title="bbox 216 4477 1542 4545; baseline 0.008 -15"><span class='ocrx_word' id='word_1_431' title='bbox 216 4492 244 4545; x_wconf 89' lang='lat' dir='ltr'>p.</span> <span class='ocrx_word' id='word_1_432' title='bbox 263 4477 320 4530; x_wconf 86' lang='grc'><strong>444.</strong></span> <span class='ocrx_word' id='word_1_433' title='bbox 337 4479 412 4530; x_wconf 78' lang='lat' dir='ltr'>lind.</span> <span class='ocrx_word' id='word_1_434' title='bbox 432 4503 460 4517; x_wconf 91' lang='lat'><em>-</em></span> <span class='ocrx_word' id='word_1_435' title='bbox 480 4478 520 4532; x_wconf 86' lang='lat' dir='ltr'>tl.</span> <span class='ocrx_word' id='word_1_436' title='bbox 538 4481 593 4530; x_wconf 84' lang='lat' dir='ltr'>otiu</span> <span class='ocrx_word' id='word_1_437' title='bbox 608 4481 707 4531; x_wconf 84' lang='lat' dir='ltr'>rottons</span> <span class='ocrx_word' id='word_1_438' title='bbox 722 4493 818 4532; x_wconf 80' lang='lat' dir='ltr'>mecum</span> <span class='ocrx_word' id='word_1_439' title='bbox 834 4482 886 4543; x_wconf 73' lang='grc'><strong>(44,</strong></span> <span class='ocrx_word' id='word_1_440' title='bbox 904 4495 1000 4532; x_wconf 80' lang='lat' dir='ltr'>moeson</span> <span class='ocrx_word' id='word_1_441' title='bbox 1016 4483 1071 4533; x_wconf 81' lang='lat' dir='ltr'>olto</span> <span class='ocrx_word' id='word_1_442' title='bbox 1085 4485 1183 4535; x_wconf 78' lang='grc'><strong>4444444444</strong></span> <span class='ocrx_word' id='word_1_443' title='bbox 1199 4486 1225 4536; x_wconf 85' lang='lat' dir='ltr'>S.</span> <span class='ocrx_word' id='word_1_444' title='bbox 1240 4510 1267 4523; x_wconf 92' lang='lat'>-</span> <span class='ocrx_word' id='word_1_445' title='bbox 1287 4487 1328 4536; x_wconf 82' lang='grc'>47.</span> <span class='ocrx_word' id='word_1_446' title='bbox 1346 4489 1383 4539; x_wconf 80' lang='grc'>444</span> <span class='ocrx_word' id='word_1_447' title='bbox 1400 4491 1433 4540; x_wconf 83' lang='lat' dir='ltr'>Gt</span> <span class='ocrx_word' id='word_1_448' title='bbox 1454 4488 1502 4540; x_wconf 85' lang='lat' dir='ltr'>el:</span> <span class='ocrx_word' id='word_1_449' title='bbox 1520 4491 1542 4540; x_wconf 86' lang='lat' dir='ltr'>s’s</span> 
     </span>
     <span class='ocr_line' id='line_1_43' title="bbox 217 4552 1542 4630; baseline 0.01 -26"><span class='ocrx_word' id='word_1_450' title='bbox 217 4555 263 4604; x_wconf 75' lang='grc'><strong>(44.</strong></span> <span class='ocrx_word' id='word_1_451' title='bbox 281 4552 349 4604; x_wconf 78' lang='lat' dir='ltr'>Alibi</span> <span class='ocrx_word' id='word_1_452' title='bbox 365 4555 391 4604; x_wconf 90' lang='lat' dir='ltr'>ln</span> <span class='ocrx_word' id='word_1_453' title='bbox 408 4555 469 4605; x_wconf 74' lang='grc'><strong>(444</strong></span> <span class='ocrx_word' id='word_1_454' title='bbox 492 4567 540 4618; x_wconf 89' lang='lat' dir='ltr'>pro</span> <span class='ocrx_word' id='word_1_455' title='bbox 560 4557 593 4605; x_wconf 83' lang='lat' dir='ltr'>its</span> <span class='ocrx_word' id='word_1_456' title='bbox 614 4559 642 4607; x_wconf 90' lang='lat' dir='ltr'>et</span> <span class='ocrx_word' id='word_1_457' title='bbox 657 4556 695 4605; x_wconf 83' lang='lat' dir='ltr'>lts</span> <span class='ocrx_word' id='word_1_458' title='bbox 711 4568 820 4621; x_wconf 86' lang='lat' dir='ltr'>semper</span> <span class='ocrx_word' id='word_1_459' title='bbox 835 4555 929 4620; x_wconf 84' lang='lat' dir='ltr'>legitur</span> <span class='ocrx_word' id='word_1_460' title='bbox 944 4557 1000 4609; x_wconf 84' lang='grc'><strong>4444.</strong></span> <span class='ocrx_word' id='word_1_461' title='bbox 1015 4583 1042 4595; x_wconf 94' lang='grc'>-</span> <span class='ocrx_word' id='word_1_462' title='bbox 1060 4571 1086 4609; x_wconf 83' lang='lat' dir='ltr'>se</span> <span class='ocrx_word' id='word_1_463' title='bbox 1101 4572 1154 4610; x_wconf 93' lang='lat' dir='ltr'>om.</span> <span class='ocrx_word' id='word_1_464' title='bbox 1169 4560 1214 4609; x_wconf 88' lang='lat' dir='ltr'>Gt.</span> <span class='ocrx_word' id='word_1_465' title='bbox 1230 4587 1258 4598; x_wconf 91' lang='lat'>-</span> <span class='ocrx_word' id='word_1_466' title='bbox 1276 4562 1318 4612; x_wconf 91' lang='grc'>44.</span> <span class='ocrx_word' id='word_1_467' title='bbox 1337 4565 1464 4630; x_wconf 80' lang='lat' dir='ltr'>quiddam]</span> <span class='ocrx_word' id='word_1_468' title='bbox 1481 4567 1542 4627; x_wconf 79' lang='lat' dir='ltr'>quid</span> 
     </span>
     <span class='ocr_line' id='line_1_44' title="bbox 216 4629 1538 4695; baseline 0.008 -15"><span class='ocrx_word' id='word_1_469' title='bbox 216 4631 248 4680; x_wconf 83' lang='grc' dir='ltr'><strong>Α.</strong></span> <span class='ocrx_word' id='word_1_470' title='bbox 263 4654 291 4664; x_wconf 98' lang='grc'><strong>-</strong></span> <span class='ocrx_word' id='word_1_471' title='bbox 309 4629 353 4678; x_wconf 83' lang='lat' dir='ltr'>dtu</span> <span class='ocrx_word' id='word_1_472' title='bbox 367 4630 527 4682; x_wconf 78' lang='lat' dir='ltr'>moelstnotssr</span> <span class='ocrx_word' id='word_1_473' title='bbox 543 4629 634 4681; x_wconf 78' lang='lat' dir='ltr'>Claud.</span> <span class='ocrx_word' id='word_1_474' title='bbox 648 4633 705 4682; x_wconf 87' lang='lat' dir='ltr'>Sao.</span> <span class='ocrx_word' id='word_1_475' title='bbox 719 4645 745 4695; x_wconf 94' lang='lat' dir='ltr'>p.</span> <span class='ocrx_word' id='word_1_476' title='bbox 759 4631 799 4681; x_wconf 74' lang='lat' dir='ltr'>te.</span> <span class='ocrx_word' id='word_1_477' title='bbox 822 4659 848 4668; x_wconf 96' lang='lat'>-</span> <span class='ocrx_word' id='word_1_478' title='bbox 866 4633 907 4683; x_wconf 90' lang='grc'>44,</span> <span class='ocrx_word' id='word_1_479' title='bbox 925 4633 994 4683; x_wconf 81' lang='lat' dir='ltr'>vobis</span> <span class='ocrx_word' id='word_1_480' title='bbox 1008 4645 1062 4684; x_wconf 92' lang='lat' dir='ltr'>om.</span> <span class='ocrx_word' id='word_1_481' title='bbox 1081 4633 1169 4686; x_wconf 90' lang='lat' dir='ltr'>dtt.0.</span> <span class='ocrx_word' id='word_1_482' title='bbox 1184 4661 1210 4672; x_wconf 89' lang='lat'><em>-</em></span> <span class='ocrx_word' id='word_1_483' title='bbox 1230 4637 1270 4687; x_wconf 85' lang='grc'>43.</span> <span class='ocrx_word' id='word_1_484' title='bbox 1290 4637 1322 4687; x_wconf 78' lang='lat' dir='ltr'>ub</span> <span class='ocrx_word' id='word_1_485' title='bbox 1337 4639 1409 4690; x_wconf 84' lang='lat' dir='ltr'>tnttto</span> <span class='ocrx_word' id='word_1_486' title='bbox 1425 4653 1479 4690; x_wconf 91' lang='lat' dir='ltr'>om.</span> <span class='ocrx_word' id='word_1_487' title='bbox 1493 4642 1538 4691; x_wconf 74' lang='grc'><strong>(44.</strong></span> 
     </span>
     <span class='ocr_line' id='line_1_45' title="bbox 219 4703 1540 4774; baseline 0.011 -22"><span class='ocrx_word' id='word_1_488' title='bbox 219 4729 247 4740; x_wconf 83' lang='grc'>-</span> <span class='ocrx_word' id='word_1_489' title='bbox 260 4703 292 4753; x_wconf 86' lang='lat' dir='ltr'>ob</span> <span class='ocrx_word' id='word_1_490' title='bbox 308 4717 337 4754; x_wconf 83' lang='lat' dir='ltr'>eo</span> <span class='ocrx_word' id='word_1_491' title='bbox 353 4715 407 4754; x_wconf 91' lang='lat' dir='ltr'>cm.</span> <span class='ocrx_word' id='word_1_492' title='bbox 420 4706 452 4754; x_wconf 84' lang='lat' dir='ltr'>Gt</span> <span class='ocrx_word' id='word_1_493' title='bbox 469 4707 571 4770; x_wconf 85' lang='lat' dir='ltr'>Zumpt.</span> <span class='ocrx_word' id='word_1_494' title='bbox 597 4709 677 4757; x_wconf 79' lang='lat' dir='ltr'>Recte</span> <span class='ocrx_word' id='word_1_495' title='bbox 695 4705 764 4769; x_wconf 83' lang='lat' dir='ltr'>vulg.</span> <span class='ocrx_word' id='word_1_496' title='bbox 778 4705 898 4757; x_wconf 77' lang='lat' dir='ltr'>defendit</span> <span class='ocrx_word' id='word_1_497' title='bbox 913 4708 1006 4758; x_wconf 76' lang='lat' dir='ltr'>Kahnt.</span> <span class='ocrx_word' id='word_1_498' title='bbox 1025 4707 1042 4757; x_wconf 94' lang='lat' dir='ltr'>l.</span> <span class='ocrx_word' id='word_1_499' title='bbox 1056 4707 1073 4758; x_wconf 95' lang='lat' dir='ltr'>l.</span> <span class='ocrx_word' id='word_1_500' title='bbox 1091 4722 1117 4773; x_wconf 88' lang='lat' dir='ltr'>p.</span> <span class='ocrx_word' id='word_1_501' title='bbox 1131 4710 1156 4761; x_wconf 84' lang='lat' dir='ltr'>e.</span> <span class='ocrx_word' id='word_1_502' title='bbox 1168 4735 1197 4747; x_wconf 91' lang='lat'><em>-</em></span> <span class='ocrx_word' id='word_1_503' title='bbox 1216 4723 1249 4761; x_wconf 80' lang='lat' dir='ltr'>sc</span> <span class='ocrx_word' id='word_1_504' title='bbox 1262 4725 1335 4774; x_wconf 83' lang='lat' dir='ltr'>proc.</span> <span class='ocrx_word' id='word_1_505' title='bbox 1346 4715 1379 4764; x_wconf 81' lang='lat' dir='ltr'>Gt</span> <span class='ocrx_word' id='word_1_506' title='bbox 1395 4716 1492 4766; x_wconf 87' lang='lat' dir='ltr'>Osann.</span> <span class='ocrx_word' id='word_1_507' title='bbox 1505 4715 1540 4766; x_wconf 85' lang='lat' dir='ltr'>ad</span> 
     </span>
     <span class='ocr_line' id='line_1_46' title="bbox 217 4777 1537 4843; baseline 0.007 -14"><span class='ocrx_word' id='word_1_508' title='bbox 217 4780 282 4843; x_wconf 85' lang='lat' dir='ltr'>itep.</span> <span class='ocrx_word' id='word_1_509' title='bbox 300 4791 326 4843; x_wconf 90' lang='lat' dir='ltr'>p.</span> <span class='ocrx_word' id='word_1_510' title='bbox 340 4778 397 4829; x_wconf 84' lang='grc'><strong>439.</strong></span> <span class='ocrx_word' id='word_1_511' title='bbox 411 4805 438 4815; x_wconf 89' lang='grc'>-</span> <span class='ocrx_word' id='word_1_512' title='bbox 456 4777 497 4830; x_wconf 89' lang='grc'>44.</span> <span class='ocrx_word' id='word_1_513' title='bbox 506 4785 585 4843; x_wconf 84' lang='lat' dir='ltr'>pocta</span> <span class='ocrx_word' id='word_1_514' title='bbox 601 4781 805 4833; x_wconf 85' lang='lat' dir='ltr'>contFritzsch.</span> <span class='ocrx_word' id='word_1_515' title='bbox 819 4779 863 4831; x_wconf 95' lang='lat' dir='ltr'>l.l.</span> <span class='ocrx_word' id='word_1_516' title='bbox 880 4809 905 4820; x_wconf 98' lang='lat'><em>-</em></span> <span class='ocrx_word' id='word_1_517' title='bbox 924 4783 965 4832; x_wconf 80' lang='lat' dir='ltr'>Eo</span> <span class='ocrx_word' id='word_1_518' title='bbox 980 4785 1044 4834; x_wconf 79' lang='lat' dir='ltr'>AS:</span> <span class='ocrx_word' id='word_1_519' title='bbox 1064 4797 1116 4835; x_wconf 90' lang='lat' dir='ltr'>om.</span> <span class='ocrx_word' id='word_1_520' title='bbox 1130 4785 1208 4837; x_wconf 93' lang='lat' dir='ltr'>codd.</span> <span class='ocrx_word' id='word_1_521' title='bbox 1221 4813 1249 4823; x_wconf 80' lang='lat'><em>-</em></span> <span class='ocrx_word' id='word_1_522' title='bbox 1266 4789 1307 4838; x_wconf 81' lang='grc'>44.</span> <span class='ocrx_word' id='word_1_523' title='bbox 1321 4789 1459 4839; x_wconf 68' lang='lat' dir='ltr'>conditiore</span> <span class='ocrx_word' id='word_1_524' title='bbox 1474 4791 1537 4840; x_wconf 78' lang='lat' dir='ltr'>AS:</span> 
     </span>
     <span class='ocr_line' id='line_1_47' title="bbox 217 4853 1537 4927; baseline 0.008 -24"><span class='ocrx_word' id='word_1_525' title='bbox 217 4853 309 4903; x_wconf 79' lang='lat' dir='ltr'>ditione</span> <span class='ocrx_word' id='word_1_526' title='bbox 329 4865 351 4904; x_wconf 89' lang='lat' dir='ltr'>s.</span> <span class='ocrx_word' id='word_1_527' title='bbox 375 4853 480 4903; x_wconf 79' lang='grc'><strong>4444444444</strong></span> <span class='ocrx_word' id='word_1_528' title='bbox 496 4854 574 4905; x_wconf 91' lang='lat' dir='ltr'>codd.</span> <span class='ocrx_word' id='word_1_529' title='bbox 594 4882 622 4892; x_wconf 89' lang='lat'>-</span> <span class='ocrx_word' id='word_1_530' title='bbox 640 4857 681 4906; x_wconf 83' lang='grc'>47,</span> <span class='ocrx_word' id='word_1_531' title='bbox 698 4856 758 4918; x_wconf 71' lang='lat' dir='ltr'>fort.</span> <span class='ocrx_word' id='word_1_532' title='bbox 776 4855 927 4919; x_wconf 71' lang='lat' dir='ltr'>repuleras</span> <span class='ocrx_word' id='word_1_533' title='bbox 943 4857 1002 4907; x_wconf 90' lang='lat' dir='ltr'>cod.</span> <span class='ocrx_word' id='word_1_534' title='bbox 1021 4858 1081 4909; x_wconf 88' lang='lat' dir='ltr'>Hot.</span> <span class='ocrx_word' id='word_1_535' title='bbox 1099 4861 1195 4910; x_wconf 80' lang='lat' dir='ltr'>Osann.</span> <span class='ocrx_word' id='word_1_536' title='bbox 1215 4861 1248 4912; x_wconf 89' lang='lat' dir='ltr'>ad</span> <span class='ocrx_word' id='word_1_537' title='bbox 1265 4864 1331 4927; x_wconf 81' lang='lat' dir='ltr'>Rep.</span> <span class='ocrx_word' id='word_1_538' title='bbox 1350 4875 1375 4927; x_wconf 91' lang='lat' dir='ltr'>p.</span> <span class='ocrx_word' id='word_1_539' title='bbox 1394 4862 1462 4924; x_wconf 73' lang='grc'><strong>3644,</strong></span> <span class='ocrx_word' id='word_1_540' title='bbox 1478 4876 1537 4926; x_wconf 86' lang='lat' dir='ltr'>pop.</span> 
     </span>
     <span class='ocr_line' id='line_1_48' title="bbox 217 4927 1538 5001; baseline 0.009 -25"><span class='ocrx_word' id='word_1_541' title='bbox 217 4927 287 4977; x_wconf 77' lang='grc'><strong>444444.</strong></span> <span class='ocrx_word' id='word_1_542' title='bbox 304 4927 364 4990; x_wconf 74' lang='lat' dir='ltr'>fort.</span> <span class='ocrx_word' id='word_1_543' title='bbox 376 4927 394 4977; x_wconf 87' lang='lat' dir='ltr'>S</span> <span class='ocrx_word' id='word_1_544' title='bbox 408 4927 442 4991; x_wconf 90' lang='lat' dir='ltr'>(p.</span> <span class='ocrx_word' id='word_1_545' title='bbox 457 4927 534 4992; x_wconf 80' lang='grc'><strong>3944),</strong></span> <span class='ocrx_word' id='word_1_546' title='bbox 552 4930 597 4992; x_wconf 84' lang='lat' dir='ltr'>qni</span> <span class='ocrx_word' id='word_1_547' title='bbox 613 4932 751 4994; x_wconf 81' lang='lat' dir='ltr'>praetcrea</span> <span class='ocrx_word' id='word_1_548' title='bbox 768 4931 842 4981; x_wconf 92' lang='lat' dir='ltr'>addit</span> <span class='ocrx_word' id='word_1_549' title='bbox 855 4933 1025 4998; x_wconf 74' lang='lat' dir='ltr'>perfrsgsrot,</span> <span class='ocrx_word' id='word_1_550' title='bbox 1044 4933 1116 4997; x_wconf 85' lang='lat' dir='ltr'>quod</span> <span class='ocrx_word' id='word_1_551' title='bbox 1132 4934 1255 5000; x_wconf 85' lang='lat' dir='ltr'>probavit</span> <span class='ocrx_word' id='word_1_552' title='bbox 1271 4939 1393 4987; x_wconf 80' lang='lat' dir='ltr'>Garatom</span> <span class='ocrx_word' id='word_1_553' title='bbox 1412 4939 1444 4988; x_wconf 85' lang='lat' dir='ltr'>llt</span> <span class='ocrx_word' id='word_1_554' title='bbox 1461 4949 1538 5001; x_wconf 72' lang='lat' dir='ltr'>sspes</span> 
     </span>
     <span class='ocr_line' id='line_1_49' title="bbox 217 5001 1536 5071; baseline 0.008 -19"><span class='ocrx_word' id='word_1_555' title='bbox 217 5001 379 5066; x_wconf 73' lang='lat' dir='ltr'>insrtupttur»</span> <span class='ocrx_word' id='word_1_556' title='bbox 405 5003 488 5064; x_wconf 87' lang='lat' dir='ltr'>(Orat.</span> <span class='ocrx_word' id='word_1_557' title='bbox 513 5003 537 5067; x_wconf 72' lang='lat'>5.</span> <span class='ocrx_word' id='word_1_558' title='bbox 557 5004 606 5066; x_wconf 82' lang='grc'><strong>6.),</strong></span> <span class='ocrx_word' id='word_1_559' title='bbox 633 5017 686 5054; x_wconf 91' lang='lat' dir='ltr'>non</span> <span class='ocrx_word' id='word_1_560' title='bbox 706 5007 882 5071; x_wconf 71' lang='lat' dir='ltr'>perfss&#39;ups&#39;trsr.</span> <span class='ocrx_word' id='word_1_561' title='bbox 904 5035 932 5046; x_wconf 89' lang='lat'>-</span> <span class='ocrx_word' id='word_1_562' title='bbox 956 5007 997 5058; x_wconf 83' lang='grc'>48.</span> <span class='ocrx_word' id='word_1_563' title='bbox 1023 5009 1133 5060; x_wconf 73' lang='lat' dir='ltr'>condicto</span> <span class='ocrx_word' id='word_1_564' title='bbox 1154 5011 1258 5061; x_wconf 81' lang='lat' dir='ltr'>Asconii</span> <span class='ocrx_word' id='word_1_565' title='bbox 1280 5011 1341 5062; x_wconf 89' lang='lat' dir='ltr'>edd.</span> <span class='ocrx_word' id='word_1_566' title='bbox 1360 5012 1424 5061; x_wconf 90' lang='lat' dir='ltr'>vett.</span> <span class='ocrx_word' id='word_1_567' title='bbox 1443 5013 1470 5061; x_wconf 90' lang='lat' dir='ltr'>et</span> <span class='ocrx_word' id='word_1_568' title='bbox 1485 5013 1536 5063; x_wconf 80' lang='lat' dir='ltr'>tls.</span> 
     </span>
    </p>
   </div>
   <div class='ocr_carea' id='block_1_4' title="bbox 135 5075 1539 5216">
    <p class='ocr_par' dir='ltr' id='par_1_6' title="bbox 135 5075 1539 5216">
     <span class='ocr_line' id='line_1_50' title="bbox 135 5075 1539 5216; baseline 0.014 -91"><span class='ocrx_word' id='word_1_569' title='bbox 135 5103 138 5113; x_wconf 85' lang='lat'>·</span> <span class='ocrx_word' id='word_1_570' title='bbox 217 5075 295 5216; x_wconf 43' lang='grc' dir='ltr'><strong>43ἰὲἰο</strong></span> <span class='ocrx_word' id='word_1_571' title='bbox 312 5077 357 5203; x_wconf 53' lang='lat' dir='ltr'>gel.</span> <span class='ocrx_word' id='word_1_572' title='bbox 376 5078 440 5129; x_wconf 84' lang='lat' dir='ltr'>lteu.</span> <span class='ocrx_word' id='word_1_573' title='bbox 458 5080 478 5128; x_wconf 91' lang='lat' dir='ltr'>l.</span> <span class='ocrx_word' id='word_1_574' title='bbox 495 5090 523 5143; x_wconf 93' lang='lat' dir='ltr'>p.</span> <span class='ocrx_word' id='word_1_575' title='bbox 542 5078 774 5144; x_wconf 64' lang='lat' dir='ltr'>siopomenon</span> <span class='ocrx_word' id='word_1_576' title='bbox 790 5095 817 5148; x_wconf 89' lang='lat' dir='ltr'>p.</span> <span class='ocrx_word' id='word_1_577' title='bbox 835 5083 909 5134; x_wconf 81' lang='grc'><strong>4474.</strong></span> <span class='ocrx_word' id='word_1_578' title='bbox 927 5085 967 5134; x_wconf 87' lang='lat' dir='ltr'>P.:</span> <span class='ocrx_word' id='word_1_579' title='bbox 988 5083 1114 5146; x_wconf 79' lang='lat' dir='ltr'>dictoGt3</span> <span class='ocrx_word' id='word_1_580' title='bbox 1139 5085 1263 5140; x_wconf 76' lang='lat' dir='ltr'>concludo</span> <span class='ocrx_word' id='word_1_581' title='bbox 1282 5088 1319 5142; x_wconf 74' lang='grc'>44</span> <span class='ocrx_word' id='word_1_582' title='bbox 1331 5084 1385 5154; x_wconf 75' lang='lat' dir='ltr'>Ld5</span> <span class='ocrx_word' id='word_1_583' title='bbox 1410 5087 1539 5145; x_wconf 68' lang='lat' dir='ltr'>conductio</span> 
     </span>
    </p>
   </div>
   <div class='ocr_carea' id='block_1_5' title="bbox 0 0 1828 5888">
    <p class='ocr_par' dir='ltr' id='par_1_7' title="bbox 0 0 1828 5888">
     <span class='ocr_line' id='line_1_51' title="bbox 0 0 1828 5888; baseline 0 2"><span class='ocrx_word' id='word_1_584' title='bbox 0 0 1828 5888; x_wconf 95' lang='lat' dir='ltr'> </span> 
     </span>
    </p>
   </div>
  </div>
 </body>
</html>
