3638 5868
368 384 439 451 Lm.
460 385 515 450 111.
546 383 619 451 Cas.
640 383 1077 451 Lxxxm-Lxxxvm.
1105 382 1162 470 §§.
1185 381 1376 454 :oo-:ot
1476 383 1539 457 3419

211 553 323 624 cellam
354 557 451 639 gratis
474 553 631 628 dedisset,
661 555 723 619 dno
750 554 838 619 milia
865 575 1028 619 nummum
1048 564 1105 620 ant
1126 577 1284 622 summum
1305 559 1367 623 tria
1390 560 1540 638 dedisset,

211 653 296 716 idem
318 671 402 715 nunc
424 672 483 735 pro
506 651 619 715 eodem
641 671 773 714 numero
795 648 944 714 immenti
966 645 1025 708 HS
1047 671 1106 714 rur
1126 652 1214 716 milia
1235 651 1309 716 dare
1332 660 1460 717 coactus
1482 663 1541 720 est.

209 743 278 809 Hoc
301 750 407 809 arator
428 745 556 829 assequi
578 765 636 828 per
657 745 830 808 triennium
846 753 930 809 certe
947 745 1051 809 fructu
1065 766 1123 810 suo
1139 767 1203 810 non
1220 749 1341 830 potuit:
1362 747 1543 813 vendiderit

209 842 453 906 instrumentum
484 859 614 902 necesse
644 847 702 902 est.
746 837 842 914 Quod
869 839 895 902 si
928 838 990 903 boc
1012 861 1127 904 munus
1150 848 1182 903 et
1201 841 1264 905 hoc
1285 842 1421 926 vectigal
1441 843 1541 907 aratio

209 935 355 1010 tolerare,
378 934 440 997 boc
464 941 513 997 est
529 933 638 996 Sicilia
658 933 741 997 ferre
763 953 799 997 ac
820 933 887 1016 pati
909 941 1024 1017 potest,
1047 937 1167 1018 populo
1182 937 1324 1000 Romano
1339 935 1565 1019 feratpotiuso

210 1050 306 1116 qnam
327 1029 447 1094 nostris
469 1029 714 1111 magistratibus.
742 1029 856 1112 Magna
879 1036 928 1092 est
949 1029 1033 1091 enim
1054 1032 1208 1112 pecunia,
1231 1048 1379 1113 magnum
1400 1029 1542 1112 praecla-

209 1147 344 1210 rumque
373 1123 528 1208 vectigal,
556 1126 583 1187 si
612 1125 708 1187 modo
730 1123 765 1186 id
787 1122 874 1186 salva
895 1122 1076 1206 provincia,
1104 1125 1131 1187 si
1154 1125 1223 1189 sine
1244 1123 1362 1188 iniuria
1383 1123 1541 1188 sociorum

209 1220 374 1308 percipere
404 1239 585 1303 possumus.
629 1218 715 1282 Nihil
743 1214 875 1280 detraho
906 1215 1156 1296 magistratibus:
1187 1217 1373 1281 tantundem
1394 1215 1488 1280 detur
1506 1215 1541 1279 in

210 1313 340 1389 cellam,
363 1321 517 1396 quantum
540 1333 666 1396 semper
687 1311 796 1375 datum
819 1318 883 1373 est:
907 1309 995 1392 quod
1016 1319 1181 1392 praeterea
1199 1313 1315 1376 Verres
1336 1311 1486 1394 imperat,
1507 1309 1541 1373 id

211 1409 239 1473 si
259 1407 364 1471 tacere
386 1427 451 1472 non
472 1415 624 1490 possunt,
648 1381 865 1469 recusentzisi
887 1414 1038 1487 possunt,
1061 1406 1173 1490 populi
1194 1405 1328 1470 Romani
1350 1407 1457 1490 potius
1477 1405 1579 1489 boeto
1630 1377 1724 1474 spx„

210 1503 253 1566 sit
272 1500 409 1584 vectigal
431 1521 527 1582 quam
548 1499 853 1594 praerraetoris.
868 1495 962 1574 tuot.
984 1501 1107 1564 Deinde
1130 1522 1186 1565 cur
1207 1503 1242 1564 in
1263 1504 1324 1566 isto
1340 1520 1456 1583 genere
1471 1500 1540 1562 solo
1625 1553 1628 1558 .

208 1595 357 1662 frumenti
386 1595 447 1658 ista
474 1585 652 1659 aestimatio
683 1593 916 1658 constituatur?
949 1593 982 1656 Si
1011 1600 1060 1658 est
1087 1614 1191 1680 aequa
1214 1603 1247 1660 et
1266 1595 1414 1670 ferenda,
1448 1595 1543 1659 debet

209 1688 329 1776 populo
358 1688 500 1753 Romano
529 1688 637 1752 Sicilia
667 1690 832 1763 decumas,
862 1687 916 1750 det
937 1707 994 1770 pro
1019 1687 1153 1770 singulis
1175 1689 1292 1754 modiis
1313 1689 1410 1753 tritici
1432 1695 1541 1754 ternos

209 1783 375 1850 denarios:
403 1783 464 1847 sibi
493 1782 608 1847 lrabeat
628 1782 833 1847 frumentum.
874 1782 955 1844 Data
976 1782 1034 1844 tibi
1058 1789 1107 1846 est
1128 1783 1280 1867 pecunia,
1310 1787 1440 1859 Verres,
1466 1802 1541 1859 una,

209 1900 274 1964 qua
295 1877 490 1940 frumentum
510 1877 570 1941 tibi
592 1898 714 1941 emeres
735 1877 769 1939 in
791 1875 920 1949 cellam,
943 1875 1058 1951 altera,
1082 1896 1146 1960 qua
1166 1877 1360 1941 frumentum
1380 1897 1500 1942 emeres
1522 1895 1578 1942 asa

209 1973 405 2046 civitatibus,
439 1973 526 2057 quod
552 1973 684 2036 Romam
706 1971 857 2035 mitteres.
901 1969 973 2032 Tibi
996 1969 1101 2035 datam
1123 1973 1292 2054 pecuniam
1314 1972 1400 2036 domi
1422 1973 1540 2037 retines

209 2075 241 2134 et
262 2073 425 2152 praeterea
447 2068 616 2151 pecuniam
637 2085 842 2150 permagnam
864 2071 920 2127 tuo
944 2065 1074 2128 nomine
1096 2066 1212 2130 aufers.
1255 2067 1317 2130 Fac
1338 2067 1423 2131 idem
1443 2068 1478 2130 in
1501 2085 1540 2131 eo

207 2164 383 2236 frumento,
414 2161 501 2246 quod
522 2159 562 2224 ad
584 2162 738 2245 populum
760 2161 938 2224 Romanum
959 2159 1113 2243 pertinet:
1146 2162 1239 2245 exige
1262 2162 1373 2226 eadem
1394 2161 1541 2225 aestime-

209 2257 297 2322 tione
319 2255 488 2338 pecuniam
511 2273 529 2318 a
551 2255 730 2318 civitatibus
753 2260 786 2318 et
806 2253 908 2329 reier,
931 2273 1028 2338 quam
1049 2256 1219 2338 accepisti:
1241 2257 1305 2320 iam
1318 2256 1466 2320 refertius
1481 2253 1543 2318 erit

210 2349 369 2417 aerarium
391 2347 503 2432 populi
525 2350 677 2426 Romani,
709 2369 804 2435 44444
829 2367 980 2431 umquam
1002 2347 1071 2411 mit.
1121 2345 1193 2412 203.
1216 2383 1258 2397 -
1278 2351 1320 2414 lt
1341 2351 1425 2414 enim
1447 2348 1578 2416 istamso

209 2468 276 2511 rem
298 2446 332 2508 in
353 2444 483 2527 publico
505 2443 665 2509 frumento
689 2442 798 2507 Sicilia
819 2461 884 2506 non
906 2442 1021 2505 ferret:
1042 2441 1125 2506 hanc
1145 2463 1214 2507 rem
1236 2445 1270 2507 in
1288 2463 1359 2508 meo
1381 2443 1540 2506 frumento

210 2541 290 2606 tulit.
312 2570 354 2585 -
383 2536 521 2600 Proinde
551 2537 642 2622 quasi
670 2545 726 2601 aut
753 2539 886 2622 aequior
910 2537 951 2600 sit
972 2537 1033 2600 ista
1054 2538 1233 2601 aestimatio
1256 2539 1366 2602 intuo
1390 2555 1485 2623 44444
1506 2538 1541 2600 in

208 2633 320 2719 populi
342 2629 477 2694 Romani
500 2630 680 2706 commodo,
714 2638 770 2694 aut
791 2650 829 2695 ea
849 2650 919 2705 res,
943 2650 1039 2713 quam
1062 2651 1120 2715 ego
1144 2631 1233 2707 dico,
1257 2638 1290 2710 et
1311 2651 1366 2707 ea,
1389 2650 1483 2715 quam
1505 2636 1541 2692 tu

207 2728 330 2802 iecisti,
353 2725 437 2789 inter
458 2745 493 2788 se
516 2744 631 2809 genere
653 2726 804 2801 iniuriae,
826 2746 891 2789 non
914 2724 1131 2808 magnitudine
1147 2727 1303 2808 pecuniae
1317 2726 1452 2791 diderat
1477 2724 1542 2787 Ve-

207 2845 278 2887 rum
300 2821 393 2885 istam
415 2818 516 2902 ipsam
538 2818 753 2890 cellamierre
768 2819 857 2884 nullo
873 2819 968 2883 modo
983 2825 1136 2903 possunt:
1159 2826 1196 2882 ut
1210 2821 1316 2885 omnia
1329 2819 1578 2894 remittantur,2s

207 2924 244 2981 ut
265 2915 411 2980 omnibus
433 2913 557 2977 iniuriis
578 2920 610 2977 et
632 2914 879 2989 calamitatibus,
901 2931 981 2995 quas
996 2921 1028 2976 te
1042 2920 1188 2997 praetore
1204 2914 1362 2989 tulerunt,
1384 2913 1541 2997 inposte-

207 3031 279 3074 rum
300 3008 489 3082 liberentur,
511 3007 605 3071 istam
627 3029 661 3071 se
684 3008 797 3072 cellam
825 3015 922 3092 atque
943 3008 1037 3070 istam
1059 3007 1313 3073 aestimationem
1333 3016 1453 3094 negant
1473 3008 1540 3073 ullo

208 3104 304 3170 modo
326 3103 408 3166 ferre
429 3122 535 3186 posse.
580 3103 782 3166 LXXXVIII.
804 3097 877 3164 204.
909 3100 1008 3165 Multa
1030 3102 1186 3185 Sosippus
1207 3103 1433 3186 Agrigentinus
1453 3101 1540 3188 apud

210 3199 265 3262 Cn.
288 3195 475 3281 Pompeium
497 3195 661 3259 consulem
682 3215 802 3278 nuper,
823 3195 920 3258 homo
944 3195 1169 3284 disertissimus
1192 3204 1225 3260 et
1246 3198 1334 3261 omni
1348 3197 1493 3263 doctrina
1509 3202 1541 3259 et

209 3293 325 3358 virtute
356 3287 589 3364 ornatissimus,
619 3309 677 3372 pro
710 3295 776 3352 tota
805 3287 913 3353 Sicilia
937 3275 981 3351 ile
1009 3296 1168 3352 aratorum
1191 3290 1327 3353 miseriis
1349 3293 1487 3375 graviter
1508 3295 1576 3362 etse

209 3385 336 3470 copiose
359 3382 479 3448 dixisse
501 3402 538 3446 ac
560 3383 743 3466 deplorasse
766 3382 901 3459 dicitur:
932 3382 1111 3468 exquibus
1140 3383 1201 3447 boc
1230 3383 1288 3460 iis,
1318 3385 1374 3469 qui
1399 3385 1540 3457 adorant,

210 3477 293 3562 (nam
314 3495 428 3560 magno
451 3483 610 3541 conventu
631 3484 701 3541 acta
721 3497 772 3540 res
795 3473 870 3559 est,)
894 3477 1148 3561 indignissimum
1171 3477 1356 3543 ridebatur:
1380 3478 1490 3562 quain
1504 3497 1539 3541 re

210 3555 339 3637 sentius
361 3573 480 3656 optime
502 3590 539 3635 ac
559 3570 789 3654 benignissime
811 3591 883 3634 cnm
904 3572 1081 3637 aratoribus
1097 3572 1230 3655 egisset,
1252 3572 1339 3656 large
1352 3571 1540 3636 liberaliter·

275 3828 298 3879 4.
317 3837 452 3878 nummum
468 3822 547 3887 egla.
567 3849 595 3860 -
621 3822 673 3888 4444]
691 3827 753 3885 opat
769 3823 800 3873 V.
819 3849 846 3858 -
874 3825 898 3873 4.
917 3835 945 3873 44
962 3821 1075 3887 ngtse.
1097 3849 1125 3862 -
1149 3823 1350 3888 maumasmV.
1371 3851 1399 3862 -
1416 3824 1466 3876 HS.
1486 3823 1543 3875 Vlll

208 3903 288 3969 444444]
307 3903 354 3954 Gli
368 3917 393 3950 cc
412 3915 437 3948 co
457 3917 482 3948 eo
500 3899 569 3964 Lgl2
581 3901 616 3960 N:
634 3899 661 3949 S.
682 3899 726 3949 Vll
739 3899 775 3949 44.
794 3898 824 3960 V,
843 3901 873 3948 nt
888 3898 995 3950 videtur
1011 3897 1082 3963 (Bel.
1103 3925 1131 3936 -
1150 3900 1174 3951 3.
1195 3901 1296 3962 admoui
1311 3899 1343 3950 V.
1358 3927 1386 3938 -
1405 3899 1430 3952 4.
1448 3901 1541 3952 4444444-

208 3985 294 4033 msnto
313 3977 391 4043 Lgli.
415 3975 448 4027 cl.
467 3974 501 4026 ad
520 3974 544 4040 g.
564 3973 620 4025 499.
650 3997 678 4010 -
704 3973 750 4023 boc
766 3977 829 4022 nect.
848 3971 916 4036 Lgli
927 3973 950 4022 V
961 3985 999 4035 cp:
1026 3974 1071 4024 boc
1087 3986 1140 4024 om.
1159 3972 1217 4024 rell.
1245 4001 1273 4010 —
1300 3979 1391 4026 444444
1410 3975 1488 4039 Lgli.
1509 4001 1537 4012 -

209 4059 233 4109 4.
252 4054 322 4106 Sicio
337 4052 373 4112 V,
391 4052 413 4101 44
429 4051 517 4101 Sic-llio
533 4065 566 4111 φ.
587 4075 614 4086 -
630 4061 702 4112 posse
718 4044 796 4112 egla.
811 4073 839 4082 -
857 4048 883 4097 Ρ.
902 4047 931 4098 e.
949 4045 1050 4111 ugias
1067 4047 1094 4097 et
1109 4048 1140 4098 V.
1161 4048 1221 4112 (Br.)
1241 4075 1269 4086 -
1286 4049 1380 4113 4444444
1389 4051 1420 4102 V.
1433 4051 1495 4116 (Bt.)
1509 4075 1538 4089 ·-

210 4131 233 4181 4.
252 4129 332 4180 nestit
347 4125 513 4191 magistratus
529 4122 599 4188 1.ng
610 4125 642 4184 F:
667 4123 746 4173 444444
762 4123 896 4187 superscr.
914 4135 927 4173 s
942 4123 973 4173 V.
993 4123 1055 4186 (ΒΓ.)
1073 4149 1101 4159 -
1128 4127 1164 4174 est
1178 4124 1244 4174 ssim
1259 4124 1292 4175 V:
1313 4125 1380 4176 44444
1395 4124 1479 4190 4344ς
1505 4131 1542 4177 est

210 4203 266 4256 rell.
286 4205 315 4254 0.
335 4229 363 4240 -·
382 4202 407 4250 7.
425 4202 452 4250 44
469 4211 522 4250 om.
540 4197 618 4264 Lgli.
640 4227 667 4238 -
691 4199 712 4247 ss'
728 4198 788 4262 sice]
812 4198 844 4248 Sl
852 4199 916 4258 :NE
931 4199 962 4248 V.
982 4197 1042 4261 (br.)
1067 4225 1094 4235 —
1118 4199 1142 4250 8.
1157 4213 1290 4262 possumus
1305 4201 1374 4264 1.ng
1384 4200 1422 4252 V:
1443 4201 1542 4264 44444444

210 4280 255 4330 ctt.
275 4278 304 4327 0.
325 4304 353 4314 -
372 4277 397 4326 9.
415 4275 478 4325 cello
494 4273 572 4338 4344.
585 4299 613 4310 -
633 4275 672 4324 44.
689 4271 782 4336 populo
799 4273 909 4323 Romano
926 4273 1009 4336 L3293
1027 4274 1054 4323 Ρ.
1067 4274 1095 4324 fl.
1108 4274 1140 4324 V.
1156 4273 1217 4339 (Er.)
1231 4301 1259 4312 ·-
1279 4276 1318 4325 44.
1337 4277 1364 4326 to
1380 4275 1472 4327 tstoV:
1489 4291 1540 4328 ooo

209 4351 292 4415 Lgli;
318 4351 345 4400 to
364 4365 416 4400 ooo
437 4347 494 4400 rell.
518 4349 547 4399 0.
580 4348 654 4400 Conl.
677 4347 711 4398 de
734 4348 930 4398 consociatione
953 4347 1098 4399 verborum
1119 4363 1184 4400 44444
1204 4351 1271 4400 sobo
1285 4351 1402 4416 lnterpp.
1421 4351 1455 4401 ed
1471 4352 1539 4402 Sest.

210 4427 233 4492 5.
251 4425 293 4479 43.
316 4453 344 4462 -
364 4426 404 4476 44.
423 4429 527 4475 autoris
546 4424 577 4485 V,
595 4425 659 4475 item
675 4423 750 4474 intra.
772 4451 799 4462 -
819 4425 985 4474 constituetur
1001 4423 1119 4489 Lgtuv:
1138 4425 1297 4477 constituitur
1312 4427 1357 4477 ctt.
1376 4426 1406 4475 0.
1426 4451 1454 4464 -
1473 4425 1541 4478 444444

209 4499 279 4564 4349
290 4498 321 4550 lt
333 4499 351 4550 F
361 4497 399 4549 V:
418 4513 471 4551 om.
490 4497 547 4549 rell.
562 4526 591 4536 -
611 4499 650 4549 43.
670 4498 717 4562 det]
736 4499 804 4549 44444
820 4498 897 4563 4344,
913 4525 941 4536 -
959 4500 1048 4550 modiis
1064 4500 1141 4550 4444444·
1152 4500 1220 4565 4844
1231 4501 1262 4552 1²:
1282 4501 1319 4553 44.
1334 4501 1411 4552 TltlT.
1430 4499 1485 4564 (stc)
1502 4500 1538 4562 V;

210 4576 262 4626 trit.
274 4575 340 4624 mod.
353 4573 410 4624 rell.
424 4575 453 4624 0.
469 4600 497 4610 —
516 4579 598 4624 tonos
613 4573 638 4623 X
646 4575 671 4635 (i.
686 4588 711 4625 e.
725 4574 856 4638 decanos}
869 4573 887 4624 F
898 4575 928 4625 N.
944 4600 972 4611 -
986 4574 1026 4627 44.
1040 4579 1075 4626 est
1088 4576 1196 4638 pecsmio
1206 4577 1240 4626 V:
1256 4589 1310 4638 pcc.
1331 4581 1366 4626 est
1377 4573 1434 4628 rell.
1447 4575 1476 4626 0.
1495 4573 1541 4639 (444

207 4649 315 4714 pecunia
325 4673 363 4685 --
374 4649 419 4698 4444
429 4661 481 4700 om.
495 4648 583 4713 ugia.)
593 4673 620 4686 -
641 4651 680 4700 44.
694 4651 783 4700 enom
797 4649 839 4700 bis
852 4647 965 4712 4844-
985 4650 1024 4701 47.
1043 4650 1156 4714 cosme:
1172 4649 1252 4702 idem.
1265 4675 1293 4688 -
1310 4663 1338 4701 eo
1349 4661 1403 4701 om.
1416 4650 1497 4700 idem.
1508 4675 1536 4686 -

211 4725 252 4776 49.
270 4727 294 4774 44
310 4736 364 4774 om.
382 4723 413 4774 V.
434 4751 462 4761 -
484 4725 538 4774 tom
554 4722 635 4788 Lgli,
654 4726 688 4786 A,
711 4723 744 4774 el.
764 4725 789 4775 in
812 4737 895 4788 marg.
914 4725 1006 4776 lamb.
1033 4727 1075 4789 (ex
1091 4727 1158 4789 φῆς
1183 4739 1236 4777 om.
1255 4724 1339 4790 Lg29;
1361 4729 1415 4774 tum
1431 4722 1487 4774 rell.
1507 4723 1537 4776 0.

211 4800 293 4866 [Quae
311 4799 345 4849 stt
360 4796 439 4850 lectlo
455 4800 483 4850 ln
498 4800 530 4860 V,
547 4800 679 4850 Brunnius
696 4799 853 4864 dignoscere
871 4813 924 4851 non
941 4801 1038 4865 potuit:
1066 4814 1128 4852 nem
1145 4802 1276 4866 scriptura
1292 4801 1318 4850 in
1335 4811 1395 4864 pag.
1414 4797 1472 4849 448.
1490 4809 1539 4848 co·

210 4876 277 4927 dicis
294 4874 350 4925 tere
366 4877 421 4924 tota
439 4876 565 4940 evanuit]
584 4903 612 4911 -
630 4877 672 4926 44.
689 4889 744 4926 rso:
760 4887 836 4938 quom
852 4876 879 4924 tn
893 4889 920 4938 ρ.
939 4873 1046 4938 45444.
1061 4899 1088 4912 ·-
1106 4875 1169 4939 44444
1184 4875 1263 4940 ngas.
1278 4899 1306 4912 -
1325 4875 1367 4927 22.
1384 4875 1412 4924 to
1425 4885 1484 4937 pop.
1496 4872 1537 4939 st]

210 4953 237 5001 44
250 4949 443 5014 4444444344.
464 4977 492 4987 -
510 4951 551 5001 tt.
570 4949 729 5001 comitatibus
744 4951 776 5001 V.
798 4978 824 4987 —
848 4951 888 5001 27.
907 4962 932 5000 44
949 4962 1001 5000 om.
1020 4950 1052 5002 V.
1073 4977 1100 4988 -
1124 4955 1217 5016 segent
1232 4950 1255 5000 V
1271 4951 1299 5001 et
1314 4947 1386 5000 rell:
1402 4951 1497 5011 negarit
1511 4959 1537 4996 44

211 5028 288 5092 4844.
310 5053 337 5064 ·-
356 5025 397 5077 28.
416 5025 535 5088 84444444
550 5025 586 5073 V:
606 5025 681 5075 Sotiis
697 5023 780 5089 Lgl23
808 5023 937 5087 Sophocles
951 5023 1009 5075 rell.
1027 5025 1056 5075 0.
1077 5051 1106 5062 -
1124 5025 1264 5091 Agrigenti:
1280 5023 1358 5089 Lgll.
1378 5050 1406 5061 -
1425 5027 1488 5085 apo:
1502 5021 1533 5074 V.

213 5129 240 5142 -
260 5102 302 5154 29.
319 5105 395 5166 atoue
409 5101 501 5153 virtute
518 5099 595 5170 egle.
616 5128 643 5138 -
662 5099 703 5154 44.
722 5105 746 5152 44
761 5101 857 5165 copiose
871 5099 895 5149 V
910 5100 939 5151 44
953 5097 987 5152 4;
1005 5111 1037 5150 cc
1052 5111 1106 5164 cop.
1124 5098 1182 5151 rell.
1201 5125 1228 5138 -·
1248 5099 1289 5150 as.
1306 5098 1345 5148 444
1360 5095 1436 5161 egli.

1736 1401 1740 1410 ·
1766 1386 1783 1449 ft
