3642 5868
475 421 543 485 ιιι.
564 418 604 486 11.
624 418 700 486 cn.
720 416 1044 484 xxxiii-xxxv.
1071 413 1128 502 00.
1148 411 1306 482 ro-sr.
1472 411 1535 482 soe

218 589 375 672 insignem
400 587 549 656 iniuriam
578 587 724 652 omnibus
749 593 855 653 notus.
906 585 1011 650 Huius
1043 585 1183 670 hospitio
1208 586 1323 650 Verres
1352 605 1426 650 cum
1452 591 1538 650 esset

217 703 295 748 usus
317 689 442 748 etcum
470 683 555 766 apud
581 702 655 749 eum
676 701 742 746 non
763 683 867 748 solum
889 681 1033 744 Thermis
1054 699 1150 763 saepe
1172 699 1302 745 numero
1322 679 1451 753 fuisset,
1479 675 1537 741 sed

217 777 313 842 etiam
332 775 521 852 habitasset,
549 775 645 840 domo
667 775 737 840 eius
758 776 865 840 omnia
885 774 1034 850 abstulit,
1056 793 1139 859 quac
1160 773 1256 857 paulo
1277 773 1377 857 magis
1397 773 1537 836 animum

215 869 393 954 cuiuspiam
406 877 463 934 aut
478 869 588 934 oculos
604 877 734 954 possent
748 888 954 936 commovere.
968 867 1094 932 Etenim
1106 867 1255 933 Sthenius
1269 867 1309 931 ab
1323 863 1538 931 adolescentia

214 964 312 1050 paulo
339 963 513 1028 studiosius
539 964 618 1028 haec
643 969 855 1048 compararat,
885 961 1115 1046 supellectilem
1140 980 1180 1024 ex
1211 981 1285 1026 aare
1312 959 1561 1044 elegantiorem

215 1066 246 1122 et
261 1057 421 1144 Deliacam
445 1064 477 1122 et
492 1057 696 1146 Corinthiam,
719 1055 841 1122 tabulas
862 1055 973 1141 pictas,
995 1055 1091 1118 eiiam
1106 1055 1227 1140 argenti
1243 1054 1325 1120 bene
1338 1053 1423 1130 iacti,
1444 1055 1538 1137 prout
1639 1029 1661 1116 3

215 1150 410 1216 Thermitani
430 1151 570 1216 hominis
590 1150 756 1215 facultates
777 1148 936 1223 ferebant,
959 1149 1044 1213 satis.
1088 1149 1188 1225 Quae,
1210 1169 1282 1212 cum
1303 1155 1388 1212 esset
1406 1148 1441 1211 in
1461 1147 1538 1212 Asia

213 1245 412 1320 adolescens,
442 1245 603 1319 studiose,
634 1251 670 1308 ut
697 1243 779 1318 dixi,
810 1249 1006 1327 compararat
1035 1263 1100 1307 non
1128 1251 1191 1306 tam
1219 1261 1295 1306 suae
1317 1241 1536 1306 delectationis

214 1359 322 1414 causa,
353 1359 448 1423 quam
469 1337 510 1402 ad
532 1337 734 1402 invitationes
763 1337 980 1422 adventusque
1001 1344 1180 1400 nostrorum
1200 1337 1377 1412 hominum,
1407 1355 1537 1400 suorum

214 1434 388 1498 amicorum
417 1441 512 1518 atque
534 1432 706 1516 hospitum.
748 1427 800 1493 si.
823 1430 912 1506 Quae
940 1438 1149 1515 posteaquam
1179 1431 1240 1494 iste
1266 1429 1372 1494 omnia
1392 1428 1573 1505 abstulit,⁴⁰

212 1527 275 1592 alia
295 1527 448 1610 rogando,
469 1527 532 1591 alia
552 1525 723 1610 poscendo,
745 1525 808 1589 alia
830 1525 997 1600 sumendo,
1025 1524 1147 1588 ferebat
1163 1524 1322 1600 Sthenius,
1344 1531 1380 1587 ut
1400 1529 1534 1610 poterat3

212 1622 387 1705 augebatur
408 1620 505 1684 animi
527 1619 725 1694 necessario,
749 1619 836 1703 quod
858 1619 987 1684 domum
1009 1618 1078 1682 eius
1100 1624 1283 1683 exornatam
1304 1625 1335 1682 et
1351 1618 1535 1681 instructam

212 1715 278 1780 lere
305 1717 369 1779 iarn
399 1715 460 1778 iate
488 1713 667 1778 reddiderat
687 1713 805 1776 nudam
827 1721 922 1798 atque
944 1713 1086 1777 inanem:
1123 1733 1234 1776 verum
1261 1718 1366 1776 000000
1393 1709 1535 1774 dolorem

213 1829 306 1874 suum
328 1806 448 1872 nemini
470 1805 688 1891 impertiebat:
715 1807 868 1891 praetoris
897 1807 1029 1870 iniurias
1051 1807 1163 1882 tacite,
1189 1805 1325 1891 hospitis
1346 1805 1469 1892 placide
1489 1802 1536 1869 ie·

213 1905 328 1970 rendas
349 1901 565 1966 arbitrabatur.
599 1898 649 1964 85.
671 1901 794 1966 Interea
814 1901 874 1964 iste
896 1900 1068 1985 cupiditate
1089 1901 1144 1964 illa
1164 1921 1222 1964 sua
1241 1907 1316 1981 nola
1336 1908 1431 1986 atque
1453 1899 1574 1986 apudio

213 2018 324 2065 omnes
353 2003 524 2081 pervagata
552 2016 624 2059 cum
652 1995 741 2078 signa
771 1994 928 2080 quaedam
954 1995 1166 2081 pulcherrime
1193 2002 1288 2080 alque
1317 1994 1538 2082 antiquissima

213 2092 358 2157 Thermis
379 2091 414 2154 in
436 2090 566 2174 publico
594 2088 696 2173 posita
716 2088 863 2164 vidisset,
892 2089 1064 2154 adamavit:
1098 2109 1118 2154 a
1139 2088 1269 2154 Sthenio
1297 2096 1404 2175 petere
1425 2089 1537 2175 coepit,

213 2186 310 2252 ulad
331 2205 369 2250 ca
390 2183 530 2250 tollenda
550 2202 677 2268 operam
706 2201 797 2246 suam
810 2179 1021 2268 profiteretur
1049 2203 1148 2268 seque
1172 2182 1342 2248 adiuvaret.
1387 2183 1536 2250 Sthenius

212 2300 289 2346 vero
311 2300 375 2345 non
396 2279 500 2343 solum
524 2277 665 2360 negavit,
693 2276 750 2340 sed
780 2276 874 2342 etiam
896 2277 1035 2341 ostendit
1061 2277 1131 2341 fieri
1153 2277 1186 2340 id
1209 2278 1295 2341 nullo
1317 2276 1412 2342 modo
1433 2297 1536 2362 posse,

212 2382 249 2438 ut
269 2375 361 2458 signa
382 2372 614 2456 antiquissima,
635 2378 839 2458 monumenta
852 2373 886 2436 P.
900 2371 1049 2447 Africani,
1072 2391 1113 2436 ex
1134 2372 1249 2459 oppido
1265 2371 1574 2436 Thermitanorumio

211 2466 364 2560 incolumi
386 2466 441 2530 illa
462 2467 587 2530 civitate
608 2465 807 2551 imperioque
828 2466 939 2551 populi
954 2466 1086 2532 Romani
1108 2465 1302 2530 tollerentur.
1330 2467 1462 2530 XXXV.
1483 2461 1536 2530 86.

212 2562 355 2636 Etenim,
382 2567 418 2624 ut
446 2560 541 2623 simul
561 2558 700 2622 Africani
732 2579 861 2645 quoque
889 2559 1115 2624 humanitatem
1143 2567 1175 2623 et
1199 2561 1391 2646 aequitatem
1421 2577 1537 2641 cogno·

212 2657 317 2731 acatis,
338 2655 488 2740 oppidum
503 2653 662 2718 ffimeram
678 2653 955 2736 Karthaginienses
970 2654 1130 2738 quondam
1145 2662 1303 2740 ceperant,
1327 2653 1413 2739 quod
1434 2653 1537 2718 luerat

212 2750 245 2812 in
266 2747 376 2833 primis
399 2745 526 2812 Sicihae
547 2747 667 2812 clarum
689 2755 722 2812 et
742 2755 896 2812 ornatum.
942 2748 1064 2832 Scipio,
1093 2749 1148 2834 qui
1175 2750 1237 2814 hoc
1264 2750 1394 2832 dignum
1418 2746 1536 2832 populo

210 2843 351 2906 Romano
380 2840 600 2916 arbitraretur,
628 2841 713 2905 bello
740 2841 884 2906 coniecto
914 2843 1015 2908 socios
1044 2863 1185 2928 suaper
1212 2852 1350 2908 nostram
1370 2842 1574 2908 victoriamti

210 2954 413 3019 recuperare,
437 2933 552 3000 Siculis
574 2937 720 3000 omnibus
742 2936 935 3019 Karthagine
957 2943 1062 3022 capta,
1091 2957 1172 3022 quae
1193 2939 1313 3020 potuit,
1342 2934 1537 3002 restituenda

211 3029 341 3094 curavit.
373 3029 502 3094 Himera
524 3029 627 3094 deleta
648 3051 728 3114 quos
750 3030 835 3094 cives
855 3030 932 3094 belli
954 3031 1113 3094 calamitas
1127 3031 1266 3116 reliquos
1280 3033 1406 3106 iecerat,
1427 3031 1450 3092 ii
1466 3048 1536 3093 sese

211 3123 355 3188 Thermis
378 3123 570 3188 collocarent
600 3124 632 3188 in
661 3123 763 3188 isdem
791 3123 857 3206 agri
878 3124 995 3188 finibus
1016 3144 1121 3208 neque
1143 3125 1237 3209 longe
1259 3127 1298 3189 ab
1320 3126 1434 3212 oppido
1455 3125 1536 3189 anti-

212 3236 288 3302 quo.
309 3216 351 3280 Hi
374 3237 408 3280 sc
429 3225 553 3300 patrum
574 3218 731 3282 fortunam
754 3236 790 3281 ac
806 3216 988 3300 dignitatem
1002 3238 1189 3302 recuperare
1204 3220 1441 3296 arbitrabantur,
1463 3239 1535 3284 cum

210 3311 265 3375 illa
287 3312 442 3376 maiorum
463 3319 648 3375 ornamenta
668 3312 703 3374 in
725 3331 833 3376 eorum
854 3312 973 3395 oppido
995 3312 1240 3380 collocabantur.
1270 3311 1322 3378 87.
1335 3314 1433 3377 lirant
1446 3315 1572 3398 signato

210 3425 252 3470 ex
272 3424 346 3468 aere
368 3405 538 3488 complura,
560 3406 593 3468 in
613 3405 665 3470 his
687 3405 804 3470 eximia
824 3405 1058 3490 pulchritudine
1080 3408 1149 3491 ipsa
1162 3407 1291 3476 Himera
1303 3410 1336 3472 in
1351 3409 1535 3475 muliebrem

274 3715 300 3764 0.
317 3725 369 3762 soa
383 3710 463 3762 000000
476 3712 555 3774 haga.
568 3723 662 3763 omnes
680 3711 794 3777 (praeter
804 3711 846 3775 00,
862 3715 908 3778 qui
923 3727 973 3764 scs
987 3725 1014 3778 p.
1027 3727 1064 3766 m.
1077 3715 1154 3778 cml:
1172 3717 1468 3778 0000οὼ000ηο00
1485 3731 1536 3768 scu

208 3789 323 3842 mcdoO.
337 3787 402 3850 (0000
417 3786 944 3852 0000000000000000000000000.0.[.
957 3791 1033 3852 Nl·
1049 3790 1073 3841 3.
1086 3791 1492 3856 0000000000000009010.-
1508 3793 1534 3844 S.

208 3867 269 3917 liaeo
279 3866 444 3925 0000000000
453 3861 532 3912 ARN:
550 3861 615 3912 0000
631 3875 709 3926 consp.
723 3863 805 3928 Lgl2;
823 3864 869 3914 too
884 3869 1015 3928 comparui
1026 3864 1119 3931 pleriq.
1133 3866 1211 3917 codd.
1222 3893 1249 3904 -
1267 3867 1291 3918 8.
1305 3871 1436 3930 consparsi
1447 3867 1515 3932 Lgib
1526 3882 1533 3929 3

209 3937 372 4003 0000000000
388 3938 476 4000 7ng.
496 3936 543 3987 dit.
558 3963 585 3973 -
600 3938 639 3988 00.
659 3939 798 3989 moeones
813 3953 916 3990 mnan
934 3937 985 3990 Pal.
1005 3953 1071 4003 sec,
1090 3954 1160 4007 quae
1178 3939 1314 3994 collocatio
1332 3941 1535 3993 commendatur

209 4011 286 4066 simili
298 4012 357 4063 loco
368 4011 393 4076 5.
407 4011 463 4063 ici.
480 4009 540 4062 coll.
553 4011 577 4076 5.
592 4013 637 4072 000
655 4026 758 4065 ammo
768 4028 822 4066 om.
835 4013 904 4079 1.ng
920 4029 947 4080 p.
960 4029 997 4068 m.
1010 4019 1076 4069 00.-
1092 4019 1133 4068 00.
1151 4033 1210 4084 cosp.
1229 4019 1371 4070 00000000.
1385 4020 1454 4071 llV:
1473 4033 1533 4084 000.

209 4090 277 4142 olom
290 4101 345 4139 osc.
358 4087 427 4152 1.ng
438 4101 464 4152 p.
478 4099 526 4148 m.;
544 4088 684 4152 0000000000
695 4093 778 4140 loom
788 4091 872 4140 dolore
883 4103 936 4142 000.
949 4093 985 4152 N;
1004 4094 1188 4158 aequanimi
1201 4093 1250 4145 000.
1261 4107 1315 4145 occ.
1328 4095 1397 4158 igis
1408 4097 1429 4145 0
1441 4095 1460 4144 Β
1472 4094 1533 4146 cod.

208 4165 270 4226 th;
288 4164 438 4230 0000000000
449 4169 467 4214 0.
480 4177 506 4214 0.
519 4164 544 4213 d.
554 4179 580 4214 0.
594 4164 642 4215 dtt.
653 4165 682 4215 0.
702 4164 740 4216 Cl.
754 4167 857 4230 Zumpt.
869 4178 896 4230 p.
910 4166 982 4218 0000.
996 4167 1077 4218 illota.
1091 4167 1181 4233 Suppl.
1194 4167 1228 4220 ad
1237 4169 1315 4221 lusc.
1328 4183 1354 4234 p.
1368 4169 1408 4221 07.
1422 4167 1533 4221 Ellendt.

140 4268 144 4280 .
208 4240 242 4292 ad
253 4241 325 4291 Brut.
337 4252 363 4305 p.
377 4237 467 4290 000-
486 4244 509 4289 ei
523 4240 595 4290 issu.
608 4238 677 4304 igit
694 4252 720 4304 p.
735 4253 770 4290 m.
783 4241 817 4290 V:
840 4246 916 4304 00000
930 4242 1002 4294 insa.
1016 4245 1061 4294 cit.
1074 4244 1103 4294 0.
1120 4271 1147 4281 -
1166 4242 1206 4295 il.
1224 4244 1306 4309 000000]
1321 4244 1396 4307 samis
1412 4245 1487 4294 00000
1502 4244 1532 4296 V.

209 4343 237 4354 -
256 4316 296 4366 it.
314 4315 359 4364 0000
374 4327 431 4376 casp.
445 4312 513 4377 1.ng
529 4326 557 4378 p.
576 4327 612 4365 m.
632 4315 666 4363 V:
683 4327 741 4377 cop.
759 4315 804 4366 0000
820 4317 865 4366 cit.
884 4317 913 4367 0.
934 4344 962 4354 -
981 4318 1021 4370 06.
1036 4323 1180 4384 0000000000
1196 4319 1275 4371 codd.
1294 4319 1364 4370 noti:
1384 4319 1535 4384 0000000000

206 4391 432 4443 1000000000.-
447 4389 486 4439 08.
500 4401 598 4452 0000000
608 4389 671 4440 V.-
685 4391 725 4440 ie.
738 4403 789 4439 000
799 4391 879 4442 solam
892 4390 961 4454 1.ng
973 4393 1021 4454 eV,
1034 4391 1113 4458 vulgo
1124 4396 1185 4458 post
1196 4395 1281 4458 Naug:
1299 4407 1350 4444 000
1360 4394 1439 4445 sciron
1449 4395 1476 4445 ld
1486 4397 1532 4448 ott.

209 4493 236 4506 ..
253 4465 310 4531 pat
325 4465 352 4514 td
367 4463 436 4528 0000
452 4467 472 4514 i
488 4464 553 4515 eV:
574 4465 601 4514 00
615 4465 671 4528 lteri
688 4463 734 4514 ott.
754 4465 783 4513 0.
804 4491 831 4502 -
855 4465 897 4515 00.
914 4466 1029 4529 Africani
1055 4468 1124 4533 [gli
1140 4481 1168 4534 p.
1187 4481 1223 4520 m.
1242 4470 1293 4520 eV:
1315 4471 1342 4520 P.
1360 4471 1415 4534 arr.
1438 4471 1483 4521 ott.
1503 4473 1532 4523 0.

207 4540 240 4592 cl.
254 4539 278 4604 5.
290 4537 331 4589 00.
345 4563 374 4576 ··
391 4539 655 4603 smpswangii
672 4541 707 4590 N:
726 4553 779 4590 om.
799 4541 844 4589 ott.
864 4539 1029 4603 (0000000000
1044 4549 1068 4593 ct
1082 4545 1191 4607 00000000
1206 4544 1247 4606 V.)
1259 4571 1287 4582 -
1306 4546 1447 4608 optematis
1462 4547 1531 4596 ll.-

206 4615 247 4666 03.
265 4617 396 4675 cooperuit
412 4613 476 4664 V.-
494 4615 534 4664 00.
548 4613 722 4664 0000000000
732 4613 809 4679 igis.
819 4639 846 4650 -
864 4615 919 4680 000]
937 4621 961 4665 00
976 4630 1024 4666 aaa
1039 4622 1123 4678 sponte
1133 4618 1197 4668 V.-
1215 4619 1256 4668 07.
1270 4619 1331 4669 civis
1340 4620 1371 4671 V.
1387 4649 1414 4659 -
1427 4621 1530 4672 sev.-

206 4688 248 4739 28.
266 4687 428 4737 conlocaram
445 4687 491 4750 (sic
503 4687 669 4755 plerumque)
681 4689 711 4740 V.
727 4717 755 4728 -
772 4690 850 4738 000000
867 4689 897 4750 ts.
915 4690 1013 4752 0000000,
1033 4693 1139 4754 mdes,
1156 4693 1255 4758 0000000)
1272 4695 1334 4759 000.
1348 4707 1442 4748 omnes
1452 4697 1473 4747 Α
1485 4697 1531 4748 lic

206 4761 242 4812 V:
260 4761 368 4812 00000000
378 4760 426 4812 att
439 4763 469 4812 0.
484 4789 511 4799 -
529 4775 575 4812 sco
585 4763 616 4813 V.
631 4789 659 4800 ·-
677 4765 718 4814 is.
731 4764 786 4815 iias
798 4778 826 4828 p.
838 4765 955 4828 10000000
971 4772 994 4817 00
1004 4769 1092 4832 000000.
1105 4768 1136 4818 V.
1150 4767 1282 4834 [Optima]
1298 4797 1325 4808 -
1344 4771 1385 4823 30.
1397 4773 1478 4840 imilla
1489 4786 1530 4836 op.

206 4835 255 4886 dit.
271 4861 298 4872 -·
317 4834 357 4886 30.
370 4837 466 4886 sebnia
481 4835 506 4898 i,
519 4837 590 4901 ch:
607 4839 676 4889 00000
686 4839 734 4890 dtt.
748 4841 778 4890 0.
798 4840 889 4890 «Exiet
905 4840 972 4892 haec
988 4841 1071 4907 figura
1088 4843 1114 4894 in
1126 4846 1243 4896 nummis
1254 4846 1449 4900 Himerensium
1461 4849 1533 4912 apud

207 4908 359 4962 cutellium
375 4912 453 4962 Num.
472 4913 522 4964 Sic.
535 4926 562 4977 p.
576 4913 616 4974 00,
636 4927 717 4978 quem
733 4915 903 4980 vidc,.atqne
922 4917 990 4968 adeo
1005 4919 1156 4983 Stesichori,
1174 4919 1259 4985 qualis
1276 4919 1384 4972 aruiiio
1401 4920 1532 4974 describi·

207 4987 258 5036 tur.
290 4985 357 5035 Nam
380 4987 436 5050 typi
458 4987 649 5038 numismatum
670 4990 772 5040 statuas
792 4988 976 5050 imitabanbrr,
1000 4993 1023 5043 si
1040 5005 1108 5058 quae
1130 4995 1157 5046 in
1180 4995 1292 5048 urbibus
1313 4997 1405 5046 essent
1420 4995 1531 5050 artillclo

206 5062 381 5130 praestantes,
400 5065 456 5113 tum
473 5061 650 5124 conditorum,
667 5065 724 5116 tum
741 5065 839 5116 civium
856 5064 998 5128 clarorum,
1016 5070 1073 5120 tam
1090 5069 1202 5122 deornm
1214 5073 1241 5122 et
1251 5071 1397 5132 flaminum,
1416 5083 1530 5134 quorum

206 5136 326 5188 omnium
337 5135 437 5202 effigies
447 5135 572 5205 placebat
581 5136 739 5205 insculpere.
752 5139 818 5192 Vide
829 5142 969 5208 praeterea
978 5143 1121 5200 Burmann.
1131 5145 1158 5198 in
1169 5143 1262 5200 siculis
1272 5159 1299 5218 p.
1307 5143 1380 5202 coa·
1398 5146 1486 5200 cami.
1495 5147 1526 5203 11.
