3648 5888
178 541 202 650 4

160 739 180 882 t

293 391 355 462 tia
680 405 722 468 IN
743 401 909 470 VERREM
929 403 1051 470 ACTIO
1073 405 1197 471 rama

292 571 434 634 omnium
447 571 610 636 voluntate
631 573 814 657 iudicioque
828 571 1006 638 damnatam
1020 574 1129 658 aliqua
1142 595 1182 638 ex
1201 582 1290 660 parte
1304 576 1407 660 possit
1419 575 1612 640 defenderet

293 659 345 726 ll}
361 665 452 729 cuius
460 711 470 742 ,
492 674 529 730 ut
541 666 772 732 adolescentiae
787 667 926 732 maculas
941 669 1193 754 ignominiasque
1206 669 1411 753 praeteream,
1432 677 1613 754 quaestura,

293 758 414 841 primus
434 761 550 862 gnidus
570 761 718 838 honoris,
747 762 825 845 quid
846 762 933 826 aliud
954 761 1049 825 habet
1065 764 1102 836 ,in
1124 783 1158 826 se
1180 763 1240 827 nisi
1263 765 1319 828 Cn.
1343 764 1517 827 Carbonem
1538 783 1614 846 spo-

292 852 403 916 liatum
424 862 625 938 aquaestore
641 875 699 919 suo
718 857 854 938 pecunia
868 854 1011 940 publica,
1032 855 1186 920 nudatum
1209 864 1241 921 et
1259 858 1420 941 proditum
1435 857 1614 932 consulem,

269 945 451 1011 edesertum
473 951 663 1024 exercitum,
690 949 831 1014 relictam
852 951 1061 1033 provinciam,
1091 951 1183 1014 sortis
1204 952 1469 1016 necessitudinem
1489 941 1616 1034 religio-

293 1060 430 1124 nemque
451 1043 623 1107 uiolatam?
645 1045 735 1107 cuius
756 1044 872 1127 legatio
894 1047 1025 1109 exitium
1045 1043 1106 1108 fuit
1119 1045 1212 1108 Asiae
1234 1047 1330 1109 totius
1353 1054 1385 1109 et
1400 1047 1614 1130 Pamphyliae,

293 1133 409 1216 quibus
430 1137 462 1198 in
485 1138 654 1220 provinciis
676 1136 791 1200 multas
813 1138 940 1211 domos,
962 1137 1113 1220 plurimas
1129 1139 1241 1214 urbes,
1263 1141 1370 1204 omnia
1383 1138 1458 1204 fana
1472 1142 1615 1224 depopu-

292 1228 375 1291 latus
398 1237 446 1293 est
466 1237 550 1306 tum,
573 1251 645 1294 cum
664 1233 699 1295 in
721 1232 777 1295 Cn.
792 1230 989 1296 Dolabellam
1011 1251 1102 1295 suum
1125 1232 1228 1295 scelus
1246 1231 1325 1295 illud
1340 1235 1507 1315 pristinum
1522 1252 1615 1296 reno·

292 1322 378 1386 varii
398 1331 429 1387 et
449 1326 634 1389 instauravit
654 1327 885 1409 quaestorium
907 1347 979 1388 curn
1002 1345 1091 1401 eum,
1114 1326 1166 1389 cui
1187 1325 1310 1408 legatus
1324 1335 1357 1390 et
1373 1349 1431 1412 pro
1447 1334 1614 1411 quaestore

255 1417 419 1494 tabuisset,
449 1426 481 1482 et
506 1421 540 1482 in
566 1420 715 1484 invidiam
744 1421 810 1484 suis
832 1417 992 1484 maleficiis
1014 1419 1148 1483 adduxit
1169 1421 1255 1482 etin
1277 1421 1354 1502 ipsis
1375 1422 1525 1504 periculis
1548 1442 1613 1484 non

291 1512 394 1575 solum
424 1513 578 1588 deseruit,
612 1513 667 1578 sed
696 1516 790 1577 etiam
813 1515 1007 1596 oppugnarit
1027 1533 1063 1577 ac
1092 1512 1247 1597 prodidit:
1282 1510 1332 1578 li.
1355 1517 1444 1578 cuius
1465 1523 1615 1596 praetura

290 1606 412 1670 urbana
432 1607 558 1671 aedium
580 1627 740 1673 sacrarum
761 1608 822 1670 fuit
842 1608 1106 1692 publicorumque
1128 1627 1260 1690 operum
1276 1607 1495 1690 depopulatio,
1520 1606 1614 1672 simul

291 1700 324 1762 in
345 1701 413 1764 iure
435 1700 573 1765 dicundo
595 1701 752 1766 bonorum
773 1701 1078 1786 possessionumque
1099 1709 1208 1765 contra
1230 1703 1372 1766 omnium
1393 1704 1538 1767 instituta
1559 1703 1615 1766 ad-

292 1794 386 1858 dictio
415 1801 447 1858 et
474 1794 675 1859 condonatio.
718 1795 785 1857 lam
812 1814 888 1858 vero
915 1797 1054 1858 omnium
1083 1797 1231 1860 vitiorum
1260 1816 1390 1860 suorum
1417 1797 1555 1880 plurima
1584 1803 1616 1858 et

254 1891 428 1954 semanima
448 1891 613 1954 constituit
634 1894 838 1952 monumenta
860 1895 892 1951 ct
911 1888 1029 1953 indicia
1050 1892 1083 1954 in
1104 1889 1267 1972 provincia
1290 1889 1414 1965 Sicilia,
1437 1909 1533 1973 quam
1554 1890 1615 1952 iste

290 2003 348 2066 per
367 1984 538 2047 triennium
560 1985 604 2046 ita
624 1983 751 2046 vexavit
771 2003 807 2046 ac
829 1981 982 2065 perdidit,
1004 1990 1040 2046 ut
1061 2003 1099 2048 ea
1120 1985 1244 2050 restitui
1265 1987 1298 2048 in
1317 1985 1486 2068 antiquum
1500 1989 1616 2048 statum

290 2076 378 2140 nullo
399 2076 494 2139 modo
515 2077 633 2162 possit,
654 2077 709 2139 vix
730 2082 837 2139 autem
857 2095 915 2158 per
936 2077 1052 2141 multos
1074 2098 1174 2142 annos
1190 2080 1439 2161 innocentesque
1453 2084 1615 2161 praetores

290 2169 397 2254 aliqua
419 2191 460 2234 cx
480 2179 571 2255 parte
592 2171 727 2234 recreari
748 2170 921 2255 aliquando
943 2189 1036 2254 posse
1057 2172 1210 2236 videatur.
1243 2168 1293 2234 43.
1316 2174 1384 2236 Η44
1407 2180 1552 2255 praetore
1568 2171 1616 2235 Si-

291 2267 353 2329 culi
375 2285 481 2352 neque
503 2285 577 2330 suas
599 2265 685 2348 leges
704 2285 808 2351 neque
823 2273 933 2329 nostra
947 2266 1221 2330 senatusconsulta
1236 2285 1341 2350 neque
1356 2267 1534 2330 communia
1547 2267 1618 2328 iura

252 2366 476 2426 sotenuerunt:
499 2367 621 2423 tantum
643 2361 779 2444 quisque
800 2360 897 2423 babet
917 2361 951 2422 in
974 2359 1096 2434 Sicilia,
1118 2367 1273 2443 quantum
1291 2361 1427 2424 bominis
1441 2361 1616 2424 avarissimi

290 2460 323 2515 et
351 2452 600 2518 libidinosissimi
629 2461 684 2518 aut
711 2454 955 2536 imprudentiam
985 2454 1175 2536 subterfugit
1202 2461 1258 2518 aut
1285 2455 1422 2518 satietati
1451 2452 1616 2536 superfuit

290 2546 328 2608 V.
349 2544 444 2609 Nulla
465 2566 515 2610 res
537 2567 595 2630 per
615 2549 785 2612 biennium
807 2549 869 2611 nisi
890 2547 931 2610 ad
952 2556 1065 2612 nutum
1086 2549 1177 2611 istius
1198 2548 1337 2612 iudicata
1357 2555 1425 2625 cst;
1456 2546 1543 2610 nulla
1564 2566 1616 2609 res

291 2646 355 2704 tam
383 2642 485 2722 patria
514 2643 701 2728 cuiusquam
730 2650 826 2726 atque
847 2644 932 2706 avita
950 2643 1025 2715 fuit,
1054 2662 1136 2726 quae
1158 2661 1224 2704 non
1246 2641 1285 2704 ab
1308 2663 1346 2705 eo
1368 2642 1501 2723 imperio
1523 2640 1616 2704 istius

291 2732 533 2798 abiudicaretur.
575 2736 824 2800 Innumerabiles
846 2738 1000 2819 pecuniae
1024 2756 1065 2799 ex
1082 2742 1241 2798 aratorum
1261 2735 1353 2799 bonis
1375 2755 1459 2799 noro
1481 2735 1617 2798 nefario-

253 2847 355 2912 asque
369 2828 513 2892 instituto
529 2836 672 2905 coactae,
695 2831 772 2893 socii
786 2827 960 2894 fidelissimi
974 2831 1007 2892 in
1022 2830 1160 2893 hostium
1177 2848 1308 2892 numero
1324 2830 1510 2903 existimati,
1532 2830 1617 2892 cives

290 2923 424 2986 Romani
445 2923 591 2988 servilem
612 2925 646 2988 in
666 2926 795 2987 modum
818 2925 948 2987 cruciati
964 2930 995 2986 et
1009 2924 1130 2998 necati,
1151 2923 1297 2987 homines
1313 2924 1530 2986 nocentissimi
1543 2943 1618 3006 pro·

291 3024 362 3100 pter
386 3019 538 3099 pecunias
566 3018 685 3081 iudicio
714 3019 855 3092 liberati,
882 3017 1097 3081 honestissimi
1126 3023 1223 3100 atque
1255 3017 1448 3099 integerrimi
1470 3017 1617 3081 absentes

290 3112 336 3174 rei
357 3110 448 3184 facti,
469 3111 588 3175 indicta
610 3132 706 3176 causa
728 3112 866 3176 damnati
889 3120 921 3173 et
943 3113 1050 3185 eiecti,
1077 3118 1188 3192 portus
1216 3111 1433 3184 munitissimi,
1461 3113 1617 3173 maximae

290 3205 533 3291 tutissimaeque
547 3206 641 3270 urbes
662 3209 773 3290 piratis
794 3205 1073 3289 praedonibusque
1095 3204 1285 3287 patefactae,
1307 3211 1421 3267 44444444
1437 3204 1617 3286 militesque

253 3299 486 3374 aoSicidorum,
509 3303 585 3390 appii
607 3303 707 3365 nostri
729 3310 825 3384 atque
847 3301 957 3374 amici,
978 3300 1062 3362 fame
1084 3301 1205 3373 necati,
1227 3300 1344 3362 classes
1367 3301 1505 3380 optimae
1520 3304 1618 3382 atque

291 3395 577 3476 opportunissimae
605 3415 677 3459 cum
704 3414 817 3478 magna
844 3395 1016 3477 ignominia
1043 3393 1153 3477 populi
1182 3394 1314 3455 Romani
1336 3393 1470 3455 amissae
1493 3398 1525 3454 et
1545 3411 1617 3476 per·

292 3489 385 3554 ditae.
435 3483 486 3552 ll.
516 3489 606 3552 Idem
636 3492 696 3554 iste
724 3497 852 3573 praetor
881 3495 1084 3550 monumenta
1116 3487 1335 3570 antiquissima
1363 3487 1478 3568 partim
1507 3505 1617 3567 regum

290 3580 628 3665 locupletissimorum,
658 3603 741 3668 quae
768 3585 815 3647 illi
838 3588 1024 3644 ornamento
1047 3581 1176 3643 urbibus
1199 3599 1269 3642 esse
1290 3579 1476 3653 voluerunt,
1503 3581 1617 3662 partim

292 3677 386 3738 etiam
407 3684 587 3741 nostrorum
609 3679 852 3761 imperatorum,
876 3695 958 3760 quae
973 3677 1107 3738 victores
1130 3674 1307 3738 civitatibus
1323 3673 1437 3736 Siculis
1452 3681 1508 3738 aut
1522 3673 1618 3738 dede-

254 3763 367 3840 asrunt
386 3777 442 3834 aut
462 3770 685 3848 reddiderunt,
707 3771 857 3855 spoliavit
876 3770 1071 3853 nudavitque
1093 3769 1208 3832 omnia.
1241 3769 1352 3851 Neque
1374 3767 1434 3831 hoc
1457 3769 1560 3832 solum
1581 3770 1616 3832 in

359 4001 382 4052 4.
397 4002 611 4066 possita-(Mtte
626 4008 709 4066 posset
723 4005 754 4052 Gt
768 4003 823 4052 ti).
839 4027 866 4038 -
888 3999 912 4050 3.
932 3999 1052 4062 qaenam
1068 3997 1140 4048 babet
1156 3995 1226 4047 444444
1242 3997 1268 4046 ia
1284 4009 1310 4047 se
1323 3997 1444 4048 Diomed.
1462 4011 1489 4063 p.
1502 3997 1559 4049 463.
1577 4001 1617 4060 Ρ.,

292 4077 353 4140 pisid
367 4077 439 4129 babet
454 4079 525 4129 444444
539 4078 567 4128 tn
583 4091 634 4129 sesa
649 4077 770 4128 Diomed.
793 4076 852 4127 cod.
876 4077 978 4126 lionae.
998 4074 1073 4123 saec.
1092 4072 1133 4122 lli.
1155 4099 1179 4107 -
1200 4070 1224 4123 4.
1243 4073 1367 4122 nodotum
1383 4073 1487 4134 inquum
1504 4085 1522 4121 4
1538 4085 1619 4134 qaae-

291 4157 358 4202 atore
373 4159 396 4202 ct
408 4154 481 4216 prod.
502 4154 574 4203 Parr.
593 4152 715 4204 Diomed.
735 4154 763 4203 Ρ.
783 4154 810 4202 et
826 4150 886 4202 cod.
904 4152 973 4200 Mon.
995 4175 1022 4184 -
1047 4149 1072 4199 4.
1091 4147 1254 4210 depopulatus
1276 4152 1311 4198 cst
1327 4147 1445 4208 Gbrssc
1463 4145 1541 4196 codd.
1559 4144 1616 4196 Lbi.

293 4227 326 4278 cf.
344 4229 428 4278 Divin.
448 4228 471 4294 S.
490 4231 531 4279 44.
550 4228 616 4279 infre
635 4228 658 4293 5.
678 4229 718 4278 ts.
738 4226 778 4277 44.
797 4226 853 4277 Lib.
873 4228 892 4276 1.
912 4225 936 4288 ἓ.
955 4223 1002 4276 ta:
1021 4223 1178 4286 4444444444
1199 4228 1233 4273 ost
1250 4223 1267 4272 S
1283 4221 1376 4282 dtt.0,
1395 4220 1467 4285 quod
1484 4233 1620 4272 commen·

293 4303 371 4353 datur
394 4303 421 4353 b.
439 4300 457 4353 l.
482 4305 509 4354 et
528 4303 595 4354 infra
618 4303 642 4367 5.
662 4301 702 4354 44.
725 4300 854 4354 similibus
876 4297 1004 4364 exemplis
1025 4313 1050 4348 v.
1070 4311 1093 4348 c.
1113 4298 1154 4348 lV.
1180 4298 1204 4362 g.
1223 4297 1263 4348 37.
1281 4298 1322 4348 79.
1348 4297 1402 4347 fin.
1420 4298 1462 4346 444.
1482 4297 1507 4360 5.
1525 4296 1566 4348 34.
1584 4297 1619 4356 ad

293 4378 408 4429 Herenn.
421 4379 463 4430 iv.
482 4377 506 4442 5.
525 4379 565 4428 34.
587 4405 612 4418 -
633 4378 657 4429 8.
676 4383 742 4437 tion,
760 4390 817 4427 cum
834 4377 866 4426 Gt
879 4372 1109 4436 encnngsasr.
1129 4372 1188 4424 cod.
1208 4375 1279 4424 Urs:
1303 4377 1386 4422 444444
1402 4385 1459 4422 mon
1476 4371 1540 4431 cst;
1567 4377 1621 4422 4444

293 4465 347 4504 om.
361 4453 390 4503 0.
411 4479 439 4489 -
456 4457 623 4504 marraccius
637 4453 700 4503 444444
716 4455 748 4503 Gt
761 4453 818 4502 ts:
835 4451 891 4500 scel.
909 4461 981 4498 saum
997 4449 1059 4498 44444
1075 4450 1119 4498 ctt.
1133 4449 1162 4498 0.
1183 4475 1211 4484 -
1229 4447 1253 4497 9.
1271 4447 1312 4496 cui
1328 4447 1369 4497 4444
1385 4447 1431 4512 leg.
1451 4447 1483 4497 Gt
1496 4462 1525 4509 ς,
1543 4447 1584 4497 cat
1600 4446 1617 4497 4.

294 4529 320 4590 (i.
339 4539 363 4578 e.
382 4525 432 4590 vel)
449 4528 495 4593 teg.
515 4530 566 4591 Gi,
589 4530 631 4578 coi
650 4529 696 4577 4444
715 4527 762 4592 teg.
781 4525 832 4588 bd,
856 4525 897 4575 cut
912 4529 936 4574 ct
951 4524 998 4588 loq.
1017 4524 1094 4587 ngas.
1115 4551 1144 4560 -
1169 4524 1208 4572 44.
1228 4527 1302 4585 atque
1318 4522 1410 4573 Gibd.
1432 4551 1459 4560 -
1485 4523 1524 4572 44.
1543 4523 1620 4586 depo-

290 4601 397 4666 pulatio]
413 4603 564 4666 dspsoutatto
581 4603 649 4654 coni.
668 4602 717 4653 th.
736 4625 765 4639 -
793 4601 833 4652 43.
852 4600 953 4650 timendo
970 4599 1046 4658 Gis,
1069 4597 1134 4648 dide
1152 4600 1197 4648 Gt.
1219 4624 1246 4634 -
1267 4599 1306 4650 tit.
1324 4597 1476 4647 4444444444
1492 4598 1524 4646 tit
1538 4597 1619 4648 eei)

294 4678 363 4742 bgib
380 4675 412 4728 al.
434 4705 460 4714 -
480 4679 519 4729 46.
537 4679 639 4728 uacauit
655 4674 788 4744 Gigia:
806 4676 929 4736 44444444,
953 4675 1056 4724 mouit
1072 4675 1118 4725 Gt.
1145 4675 1179 4723 At
1195 4672 1229 4723 cf.
1248 4671 1333 4724 lladv.
1352 4674 1370 4723 1.
1390 4683 1417 4736 p.
1436 4673 1492 4724 333.
1511 4673 1569 4724 338.
1589 4700 1617 4708 -

296 4753 336 4803 48.
355 4751 492 4814 4444444444
508 4767 561 4805 om.
580 4755 625 4804 Gt.
646 4779 675 4791 -
701 4755 742 4804 at.
763 4751 944 4814 impudentium
966 4749 1033 4800 coni.
1053 4749 1149 4800 Osann.
1168 4747 1202 4797 ad
1224 4749 1286 4812 itep.
1305 4760 1332 4812 p.
1351 4748 1407 4798 289.
1428 4775 1456 4784 ·-
1482 4749 1620 4799 sotbtotsm

296 4829 344 4890 Gt,
361 4829 484 4878 4444444444
498 4830 528 4890 Β,
545 4829 658 4879 44444444
672 4829 728 4879 SC.
741 4855 769 4864 —
788 4827 829 4877 43.
844 4831 955 4889 patema
970 4825 1023 4884 bd,
1040 4825 1137 4888 putitio
1153 4823 1222 4876 Man.
1242 4826 1269 4873 et
1284 4821 1365 4873 Klotz.
1386 4821 1428 4885 (ad
1442 4821 1546 4874 Tuscul.
1564 4823 1620 4875 Ad-

296 4903 341 4954 dit.
359 4916 386 4968 p.
404 4903 445 4954 445.
465 4916 497 4954 44
513 4903 588 4956 libris
604 4904 694 4954 nescio
711 4901 808 4968 quibus
826 4901 953 4964 leontii),
971 4900 1119 4962 cuiusquam
1136 4904 1189 4950 tum
1201 4899 1291 4961 patrio
1307 4911 1332 4958 ς.
1358 4895 1496 4960 vulgatam
1513 4901 1622 4949 arentur

297 4979 418 5043 exempla
440 4979 533 5032 similia
554 4992 580 5030 v.
599 4991 623 5029 c.
642 4991 667 5042 p.
686 4977 737 5042 leg.
756 4979 824 5030 Man.
848 4977 871 5040 5.
890 4978 930 5026 44.
950 4988 976 5040 p.
996 4973 1066 5026 Cael.
1091 4975 1115 5038 S.
1134 4973 1173 5024 34.
1193 4975 1249 5024 Cat.
1267 4974 1301 5026 u.
1319 4973 1360 5022 22.
1379 4971 1488 5036 Capitol.
1507 4974 1534 5023 in
1550 4975 1618 5026 liar.

297 5056 324 5106 et
340 5054 413 5106 Balb.
426 5069 450 5106 c.
463 5056 488 5107 2.
507 5053 579 5105 Paul.
592 5055 721 5105 Sententt.
739 5050 840 5104 libili.
853 5051 887 5102 dc
904 5053 1009 5101 testam.
1025 5077 1052 5086 -
1071 5050 1112 5100 at.
1129 5050 1248 5111 commiss
1259 5050 1292 5099 Gt
1305 5044 1345 5098 tl
1362 5045 1409 5098 al.:
1426 5047 1559 5109 4444444444
1570 5047 1617 5098 4444.

298 5132 327 5186 0.
340 5157 367 5166 -
380 5145 398 5182 4
413 5131 505 5186 4444444
516 5132 561 5188 Gi.
576 5157 605 5167 -
617 5129 658 5187 33.
671 5133 820 5184 mummio
830 5129 922 5180 Franc.
932 5126 1009 5180 blein.
1026 5127 1061 5179 at
1071 5125 1104 5178 cf.
1116 5126 1137 5178 1.
1150 5125 1191 5189 24,
1203 5124 1244 5177 58.
1257 5149 1285 5160 -
1303 5122 1344 5175 et.
1356 5115 1554 5184 cosmidoot‘tqas
1564 5121 1618 5174 Pal.
