<?xml version="1.0" encoding="UTF-8"?>
<!DOCTYPE html PUBLIC "-//W3C//DTD XHTML 1.0 Transitional//EN"
    "http://www.w3.org/TR/xhtml1/DTD/xhtml1-transitional.dtd">
<html xmlns="http://www.w3.org/1999/xhtml" xml:lang="en" lang="en">
 <head>
  <title>
</title>
<meta http-equiv="Content-Type" content="text/html;charset=utf-8" />
  <meta name='ocr-system' content='tesseract 3.04.00' />
  <meta name='ocr-capabilities' content='ocr_page ocr_carea ocr_par ocr_line ocrx_word'/>
</head>
<body>
  <div class='ocr_page' id='page_1' title='image "./mtulliiciceroni00baitgoog_0163.png"; bbox 0 0 3648 5888; ppageno 0'>
   <div class='ocr_carea' id='block_1_1' title="bbox 579 434 1567 524">
    <p class='ocr_par' dir='ltr' id='par_1_1' title="bbox 579 434 1567 524">
     <span class='ocr_line' id='line_1_1' title="bbox 579 434 1567 524; baseline -0.006 -16"><span class='ocrx_word' id='word_1_1' title='bbox 579 444 649 511; x_wconf 84' lang='lat' dir='ltr'><strong>Lm.</strong></span> <span class='ocrx_word' id='word_1_2' title='bbox 671 444 696 510; x_wconf 92' lang='lat' dir='ltr'><strong>l.</strong></span> <span class='ocrx_word' id='word_1_3' title='bbox 727 441 800 508; x_wconf 77' lang='lat' dir='ltr'><strong>Gar.</strong></span> <span class='ocrx_word' id='word_1_4' title='bbox 822 441 973 506; x_wconf 82' lang='lat' dir='ltr'><strong>v-vn.</strong></span> <span class='ocrx_word' id='word_1_5' title='bbox 1000 437 1056 524; x_wconf 80' lang='lat'><strong>§§.</strong></span> <span class='ocrx_word' id='word_1_6' title='bbox 1079 436 1227 504; x_wconf 74' lang='grc'><strong>42-20.</strong></span> <span class='ocrx_word' id='word_1_7' title='bbox 1505 434 1567 503; x_wconf 85' lang='grc'><strong>437</strong></span> 
     </span>
    </p>
   </div>
   <div class='ocr_carea' id='block_1_2' title="bbox 234 608 1798 4286">
    <p class='ocr_par' dir='ltr' id='par_1_2' title="bbox 236 608 1745 2122">
     <span class='ocr_line' id='line_1_2' title="bbox 240 608 1568 689; baseline -0.006 -8"><span class='ocrx_word' id='word_1_8' title='bbox 240 637 310 681; x_wconf 91' lang='lat' dir='ltr'><strong>rum</strong></span> <span class='ocrx_word' id='word_1_9' title='bbox 343 623 449 679; x_wconf 86' lang='lat' dir='ltr'><strong>antem</strong></span> <span class='ocrx_word' id='word_1_10' title='bbox 477 615 745 689; x_wconf 87' lang='lat' dir='ltr'><strong>necessariorum,</strong></span> <span class='ocrx_word' id='word_1_11' title='bbox 774 611 1057 684; x_wconf 87' lang='lat' dir='ltr'><strong>nomenhominis</strong></span> <span class='ocrx_word' id='word_1_12' title='bbox 1085 609 1288 676; x_wconf 82' lang='lat' dir='ltr'><strong>audacissimi</strong></span> <span class='ocrx_word' id='word_1_13' title='bbox 1318 608 1428 674; x_wconf 88' lang='lat' dir='ltr'><strong>detuli.</strong></span> <span class='ocrx_word' id='word_1_14' title='bbox 1472 610 1568 686; x_wconf 88' lang='lat' dir='ltr'><strong>Quod</strong></span> 
     </span>
     <span class='ocr_line' id='line_1_3' title="bbox 240 705 1566 794; baseline -0.008 -18"><span class='ocrx_word' id='word_1_15' title='bbox 240 730 348 776; x_wconf 89' lang='lat' dir='ltr'><strong>meum</strong></span> <span class='ocrx_word' id='word_1_16' title='bbox 370 707 488 774; x_wconf 83' lang='lat' dir='ltr'><strong>lactum</strong></span> <span class='ocrx_word' id='word_1_17' title='bbox 510 709 675 794; x_wconf 80' lang='lat' dir='ltr'><strong>lectissimi</strong></span> <span class='ocrx_word' id='word_1_18' title='bbox 696 708 756 772; x_wconf 89' lang='lat' dir='ltr'><strong>viri</strong></span> <span class='ocrx_word' id='word_1_19' title='bbox 779 716 875 794; x_wconf 90' lang='lat' dir='ltr'><strong>atque</strong></span> <span class='ocrx_word' id='word_1_20' title='bbox 898 705 1110 781; x_wconf 90' lang='lat' dir='ltr'><strong>ornatissimi,</strong></span> <span class='ocrx_word' id='word_1_21' title='bbox 1137 726 1202 789; x_wconf 94' lang='lat' dir='ltr'><strong>quo</strong></span> <span class='ocrx_word' id='word_1_22' title='bbox 1224 705 1258 769; x_wconf 91' lang='lat' dir='ltr'><strong>in</strong></span> <span class='ocrx_word' id='word_1_23' title='bbox 1280 725 1413 770; x_wconf 92' lang='lat' dir='ltr'><strong>numero</strong></span> <span class='ocrx_word' id='word_1_24' title='bbox 1436 725 1453 768; x_wconf 91' lang='lat' dir='ltr'><strong>e</strong></span> <span class='ocrx_word' id='word_1_25' title='bbox 1475 705 1566 769; x_wconf 74' lang='lat' dir='ltr'><strong>vobis</strong></span> 
     </span>
     <span class='ocr_line' id='line_1_4' title="bbox 240 799 1568 887; baseline -0.006 -18"><span class='ocrx_word' id='word_1_26' title='bbox 240 805 419 887; x_wconf 74' lang='lat' dir='ltr'><strong>complures</strong></span> <span class='ocrx_word' id='word_1_27' title='bbox 441 805 584 878; x_wconf 86' lang='lat' dir='ltr'><strong>luerunt,</strong></span> <span class='ocrx_word' id='word_1_28' title='bbox 607 803 652 868; x_wconf 90' lang='lat' dir='ltr'><strong>ita</strong></span> <span class='ocrx_word' id='word_1_29' title='bbox 673 804 902 886; x_wconf 84' lang='lat' dir='ltr'><strong>probaverunt,</strong></span> <span class='ocrx_word' id='word_1_30' title='bbox 924 808 961 864; x_wconf 92' lang='lat' dir='ltr'><strong>ut</strong></span> <span class='ocrx_word' id='word_1_31' title='bbox 982 801 1026 876; x_wconf 93' lang='lat' dir='ltr'><strong>ei,</strong></span> <span class='ocrx_word' id='word_1_32' title='bbox 1049 801 1105 884; x_wconf 91' lang='lat' dir='ltr'><strong>qui</strong></span> <span class='ocrx_word' id='word_1_33' title='bbox 1127 801 1219 866; x_wconf 91' lang='lat' dir='ltr'><strong>istius</strong></span> <span class='ocrx_word' id='word_1_34' title='bbox 1242 808 1394 886; x_wconf 86' lang='lat' dir='ltr'><strong>quaestor</strong></span> <span class='ocrx_word' id='word_1_35' title='bbox 1406 799 1522 864; x_wconf 86' lang='lat' dir='ltr'><strong>luisset</strong></span> <span class='ocrx_word' id='word_1_36' title='bbox 1535 804 1568 862; x_wconf 91' lang='lat' dir='ltr'><strong>et</strong></span> 
     </span>
     <span class='ocr_line' id='line_1_5' title="bbox 239 893 1567 980; baseline -0.005 -19"><span class='ocrx_word' id='word_1_37' title='bbox 239 898 278 961; x_wconf 91' lang='lat' dir='ltr'><strong>ab</strong></span> <span class='ocrx_word' id='word_1_38' title='bbox 292 899 361 960; x_wconf 86' lang='lat' dir='ltr'><strong>&#39;isto</strong></span> <span class='ocrx_word' id='word_1_39' title='bbox 383 897 488 962; x_wconf 88' lang='lat' dir='ltr'><strong>laesus</strong></span> <span class='ocrx_word' id='word_1_40' title='bbox 510 895 691 961; x_wconf 89' lang='lat' dir='ltr'><strong>inimicitias</strong></span> <span class='ocrx_word' id='word_1_41' title='bbox 712 897 812 960; x_wconf 85' lang='lat' dir='ltr'><strong>iustas</strong></span> <span class='ocrx_word' id='word_1_42' title='bbox 833 900 1094 980; x_wconf 67' lang='lat' dir='ltr'><strong>persequeretur,</strong></span> <span class='ocrx_word' id='word_1_43' title='bbox 1116 917 1181 959; x_wconf 94' lang='lat' dir='ltr'><strong>non</strong></span> <span class='ocrx_word' id='word_1_44' title='bbox 1204 897 1300 959; x_wconf 93' lang='lat' dir='ltr'><strong>modo</strong></span> <span class='ocrx_word' id='word_1_45' title='bbox 1323 893 1487 959; x_wconf 85' lang='lat' dir='ltr'><strong>deserendi</strong></span> <span class='ocrx_word' id='word_1_46' title='bbox 1508 912 1567 956; x_wconf 89' lang='lat' dir='ltr'><strong>no-</strong></span> 
     </span>
     <span class='ocr_line' id='line_1_6' title="bbox 239 989 1605 1073; baseline -0.006 -19"><span class='ocrx_word' id='word_1_47' title='bbox 239 992 350 1066; x_wconf 88' lang='lat' dir='ltr'><strong>minis,</strong></span> <span class='ocrx_word' id='word_1_48' title='bbox 373 991 430 1056; x_wconf 89' lang='lat' dir='ltr'><strong>sed</strong></span> <span class='ocrx_word' id='word_1_49' title='bbox 452 1011 492 1055; x_wconf 93' lang='lat' dir='ltr'><strong>ne</strong></span> <span class='ocrx_word' id='word_1_50' title='bbox 514 990 735 1055; x_wconf 91' lang='lat' dir='ltr'><strong>subscribendi</strong></span> <span class='ocrx_word' id='word_1_51' title='bbox 757 990 904 1073; x_wconf 91' lang='lat' dir='ltr'><strong>quidem,</strong></span> <span class='ocrx_word' id='word_1_52' title='bbox 935 1009 1007 1053; x_wconf 93' lang='lat' dir='ltr'><strong>oum</strong></span> <span class='ocrx_word' id='word_1_53' title='bbox 1028 989 1062 1051; x_wconf 93' lang='lat' dir='ltr'><strong>id</strong></span> <span class='ocrx_word' id='word_1_54' title='bbox 1090 990 1284 1073; x_wconf 82' lang='lat' dir='ltr'><strong>postularet,</strong></span> <span class='ocrx_word' id='word_1_55' title='bbox 1313 989 1455 1053; x_wconf 85' lang='lat' dir='ltr'><strong>lacerent</strong></span> <span class='ocrx_word' id='word_1_56' title='bbox 1476 994 1567 1071; x_wconf 92' lang='lat' dir='ltr'><strong>pote·</strong></span> <span class='ocrx_word' id='word_1_57' title='bbox 1590 999 1605 1046; x_wconf 79' lang='lat' dir='ltr'><strong>c</strong></span> 
     </span>
     <span class='ocr_line' id='line_1_7' title="bbox 239 1079 1565 1170; baseline -0.005 -21"><span class='ocrx_word' id='word_1_58' title='bbox 239 1092 361 1149; x_wconf 85' lang='lat' dir='ltr'><strong>statem.</strong></span> <span class='ocrx_word' id='word_1_59' title='bbox 395 1080 446 1150; x_wconf 87' lang='grc'><strong>46.</strong></span> <span class='ocrx_word' id='word_1_60' title='bbox 469 1089 505 1151; x_wconf 92' lang='lat' dir='ltr'><strong>ln</strong></span> <span class='ocrx_word' id='word_1_61' title='bbox 529 1087 670 1151; x_wconf 89' lang='lat' dir='ltr'><strong>Siciliam</strong></span> <span class='ocrx_word' id='word_1_62' title='bbox 691 1107 762 1150; x_wconf 89' lang='lat' dir='ltr'><strong>sum</strong></span> <span class='ocrx_word' id='word_1_63' title='bbox 783 1085 966 1170; x_wconf 90' lang='lat' dir='ltr'><strong>inquirendi</strong></span> <span class='ocrx_word' id='word_1_64' title='bbox 981 1103 1076 1147; x_wconf 88' lang='lat' dir='ltr'><strong>causa</strong></span> <span class='ocrx_word' id='word_1_65' title='bbox 1089 1083 1265 1167; x_wconf 87' lang='lat' dir='ltr'><strong>profectus:</strong></span> <span class='ocrx_word' id='word_1_66' title='bbox 1282 1079 1364 1167; x_wconf 80' lang='lat' dir='ltr'><strong>(quo</strong></span> <span class='ocrx_word' id='word_1_67' title='bbox 1380 1083 1413 1146; x_wconf 94' lang='lat' dir='ltr'><strong>in</strong></span> <span class='ocrx_word' id='word_1_68' title='bbox 1437 1079 1565 1165; x_wconf 88' lang='lat' dir='ltr'><strong>negotio</strong></span> 
     </span>
     <span class='ocr_line' id='line_1_8' title="bbox 238 1173 1566 1264; baseline -0.005 -22"><span class='ocrx_word' id='word_1_69' title='bbox 238 1180 425 1244; x_wconf 90' lang='lat' dir='ltr'><strong>industriam</strong></span> <span class='ocrx_word' id='word_1_70' title='bbox 453 1202 557 1246; x_wconf 88' lang='lat' dir='ltr'><strong>meam</strong></span> <span class='ocrx_word' id='word_1_71' title='bbox 585 1181 731 1264; x_wconf 79' lang='lat' dir='ltr'><strong>celeritas</strong></span> <span class='ocrx_word' id='word_1_72' title='bbox 759 1180 942 1255; x_wconf 82' lang='lat' dir='ltr'><strong>reditionis,</strong></span> <span class='ocrx_word' id='word_1_73' title='bbox 970 1179 1168 1261; x_wconf 86' lang='lat' dir='ltr'><strong>diligentiam</strong></span> <span class='ocrx_word' id='word_1_74' title='bbox 1196 1177 1366 1262; x_wconf 89' lang='lat' dir='ltr'><strong>multitudo</strong></span> <span class='ocrx_word' id='word_1_75' title='bbox 1388 1173 1566 1240; x_wconf 90' lang='lat' dir='ltr'><strong>litterarum</strong></span> 
     </span>
     <span class='ocr_line' id='line_1_9' title="bbox 239 1270 1567 1384; baseline -0.007 -45"><span class='ocrx_word' id='word_1_76' title='bbox 239 1282 270 1339; x_wconf 89' lang='lat' dir='ltr'><strong>et</strong></span> <span class='ocrx_word' id='word_1_77' title='bbox 291 1275 419 1338; x_wconf 91' lang='lat' dir='ltr'><strong>testium</strong></span> <span class='ocrx_word' id='word_1_78' title='bbox 442 1276 613 1360; x_wconf 86' lang='lat' dir='ltr'><strong>declaravit</strong></span> <span class='ocrx_word' id='word_1_79' title='bbox 612 1281 639 1384; x_wconf 70' lang='lat' dir='ltr'><em>J</em></span> <span class='ocrx_word' id='word_1_80' title='bbox 653 1274 809 1359; x_wconf 89' lang='lat' dir='ltr'><strong>pudorem</strong></span> <span class='ocrx_word' id='word_1_81' title='bbox 823 1295 899 1338; x_wconf 84' lang='lat' dir='ltr'><strong>varo</strong></span> <span class='ocrx_word' id='word_1_82' title='bbox 918 1294 955 1338; x_wconf 91' lang='lat' dir='ltr'><strong>ao</strong></span> <span class='ocrx_word' id='word_1_83' title='bbox 969 1273 1172 1356; x_wconf 78' lang='lat' dir='ltr'><strong>religionem,</strong></span> <span class='ocrx_word' id='word_1_84' title='bbox 1195 1273 1298 1357; x_wconf 91' lang='lat' dir='ltr'><strong>quod,</strong></span> <span class='ocrx_word' id='word_1_85' title='bbox 1321 1290 1393 1335; x_wconf 91' lang='lat' dir='ltr'><strong>cum</strong></span> <span class='ocrx_word' id='word_1_86' title='bbox 1407 1270 1567 1332; x_wconf 85' lang='lat' dir='ltr'><strong>venissem</strong></span> 
     </span>
     <span class='ocr_line' id='line_1_10' title="bbox 239 1365 1565 1454; baseline -0.005 -22"><span class='ocrx_word' id='word_1_87' title='bbox 239 1374 366 1432; x_wconf 90' lang='lat' dir='ltr'><strong>senator</strong></span> <span class='ocrx_word' id='word_1_88' title='bbox 387 1369 427 1433; x_wconf 91' lang='lat' dir='ltr'><strong>ad</strong></span> <span class='ocrx_word' id='word_1_89' title='bbox 449 1368 555 1434; x_wconf 90' lang='lat' dir='ltr'><strong>socios</strong></span> <span class='ocrx_word' id='word_1_90' title='bbox 577 1370 690 1454; x_wconf 93' lang='lat' dir='ltr'><strong>populi</strong></span> <span class='ocrx_word' id='word_1_91' title='bbox 711 1369 864 1443; x_wconf 84' lang='lat' dir='ltr'><strong>Romani,</strong></span> <span class='ocrx_word' id='word_1_92' title='bbox 888 1369 943 1453; x_wconf 92' lang='lat' dir='ltr'><strong>qui</strong></span> <span class='ocrx_word' id='word_1_93' title='bbox 965 1369 999 1431; x_wconf 91' lang='lat' dir='ltr'><strong>in</strong></span> <span class='ocrx_word' id='word_1_94' title='bbox 1021 1388 1059 1431; x_wconf 90' lang='lat' dir='ltr'><strong>ea</strong></span> <span class='ocrx_word' id='word_1_95' title='bbox 1080 1368 1245 1451; x_wconf 83' lang='lat' dir='ltr'><strong>provincia</strong></span> <span class='ocrx_word' id='word_1_96' title='bbox 1260 1375 1411 1451; x_wconf 78' lang='lat' dir='ltr'><strong>quaestor</strong></span> <span class='ocrx_word' id='word_1_97' title='bbox 1424 1365 1565 1437; x_wconf 87' lang='lat' dir='ltr'><strong>inissem,</strong></span> 
     </span>
     <span class='ocr_line' id='line_1_11' title="bbox 238 1457 1604 1545; baseline -0.004 -20"><span class='ocrx_word' id='word_1_98' title='bbox 238 1463 278 1525; x_wconf 93' lang='lat' dir='ltr'><strong>ad</strong></span> <span class='ocrx_word' id='word_1_99' title='bbox 299 1461 444 1545; x_wconf 86' lang='lat' dir='ltr'><strong>hospites</strong></span> <span class='ocrx_word' id='word_1_100' title='bbox 466 1484 556 1527; x_wconf 92' lang='lat' dir='ltr'><strong>meos</strong></span> <span class='ocrx_word' id='word_1_101' title='bbox 577 1484 615 1528; x_wconf 88' lang='lat' dir='ltr'><strong>ac</strong></span> <span class='ocrx_word' id='word_1_102' title='bbox 636 1465 834 1528; x_wconf 90' lang='lat' dir='ltr'><strong>necessarios</strong></span> <span class='ocrx_word' id='word_1_103' title='bbox 859 1483 972 1528; x_wconf 89' lang='lat' dir='ltr'><strong>causae</strong></span> <span class='ocrx_word' id='word_1_104' title='bbox 998 1463 1175 1526; x_wconf 90' lang='lat' dir='ltr'><strong>communis</strong></span> <span class='ocrx_word' id='word_1_105' title='bbox 1197 1462 1346 1527; x_wconf 84' lang='lat' dir='ltr'><strong>defensor</strong></span> <span class='ocrx_word' id='word_1_106' title='bbox 1367 1457 1487 1522; x_wconf 86' lang='lat' dir='ltr'><strong>deverti</strong></span> <span class='ocrx_word' id='word_1_107' title='bbox 1509 1471 1604 1540; x_wconf 82' lang='lat' dir='ltr'><strong>po-to</strong></span> 
     </span>
     <span class='ocr_line' id='line_1_12' title="bbox 237 1549 1568 1643; baseline -0.006 -23"><span class='ocrx_word' id='word_1_108' title='bbox 237 1559 301 1620; x_wconf 90' lang='lat' dir='ltr'><strong>tius</strong></span> <span class='ocrx_word' id='word_1_109' title='bbox 321 1579 427 1642; x_wconf 23' lang='lat' dir='ltr'><strong>‘quam</strong></span> <span class='ocrx_word' id='word_1_110' title='bbox 454 1561 496 1624; x_wconf 85' lang='lat' dir='ltr'><strong>ad</strong></span> <span class='ocrx_word' id='word_1_111' title='bbox 524 1580 595 1634; x_wconf 91' lang='lat' dir='ltr'><strong>eos,</strong></span> <span class='ocrx_word' id='word_1_112' title='bbox 626 1559 682 1643; x_wconf 92' lang='lat' dir='ltr'><strong>qui</strong></span> <span class='ocrx_word' id='word_1_113' title='bbox 712 1581 731 1624; x_wconf 86' lang='lat' dir='ltr'><strong>a</strong></span> <span class='ocrx_word' id='word_1_114' title='bbox 759 1579 808 1622; x_wconf 92' lang='lat' dir='ltr'><strong>me</strong></span> <span class='ocrx_word' id='word_1_115' title='bbox 830 1557 987 1622; x_wconf 85' lang='lat' dir='ltr'><strong>auxilium</strong></span> <span class='ocrx_word' id='word_1_116' title='bbox 1008 1557 1207 1639; x_wconf 82' lang='lat' dir='ltr'><strong>petivissent.</strong></span> <span class='ocrx_word' id='word_1_117' title='bbox 1250 1554 1376 1619; x_wconf 91' lang='lat' dir='ltr'><strong>Nemini</strong></span> <span class='ocrx_word' id='word_1_118' title='bbox 1399 1571 1488 1616; x_wconf 90' lang='lat' dir='ltr'><strong>meus</strong></span> <span class='ocrx_word' id='word_1_119' title='bbox 1510 1549 1568 1614; x_wconf 92' lang='lat' dir='ltr'><strong>ad-</strong></span> 
     </span>
     <span class='ocr_line' id='line_1_13' title="bbox 237 1643 1567 1738; baseline -0.008 -23"><span class='ocrx_word' id='word_1_120' title='bbox 237 1659 351 1716; x_wconf 87' lang='lat' dir='ltr'><strong>ventus</strong></span> <span class='ocrx_word' id='word_1_121' title='bbox 381 1653 482 1717; x_wconf 90' lang='lat' dir='ltr'><strong>labori</strong></span> <span class='ocrx_word' id='word_1_122' title='bbox 512 1663 568 1718; x_wconf 92' lang='lat' dir='ltr'><strong>aut</strong></span> <span class='ocrx_word' id='word_1_123' title='bbox 589 1654 729 1737; x_wconf 90' lang='lat' dir='ltr'><strong>sumptui</strong></span> <span class='ocrx_word' id='word_1_124' title='bbox 752 1673 858 1738; x_wconf 90' lang='lat' dir='ltr'><strong>neque</strong></span> <span class='ocrx_word' id='word_1_125' title='bbox 879 1651 1006 1735; x_wconf 91' lang='lat' dir='ltr'><strong>publice</strong></span> <span class='ocrx_word' id='word_1_126' title='bbox 1027 1670 1134 1734; x_wconf 91' lang='lat' dir='ltr'><strong>neque</strong></span> <span class='ocrx_word' id='word_1_127' title='bbox 1155 1649 1304 1732; x_wconf 88' lang='lat' dir='ltr'><strong>privatim</strong></span> <span class='ocrx_word' id='word_1_128' title='bbox 1325 1647 1395 1710; x_wconf 83' lang='lat' dir='ltr'><strong>fuit.</strong></span> <span class='ocrx_word' id='word_1_129' title='bbox 1437 1643 1511 1708; x_wconf 89' lang='lat' dir='ltr'><strong>Vim</strong></span> <span class='ocrx_word' id='word_1_130' title='bbox 1532 1643 1567 1706; x_wconf 94' lang='lat' dir='ltr'><strong>in</strong></span> 
     </span>
     <span class='ocr_line' id='line_1_14' title="bbox 236 1738 1566 1832; baseline -0.008 -22"><span class='ocrx_word' id='word_1_131' title='bbox 236 1746 429 1831; x_wconf 88' lang='lat' dir='ltr'><strong>inquirendo</strong></span> <span class='ocrx_word' id='word_1_132' title='bbox 451 1755 571 1812; x_wconf 85' lang='lat' dir='ltr'><strong>tantam</strong></span> <span class='ocrx_word' id='word_1_133' title='bbox 592 1749 706 1823; x_wconf 91' lang='lat' dir='ltr'><strong>habui,</strong></span> <span class='ocrx_word' id='word_1_134' title='bbox 728 1754 879 1832; x_wconf 88' lang='lat' dir='ltr'><strong>quantam</strong></span> <span class='ocrx_word' id='word_1_135' title='bbox 900 1744 978 1808; x_wconf 82' lang='lat' dir='ltr'><strong>milri</strong></span> <span class='ocrx_word' id='word_1_136' title='bbox 999 1743 1053 1808; x_wconf 78' lang='lat' dir='ltr'><strong>lex</strong></span> <span class='ocrx_word' id='word_1_137' title='bbox 1072 1744 1180 1819; x_wconf 89' lang='lat' dir='ltr'><strong>dabat,</strong></span> <span class='ocrx_word' id='word_1_138' title='bbox 1202 1763 1267 1808; x_wconf 93' lang='lat' dir='ltr'><strong>non</strong></span> <span class='ocrx_word' id='word_1_139' title='bbox 1283 1747 1434 1826; x_wconf 87' lang='lat' dir='ltr'><strong>quantam</strong></span> <span class='ocrx_word' id='word_1_140' title='bbox 1449 1738 1566 1801; x_wconf 88' lang='lat' dir='ltr'><strong>habero</strong></span> 
     </span>
     <span class='ocr_line' id='line_1_15' title="bbox 238 1833 1567 1926; baseline -0.005 -22"><span class='ocrx_word' id='word_1_141' title='bbox 238 1847 382 1925; x_wconf 90' lang='lat' dir='ltr'><strong>poteram</strong></span> <span class='ocrx_word' id='word_1_142' title='bbox 411 1840 540 1906; x_wconf 89' lang='lat' dir='ltr'><strong>illorum</strong></span> <span class='ocrx_word' id='word_1_143' title='bbox 577 1843 697 1917; x_wconf 88' lang='lat' dir='ltr'><strong>studio,</strong></span> <span class='ocrx_word' id='word_1_144' title='bbox 727 1861 808 1926; x_wconf 91' lang='lat' dir='ltr'><strong>quos</strong></span> <span class='ocrx_word' id='word_1_145' title='bbox 835 1841 896 1904; x_wconf 88' lang='lat' dir='ltr'><strong>iste</strong></span> <span class='ocrx_word' id='word_1_146' title='bbox 924 1844 1063 1904; x_wconf 85' lang='lat' dir='ltr'><strong>vexarat.</strong></span> <span class='ocrx_word' id='word_1_147' title='bbox 1107 1833 1157 1901; x_wconf 90' lang='grc'><strong>47.</strong></span> <span class='ocrx_word' id='word_1_148' title='bbox 1180 1838 1314 1901; x_wconf 85' lang='lat' dir='ltr'><strong>Romam</strong></span> <span class='ocrx_word' id='word_1_149' title='bbox 1336 1845 1373 1902; x_wconf 91' lang='lat' dir='ltr'><strong>ut</strong></span> <span class='ocrx_word' id='word_1_150' title='bbox 1394 1855 1436 1899; x_wconf 83' lang='lat' dir='ltr'><strong>ex</strong></span> <span class='ocrx_word' id='word_1_151' title='bbox 1458 1833 1567 1898; x_wconf 86' lang='lat' dir='ltr'><strong>Sicilia</strong></span> 
     </span>
     <span class='ocr_line' id='line_1_16' title="bbox 237 1929 1745 2066; baseline -0.007 -69"><span class='ocrx_word' id='word_1_152' title='bbox 237 1929 434 2016; x_wconf 88' lang='lat' dir='ltr'><strong>redii,(cum</strong></span> <span class='ocrx_word' id='word_1_153' title='bbox 462 1936 522 1999; x_wconf 89' lang='lat' dir='ltr'><strong>iste</strong></span> <span class='ocrx_word' id='word_1_154' title='bbox 550 1945 645 2021; x_wconf 90' lang='lat' dir='ltr'><strong>atque</strong></span> <span class='ocrx_word' id='word_1_155' title='bbox 666 1936 759 2010; x_wconf 87' lang='lat' dir='ltr'><strong>istius</strong></span> <span class='ocrx_word' id='word_1_156' title='bbox 781 1935 889 2009; x_wconf 91' lang='lat' dir='ltr'><strong>amici,</strong></span> <span class='ocrx_word' id='word_1_157' title='bbox 918 1935 1064 1997; x_wconf 88' lang='lat' dir='ltr'><strong>homines</strong></span> <span class='ocrx_word' id='word_1_158' title='bbox 1087 1933 1165 1996; x_wconf 93' lang='lat' dir='ltr'><strong>lauti</strong></span> <span class='ocrx_word' id='word_1_159' title='bbox 1187 1939 1220 1997; x_wconf 89' lang='lat' dir='ltr'><strong>et</strong></span> <span class='ocrx_word' id='word_1_160' title='bbox 1240 1930 1373 2006; x_wconf 89' lang='lat' dir='ltr'><strong>urbani,</strong></span> <span class='ocrx_word' id='word_1_161' title='bbox 1403 1942 1605 1994; x_wconf 81' lang='lat' dir='ltr'><strong>sermonests</strong></span> <span class='ocrx_word' id='word_1_162' title='bbox 1650 1965 1745 2066; x_wconf 42' lang='lat' dir='ltr'><strong>dv</strong></span> 
     </span>
     <span class='ocr_line' id='line_1_17' title="bbox 236 2027 1568 2122; baseline -0.005 -30"><span class='ocrx_word' id='word_1_163' title='bbox 236 2029 422 2094; x_wconf 88' lang='lat' dir='ltr'><strong>huiusmodi</strong></span> <span class='ocrx_word' id='word_1_164' title='bbox 442 2029 672 2122; x_wconf 73' lang='lat' dir='ltr'><strong>dissipassent)</strong></span> <span class='ocrx_word' id='word_1_165' title='bbox 689 2050 753 2115; x_wconf 94' lang='lat' dir='ltr'><strong>quo</strong></span> <span class='ocrx_word' id='word_1_166' title='bbox 775 2030 898 2092; x_wconf 88' lang='lat' dir='ltr'><strong>animos</strong></span> <span class='ocrx_word' id='word_1_167' title='bbox 920 2029 1049 2092; x_wconf 91' lang='lat' dir='ltr'><strong>testium</strong></span> <span class='ocrx_word' id='word_1_168' title='bbox 1070 2027 1281 2099; x_wconf 83' lang='lat' dir='ltr'><strong>retardarent,</strong></span> <span class='ocrx_word' id='word_1_169' title='bbox 1304 2046 1354 2088; x_wconf 91' lang='lat' dir='ltr'><strong>me</strong></span> <span class='ocrx_word' id='word_1_170' title='bbox 1376 2044 1492 2108; x_wconf 89' lang='lat' dir='ltr'><strong>magna</strong></span> <span class='ocrx_word' id='word_1_171' title='bbox 1511 2043 1568 2106; x_wconf 93' lang='lat' dir='ltr'><strong>pe-</strong></span> 
     </span>
    </p>

    <p class='ocr_par' dir='ltr' id='par_1_3' title="bbox 237 2117 1567 2205">
     <span class='ocr_line' id='line_1_18' title="bbox 237 2117 1567 2205; baseline -0.005 -18"><span class='ocrx_word' id='word_1_172' title='bbox 237 2125 332 2187; x_wconf 89' lang='lat' dir='ltr'><strong>cunia</strong></span> <span class='ocrx_word' id='word_1_173' title='bbox 359 2145 378 2188; x_wconf 93' lang='lat' dir='ltr'><strong>a</strong></span> <span class='ocrx_word' id='word_1_174' title='bbox 405 2143 480 2188; x_wconf 85' lang='lat' dir='ltr'><strong>vera</strong></span> <span class='ocrx_word' id='word_1_175' title='bbox 507 2125 708 2188; x_wconf 80' lang='lat' dir='ltr'><strong>accusatione</strong></span> <span class='ocrx_word' id='word_1_176' title='bbox 736 2142 806 2186; x_wconf 88' lang='lat' dir='ltr'><strong>esse</strong></span> <span class='ocrx_word' id='word_1_177' title='bbox 838 2123 1023 2197; x_wconf 89' lang='lat' dir='ltr'><strong>deductum,</strong></span> <span class='ocrx_word' id='word_1_178' title='bbox 1053 2122 1178 2186; x_wconf 90' lang='lat' dir='ltr'><strong>tametsi</strong></span> <span class='ocrx_word' id='word_1_179' title='bbox 1208 2121 1402 2205; x_wconf 88' lang='lat' dir='ltr'><strong>probabatur</strong></span> <span class='ocrx_word' id='word_1_180' title='bbox 1430 2117 1567 2192; x_wconf 91' lang='lat' dir='ltr'><strong>nemini,</strong></span> 
     </span>
    </p>

    <p class='ocr_par' dir='ltr' id='par_1_4' title="bbox 238 2211 1568 2396">
     <span class='ocr_line' id='line_1_19' title="bbox 238 2211 1568 2302; baseline -0.005 -22"><span class='ocrx_word' id='word_1_181' title='bbox 238 2216 327 2302; x_wconf 91' lang='lat' dir='ltr'><strong>quod</strong></span> <span class='ocrx_word' id='word_1_182' title='bbox 349 2224 381 2283; x_wconf 89' lang='lat' dir='ltr'><strong>et</strong></span> <span class='ocrx_word' id='word_1_183' title='bbox 401 2238 442 2282; x_wconf 79' lang='lat' dir='ltr'><strong>ex</strong></span> <span class='ocrx_word' id='word_1_184' title='bbox 463 2219 571 2281; x_wconf 86' lang='lat' dir='ltr'><strong>Sicilia</strong></span> <span class='ocrx_word' id='word_1_185' title='bbox 593 2225 690 2280; x_wconf 89' lang='lat' dir='ltr'><strong>testes</strong></span> <span class='ocrx_word' id='word_1_186' title='bbox 713 2223 803 2280; x_wconf 88' lang='lat' dir='ltr'><strong>erant</strong></span> <span class='ocrx_word' id='word_1_187' title='bbox 825 2217 864 2292; x_wconf 92' lang='lat' dir='ltr'><strong>ii,</strong></span> <span class='ocrx_word' id='word_1_188' title='bbox 897 2217 952 2301; x_wconf 90' lang='lat' dir='ltr'><strong>qui</strong></span> <span class='ocrx_word' id='word_1_189' title='bbox 975 2226 1175 2301; x_wconf 87' lang='lat' dir='ltr'><strong>quaestorem</strong></span> <span class='ocrx_word' id='word_1_190' title='bbox 1199 2236 1249 2279; x_wconf 90' lang='lat' dir='ltr'><strong>me</strong></span> <span class='ocrx_word' id='word_1_191' title='bbox 1271 2215 1305 2278; x_wconf 90' lang='lat' dir='ltr'><strong>in</strong></span> <span class='ocrx_word' id='word_1_192' title='bbox 1326 2211 1492 2298; x_wconf 89' lang='lat' dir='ltr'><strong>provincia</strong></span> <span class='ocrx_word' id='word_1_193' title='bbox 1513 2231 1568 2274; x_wconf 93' lang='lat' dir='ltr'><strong>co-</strong></span> 
     </span>
     <span class='ocr_line' id='line_1_20' title="bbox 238 2305 1565 2396; baseline -0.005 -22"><span class='ocrx_word' id='word_1_194' title='bbox 238 2320 427 2396; x_wconf 85' lang='lat' dir='ltr'><strong>gnoverant,</strong></span> <span class='ocrx_word' id='word_1_195' title='bbox 450 2318 482 2375; x_wconf 92' lang='lat' dir='ltr'><strong>et</strong></span> <span class='ocrx_word' id='word_1_196' title='bbox 502 2311 577 2375; x_wconf 91' lang='lat' dir='ltr'><strong>binc</strong></span> <span class='ocrx_word' id='word_1_197' title='bbox 599 2311 745 2375; x_wconf 91' lang='lat' dir='ltr'><strong>homines</strong></span> <span class='ocrx_word' id='word_1_198' title='bbox 768 2312 907 2374; x_wconf 85' lang='lat' dir='ltr'><strong>maxime</strong></span> <span class='ocrx_word' id='word_1_199' title='bbox 928 2311 1083 2385; x_wconf 88' lang='lat' dir='ltr'><strong>illustres,</strong></span> <span class='ocrx_word' id='word_1_200' title='bbox 1106 2310 1177 2394; x_wconf 92' lang='lat' dir='ltr'><strong>qui,</strong></span> <span class='ocrx_word' id='word_1_201' title='bbox 1199 2317 1236 2374; x_wconf 91' lang='lat' dir='ltr'><strong>ut</strong></span> <span class='ocrx_word' id='word_1_202' title='bbox 1249 2309 1311 2393; x_wconf 92' lang='lat' dir='ltr'><strong>ipsi</strong></span> <span class='ocrx_word' id='word_1_203' title='bbox 1326 2311 1395 2372; x_wconf 91' lang='lat' dir='ltr'><strong>noti</strong></span> <span class='ocrx_word' id='word_1_204' title='bbox 1409 2312 1498 2380; x_wconf 91' lang='lat' dir='ltr'><strong>sunt,</strong></span> <span class='ocrx_word' id='word_1_205' title='bbox 1520 2305 1565 2368; x_wconf 92' lang='lat' dir='ltr'><strong>sic</strong></span> 
     </span>
    </p>

    <p class='ocr_par' dir='ltr' id='par_1_5' title="bbox 237 2401 1605 2489">
     <span class='ocr_line' id='line_1_21' title="bbox 237 2401 1605 2489; baseline -0.007 -18"><span class='ocrx_word' id='word_1_206' title='bbox 237 2413 382 2471; x_wconf 92' lang='lat' dir='ltr'><strong>nostrum</strong></span> <span class='ocrx_word' id='word_1_207' title='bbox 403 2425 664 2489; x_wconf 90' lang='lat' dir='ltr'><strong>unumquemque</strong></span> <span class='ocrx_word' id='word_1_208' title='bbox 687 2404 806 2488; x_wconf 90' lang='lat' dir='ltr'><strong>optime</strong></span> <span class='ocrx_word' id='word_1_209' title='bbox 830 2412 962 2468; x_wconf 89' lang='lat' dir='ltr'><strong>norunt:</strong></span> <span class='ocrx_word' id='word_1_210' title='bbox 984 2411 1091 2468; x_wconf 91' lang='lat' dir='ltr'><strong>tamen</strong></span> <span class='ocrx_word' id='word_1_211' title='bbox 1113 2424 1215 2488; x_wconf 93' lang='lat' dir='ltr'><strong>usque</strong></span> <span class='ocrx_word' id='word_1_212' title='bbox 1237 2425 1275 2467; x_wconf 91' lang='lat' dir='ltr'><strong>eo</strong></span> <span class='ocrx_word' id='word_1_213' title='bbox 1299 2403 1408 2477; x_wconf 91' lang='lat' dir='ltr'><strong>timui,</strong></span> <span class='ocrx_word' id='word_1_214' title='bbox 1430 2421 1471 2464; x_wconf 90' lang='lat' dir='ltr'><strong>ne</strong></span> <span class='ocrx_word' id='word_1_215' title='bbox 1493 2401 1605 2486; x_wconf 78' lang='lat' dir='ltr'><strong>quistc</strong></span> 
     </span>
    </p>

    <p class='ocr_par' dir='ltr' id='par_1_6' title="bbox 236 2494 1710 2660">
     <span class='ocr_line' id='line_1_22' title="bbox 239 2494 1710 2590; baseline -0.005 -25"><span class='ocrx_word' id='word_1_216' title='bbox 239 2501 278 2565; x_wconf 93' lang='lat' dir='ltr'><strong>de</strong></span> <span class='ocrx_word' id='word_1_217' title='bbox 311 2519 381 2588; x_wconf 82' lang='lat' dir='ltr'><strong>mea</strong></span> <span class='ocrx_word' id='word_1_218' title='bbox 408 2497 469 2562; x_wconf 86' lang='lat' dir='ltr'><strong>fide</strong></span> <span class='ocrx_word' id='word_1_219' title='bbox 499 2506 595 2583; x_wconf 91' lang='lat' dir='ltr'><strong>atque</strong></span> <span class='ocrx_word' id='word_1_220' title='bbox 622 2499 803 2582; x_wconf 87' lang='lat' dir='ltr'><strong>integritate</strong></span> <span class='ocrx_word' id='word_1_221' title='bbox 832 2499 1007 2573; x_wconf 84' lang='lat' dir='ltr'><strong>dubitaret,</strong></span> <span class='ocrx_word' id='word_1_222' title='bbox 1038 2499 1141 2561; x_wconf 91' lang='lat' dir='ltr'><strong>donec</strong></span> <span class='ocrx_word' id='word_1_223' title='bbox 1163 2497 1203 2561; x_wconf 91' lang='lat' dir='ltr'><strong>ad</strong></span> <span class='ocrx_word' id='word_1_224' title='bbox 1225 2497 1421 2561; x_wconf 89' lang='lat' dir='ltr'><strong>reiiciuridos</strong></span> <span class='ocrx_word' id='word_1_225' title='bbox 1443 2494 1566 2558; x_wconf 87' lang='lat' dir='ltr'><strong>iudices</strong></span> <span class='ocrx_word' id='word_1_226' title='bbox 1683 2517 1710 2590; x_wconf 58' lang='lat'><em>3</em></span> 
     </span>
     <span class='ocr_line' id='line_1_23' title="bbox 236 2591 1566 2660; baseline -0.007 0"><span class='ocrx_word' id='word_1_227' title='bbox 236 2595 390 2660; x_wconf 82' lang='lat' dir='ltr'><strong>venimus.</strong></span> <span class='ocrx_word' id='word_1_228' title='bbox 426 2593 494 2656; x_wconf 90' lang='lat' dir='ltr'><strong>Vll.</strong></span> <span class='ocrx_word' id='word_1_229' title='bbox 518 2594 662 2656; x_wconf 89' lang='lat' dir='ltr'><strong>Sciebam</strong></span> <span class='ocrx_word' id='word_1_230' title='bbox 677 2595 711 2657; x_wconf 92' lang='lat' dir='ltr'><strong>in</strong></span> <span class='ocrx_word' id='word_1_231' title='bbox 725 2592 912 2656; x_wconf 89' lang='lat' dir='ltr'><strong>reiiciundis</strong></span> <span class='ocrx_word' id='word_1_232' title='bbox 928 2592 1086 2657; x_wconf 91' lang='lat' dir='ltr'><strong>iudicibus</strong></span> <span class='ocrx_word' id='word_1_233' title='bbox 1101 2591 1273 2656; x_wconf 92' lang='lat' dir='ltr'><strong>nonnullos</strong></span> <span class='ocrx_word' id='word_1_234' title='bbox 1289 2591 1443 2655; x_wconf 90' lang='lat' dir='ltr'><strong>memoria</strong></span> <span class='ocrx_word' id='word_1_235' title='bbox 1457 2596 1566 2654; x_wconf 88' lang='lat' dir='ltr'><strong>nostra</strong></span> 
     </span>
    </p>

    <p class='ocr_par' dir='ltr' id='par_1_7' title="bbox 237 2683 1567 2773">
     <span class='ocr_line' id='line_1_24' title="bbox 237 2683 1567 2773; baseline -0.005 -21"><span class='ocrx_word' id='word_1_236' title='bbox 237 2689 394 2773; x_wconf 84' lang='lat' dir='ltr'><strong>pactionis</strong></span> <span class='ocrx_word' id='word_1_237' title='bbox 423 2688 638 2771; x_wconf 88' lang='lat' dir='ltr'><strong>suspicionem</strong></span> <span class='ocrx_word' id='word_1_238' title='bbox 669 2707 735 2751; x_wconf 93' lang='lat' dir='ltr'><strong>non</strong></span> <span class='ocrx_word' id='word_1_239' title='bbox 757 2686 893 2759; x_wconf 90' lang='lat' dir='ltr'><strong>vitasse,</strong></span> <span class='ocrx_word' id='word_1_240' title='bbox 922 2707 993 2750; x_wconf 91' lang='lat' dir='ltr'><strong>cnm</strong></span> <span class='ocrx_word' id='word_1_241' title='bbox 1015 2687 1049 2749; x_wconf 93' lang='lat' dir='ltr'><strong>in</strong></span> <span class='ocrx_word' id='word_1_242' title='bbox 1070 2687 1140 2770; x_wconf 90' lang='lat' dir='ltr'><strong>ipsa</strong></span> <span class='ocrx_word' id='word_1_243' title='bbox 1162 2687 1363 2750; x_wconf 91' lang='lat' dir='ltr'><strong>accusatione</strong></span> <span class='ocrx_word' id='word_1_244' title='bbox 1387 2703 1497 2748; x_wconf 90' lang='lat' dir='ltr'><strong>eorum</strong></span> <span class='ocrx_word' id='word_1_245' title='bbox 1518 2683 1567 2746; x_wconf 91' lang='lat' dir='ltr'><strong>in·</strong></span> 
     </span>
    </p>

    <p class='ocr_par' dir='ltr' id='par_1_8' title="bbox 237 2775 1565 2865">
     <span class='ocr_line' id='line_1_25' title="bbox 237 2775 1565 2865; baseline -0.004 -19"><span class='ocrx_word' id='word_1_246' title='bbox 237 2783 359 2846; x_wconf 86' lang='lat' dir='ltr'><strong>dustria</strong></span> <span class='ocrx_word' id='word_1_247' title='bbox 381 2801 418 2846; x_wconf 90' lang='lat' dir='ltr'><strong>ac</strong></span> <span class='ocrx_word' id='word_1_248' title='bbox 442 2782 607 2864; x_wconf 81' lang='lat' dir='ltr'><strong>diligentia</strong></span> <span class='ocrx_word' id='word_1_249' title='bbox 628 2782 825 2865; x_wconf 89' lang='lat' dir='ltr'><strong>probaretur.</strong></span> <span class='ocrx_word' id='word_1_250' title='bbox 870 2775 920 2842; x_wconf 90' lang='grc'><strong>48.</strong></span> <span class='ocrx_word' id='word_1_251' title='bbox 943 2782 991 2844; x_wconf 91' lang='lat' dir='ltr'><strong>lta</strong></span> <span class='ocrx_word' id='word_1_252' title='bbox 1011 2782 1108 2845; x_wconf 89' lang='lat' dir='ltr'><strong>reieci</strong></span> <span class='ocrx_word' id='word_1_253' title='bbox 1131 2781 1270 2855; x_wconf 90' lang='lat' dir='ltr'><strong>iudices,</strong></span> <span class='ocrx_word' id='word_1_254' title='bbox 1293 2788 1329 2844; x_wconf 92' lang='lat' dir='ltr'><strong>ut</strong></span> <span class='ocrx_word' id='word_1_255' title='bbox 1349 2779 1411 2844; x_wconf 89' lang='lat' dir='ltr'><strong>boc</strong></span> <span class='ocrx_word' id='word_1_256' title='bbox 1433 2784 1565 2853; x_wconf 90' lang='lat' dir='ltr'><strong>constet,</strong></span> 
     </span>
    </p>

    <p class='ocr_par' dir='ltr' id='par_1_9' title="bbox 235 2873 1604 3052">
     <span class='ocr_line' id='line_1_26' title="bbox 235 2873 1604 2960; baseline 0.001 -22"><span class='ocrx_word' id='word_1_257' title='bbox 235 2883 310 2960; x_wconf 91' lang='lat' dir='ltr'><strong>post</strong></span> <span class='ocrx_word' id='word_1_258' title='bbox 337 2875 424 2939; x_wconf 87' lang='lat' dir='ltr'><strong>bunc</strong></span> <span class='ocrx_word' id='word_1_259' title='bbox 453 2883 571 2938; x_wconf 90' lang='lat' dir='ltr'><strong>statum</strong></span> <span class='ocrx_word' id='word_1_260' title='bbox 599 2876 646 2938; x_wconf 90' lang='lat' dir='ltr'><strong>rei</strong></span> <span class='ocrx_word' id='word_1_261' title='bbox 676 2875 840 2958; x_wconf 88' lang='lat' dir='ltr'><strong>publicae,</strong></span> <span class='ocrx_word' id='word_1_262' title='bbox 867 2894 933 2958; x_wconf 94' lang='lat' dir='ltr'><strong>quo</strong></span> <span class='ocrx_word' id='word_1_263' title='bbox 954 2895 1039 2938; x_wconf 93' lang='lat' dir='ltr'><strong>nunc</strong></span> <span class='ocrx_word' id='word_1_264' title='bbox 1061 2878 1196 2950; x_wconf 91' lang='lat' dir='ltr'><strong>utimur,</strong></span> <span class='ocrx_word' id='word_1_265' title='bbox 1226 2875 1322 2938; x_wconf 90' lang='lat' dir='ltr'><strong>simili</strong></span> <span class='ocrx_word' id='word_1_266' title='bbox 1343 2873 1513 2958; x_wconf 88' lang='lat' dir='ltr'><strong>splendore</strong></span> <span class='ocrx_word' id='word_1_267' title='bbox 1536 2880 1604 2940; x_wconf 77' lang='lat' dir='ltr'><strong>etat</strong></span> 
     </span>
     <span class='ocr_line' id='line_1_27' title="bbox 235 2967 1566 3052; baseline 0.001 -21"><span class='ocrx_word' id='word_1_268' title='bbox 235 2969 390 3052; x_wconf 82' lang='lat' dir='ltr'><strong>dignitate</strong></span> <span class='ocrx_word' id='word_1_269' title='bbox 420 2969 590 3034; x_wconf 87' lang='lat' dir='ltr'><strong>consilium</strong></span> <span class='ocrx_word' id='word_1_270' title='bbox 617 2968 741 3032; x_wconf 92' lang='lat' dir='ltr'><strong>nullum</strong></span> <span class='ocrx_word' id='word_1_271' title='bbox 770 2969 880 3034; x_wconf 87' lang='lat' dir='ltr'><strong>fuisse.</strong></span> <span class='ocrx_word' id='word_1_272' title='bbox 924 2969 1027 3045; x_wconf 89' lang='lat' dir='ltr'><strong>Quam</strong></span> <span class='ocrx_word' id='word_1_273' title='bbox 1050 2971 1110 3035; x_wconf 91' lang='lat' dir='ltr'><strong>iste</strong></span> <span class='ocrx_word' id='word_1_274' title='bbox 1132 2971 1259 3035; x_wconf 90' lang='lat' dir='ltr'><strong>laudem</strong></span> <span class='ocrx_word' id='word_1_275' title='bbox 1281 2989 1482 3034; x_wconf 88' lang='lat' dir='ltr'><strong>communem</strong></span> <span class='ocrx_word' id='word_1_276' title='bbox 1504 2967 1566 3032; x_wconf 91' lang='lat' dir='ltr'><strong>sibi</strong></span> 
     </span>
    </p>

    <p class='ocr_par' dir='ltr' id='par_1_10' title="bbox 234 3061 1566 3147">
     <span class='ocr_line' id='line_1_28' title="bbox 234 3061 1566 3147; baseline -0.004 -19"><span class='ocrx_word' id='word_1_277' title='bbox 234 3065 281 3128; x_wconf 88' lang='lat' dir='ltr'><strong>ait</strong></span> <span class='ocrx_word' id='word_1_278' title='bbox 301 3083 372 3127; x_wconf 89' lang='lat' dir='ltr'><strong>esse</strong></span> <span class='ocrx_word' id='word_1_279' title='bbox 394 3083 539 3128; x_wconf 88' lang='lat' dir='ltr'><strong>mecum:</strong></span> <span class='ocrx_word' id='word_1_280' title='bbox 575 3064 631 3147; x_wconf 91' lang='lat' dir='ltr'><strong>qui</strong></span> <span class='ocrx_word' id='word_1_281' title='bbox 654 3084 725 3127; x_wconf 91' lang='lat' dir='ltr'><strong>cum</strong></span> <span class='ocrx_word' id='word_1_282' title='bbox 747 3065 781 3125; x_wconf 90' lang='lat' dir='ltr'><strong>P.</strong></span> <span class='ocrx_word' id='word_1_283' title='bbox 804 3061 935 3126; x_wconf 89' lang='lat' dir='ltr'><strong>Galbam</strong></span> <span class='ocrx_word' id='word_1_284' title='bbox 957 3065 1095 3129; x_wconf 92' lang='lat' dir='ltr'><strong>iudicem</strong></span> <span class='ocrx_word' id='word_1_285' title='bbox 1115 3066 1292 3139; x_wconf 86' lang='lat' dir='ltr'><strong>reiecisset,</strong></span> <span class='ocrx_word' id='word_1_286' title='bbox 1321 3065 1363 3128; x_wconf 87' lang='lat' dir='ltr'><strong>ll.</strong></span> <span class='ocrx_word' id='word_1_287' title='bbox 1385 3061 1566 3126; x_wconf 90' lang='lat' dir='ltr'><strong>Lucretium</strong></span> 
     </span>
    </p>

    <p class='ocr_par' dir='ltr' id='par_1_11' title="bbox 234 3155 1566 3243">
     <span class='ocr_line' id='line_1_29' title="bbox 234 3155 1566 3243; baseline -0.002 -22"><span class='ocrx_word' id='word_1_288' title='bbox 234 3158 382 3231; x_wconf 88' lang='lat' dir='ltr'><strong>retinuit,</strong></span> <span class='ocrx_word' id='word_1_289' title='bbox 411 3164 459 3231; x_wconf 91' lang='lat' dir='ltr'><strong>et,</strong></span> <span class='ocrx_word' id='word_1_290' title='bbox 491 3178 564 3220; x_wconf 91' lang='lat' dir='ltr'><strong>cum</strong></span> <span class='ocrx_word' id='word_1_291' title='bbox 586 3158 656 3220; x_wconf 89' lang='lat' dir='ltr'><strong>eius</strong></span> <span class='ocrx_word' id='word_1_292' title='bbox 677 3163 832 3240; x_wconf 88' lang='lat' dir='ltr'><strong>patronus</strong></span> <span class='ocrx_word' id='word_1_293' title='bbox 854 3177 894 3221; x_wconf 85' lang='lat' dir='ltr'><strong>ex</strong></span> <span class='ocrx_word' id='word_1_294' title='bbox 916 3178 954 3221; x_wconf 94' lang='lat' dir='ltr'><strong>eo</strong></span> <span class='ocrx_word' id='word_1_295' title='bbox 977 3167 1160 3243; x_wconf 89' lang='lat' dir='ltr'><strong>quaereret,</strong></span> <span class='ocrx_word' id='word_1_296' title='bbox 1183 3180 1240 3223; x_wconf 91' lang='lat' dir='ltr'><strong>cur</strong></span> <span class='ocrx_word' id='word_1_297' title='bbox 1260 3179 1336 3222; x_wconf 89' lang='lat' dir='ltr'><strong>suos</strong></span> <span class='ocrx_word' id='word_1_298' title='bbox 1358 3155 1566 3222; x_wconf 81' lang='lat' dir='ltr'><strong>familiarissi-</strong></span> 
     </span>
    </p>

    <p class='ocr_par' dir='ltr' id='par_1_12' title="bbox 235 3251 1603 3430">
     <span class='ocr_line' id='line_1_30' title="bbox 235 3251 1581 3340; baseline -0.001 -27"><span class='ocrx_word' id='word_1_299' title='bbox 235 3271 322 3325; x_wconf 92' lang='lat' dir='ltr'><strong>mos,</strong></span> <span class='ocrx_word' id='word_1_300' title='bbox 353 3251 426 3313; x_wconf 82' lang='lat' dir='ltr'><strong>Sex.</strong></span> <span class='ocrx_word' id='word_1_301' title='bbox 449 3251 665 3326; x_wconf 88' lang='lat' dir='ltr'><strong>Peducaeum,</strong></span> <span class='ocrx_word' id='word_1_302' title='bbox 696 3252 734 3327; x_wconf 84' lang='lat' dir='ltr'><strong>Q.</strong></span> <span class='ocrx_word' id='word_1_303' title='bbox 759 3252 958 3340; x_wconf 76' lang='lat' dir='ltr'><strong>Considium,</strong></span> <span class='ocrx_word' id='word_1_304' title='bbox 988 3253 1026 3328; x_wconf 85' lang='lat' dir='ltr'><strong>Q.</strong></span> <span class='ocrx_word' id='word_1_305' title='bbox 1048 3254 1175 3316; x_wconf 92' lang='lat' dir='ltr'><strong>lunium</strong></span> <span class='ocrx_word' id='word_1_306' title='bbox 1203 3254 1293 3317; x_wconf 90' lang='lat' dir='ltr'><strong>reiici</strong></span> <span class='ocrx_word' id='word_1_307' title='bbox 1321 3273 1435 3337; x_wconf 88' lang='lat' dir='ltr'><strong>passus</strong></span> <span class='ocrx_word' id='word_1_308' title='bbox 1465 3251 1581 3325; x_wconf 46' lang='lat' dir='ltr'><strong>essetf</strong></span> 
     </span>
     <span class='ocr_line' id='line_1_31' title="bbox 235 3345 1603 3430; baseline 0.001 -22"><span class='ocrx_word' id='word_1_309' title='bbox 235 3345 417 3428; x_wconf 91' lang='lat' dir='ltr'><strong>respondit,</strong></span> <span class='ocrx_word' id='word_1_310' title='bbox 440 3346 527 3430; x_wconf 91' lang='lat' dir='ltr'><strong>qnod</strong></span> <span class='ocrx_word' id='word_1_311' title='bbox 550 3365 606 3408; x_wconf 91' lang='lat' dir='ltr'><strong>eos</strong></span> <span class='ocrx_word' id='word_1_312' title='bbox 628 3346 661 3408; x_wconf 94' lang='lat' dir='ltr'><strong>in</strong></span> <span class='ocrx_word' id='word_1_313' title='bbox 682 3345 854 3410; x_wconf 89' lang='lat' dir='ltr'><strong>iudicando</strong></span> <span class='ocrx_word' id='word_1_314' title='bbox 869 3347 1002 3410; x_wconf 91' lang='lat' dir='ltr'><strong>nimium</strong></span> <span class='ocrx_word' id='word_1_315' title='bbox 1017 3349 1066 3411; x_wconf 90' lang='lat' dir='ltr'><strong>sui</strong></span> <span class='ocrx_word' id='word_1_316' title='bbox 1081 3349 1159 3411; x_wconf 87' lang='lat' dir='ltr'><strong>iuris</strong></span> <span class='ocrx_word' id='word_1_317' title='bbox 1175 3349 1417 3430; x_wconf 87' lang='lat' dir='ltr'><strong>sententiaeque</strong></span> <span class='ocrx_word' id='word_1_318' title='bbox 1432 3359 1603 3430; x_wconf 71' lang='lat' dir='ltr'><strong>cognosco</strong></span> 
     </span>
    </p>

    <p class='ocr_par' dir='ltr' id='par_1_13' title="bbox 235 3434 1565 3523">
     <span class='ocr_line' id='line_1_32' title="bbox 235 3434 1565 3523; baseline 0.002 -21"><span class='ocrx_word' id='word_1_319' title='bbox 235 3447 292 3502; x_wconf 84' lang='lat' dir='ltr'><strong>set</strong></span> <span class='ocrx_word' id='word_1_320' title='bbox 335 3434 386 3500; x_wconf 89' lang='lat' dir='ltr'><strong>l9.</strong></span> <span class='ocrx_word' id='word_1_321' title='bbox 415 3440 526 3522; x_wconf 89' lang='lat' dir='ltr'><strong>ltaque</strong></span> <span class='ocrx_word' id='word_1_322' title='bbox 557 3439 716 3502; x_wconf 91' lang='lat' dir='ltr'><strong>iudicibus</strong></span> <span class='ocrx_word' id='word_1_323' title='bbox 745 3439 872 3503; x_wconf 89' lang='lat' dir='ltr'><strong>reiectis</strong></span> <span class='ocrx_word' id='word_1_324' title='bbox 900 3441 1066 3523; x_wconf 89' lang='lat' dir='ltr'><strong>sperabam</strong></span> <span class='ocrx_word' id='word_1_325' title='bbox 1086 3442 1150 3506; x_wconf 90' lang='lat' dir='ltr'><strong>iam</strong></span> <span class='ocrx_word' id='word_1_326' title='bbox 1173 3463 1253 3506; x_wconf 88' lang='lat' dir='ltr'><strong>onus</strong></span> <span class='ocrx_word' id='word_1_327' title='bbox 1275 3462 1380 3506; x_wconf 92' lang='lat' dir='ltr'><strong>meum</strong></span> <span class='ocrx_word' id='word_1_328' title='bbox 1401 3441 1565 3504; x_wconf 89' lang='lat' dir='ltr'><strong>vobiscum</strong></span> 
     </span>
    </p>

    <p class='ocr_par' dir='ltr' id='par_1_14' title="bbox 235 3525 1798 4286">
     <span class='ocr_line' id='line_1_33' title="bbox 236 3525 1720 3621; baseline 0.001 -25"><span class='ocrx_word' id='word_1_329' title='bbox 236 3553 306 3597; x_wconf 91' lang='lat' dir='ltr'><strong>esse</strong></span> <span class='ocrx_word' id='word_1_330' title='bbox 328 3552 507 3596; x_wconf 89' lang='lat' dir='ltr'><strong>commune.</strong></span> <span class='ocrx_word' id='word_1_331' title='bbox 523 3525 701 3618; x_wconf 77' lang='lat' dir='ltr'><strong>(rounam</strong></span> <span class='ocrx_word' id='word_1_332' title='bbox 723 3554 788 3596; x_wconf 93' lang='lat' dir='ltr'><strong>non</strong></span> <span class='ocrx_word' id='word_1_333' title='bbox 811 3534 915 3598; x_wconf 90' lang='lat' dir='ltr'><strong>solum</strong></span> <span class='ocrx_word' id='word_1_334' title='bbox 936 3535 1038 3610; x_wconf 92' lang='lat' dir='ltr'><strong>notis,</strong></span> <span class='ocrx_word' id='word_1_335' title='bbox 1065 3537 1121 3601; x_wconf 87' lang='lat' dir='ltr'><strong>sed</strong></span> <span class='ocrx_word' id='word_1_336' title='bbox 1144 3537 1239 3600; x_wconf 90' lang='lat' dir='ltr'><strong>etiam</strong></span> <span class='ocrx_word' id='word_1_337' title='bbox 1261 3537 1378 3621; x_wconf 88' lang='lat' dir='ltr'><strong>ignotis</strong></span> <span class='ocrx_word' id='word_1_338' title='bbox 1400 3535 1565 3619; x_wconf 89' lang='lat' dir='ltr'><strong>probatam</strong></span> <span class='ocrx_word' id='word_1_339' title='bbox 1715 3604 1720 3613; x_wconf 22' lang='grc' dir='ltr'><em>ἡ</em></span> 
     </span>
     <span class='ocr_line' id='line_1_34' title="bbox 236 3623 1798 3716; baseline 0.004 -26"><span class='ocrx_word' id='word_1_340' title='bbox 236 3647 339 3690; x_wconf 90' lang='lat' dir='ltr'><strong>meam</strong></span> <span class='ocrx_word' id='word_1_341' title='bbox 368 3623 462 3716; x_wconf 86' lang='lat' dir='ltr'><strong>fidem</strong></span> <span class='ocrx_word' id='word_1_342' title='bbox 485 3645 555 3689; x_wconf 90' lang='lat' dir='ltr'><strong>esse</strong></span> <span class='ocrx_word' id='word_1_343' title='bbox 578 3634 610 3689; x_wconf 90' lang='lat' dir='ltr'><strong>et</strong></span> <span class='ocrx_word' id='word_1_344' title='bbox 631 3623 850 3713; x_wconf 82' lang='lat' dir='ltr'><strong>diligentiam.)</strong></span> <span class='ocrx_word' id='word_1_345' title='bbox 880 3628 975 3705; x_wconf 88' lang='lat' dir='ltr'><strong>Quod</strong></span> <span class='ocrx_word' id='word_1_346' title='bbox 1002 3649 1052 3693; x_wconf 91' lang='lat' dir='ltr'><strong>me</strong></span> <span class='ocrx_word' id='word_1_347' title='bbox 1075 3651 1138 3694; x_wconf 93' lang='lat' dir='ltr'><strong>non</strong></span> <span class='ocrx_word' id='word_1_348' title='bbox 1161 3630 1283 3694; x_wconf 79' lang='lat' dir='ltr'><strong>fefellit.</strong></span> <span class='ocrx_word' id='word_1_349' title='bbox 1325 3631 1406 3694; x_wconf 89' lang='lat' dir='ltr'><strong>Nam</strong></span> <span class='ocrx_word' id='word_1_350' title='bbox 1428 3630 1565 3695; x_wconf 88' lang='lat' dir='ltr'><strong>comitiis</strong></span> <span class='ocrx_word' id='word_1_351' title='bbox 1656 3632 1750 3697; x_wconf 47' lang='lat' dir='ltr'><strong>st*</strong></span> <span class='ocrx_word' id='word_1_352' title='bbox 1777 3628 1798 3660; x_wconf 57' lang='lat' dir='ltr'><strong>n</strong></span> 
     </span>
     <span class='ocr_line' id='line_1_35' title="bbox 235 3715 1565 3809; baseline 0.002 -24"><span class='ocrx_word' id='word_1_353' title='bbox 235 3722 332 3795; x_wconf 88' lang='lat' dir='ltr'><strong>meis,</strong></span> <span class='ocrx_word' id='word_1_354' title='bbox 357 3742 430 3784; x_wconf 92' lang='lat' dir='ltr'><strong>cum</strong></span> <span class='ocrx_word' id='word_1_355' title='bbox 451 3721 511 3784; x_wconf 90' lang='lat' dir='ltr'><strong>iste</strong></span> <span class='ocrx_word' id='word_1_356' title='bbox 532 3715 667 3784; x_wconf 85' lang='lat' dir='ltr'><strong>infinita</strong></span> <span class='ocrx_word' id='word_1_357' title='bbox 681 3721 850 3804; x_wconf 81' lang='lat' dir='ltr'><strong>largitione</strong></span> <span class='ocrx_word' id='word_1_358' title='bbox 873 3729 984 3786; x_wconf 90' lang='lat' dir='ltr'><strong>contra</strong></span> <span class='ocrx_word' id='word_1_359' title='bbox 1003 3732 1227 3800; x_wconf 82' lang='lat' dir='ltr'><strong>mactaretur,</strong></span> <span class='ocrx_word' id='word_1_360' title='bbox 1249 3726 1389 3809; x_wconf 86' lang='lat' dir='ltr'><strong>populus</strong></span> <span class='ocrx_word' id='word_1_361' title='bbox 1402 3727 1565 3790; x_wconf 87' lang='lat' dir='ltr'><strong>Romanus</strong></span> 
     </span>
     <span class='ocr_line' id='line_1_36' title="bbox 235 3813 1602 3903; baseline 0.003 -25"><span class='ocrx_word' id='word_1_362' title='bbox 235 3815 390 3878; x_wconf 87' lang='lat' dir='ltr'><strong>iudicavit</strong></span> <span class='ocrx_word' id='word_1_363' title='bbox 409 3813 501 3878; x_wconf 91' lang='lat' dir='ltr'><strong>istius</strong></span> <span class='ocrx_word' id='word_1_364' title='bbox 531 3817 716 3897; x_wconf 91' lang='lat' dir='ltr'><strong>pecuniam,</strong></span> <span class='ocrx_word' id='word_1_365' title='bbox 747 3835 829 3900; x_wconf 91' lang='lat' dir='ltr'><strong>quae</strong></span> <span class='ocrx_word' id='word_1_366' title='bbox 851 3817 936 3899; x_wconf 92' lang='lat' dir='ltr'><strong>apud</strong></span> <span class='ocrx_word' id='word_1_367' title='bbox 957 3838 1008 3882; x_wconf 88' lang='lat' dir='ltr'><strong>me</strong></span> <span class='ocrx_word' id='word_1_368' title='bbox 1030 3825 1140 3882; x_wconf 92' lang='lat' dir='ltr'><strong>contra</strong></span> <span class='ocrx_word' id='word_1_369' title='bbox 1162 3815 1257 3882; x_wconf 83' lang='lat' dir='ltr'><strong>iidem</strong></span> <span class='ocrx_word' id='word_1_370' title='bbox 1279 3839 1383 3883; x_wconf 92' lang='lat' dir='ltr'><strong>meam</strong></span> <span class='ocrx_word' id='word_1_371' title='bbox 1404 3820 1486 3884; x_wconf 93' lang='lat' dir='ltr'><strong>nihil</strong></span> <span class='ocrx_word' id='word_1_372' title='bbox 1505 3832 1602 3903; x_wconf 82' lang='lat' dir='ltr'><strong>po·at</strong></span> 
     </span>
     <span class='ocr_line' id='line_1_37' title="bbox 236 3909 1564 3998; baseline 0.002 -26"><span class='ocrx_word' id='word_1_373' title='bbox 236 3909 367 3983; x_wconf 90' lang='lat' dir='ltr'><strong>tuisset,</strong></span> <span class='ocrx_word' id='word_1_374' title='bbox 396 3910 481 3992; x_wconf 88' lang='lat' dir='ltr'><strong>apud</strong></span> <span class='ocrx_word' id='word_1_375' title='bbox 508 3931 543 3974; x_wconf 87' lang='lat' dir='ltr'><strong>se</strong></span> <span class='ocrx_word' id='word_1_376' title='bbox 572 3922 683 3975; x_wconf 90' lang='lat' dir='ltr'><strong>contra</strong></span> <span class='ocrx_word' id='word_1_377' title='bbox 703 3912 858 3975; x_wconf 87' lang='lat' dir='ltr'><strong>honorem</strong></span> <span class='ocrx_word' id='word_1_378' title='bbox 880 3933 985 3976; x_wconf 92' lang='lat' dir='ltr'><strong>meum</strong></span> <span class='ocrx_word' id='word_1_379' title='bbox 1008 3912 1088 3976; x_wconf 92' lang='lat' dir='ltr'><strong>nihil</strong></span> <span class='ocrx_word' id='word_1_380' title='bbox 1110 3933 1205 3996; x_wconf 89' lang='lat' dir='ltr'><strong>posse</strong></span> <span class='ocrx_word' id='word_1_381' title='bbox 1228 3914 1353 3978; x_wconf 92' lang='lat' dir='ltr'><strong>debere.</strong></span> <span class='ocrx_word' id='word_1_382' title='bbox 1397 3915 1470 3991; x_wconf 88' lang='lat' dir='ltr'><strong>Quo</strong></span> <span class='ocrx_word' id='word_1_383' title='bbox 1493 3913 1564 3998; x_wconf 89' lang='lat' dir='ltr'><strong>qui-</strong></span> 
     </span>
     <span class='ocr_line' id='line_1_38' title="bbox 236 4002 1565 4093; baseline 0.003 -28"><span class='ocrx_word' id='word_1_384' title='bbox 236 4003 308 4065; x_wconf 90' lang='lat' dir='ltr'><strong>dem</strong></span> <span class='ocrx_word' id='word_1_385' title='bbox 330 4002 383 4065; x_wconf 94' lang='lat' dir='ltr'><strong>die</strong></span> <span class='ocrx_word' id='word_1_386' title='bbox 405 4003 559 4085; x_wconf 91' lang='lat' dir='ltr'><strong>primum,</strong></span> <span class='ocrx_word' id='word_1_387' title='bbox 583 4005 722 4080; x_wconf 88' lang='lat' dir='ltr'><strong>iudices,</strong></span> <span class='ocrx_word' id='word_1_388' title='bbox 745 4005 833 4070; x_wconf 91' lang='lat' dir='ltr'><strong>citati</strong></span> <span class='ocrx_word' id='word_1_389' title='bbox 851 4008 885 4070; x_wconf 93' lang='lat' dir='ltr'><strong>in</strong></span> <span class='ocrx_word' id='word_1_390' title='bbox 899 4007 986 4071; x_wconf 91' lang='lat' dir='ltr'><strong>bunc</strong></span> <span class='ocrx_word' id='word_1_391' title='bbox 1000 4027 1090 4071; x_wconf 90' lang='lat' dir='ltr'><strong>reum</strong></span> <span class='ocrx_word' id='word_1_392' title='bbox 1105 4010 1310 4084; x_wconf 87' lang='lat' dir='ltr'><strong>consedistis,</strong></span> <span class='ocrx_word' id='word_1_393' title='bbox 1333 4009 1405 4093; x_wconf 89' lang='lat' dir='ltr'><strong>quis</strong></span> <span class='ocrx_word' id='word_1_394' title='bbox 1425 4015 1489 4072; x_wconf 90' lang='lat' dir='ltr'><strong>tam</strong></span> <span class='ocrx_word' id='word_1_395' title='bbox 1504 4007 1565 4072; x_wconf 90' lang='lat' dir='ltr'><strong>ini·</strong></span> 
     </span>
     <span class='ocr_line' id='line_1_39' title="bbox 236 4097 1564 4186; baseline 0.004 -26"><span class='ocrx_word' id='word_1_396' title='bbox 236 4118 319 4182; x_wconf 90' lang='lat' dir='ltr'><strong>quus</strong></span> <span class='ocrx_word' id='word_1_397' title='bbox 340 4097 415 4162; x_wconf 90' lang='lat' dir='ltr'><strong>huic</strong></span> <span class='ocrx_word' id='word_1_398' title='bbox 437 4098 542 4162; x_wconf 92' lang='lat' dir='ltr'><strong>ordini</strong></span> <span class='ocrx_word' id='word_1_399' title='bbox 563 4099 642 4175; x_wconf 85' lang='lat' dir='ltr'><strong>luit,</strong></span> <span class='ocrx_word' id='word_1_400' title='bbox 665 4100 737 4184; x_wconf 91' lang='lat' dir='ltr'><strong>quis</strong></span> <span class='ocrx_word' id='word_1_401' title='bbox 757 4107 821 4164; x_wconf 91' lang='lat' dir='ltr'><strong>tam</strong></span> <span class='ocrx_word' id='word_1_402' title='bbox 836 4121 990 4166; x_wconf 87' lang='lat' dir='ltr'><strong>novarum</strong></span> <span class='ocrx_word' id='word_1_403' title='bbox 1004 4123 1128 4178; x_wconf 89' lang='lat' dir='ltr'><strong>rerum,</strong></span> <span class='ocrx_word' id='word_1_404' title='bbox 1150 4101 1341 4168; x_wconf 90' lang='lat' dir='ltr'><strong>iudiciorum</strong></span> <span class='ocrx_word' id='word_1_405' title='bbox 1357 4103 1564 4186; x_wconf 91' lang='lat' dir='ltr'><strong>iudicumque</strong></span> 
     </span>
     <span class='ocr_line' id='line_1_40' title="bbox 235 4191 1563 4286; baseline 0.006 -31"><span class='ocrx_word' id='word_1_406' title='bbox 235 4191 390 4275; x_wconf 89' lang='lat' dir='ltr'><strong>cupidus,</strong></span> <span class='ocrx_word' id='word_1_407' title='bbox 413 4193 470 4276; x_wconf 93' lang='lat' dir='ltr'><strong>qui</strong></span> <span class='ocrx_word' id='word_1_408' title='bbox 491 4213 558 4256; x_wconf 93' lang='lat' dir='ltr'><strong>non</strong></span> <span class='ocrx_word' id='word_1_409' title='bbox 578 4193 734 4277; x_wconf 89' lang='lat' dir='ltr'><strong>adspectu</strong></span> <span class='ocrx_word' id='word_1_410' title='bbox 748 4213 965 4280; x_wconf 84' lang='lat' dir='ltr'><strong>consessuque</strong></span> <span class='ocrx_word' id='word_1_411' title='bbox 979 4202 1084 4286; x_wconf 64' lang='lat' dir='ltr'><strong>gestio</strong></span> <span class='ocrx_word' id='word_1_412' title='bbox 1100 4199 1376 4262; x_wconf 70' lang='lat' dir='ltr'><strong>commoveretur?</strong></span> <span class='ocrx_word' id='word_1_413' title='bbox 1409 4193 1461 4261; x_wconf 77' lang='grc'><strong>20.</strong></span> <span class='ocrx_word' id='word_1_414' title='bbox 1485 4195 1563 4263; x_wconf 85' lang='lat' dir='ltr'><strong>Cum</strong></span> 
     </span>
    </p>
   </div>
   <div class='ocr_carea' id='block_1_3' title="bbox 1649 1236 1723 1304">
    <p class='ocr_par' dir='ltr' id='par_1_15' title="bbox 1649 1236 1723 1304">
     <span class='ocr_line' id='line_1_41' title="bbox 1649 1236 1723 1304; baseline 0 0"><span class='ocrx_word' id='word_1_415' title='bbox 1649 1236 1723 1304; x_wconf 50' lang='lat' dir='ltr'><strong>a&amp;</strong></span> 
     </span>
    </p>
   </div>
   <div class='ocr_carea' id='block_1_4' title="bbox 232 4412 1564 5242">
    <p class='ocr_par' dir='ltr' id='par_1_16' title="bbox 232 4412 1564 5242">
     <span class='ocr_line' id='line_1_42' title="bbox 298 4412 1564 4482; baseline 0.004 -16"><span class='ocrx_word' id='word_1_416' title='bbox 298 4417 323 4467; x_wconf 81' lang='lat'><strong>2.</strong></span> <span class='ocrx_word' id='word_1_417' title='bbox 341 4428 355 4466; x_wconf 85' lang='lat' dir='ltr'><strong>c</strong></span> <span class='ocrx_word' id='word_1_418' title='bbox 370 4412 474 4466; x_wconf 68' lang='lat' dir='ltr'><strong>cummi&gt;</strong></span> <span class='ocrx_word' id='word_1_419' title='bbox 491 4418 523 4466; x_wconf 88' lang='grc'><strong>64</strong></span> <span class='ocrx_word' id='word_1_420' title='bbox 536 4414 612 4478; x_wconf 63' lang='lat' dir='ltr'><strong>aga.</strong></span> <span class='ocrx_word' id='word_1_421' title='bbox 646 4415 784 4481; x_wconf 81' lang='lat' dir='ltr'><strong>vulgatam</strong></span> <span class='ocrx_word' id='word_1_422' title='bbox 802 4418 892 4468; x_wconf 90' lang='lat' dir='ltr'><strong>tuetur</strong></span> <span class='ocrx_word' id='word_1_423' title='bbox 908 4417 987 4468; x_wconf 86' lang='lat' dir='ltr'><strong>etiam</strong></span> <span class='ocrx_word' id='word_1_424' title='bbox 1004 4421 1035 4467; x_wconf 82' lang='grc' dir='ltr'><strong>Α.</strong></span> <span class='ocrx_word' id='word_1_425' title='bbox 1056 4443 1083 4454; x_wconf 98' lang='grc'><strong>-</strong></span> <span class='ocrx_word' id='word_1_426' title='bbox 1112 4417 1137 4468; x_wconf 86' lang='grc'><strong>3.</strong></span> <span class='ocrx_word' id='word_1_427' title='bbox 1158 4420 1229 4482; x_wconf 81' lang='lat' dir='ltr'><strong>suere</strong></span> <span class='ocrx_word' id='word_1_428' title='bbox 1250 4419 1298 4470; x_wconf 89' lang='lat' dir='ltr'><strong>dtt.</strong></span> <span class='ocrx_word' id='word_1_429' title='bbox 1317 4420 1348 4470; x_wconf 92' lang='lat'><strong>0.</strong></span> <span class='ocrx_word' id='word_1_430' title='bbox 1369 4445 1397 4456; x_wconf 91' lang='lat'><em>-</em></span> <span class='ocrx_word' id='word_1_431' title='bbox 1420 4419 1564 4482; x_wconf 67' lang='lat' dir='ltr'><strong>preconem</strong></span> 
     </span>
     <span class='ocr_line' id='line_1_43' title="bbox 234 4491 1560 4557; baseline 0.002 -13"><span class='ocrx_word' id='word_1_432' title='bbox 234 4492 281 4544; x_wconf 90' lang='lat' dir='ltr'><strong>dtt.</strong></span> <span class='ocrx_word' id='word_1_433' title='bbox 295 4493 324 4542; x_wconf 92' lang='lat'><strong>0.</strong></span> <span class='ocrx_word' id='word_1_434' title='bbox 337 4519 364 4526; x_wconf 88' lang='lat'><em>-</em></span> <span class='ocrx_word' id='word_1_435' title='bbox 384 4491 424 4542; x_wconf 95' lang='grc'><strong>40.</strong></span> <span class='ocrx_word' id='word_1_436' title='bbox 443 4493 536 4542; x_wconf 81' lang='lat' dir='ltr'><strong>devorti</strong></span> <span class='ocrx_word' id='word_1_437' title='bbox 552 4493 613 4552; x_wconf 80' lang='grc' dir='ltr'><strong>64ς</strong></span> <span class='ocrx_word' id='word_1_438' title='bbox 631 4491 709 4543; x_wconf 90' lang='lat' dir='ltr'><strong>codd.</strong></span> <span class='ocrx_word' id='word_1_439' title='bbox 723 4491 855 4543; x_wconf 90' lang='lat' dir='ltr'><strong>Lambini:</strong></span> <span class='ocrx_word' id='word_1_440' title='bbox 875 4492 964 4542; x_wconf 83' lang='lat' dir='ltr'><strong>diverti</strong></span> <span class='ocrx_word' id='word_1_441' title='bbox 981 4493 1017 4542; x_wconf 71' lang='grc'><strong>62</strong></span> <span class='ocrx_word' id='word_1_442' title='bbox 1034 4493 1081 4544; x_wconf 93' lang='lat' dir='ltr'><strong>Ld.</strong></span> <span class='ocrx_word' id='word_1_443' title='bbox 1097 4519 1124 4530; x_wconf 98' lang='lat'>-</span> <span class='ocrx_word' id='word_1_444' title='bbox 1145 4494 1185 4544; x_wconf 68' lang='grc'><strong>49.</strong></span> <span class='ocrx_word' id='word_1_445' title='bbox 1198 4507 1230 4544; x_wconf 87' lang='lat' dir='ltr'><strong>oc</strong></span> <span class='ocrx_word' id='word_1_446' title='bbox 1245 4501 1336 4557; x_wconf 83' lang='lat' dir='ltr'><strong>sumpt.</strong></span> <span class='ocrx_word' id='word_1_447' title='bbox 1355 4496 1401 4546; x_wconf 73' lang='lat' dir='ltr'><strong>Gi.</strong></span> <span class='ocrx_word' id='word_1_448' title='bbox 1417 4523 1445 4534; x_wconf 89' lang='lat'><em>-</em></span> <span class='ocrx_word' id='word_1_449' title='bbox 1462 4497 1490 4547; x_wconf 79' lang='lat' dir='ltr'><strong>io</strong></span> <span class='ocrx_word' id='word_1_450' title='bbox 1506 4507 1560 4546; x_wconf 87' lang='lat' dir='ltr'><strong>om.</strong></span> 
     </span>
     <span class='ocr_line' id='line_1_44' title="bbox 233 4565 1563 4633; baseline 0.004 -16"><span class='ocrx_word' id='word_1_451' title='bbox 233 4567 294 4618; x_wconf 76' lang='lat' dir='ltr'><strong>Gli</strong></span> <span class='ocrx_word' id='word_1_452' title='bbox 311 4568 350 4626; x_wconf 77' lang='lat' dir='ltr'><strong>A3</strong></span> <span class='ocrx_word' id='word_1_453' title='bbox 368 4566 396 4616; x_wconf 86' lang='lat' dir='ltr'><strong>io</strong></span> <span class='ocrx_word' id='word_1_454' title='bbox 411 4567 554 4628; x_wconf 77' lang='lat' dir='ltr'><strong>quaerendo</strong></span> <span class='ocrx_word' id='word_1_455' title='bbox 571 4566 618 4617; x_wconf 93' lang='lat' dir='ltr'><strong>Ld.</strong></span> <span class='ocrx_word' id='word_1_456' title='bbox 639 4594 667 4603; x_wconf 93' lang='lat'>—</span> <span class='ocrx_word' id='word_1_457' title='bbox 687 4565 727 4617; x_wconf 83' lang='lat' dir='ltr'><strong>ti.</strong></span> <span class='ocrx_word' id='word_1_458' title='bbox 745 4567 846 4618; x_wconf 66' lang='lat' dir='ltr'><strong>titolum</strong></span> <span class='ocrx_word' id='word_1_459' title='bbox 862 4568 931 4618; x_wconf 89' lang='lat' dir='ltr'><strong>coni.</strong></span> <span class='ocrx_word' id='word_1_460' title='bbox 949 4570 1061 4633; x_wconf 89' lang='lat' dir='ltr'><strong>Zumpt:</strong></span> <span class='ocrx_word' id='word_1_461' title='bbox 1079 4571 1184 4621; x_wconf 65' lang='lat' dir='ltr'><strong>istorum</strong></span> <span class='ocrx_word' id='word_1_462' title='bbox 1200 4570 1279 4622; x_wconf 89' lang='lat' dir='ltr'><strong>codd.</strong></span> <span class='ocrx_word' id='word_1_463' title='bbox 1298 4573 1328 4622; x_wconf 90' lang='grc' dir='ltr'><strong>Ο.</strong></span> <span class='ocrx_word' id='word_1_464' title='bbox 1349 4600 1377 4610; x_wconf 95' lang='grc'><strong>-</strong></span> <span class='ocrx_word' id='word_1_465' title='bbox 1396 4574 1436 4623; x_wconf 76' lang='grc'><strong>44.</strong></span> <span class='ocrx_word' id='word_1_466' title='bbox 1455 4587 1512 4624; x_wconf 74' lang='lat' dir='ltr'><strong>mco</strong></span> <span class='ocrx_word' id='word_1_467' title='bbox 1523 4587 1563 4622; x_wconf 75' lang='lat' dir='ltr'><strong>co</strong></span> 
     </span>
     <span class='ocr_line' id='line_1_45' title="bbox 232 4641 1563 4712; baseline 0.005 -20"><span class='ocrx_word' id='word_1_468' title='bbox 232 4643 303 4692; x_wconf 86' lang='lat' dir='ltr'><strong>mites</strong></span> <span class='ocrx_word' id='word_1_469' title='bbox 318 4641 390 4690; x_wconf 79' lang='lat' dir='ltr'><strong>istius</strong></span> <span class='ocrx_word' id='word_1_470' title='bbox 406 4645 481 4702; x_wconf 78' lang='lat' dir='ltr'><strong>atquo</strong></span> <span class='ocrx_word' id='word_1_471' title='bbox 497 4641 574 4690; x_wconf 71' lang='lat' dir='ltr'><strong>amici</strong></span> <span class='ocrx_word' id='word_1_472' title='bbox 590 4643 657 4692; x_wconf 87' lang='lat' dir='ltr'><strong>Non.</strong></span> <span class='ocrx_word' id='word_1_473' title='bbox 676 4655 703 4706; x_wconf 88' lang='lat' dir='ltr'><strong>p.</strong></span> <span class='ocrx_word' id='word_1_474' title='bbox 722 4641 779 4694; x_wconf 83' lang='lat'><strong>337.</strong></span> <span class='ocrx_word' id='word_1_475' title='bbox 800 4669 828 4680; x_wconf 88' lang='lat'><strong>-·</strong></span> <span class='ocrx_word' id='word_1_476' title='bbox 848 4643 888 4693; x_wconf 86' lang='grc'><strong>46.</strong></span> <span class='ocrx_word' id='word_1_477' title='bbox 907 4643 1026 4694; x_wconf 79' lang='lat' dir='ltr'><strong>eiusmodi</strong></span> <span class='ocrx_word' id='word_1_478' title='bbox 1043 4645 1117 4705; x_wconf 64' lang='lat' dir='ltr'><strong>Gis,</strong></span> <span class='ocrx_word' id='word_1_479' title='bbox 1142 4645 1308 4696; x_wconf 67' lang='lat' dir='ltr'><strong>huiscemodi</strong></span> <span class='ocrx_word' id='word_1_480' title='bbox 1325 4647 1354 4696; x_wconf 90' lang='lat'><strong>0.</strong></span> <span class='ocrx_word' id='word_1_481' title='bbox 1376 4673 1403 4684; x_wconf 93' lang='lat'>-</span> <span class='ocrx_word' id='word_1_482' title='bbox 1427 4647 1484 4712; x_wconf 85' lang='lat' dir='ltr'><strong>quo]</strong></span> <span class='ocrx_word' id='word_1_483' title='bbox 1502 4659 1563 4710; x_wconf 82' lang='lat' dir='ltr'><strong>quos</strong></span> 
     </span>
     <span class='ocr_line' id='line_1_46' title="bbox 233 4717 1561 4784; baseline 0.004 -17"><span class='ocrx_word' id='word_1_484' title='bbox 233 4719 286 4776; x_wconf 86' lang='lat' dir='ltr'><strong>Gt;</strong></span> <span class='ocrx_word' id='word_1_485' title='bbox 309 4729 357 4778; x_wconf 79' lang='lat' dir='ltr'><strong>per</strong></span> <span class='ocrx_word' id='word_1_486' title='bbox 376 4727 438 4776; x_wconf 75' lang='lat' dir='ltr'><strong>quos</strong></span> <span class='ocrx_word' id='word_1_487' title='bbox 460 4717 507 4766; x_wconf 78' lang='grc'><strong>62.</strong></span> <span class='ocrx_word' id='word_1_488' title='bbox 527 4742 554 4751; x_wconf 95' lang='grc'><strong>-</strong></span> <span class='ocrx_word' id='word_1_489' title='bbox 574 4717 615 4767; x_wconf 83' lang='grc'><strong>47.</strong></span> <span class='ocrx_word' id='word_1_490' title='bbox 637 4719 708 4780; x_wconf 84' lang='lat' dir='ltr'><strong>cero]</strong></span> <span class='ocrx_word' id='word_1_491' title='bbox 728 4731 786 4768; x_wconf 86' lang='lat' dir='ltr'><strong>mco</strong></span> <span class='ocrx_word' id='word_1_492' title='bbox 806 4718 850 4768; x_wconf 78' lang='grc'><strong>69.</strong></span> <span class='ocrx_word' id='word_1_493' title='bbox 879 4741 907 4754; x_wconf 91' lang='grc'><strong>-</strong></span> <span class='ocrx_word' id='word_1_494' title='bbox 935 4719 975 4769; x_wconf 89' lang='grc'><strong>48.</strong></span> <span class='ocrx_word' id='word_1_495' title='bbox 994 4724 1018 4768; x_wconf 88' lang='lat' dir='ltr'><strong>ct</strong></span> <span class='ocrx_word' id='word_1_496' title='bbox 1032 4718 1074 4784; x_wconf 74' lang='lat' dir='ltr'><strong>ca]</strong></span> <span class='ocrx_word' id='word_1_497' title='bbox 1097 4734 1130 4770; x_wconf 76' lang='lat' dir='ltr'><strong>aa</strong></span> <span class='ocrx_word' id='word_1_498' title='bbox 1146 4721 1178 4771; x_wconf 89' lang='grc'><strong>64</strong></span> <span class='ocrx_word' id='word_1_499' title='bbox 1190 4722 1216 4771; x_wconf 73' lang='grc'><strong>9.</strong></span> <span class='ocrx_word' id='word_1_500' title='bbox 1236 4747 1264 4758; x_wconf 90' lang='lat'><em>-</em></span> <span class='ocrx_word' id='word_1_501' title='bbox 1281 4722 1323 4773; x_wconf 73' lang='lat'><strong>20.</strong></span> <span class='ocrx_word' id='word_1_502' title='bbox 1340 4727 1450 4772; x_wconf 74' lang='lat' dir='ltr'><strong>oestmun</strong></span> <span class='ocrx_word' id='word_1_503' title='bbox 1466 4723 1512 4772; x_wconf 89' lang='grc'><strong>64.</strong></span> <span class='ocrx_word' id='word_1_504' title='bbox 1533 4747 1561 4758; x_wconf 85' lang='grc'><strong>-</strong></span> 
     </span>
     <span class='ocr_line' id='line_1_47' title="bbox 232 4786 1560 4858; baseline 0.003 -16"><span class='ocrx_word' id='word_1_505' title='bbox 232 4793 274 4842; x_wconf 72' lang='lat' dir='ltr'><strong>it.</strong></span> <span class='ocrx_word' id='word_1_506' title='bbox 292 4791 433 4840; x_wconf 78' lang='lat' dir='ltr'><strong>reiciundos</strong></span> <span class='ocrx_word' id='word_1_507' title='bbox 448 4786 534 4850; x_wconf 74' lang='grc' dir='ltr'><strong>69ςλ</strong></span> <span class='ocrx_word' id='word_1_508' title='bbox 552 4789 636 4852; x_wconf 75' lang='lat' dir='ltr'><strong>ngas:</strong></span> <span class='ocrx_word' id='word_1_509' title='bbox 660 4793 807 4843; x_wconf 74' lang='lat' dir='ltr'><strong>reiicicodos</strong></span> <span class='ocrx_word' id='word_1_510' title='bbox 823 4795 855 4844; x_wconf 88' lang='grc'><strong>64</strong></span> <span class='ocrx_word' id='word_1_511' title='bbox 869 4794 899 4844; x_wconf 89' lang='grc'><strong>0.</strong></span> <span class='ocrx_word' id='word_1_512' title='bbox 920 4821 947 4830; x_wconf 97' lang='grc'><strong>-</strong></span> <span class='ocrx_word' id='word_1_513' title='bbox 966 4795 1007 4844; x_wconf 75' lang='lat' dir='ltr'><strong>ii.</strong></span> <span class='ocrx_word' id='word_1_514' title='bbox 1022 4795 1157 4846; x_wconf 76' lang='lat' dir='ltr'><strong>raiciwcdis</strong></span> <span class='ocrx_word' id='word_1_515' title='bbox 1174 4795 1278 4858; x_wconf 64' lang='lat' dir='ltr'><strong>sagi:</strong></span> <span class='ocrx_word' id='word_1_516' title='bbox 1301 4799 1440 4849; x_wconf 79' lang='lat' dir='ltr'><strong>reiicicndts</strong></span> <span class='ocrx_word' id='word_1_517' title='bbox 1454 4799 1518 4849; x_wconf 78' lang='lat' dir='ltr'><strong>aot</strong></span> <span class='ocrx_word' id='word_1_518' title='bbox 1531 4796 1560 4847; x_wconf 92' lang='grc'><strong>0.</strong></span> 
     </span>
     <span class='ocr_line' id='line_1_48' title="bbox 235 4863 1563 4929; baseline 0.005 -14"><span class='ocrx_word' id='word_1_519' title='bbox 235 4893 263 4902; x_wconf 92' lang='grc'>-</span> <span class='ocrx_word' id='word_1_520' title='bbox 281 4864 323 4916; x_wconf 72' lang='grc'><strong>93.</strong></span> <span class='ocrx_word' id='word_1_521' title='bbox 341 4865 368 4914; x_wconf 82' lang='lat' dir='ltr'><strong>ic</strong></span> <span class='ocrx_word' id='word_1_522' title='bbox 384 4864 440 4926; x_wconf 81' lang='lat' dir='ltr'><strong>ipso</strong></span> <span class='ocrx_word' id='word_1_523' title='bbox 456 4863 535 4914; x_wconf 87' lang='lat' dir='ltr'><strong>codd.</strong></span> <span class='ocrx_word' id='word_1_524' title='bbox 553 4863 661 4929; x_wconf 76' lang='lat' dir='ltr'><strong>pleriq:</strong></span> <span class='ocrx_word' id='word_1_525' title='bbox 683 4867 739 4928; x_wconf 84' lang='lat' dir='ltr'><strong>ipso</strong></span> <span class='ocrx_word' id='word_1_526' title='bbox 755 4867 782 4916; x_wconf 83' lang='lat' dir='ltr'><strong>in</strong></span> <span class='ocrx_word' id='word_1_527' title='bbox 798 4867 828 4918; x_wconf 89' lang='lat'><strong>0.</strong></span> <span class='ocrx_word' id='word_1_528' title='bbox 849 4893 877 4905; x_wconf 91' lang='lat'>-</span> <span class='ocrx_word' id='word_1_529' title='bbox 900 4867 942 4919; x_wconf 74' lang='lat' dir='ltr'><strong>is.</strong></span> <span class='ocrx_word' id='word_1_530' title='bbox 961 4870 998 4920; x_wconf 85' lang='lat' dir='ltr'><strong>ait</strong></span> <span class='ocrx_word' id='word_1_531' title='bbox 1013 4869 1059 4920; x_wconf 77' lang='lat' dir='ltr'><strong>cibi</strong></span> <span class='ocrx_word' id='word_1_532' title='bbox 1079 4870 1128 4921; x_wconf 92' lang='lat' dir='ltr'><strong>dtt.</strong></span> <span class='ocrx_word' id='word_1_533' title='bbox 1147 4871 1177 4921; x_wconf 94' lang='lat'><strong>0.</strong></span> <span class='ocrx_word' id='word_1_534' title='bbox 1197 4897 1225 4908; x_wconf 88' lang='lat'><strong>—·</strong></span> <span class='ocrx_word' id='word_1_535' title='bbox 1243 4873 1284 4924; x_wconf 75' lang='lat'><strong>29.</strong></span> <span class='ocrx_word' id='word_1_536' title='bbox 1302 4874 1456 4924; x_wconf 80' lang='lat' dir='ltr'><strong>Pocducoum</strong></span> <span class='ocrx_word' id='word_1_537' title='bbox 1472 4873 1502 4922; x_wconf 91' lang='lat'><strong>0.</strong></span> <span class='ocrx_word' id='word_1_538' title='bbox 1529 4871 1563 4922; x_wconf 76' lang='lat' dir='ltr'><strong>it</strong></span> 
     </span>
     <span class='ocr_line' id='line_1_49' title="bbox 234 4938 1563 5013; baseline 0.005 -21"><span class='ocrx_word' id='word_1_539' title='bbox 234 4941 267 4994; x_wconf 90' lang='lat' dir='ltr'><strong>ci.</strong></span> <span class='ocrx_word' id='word_1_540' title='bbox 292 4941 427 4992; x_wconf 86' lang='lat' dir='ltr'><strong>Onomast.</strong></span> <span class='ocrx_word' id='word_1_541' title='bbox 450 4952 478 5003; x_wconf 89' lang='lat' dir='ltr'><strong>p.</strong></span> <span class='ocrx_word' id='word_1_542' title='bbox 496 4938 559 5000; x_wconf 63' lang='lat' dir='ltr'><strong>tin</strong></span> <span class='ocrx_word' id='word_1_543' title='bbox 583 4942 870 5008; x_wconf 62' lang='lat' dir='ltr'><strong>numennumen.</strong></span> <span class='ocrx_word' id='word_1_544' title='bbox 896 4969 924 4981; x_wconf 91' lang='lat'>-</span> <span class='ocrx_word' id='word_1_545' title='bbox 947 4945 988 4996; x_wconf 85' lang='grc'><strong>30.</strong></span> <span class='ocrx_word' id='word_1_546' title='bbox 1006 4952 1132 5010; x_wconf 69' lang='lat' dir='ltr'><strong>cognosset</strong></span> <span class='ocrx_word' id='word_1_547' title='bbox 1153 4947 1239 5011; x_wconf 77' lang='lat' dir='ltr'><strong>ngas:</strong></span> <span class='ocrx_word' id='word_1_548' title='bbox 1265 4953 1393 5013; x_wconf 71' lang='lat' dir='ltr'><strong>cognoscat</strong></span> <span class='ocrx_word' id='word_1_549' title='bbox 1413 4961 1444 5008; x_wconf 77' lang='grc' dir='ltr'><strong>ςς</strong></span> <span class='ocrx_word' id='word_1_550' title='bbox 1469 4959 1563 5011; x_wconf 77' lang='lat' dir='ltr'><strong>cogno-</strong></span> 
     </span>
     <span class='ocr_line' id='line_1_50' title="bbox 232 5015 1560 5083; baseline 0.003 -16"><span class='ocrx_word' id='word_1_551' title='bbox 232 5020 310 5068; x_wconf 76' lang='lat' dir='ltr'><strong>sceret</strong></span> <span class='ocrx_word' id='word_1_552' title='bbox 326 5017 372 5067; x_wconf 88' lang='lat' dir='ltr'><strong>ctt.</strong></span> <span class='ocrx_word' id='word_1_553' title='bbox 399 5015 559 5080; x_wconf 83' lang='lat' dir='ltr'><strong>Saepissime</strong></span> <span class='ocrx_word' id='word_1_554' title='bbox 580 5015 631 5066; x_wconf 86' lang='lat' dir='ltr'><strong>hae</strong></span> <span class='ocrx_word' id='word_1_555' title='bbox 653 5015 754 5069; x_wconf 79' lang='lat' dir='ltr'><strong>formae</strong></span> <span class='ocrx_word' id='word_1_556' title='bbox 779 5019 831 5070; x_wconf 88' lang='lat' dir='ltr'><strong>hoc</strong></span> <span class='ocrx_word' id='word_1_557' title='bbox 848 5019 929 5071; x_wconf 91' lang='lat' dir='ltr'><strong>modo</strong></span> <span class='ocrx_word' id='word_1_558' title='bbox 946 5031 961 5069; x_wconf 89' lang='lat' dir='ltr'><strong>a</strong></span> <span class='ocrx_word' id='word_1_559' title='bbox 978 5018 1090 5072; x_wconf 85' lang='lat' dir='ltr'><strong>librariis</strong></span> <span class='ocrx_word' id='word_1_560' title='bbox 1107 5024 1313 5073; x_wconf 88' lang='lat' dir='ltr'><strong>commutantur.</strong></span> <span class='ocrx_word' id='word_1_561' title='bbox 1340 5023 1374 5072; x_wconf 88' lang='lat' dir='ltr'><strong>ct.</strong></span> <span class='ocrx_word' id='word_1_562' title='bbox 1391 5020 1458 5072; x_wconf 88' lang='lat' dir='ltr'><strong>intra</strong></span> <span class='ocrx_word' id='word_1_563' title='bbox 1475 5019 1500 5083; x_wconf 70' lang='lat' dir='ltr'><strong>g.</strong></span> <span class='ocrx_word' id='word_1_564' title='bbox 1519 5019 1560 5071; x_wconf 83' lang='grc'><strong>97.</strong></span> 
     </span>
     <span class='ocr_line' id='line_1_51' title="bbox 235 5089 1557 5158; baseline 0.002 -14"><span class='ocrx_word' id='word_1_565' title='bbox 235 5120 264 5130; x_wconf 94' lang='lat'>-</span> <span class='ocrx_word' id='word_1_566' title='bbox 282 5093 323 5144; x_wconf 79' lang='lat'><strong>37.</strong></span> <span class='ocrx_word' id='word_1_567' title='bbox 339 5094 441 5157; x_wconf 76' lang='lat' dir='ltr'><strong>iniquus</strong></span> <span class='ocrx_word' id='word_1_568' title='bbox 456 5093 488 5142; x_wconf 92' lang='grc'><strong>64</strong></span> <span class='ocrx_word' id='word_1_569' title='bbox 501 5089 575 5153; x_wconf 61' lang='lat' dir='ltr'><strong>aga,</strong></span> <span class='ocrx_word' id='word_1_570' title='bbox 594 5092 673 5143; x_wconf 91' lang='lat' dir='ltr'><strong>codd.</strong></span> <span class='ocrx_word' id='word_1_571' title='bbox 691 5094 821 5155; x_wconf 85' lang='lat' dir='ltr'><strong>Lambini,</strong></span> <span class='ocrx_word' id='word_1_572' title='bbox 840 5095 908 5158; x_wconf 73' lang='lat' dir='ltr'><strong>ugia</strong></span> <span class='ocrx_word' id='word_1_573' title='bbox 926 5107 952 5158; x_wconf 88' lang='lat' dir='ltr'><strong>p.</strong></span> <span class='ocrx_word' id='word_1_574' title='bbox 971 5109 1015 5147; x_wconf 90' lang='lat' dir='ltr'><strong>m:</strong></span> <span class='ocrx_word' id='word_1_575' title='bbox 1033 5097 1149 5148; x_wconf 68' lang='lat' dir='ltr'><strong>inimicae</strong></span> <span class='ocrx_word' id='word_1_576' title='bbox 1165 5097 1214 5149; x_wconf 90' lang='lat' dir='ltr'><strong>dtt.</strong></span> <span class='ocrx_word' id='word_1_577' title='bbox 1233 5097 1263 5147; x_wconf 95' lang='lat'><strong>0.</strong></span> <span class='ocrx_word' id='word_1_578' title='bbox 1282 5123 1311 5134; x_wconf 92' lang='lat'>-</span> <span class='ocrx_word' id='word_1_579' title='bbox 1339 5096 1380 5147; x_wconf 86' lang='grc'><strong>39.</strong></span> <span class='ocrx_word' id='word_1_580' title='bbox 1407 5100 1509 5158; x_wconf 72' lang='lat' dir='ltr'><strong>capedo</strong></span> <span class='ocrx_word' id='word_1_581' title='bbox 1525 5096 1557 5146; x_wconf 88' lang='grc'><strong>64</strong></span> 
     </span>
     <span class='ocr_line' id='line_1_52' title="bbox 233 5167 1559 5242; baseline 0.007 -24"><span class='ocrx_word' id='word_1_582' title='bbox 233 5167 277 5230; x_wconf 69' lang='lat' dir='ltr'><strong>ic</strong></span> <span class='ocrx_word' id='word_1_583' title='bbox 293 5167 376 5234; x_wconf 73' lang='lat' dir='ltr'><strong>igit:</strong></span> <span class='ocrx_word' id='word_1_584' title='bbox 402 5173 533 5234; x_wconf 71' lang='lat' dir='ltr'><strong>conspeetu</strong></span> <span class='ocrx_word' id='word_1_585' title='bbox 556 5167 606 5222; x_wconf 91' lang='lat' dir='ltr'><strong>dtt.</strong></span> <span class='ocrx_word' id='word_1_586' title='bbox 623 5169 659 5234; x_wconf 86' lang='lat'><strong>0,</strong></span> <span class='ocrx_word' id='word_1_587' title='bbox 683 5183 752 5237; x_wconf 85' lang='lat' dir='ltr'><strong>quaa</strong></span> <span class='ocrx_word' id='word_1_588' title='bbox 769 5173 901 5238; x_wconf 88' lang='lat' dir='ltr'><strong>scriptura</strong></span> <span class='ocrx_word' id='word_1_589' title='bbox 922 5172 1127 5227; x_wconf 90' lang='lat' dir='ltr'><strong>commendatur</strong></span> <span class='ocrx_word' id='word_1_590' title='bbox 1148 5171 1227 5226; x_wconf 86' lang='lat' dir='ltr'><strong>simili</strong></span> <span class='ocrx_word' id='word_1_591' title='bbox 1249 5171 1308 5225; x_wconf 92' lang='lat' dir='ltr'><strong>loco</strong></span> <span class='ocrx_word' id='word_1_592' title='bbox 1332 5184 1359 5239; x_wconf 90' lang='lat' dir='ltr'><strong>p.</strong></span> <span class='ocrx_word' id='word_1_593' title='bbox 1377 5167 1467 5224; x_wconf 86' lang='lat' dir='ltr'><strong>Plano.</strong></span> <span class='ocrx_word' id='word_1_594' title='bbox 1491 5173 1515 5242; x_wconf 77' lang='lat' dir='ltr'><strong>s.</strong></span> <span class='ocrx_word' id='word_1_595' title='bbox 1533 5174 1559 5227; x_wconf 83' lang='lat' dir='ltr'><strong>i.</strong></span> 
     </span>
    </p>
   </div>
   <div class='ocr_carea' id='block_1_5' title="bbox 0 0 1828 5888">
    <p class='ocr_par' dir='ltr' id='par_1_17' title="bbox 0 0 1828 5888">
     <span class='ocr_line' id='line_1_53' title="bbox 0 0 1828 5888; baseline 0 2"><span class='ocrx_word' id='word_1_596' title='bbox 0 0 1828 5888; x_wconf 95' lang='lat' dir='ltr'><strong> </strong></span> 
     </span>
    </p>
   </div>
  </div>
 </body>
</html>
