3610 5860
551 461 855 530 cmxv-xm.
881 458 1103 546 spir-so.
1426 449 1489 522 aas

171 651 360 716 comparare.
403 633 478 697 Erat
498 632 555 696 illo
579 641 717 717 tempore
738 631 862 697 infirma
882 633 1064 698 vaiemdinc
1085 633 1229 697 Habitus.
1264 631 1416 697 lltebatur
1434 649 1490 694 au·

171 733 233 790 tem
262 726 385 789 medico
412 727 560 810 ignobili,
590 728 646 791 sad
673 735 812 811 spectato
838 728 985 802 homine,
1015 727 1223 811 Cleophanto:
1253 729 1342 792 cuius
1365 745 1490 788 servum

169 821 342 903 Diogenem
363 822 520 884 Fabricius
542 824 582 885 ad
596 842 754 887 venenum
768 821 883 886 Habito
906 821 1043 885 dandum
1066 844 1121 906 spe
1142 829 1175 886 ct
1195 821 1298 905 pretio
1321 819 1490 883 sollicitare

5 900 8 915 '
77 910 81 918 '
170 915 283 997 coepit.
320 914 436 979 Servus
457 935 521 980 non
542 916 708 980 incallidus
731 923 779 990 ct,
801 923 836 979 ut
855 936 907 980 res
928 919 996 998 ipsa
1017 915 1201 989 declaravit,
1222 915 1305 998 frugi
1326 921 1421 996 atque
1442 912 1491 975 in-

169 1015 274 1091 teger,
296 1027 473 1072 sermonem
495 1010 629 1074 Fabricii
652 1030 716 1072 non
735 1017 784 1072 est
803 1017 1006 1092 aspernatus:
1029 1029 1095 1072 rem
1117 1008 1157 1074 ad
1180 1010 1340 1071 dominum
1361 1006 1515 1070 detulittt

171 1102 384 1186 Cleophantus
414 1112 518 1181 autem
548 1124 620 1167 cum
640 1104 756 1168 llabito
779 1111 828 1167 est
849 1103 1033 1168 collocutus.
1076 1103 1209 1166 Habitus
1231 1103 1335 1167 statim
1357 1121 1427 1163 cum
1448 1100 1490 1162 Μ.

168 1195 284 1259 Baebio
306 1205 468 1273 senatore,
496 1198 741 1262 familiarissimo
763 1218 837 1272 suo,
868 1199 1123 1262 communicavit:
1155 1198 1210 1280 qui
1233 1215 1296 1280 qua
1317 1192 1395 1270 lide,
1428 1211 1491 1276 qua

168 1289 352 1373 prudentia,
375 1311 437 1375 qua
459 1291 622 1376 diligentia
642 1285 752 1367 fuerit,
780 1293 959 1356 meminisse
981 1311 1037 1355 vos
1060 1292 1202 1355 arbitror.
1245 1291 1283 1354 Ei
1304 1288 1436 1372 placuit,
1457 1293 1493 1349 ut

168 1384 342 1465 Diogenem
364 1385 496 1450 Habitus
518 1395 636 1450 emeret
656 1407 676 1450 a
697 1386 908 1470 Cleophanto,
938 1405 1002 1469 quo
1025 1385 1147 1449 lacilius
1169 1391 1224 1448 aut
1245 1379 1492 1466 comprehenda-

168 1486 255 1541 ratur
275 1497 326 1541 res
348 1480 416 1542 eius
438 1481 555 1544 iudicio
577 1489 630 1544 aut
650 1480 730 1544 falsa
752 1499 821 1543 esse
843 1485 1092 1562 cognosceretur.
1127 1481 1173 1542 Nc
1195 1478 1313 1542 multa:
1334 1475 1492 1558 Diogenes
1502 1488 1529 1536 io

170 1573 298 1636 emitur:
320 1591 478 1635 venenum
500 1573 612 1637 diebus
634 1575 743 1657 paucis
761 1580 972 1657 comparatur:
995 1573 1084 1636 multi
1106 1573 1164 1636 viri
1187 1572 1356 1658 bonicum
1378 1588 1420 1631 ex
1441 1587 1493 1630 oc-

169 1666 252 1729 culto
274 1665 536 1742 intervenissent,
568 1669 701 1750 pecnnia
722 1669 903 1750 obsignata,
935 1685 1015 1750 quae
1037 1666 1078 1729 ob
1100 1685 1168 1730 cam
1190 1684 1256 1729 rem
1278 1664 1427 1737 dabatur,
1460 1663 1492 1724 in

169 1759 313 1823 manibus
335 1760 532 1835 Scamandri,
555 1762 657 1827 liberti
679 1761 909 1834 Fabriciorum,
931 1758 1188 1842 deprehenditur.
1228 1755 1279 1820 is,
1301 1759 1361 1821 Pro
1384 1757 1416 1819 di
1436 1757 1494 1820 im-

168 1852 335 1917 mortalesl
370 1854 581 1937 Oppianicum
599 1847 779 1939 'ignisquam
807 1855 857 1918 his
879 1855 973 1917 rebus
995 1854 1129 1936 cognitis
1152 1855 1399 1916 circumventum
1420 1869 1491 1914 esse

168 1945 273 2010 dicati
317 1947 414 2010 xvii.
437 1947 518 2024 Quis
538 1969 689 2033 umquam
711 1949 880 2014 audaciori
906 1948 979 2032 quis
999 1948 1187 2011 nocentior?
1209 1948 1281 2030 quis
1303 1945 1441 2030 apertior
1460 1946 1532 2008 inis

167 2038 320 2104 iudicium
340 2039 495 2104 adductus
518 2035 717 2132 esti(Quod
740 2042 920 2126 ingenium,
951 2061 1032 2125 quae
1054 2040 1186 2104 facultas
1209 2039 1349 2115 dicendi,
1372 2057 1454 2123 quae
1474 2058 1494 2102 a

169 2152 329 2218 quoquam
350 2136 528 2218 excogitata
550 2137 690 2201 defensio
712 2137 785 2201 huic
805 2135 860 2198 uni
885 2136 1005 2198 crimini
1027 2135 1130 2229 perluit
1144 2119 1326 2216 obsistere)
1348 2133 1446 2198 Simul
1461 2139 1494 2196 et

168 2228 246 2290 illud
276 2229 349 2312 quis
377 2237 426 2292 est
454 2232 508 2314 qui
540 2231 678 2305 dubitet,
709 2231 787 2315 quin
808 2229 868 2293 hac
889 2249 923 2294 re
946 2238 1106 2312 comperta
1127 2229 1359 2312 manifestoque
1382 2228 1495 2314 deprc-

167 2323 267 2386 hensa
288 2329 343 2386 aut
364 2324 511 2388 obeunda
532 2345 616 2389 mors
639 2325 785 2388 Cluentio
807 2331 862 2389 aut
888 2323 1089 2406 suscipienda
1110 2324 1268 2387 accusatio
1289 2323 1410 2387 fucrit?

253 2413 304 2480 ia.
335 2418 418 2482 Satis
440 2437 510 2482 asse
532 2419 667 2482 arbitror
688 2419 951 2500 demonstratum,
979 2417 1116 2492 iudices,
1142 2419 1181 2481 iis
1203 2417 1384 2480 criminibus
1406 2431 1532 2479 cocu-ao

168 2518 271 2577 satum
291 2531 362 2574 esse
385 2512 611 2595 Oppianicum,
633 2514 680 2576 uti
701 2513 834 2576 honesta
849 2510 969 2574 absolvi
987 2511 1074 2574 nullo
1089 2513 1182 2575 modo
1197 2511 1342 2594 potuerit.
1373 2509 1495 2592 Cogno-

168 2609 245 2671 scita
267 2623 352 2669 nunc
373 2607 417 2668 ita
437 2625 525 2669 reum
548 2607 675 2669 citatum
698 2625 768 2670 esse
790 2606 894 2680 illum,
924 2613 960 2668 ut
980 2625 1014 2667 re
1036 2606 1132 2668 semel
1155 2612 1250 2689 atque
1272 2605 1385 2667 iterum
1405 2623 1496 2687 prae-

167 2700 303 2765 iudicata
325 2701 551 2762 condemnatus
573 2701 607 2762 in
629 2700 778 2763 iudicium
801 2701 930 2764 venerit.
966 2700 1045 2762 Nam
1069 2699 1249 2774 Cluentius,
1271 2697 1410 2773 iudicas,
1431 2697 1496 2781 pri-

167 2815 253 2860 mum
274 2812 391 2857 nomen
414 2794 482 2857 eius
504 2794 635 2868 detulit,
658 2796 746 2857 cuius
769 2795 801 2856 in
823 2793 969 2856 manibus
991 2813 1149 2857 venenum
1172 2792 1430 2877 deprehenderat.
1463 2792 1495 2888 Is

167 2895 234 2952 erat
254 2887 384 2951 libertus
405 2887 635 2961 Fabriciorum,
666 2887 865 2951 Scamander.
900 2889 1060 2970 integrum
1083 2887 1267 2952 consilium:
1294 2885 1405 2952 iudicii
1427 2900 1533 2952 cor-is

166 2983 250 3066 rupti
271 2981 359 3045 nulla
381 2971 691 3072 suspicio:(simplex
713 2973 919 3046 in'i'udicium
941 3000 1049 3057 causa,
1073 2991 1241 3060 certares,
1263 3003 1360 3046 unum
1376 2981 1495 3044 crimen

166 3077 296 3140 allatum
324 3094 358 3138 es
425 3075 483 3137 llic
510 3082 576 3139 tum
599 3074 633 3137 C.
656 3075 836 3151 Fabricius,
869 3077 897 3154 is
920 3075 968 3156 *de
997 3095 1060 3160 quo
1094 3084 1167 3141 anto
1189 3077 1271 3151 dixi,
1305 3077 1360 3160 qui
1383 3075 1495 3138 liberto

168 3159 312 3235 damnato
334 3170 358 3232 s'
383 3170 394 3231 i
416 3168 495 3232 illud
516 3169 699 3251 impendere
720 3169 894 3252 periculum
916 3169 1054 3243 videret,
1081 3171 1167 3255 quod
1189 3172 1265 3235 mihi
1288 3191 1361 3234 cum
1381 3171 1496 3233 Aletri-

167 3264 291 3328 natibus
312 3263 505 3326 vioinitatem
527 3269 559 3325 et
581 3283 653 3325 cum
675 3263 837 3345 plerisque
860 3281 969 3327 eorum
999 3284 1147 3347 magnum
1168 3285 1261 3328 usum
1282 3285 1352 3328 csse
1367 3265 1494 3338 sciebat,

167 3360 349 3442 frequentas
373 3375 427 3420 eos
450 3357 490 3420 ad
513 3377 563 3420 me
585 3356 713 3419 domum
727 3355 871 3418 adduxit.
907 3356 970 3431 Qui
985 3377 1177 3442 quamquam
1191 3357 1231 3420 de
1246 3359 1390 3433 homine,
1414 3359 1532 3422 sicutte

168 3471 298 3516 necesse
321 3459 404 3525 erat,
427 3450 667 3524 existimabant,
689 3457 812 3524 tamen,
836 3449 920 3532 quod
942 3459 1010 3514 erat
1026 3470 1067 3514 ex
1082 3451 1194 3516 eodem
1209 3453 1397 3536 municipio,
1420 3471 1495 3515 suae

169 3545 328 3628 dignitatis
351 3563 420 3606 esse
442 3544 690 3619 arbitrabantur,
713 3563 785 3608 cum
801 3543 917 3627 quibus
932 3545 1026 3608 rebus
1040 3554 1172 3628 possent
1186 3546 1376 3610 detenderet
1398 3545 1495 3630 idque

169 3660 188 3703 a
209 3657 259 3701 me
282 3645 318 3700 ut
336 3636 474 3702 iacerem
496 3646 528 3702 et
555 3647 590 3702 ut
611 3657 738 3702 causam
760 3637 944 3701 Scamandri
967 3640 1157 3722 susciperem
1178 3640 1348 3722 petebant:
1377 3641 1410 3703 in
1433 3660 1496 3724 qua

169 3753 264 3798 causa
292 3733 418 3817 patroni
447 3752 539 3796 omne
567 3733 746 3817 periculum
776 3733 1002 3797 continebatur.
1045 3732 1096 3796 50.
1118 3735 1202 3819 Ego,
1231 3734 1411 3818 quinoque
1433 3735 1495 3798 illis

169 3829 282 3893 talibus
303 3827 379 3893 viris
400 3845 437 3890 ac
458 3835 522 3890 tam
543 3828 720 3891 amantibus
742 3829 804 3892 mei
825 3847 892 3891 rem
910 3847 1036 3911 possem
1050 3827 1149 3891 ullam
1163 3847 1281 3910 negare
1296 3847 1401 3914 neque
1415 3828 1534 3892 illudas

169 3923 287 3987 crimen
308 3931 429 3988 tanaim
451 3943 487 3987 ac
509 3931 574 3988 tam
595 3923 796 3988 manifestum
811 3943 880 3988 csse
900 3924 1085 3998 arbitrarer,
1108 3923 1190 3986 sicut
1212 3941 1253 3985 ne
1273 3923 1320 3988 illi
1342 3923 1403 4007 ipsi
1426 3925 1496 4008 qui-

234 4200 257 4249 t.
274 4197 411 4248 caumana
427 4194 508 4246 STF.
530 4215 557 4229 -
577 4195 602 4245 2.
620 4208 672 4244 occ
688 4194 789 4260 ipsscbtti
805 4196 859 4247 ST.
880 4221 908 4232 -
934 4207 1031 4246 mom
1047 4196 1078 4258 S,
1095 4207 1166 4246 servo
1182 4195 1210 4244 ia
1226 4195 1254 4245 Τ.
1275 4221 1302 4231 -
1326 4193 1350 4246 3.
1369 4195 1497 4260 Diogenen

168 4272 229 4340 Thi.
249 4298 276 4307 -
294 4271 418 4322 antistare
434 4271 502 4321 S.-·
521 4269 546 4320 l.
564 4271 663 4320 etSl':
682 4272 723 4320 sed
740 4268 960 4323 iustae-
978 4283 1019 4322 rea
1034 4271 1090 4334 ipsc
1107 4273 1166 4322 si:
1184 4272 1241 4334 ipsc
1256 4269 1491 4323 caninio.-

167 4350 192 4400 a.
211 4348 311 4398 dotatas
327 4347 356 4395 Τ.
375 4371 402 4381 -
423 4345 447 4395 6.
465 4345 599 4395 collocastis
615 4346 674 4395 ST:
702 4345 797 4397 boatus
813 4343 958 4398 usito.
979 4373 1006 4382 -
1025 4347 1117 4412 dmin]
1134 4351 1219 4397 amma
1234 4346 1320 4396 stetim
1335 4343 1445 4398 FhLb.
1467 4373 1495 4383 -

168 4425 193 4476 7.
211 4423 285 4474 lisbio
301 4421 362 4480 S'li
380 4420 486 4471 Bccbrto
503 4433 566 4472 cum
582 4419 717 4486 plerisque
735 4421 871 4474 codicibus
888 4425 923 4480 Α;
942 4421 1031 4472 Bebrio
1047 4417 1130 4476 tho.
1150 4421 1188 4473 Ci.
1207 4421 1231 4486 5.
1245 4421 1286 4473 53.
1302 4447 1330 4458 -
1349 4422 1373 4473 8.
1392 4434 1444 4484 occ
1459 4421 1497 4471 di-

167 4498 316 4563 ligantias:
335 4499 431 4558 pusca
448 4495 577 4560 titiam
593 4497 627 4552 ῖς
655 4507 707 4556 cua
723 4496 843 4560 dignitate
859 4494 1003 4558 RALFO.
1024 4523 1050 4532 -
1070 4497 1240 4562 abiecerat
1256 4497 1290 4548 ii.
1312 4523 1339 4532 -
1359 4499 1399 4548 it).
1417 4495 1497 4546 mutto

167 4573 256 4623 SFL:
273 4569 358 4620 mobis
374 4568 488 4622 FAFO.
508 4595 536 4607 -·
556 4571 597 4622 tl.
615 4575 780 4633 consacratur
796 4569 910 4625 STAF:
929 4585 982 4624 om.
1001 4574 1119 4625 Filio.
1140 4597 1167 4608 -
1186 4586 1220 4622 osc
1236 4571 1331 4623 occidte
1348 4585 1400 4623 om.
1419 4573 1446 4623 F.
1466 4598 1493 4607 -

169 4648 209 4699 tt.
226 4645 400 4710 pmmicsi:
418 4645 776 4708 pccuatcgasaltdLFO.-
795 4645 825 4697 ob
842 4647 992 4698 SFFldA:
1011 4645 1190 4701 canto-
1209 4647 1249 4698 l3.
1266 4648 1494 4710 probSFFh.-

169 4722 209 4775 tl.
228 4735 278 4772 asae
294 4721 430 4778 dicaratl'i
449 4721 508 4771 dicit
524 4734 574 4772 esse
591 4719 708 4775 Fuit.
723 4747 750 4758 -
770 4721 948 4786 idquialoai
963 4723 1035 4772 icil.
1050 4747 1077 4757 -
1095 4722 1272 4786 munitamque
1288 4722 1342 4772 ST.
1362 4721 1494 4786 Clito.

167 4798 208 4849 ia.
231 4823 258 4834 -
276 4798 317 4847 ao.
335 4797 470 4847 susus.
491 4823 519 4833 -
542 4798 715 4848 aisass:
740 4795 929 4850 cranao.
949 4825 977 4834 -
998 4799 1040 4849 m.
1058 4787 1445 4850 conmmeatum.
1466 4823 1493 4834 -

167 4873 208 4922 23.
230 4873 325 4922 smirci
347 4873 401 4923 st.
429 4873 467 4923 Cl.
486 4872 654 4936 Wesenberg
675 4873 709 4923 ad
726 4886 765 4923 or.
784 4885 810 4938 p.
829 4875 914 4926 Sestio
929 4887 956 4939 p.
976 4873 1015 4924 ii.
1034 4873 1075 4924 lt.
1102 4901 1129 4910 -
1155 4875 1197 4925 26.
1214 4873 1301 4939 mimo]
1325 4886 1412 4924 oman
1434 4879 1495 4925 oum

167 4950 223 5000 Nic.
236 4945 344 5010 Angelio
361 4945 444 5000 220.
459 4973 486 4982 -
505 4949 546 4998 ai.
559 4948 730 5013 tumeam&
747 4961 805 4999 cum
816 4963 895 5000 causo
906 4951 934 5000 Τ.
950 4976 974 4988 -
996 4950 1023 5000 C.
1042 4949 1100 5000 ST:
1119 4947 1327 5003 omlidblto.
1342 4975 1370 4986 -
1388 4949 1430 5000 28.
1443 4950 1495 5000 tc-

166 5023 290 5074 rtnctibca
300 5023 359 5083 sm
377 5035 396 5072 a
406 5023 566 5074 nauscam
577 5025 654 5076 codd.
668 5024 891 5088 Lagomarsiniani
908 5025 976 5085 tres;
994 5024 1177 5076 Aiacisctiboa
1187 5025 1230 5074 ed.
1240 5021 1366 5088 amberg.
1379 5035 1404 5074 a.
1418 5021 1493 5084 aisn

166 5097 347 5150 dumcastitatis
361 5096 488 5150 Halmius.
511 5098 549 5149 Gi.
568 5098 690 5163 §.ia-
709 5099 932 5162 thecasintsi.
953 5099 1263 5164 —36.oc]oechld.
1283 5100 1377 5166 -ipat
1397 5099 1495 5166 guidem

167 5175 224 5226 sn:
243 5173 563 5239 conmaculata

1641 1155 1670 1254 ί
