3648 5888
741 380 892 448 omaro
913 381 993 448 PRO
1013 383 1056 450 tt
1077 329 1225 451 tomo

319 729 1332 762 ..........................................
1363 719 1419 762 ore
1471 698 1572 762 utarit
1599 699 1643 762 ad

213 841 224 873 Ι
320 775 458 844 officium
480 803 574 848 suurn
587 788 763 868 pertinere,
785 787 967 854 adversario
982 793 1070 856 nulla
1084 793 1117 856 in
1132 813 1166 856 re
1180 813 1331 876 parcere:
1354 792 1432 878 quid
1447 719 1498 856 iiie
1514 800 1643 875 oportet

204 882 221 945 4
295 873 458 940 tTullium
480 897 538 961 pro
560 881 665 944 Tullio
685 881 807 958 facere,
833 882 963 986 homine
986 887 1156 949 coniuncto
1179 907 1302 950 mecum
1324 907 1389 950 non
1407 879 1514 950 min'us
1531 887 1640 950 auimo

233 1059 234 1064 γ
319 987 415 1052 quam
436 974 592 1038 nominet
623 975 668 1039 Ac
691 977 767 1039 mihi
790 979 889 1061 magis
907 979 986 1042 iliud
1006 981 1215 1044 laborandum
1237 983 1378 1058 videtur,
1400 983 1640 1064 reciperatores,

318 1069 368 1138 ut,
391 1065 478 1150 quod
499 1075 592 1132 antea
614 1072 693 1134 nihil
716 1073 749 1142 iu
770 1072 865 1136 istum
889 1074 972 1148 dixi,
994 1077 1128 1159 probare
1150 1077 1287 1159 possim,
1311 1097 1406 1160 quam
1428 1077 1462 1138 in
1478 1096 1517 1138 eo
1532 1095 1641 1159 repre-

316 1157 457 1234 hendar,
482 1164 569 1248 quod
590 1165 652 1230 hoo
674 1174 816 1251 tempore
838 1170 1027 1253 respondeo.
1071 1169 1101 1232 5.
1123 1172 1241 1234 Verum
1264 1179 1295 1234 et
1318 1179 1384 1234 tum
1404 1171 1436 1234 id
1450 1170 1529 1244 ieci,
1552 1170 1640 1255 quod

317 1255 475 1335 oportuit,
498 1263 529 1320 et
550 1279 634 1323 nunc
654 1260 768 1325 faciam
790 1262 878 1347 quod
900 1283 1029 1327 necesse
1053 1271 1109 1327 est.
1142 1267 1221 1327 Nam
1243 1284 1314 1328 oum
1337 1273 1421 1328 esset
1435 1265 1475 1328 de
1490 1283 1524 1326 re
1541 1283 1639 1347 pecu·

280 1348 417 1414 soniario
439 1356 669 1430 controversia,
692 1357 780 1440 quod
802 1358 951 1421 damnum
974 1357 1081 1421 datum
1105 1361 1147 1423 Μ.
1163 1359 1268 1421 Tuiiio
1283 1359 1477 1434 diceremus,
1500 1360 1639 1423 alienum

316 1461 387 1506 mea
414 1450 526 1510 natura
546 1448 712 1514 videbatur
733 1452 908 1536 quidquam
930 1453 969 1515 de
992 1453 1227 1517 existimatione
1252 1455 1285 1516 P.
1307 1454 1397 1516 Fabii
1420 1455 1542 1530 dicere,
1573 1473 1637 1516 nou

315 1537 392 1621 quia
412 1558 463 1604 res
476 1544 638 1626 postulare
653 1565 719 1608 non
733 1547 903 1610 videretur.
935 1546 1020 1623 Quid
1036 1568 1112 1630 ergo
1127 1550 1198 1611 esti
1227 1549 1364 1612 Tametsi
1379 1549 1520 1632 postulat
1535 1565 1638 1620 causo,

314 1637 436 1710 tamen,
458 1637 519 1698 nisi
533 1639 627 1724 piane
644 1641 729 1723 cogit
743 1641 903 1723 ingratiis,
924 1642 964 1705 ad
980 1641 1232 1706 maledicendum
1247 1662 1312 1705 non
1328 1642 1417 1706 soleo
1434 1640 1636 1705 descendere.

313 1727 404 1790 Nunc
433 1750 504 1795 oum
534 1741 663 1797 coactus
686 1735 807 1812 dicam,
837 1736 863 1798 si
887 1735 965 1820 quid
986 1735 1067 1799 forte
1090 1736 1210 1812 dicam,
1239 1745 1345 1799 tamen
1367 1736 1400 1798 id
1421 1735 1527 1817 ipsum
1548 1754 1638 1797 rere-

279 1823 417 1885 tocunde
438 1826 627 1912 modiceque
649 1829 779 1903 faciam,
802 1835 922 1892 tanturn
945 1837 1000 1905 ut,
1024 1832 1175 1914 quoniam
1199 1831 1259 1894 sibi
1282 1850 1418 1893 menon
1441 1850 1511 1892 esse
1533 1829 1638 1891 inimi·

315 1937 386 1980 cunr
407 1921 514 2000 potuit
533 1923 640 2005 priore
662 1924 787 1986 actione
809 1923 924 1987 Fabius
946 1925 1106 1998 iudicare,
1131 1945 1216 1988 nunc
1237 1927 1279 1988 tt.
1295 1925 1401 1989 Tullio
1423 1918 1550 1986 fidelem
1571 1941 1638 1986 oer-

314 2018 445 2097 tumque
467 2015 605 2082 amioum
627 2037 697 2081 esse
720 2025 901 2100 cognoscat.
1046 2003 1052 2018 ’

398 2106 427 2174 6.
450 2111 554 2173 Unum
575 2111 637 2174 hoc
660 2111 715 2174 ahs
737 2119 786 2186 te,
808 2113 843 2175 L.
860 2113 1004 2188 Quincti,
1025 2114 1180 2196 pervelim
1202 2115 1371 2198 impetrare
1395 2109 1492 2198 (quod
1514 2111 1638 2175 tametsi

313 2223 352 2266 eo
374 2203 465 2279 volo,
494 2205 571 2288 quia
593 2205 670 2267 mihi
693 2206 772 2268 utile
793 2213 858 2281 est,
890 2213 993 2270 tamen
1016 2208 1126 2270 abste
1149 2208 1286 2282 idcirco,
1317 2207 1394 2292 quia
1414 2228 1553 2292 aequum
1575 2215 1638 2283 est,

275 2295 467 2381 repostum),
489 2304 526 2361 ut
547 2300 591 2362 ita
612 2300 670 2362 tibi
692 2301 826 2363 muitum
849 2303 1000 2384 temporis
1015 2302 1055 2364 ad
1071 2301 1239 2364 dicendum
1256 2322 1380 2376 sumas,
1402 2302 1502 2366 uthis
1516 2301 1638 2384 aliquid

312 2392 352 2456 ad
375 2392 581 2456 iudicandum
601 2395 774 2480 relinquas.
810 2397 954 2480 Namque
984 2404 1077 2458 antea
1106 2414 1171 2457 non
1201 2395 1395 2459 defensionis
1418 2404 1491 2460 tuae
1515 2397 1638 2470 modus,

312 2487 368 2550 sed
391 2507 456 2550 nox
477 2488 535 2551 tibi
556 2489 654 2552 finem
676 2491 801 2554 dicendi
823 2490 908 2553 fecit.
953 2492 1045 2552 Nunc
1068 2490 1094 2552 si
1117 2487 1175 2551 tihi
1197 2489 1322 2571 plaeere
1345 2497 1468 2573 potest,
1492 2509 1532 2552 ne
1555 2487 1639 2552 idem

311 2579 425 2654 faciae,
452 2580 485 2643 id
507 2583 562 2646 abs
584 2589 616 2646 te
636 2583 776 2667 postulo.
820 2587 930 2670 Neque
951 2584 1013 2647 hoo
1035 2583 1153 2646 idcirco
1176 2583 1323 2665 postulo,
1352 2584 1439 2667 quod
1463 2591 1493 2647 te
1516 2583 1638 2667 aiiquid

312 2693 458 2740 censeam
481 2678 653 2759 praeterire
675 2687 840 2763 oportere,
862 2687 917 2743 aut
939 2699 1004 2742 non
1026 2698 1121 2762 quam
1145 2679 1345 2740 ornatissime
1368 2686 1400 2741 et
1415 2677 1637 2762 copiosissime

275 2768 434 2845 aedicere,
462 2791 572 2835 rerum
601 2779 637 2836 ut
665 2773 763 2837 semel
784 2793 978 2858 unaquaque
1000 2773 1039 2836 de
1064 2791 1099 2836 re
1123 2773 1227 2836 dicas:
1259 2773 1345 2856 quod
1374 2772 1401 2834 si
1429 2771 1543 2846 iacies,
1573 2789 1638 2834 non

313 2884 440 2940 vereor,
462 2886 502 2930 ne
526 2868 661 2932 dicendo
684 2870 753 2932 dies
776 2870 942 2933 eximatur.
1489 2889 1492 2896 ’

397 2957 426 3023 7.
455 2961 609 3025 Iudicium
638 2972 777 3029 vestrum
805 2971 870 3038 est,
898 2962 1143 3046 reciperatores,
1177 2979 1323 3036 ovxurAn
1352 2977 1510 3024 rscvxras
1536 2980 1638 3024 ranrr

311 3073 395 3118 nono
425 3075 512 3121 urso
543 3078 694 3122 rxrrrnrar
722 3060 755 3121 P.
777 3060 869 3122 FAnrr
897 3078 930 3121 vr
959 3077 1129 3121 nourrunrs
1151 3078 1287 3122 sanaris
1310 3077 1480 3121 corcrrsva
1503 3073 1637 3120 nauuvrr

311 3169 418 3214 oarvu
450 3171 524 3216 assa
555 3155 596 3216 M.
626 3156 757 3218 Tvunro.
800 3153 877 3216 Eius
906 3152 953 3216 rei
976 3154 1171 3216 taxationem
1192 3173 1251 3216 nos
1273 3151 1425 3228 fecimus3
1459 3150 1637 3216 aestimatio

274 3251 415 3311 torestm
436 3254 499 3327 est3
523 3247 676 3312 iudicium
699 3250 806 3312 datum
829 3249 931 3310 estin
953 3249 1177 3335 quadruplum.

396 3334 437 3422 Si,
450 3340 527 3405 Cum
549 3362 659 3406 omnes
681 3341 767 3425 leges
791 3342 961 3426 omniaque
984 3341 1134 3417 iudicia,·
1150 3361 1233 3426 qnae
1255 3341 1351 3425 paulo
1375 3341 1520 3424 graviora
1541 3347 1638 3423 atque

311 3436 473 3519 asperiora
495 3438 642 3500 videntur
664 3430 765 3515 esse,(
773 3457 814 3499 ex
834 3436 1053 3519 improborum
1075 3437 1243 3520 iniquitate
1266 3443 1297 3498 et
1317 3435 1436 3499 iniuria
1457 3440 1531 3497 nata
1554 3421 1651 3508 santi

310 3537 378 3593 tum
398 3531 460 3594 hoc
481 3532 635 3595 iudicium
655 3532 767 3615 paucis
789 3531 877 3593 hisce
899 3531 991 3594 annis
1013 3539 1145 3614 propter
1158 3532 1323 3595 hominum
1338 3531 1453 3594 malam
1468 3537 1639 3593 consuetu-

310 3679 381 3744 ⁴700)
408 3679 513 3730 excedit
538 3677 597 3729 tolia
618 3679 789 3730 Taurinensie
812 3678 891 3742 (quae
910 3677 1016 3729 circiter
1033 3679 1096 3729 45440
1114 3679 1271 3740 continent),
1290 3677 1306 3727 i.
1321 3691 1344 3727 e.
1365 3678 1470 3728 circiter
1487 3677 1544 3728 450.
1570 3679 1638 3728 Nam

311 3753 382 3817 quod
407 3754 469 3804 inde
494 3766 508 3803 a
531 3752 621 3804 verbis
639 3767 681 3805 ors
695 3754 795 3816 putavit
811 3754 932 3815 sequitur
952 3751 1042 3802 toltum
1060 3752 1278 3814 Ambrosianum,
1304 3752 1473 3803 hauddubie
1492 3754 1517 3803 in
1534 3753 1637 3816 integro

311 3828 403 3880 codice
425 3827 538 3880 alterum
561 3829 639 3880 huius
656 3830 782 3880 orationis
806 3828 878 3878 tuit.»
896 3829 972 3878 Kane.
999 3828 1119 3877 considat.
1137 3827 1233 3891 Pri[oro
1250 3829 1346 3878 actions
1362 3841 1517 3890 summopore
1532 3829 1589 3877 cavi
1606 3827 1638 3877 ub

310 3904 453 3968 offendendo
477 3897 572 3955 Fabio':
596 3905 639 3954 sod
662 3905 763 3966 quaudo
788 3903 929 3966 Quinctius,
955 3908 1051 3953 arctato
1073 3903 1218 3965 desmsionis
1240 3903 1345 3966 leuiore,
1368 3904 1468 3964 putavit
1484 3905 1516 3964 P,
1541 3901 1639 3967 Priiors

310 3980 407 4030 actione
424 3980 502 4030 omnis
518 3980 617 4030 aculcos
631 3981 753 4030 orationis
762 3993 833 4031 meac
843 3979 981 4030 reconditos
991 3977 1080 4038 indui·
1098 3979 1268 4042 sedquoniam
1283 3980 1334 4040 ipsc
1345 3977 1486 4042 Quinctiae,
1504 3979 1638 4028 iunctione

309 4055 354 4104 sua
367 4054 475 4119 priiors,
491 4057 590 4118 puncti
605 4057 671 4116 ΒΟ,
689 4055 810 4106 consului.
834 4053 931 4117 Pri[oro
949 4089 1039 4104 .....
1057 4054 1126 4103 Nam
1141 4053 1163 4102 si
1178 4053 1207 4103 L.
1222 4053 1361 4116 Quinctius,
1381 4053 1463 4103 diceas
1476 4067 1525 4115 pro
1541 4053 1638 4104 domino

310 4143 328 4180 o
344 4143 369 4180 so
385 4129 546 4193 dimmdmo,
572 4131 675 4194 culpari
691 4137 790 4181 tantum
806 4130 964 4193 quorundam
978 4134 1144 4192 patronorum
1159 4130 1238 4195 m]oro
1252 4131 1351 4192 putavit
1367 4129 1398 4180 Η.
1420 4157 1447 4166 -
1470 4127 1494 4178 3.
1512 4141 1637 4179 orsrrrr-

310 4219 396 4256 rrrua
408 4210 428 4257 A
440 4207 511 4272 apud
522 4209 683 4270 Peyronum.
710 4207 793 4257 Maius
810 4204 964 4257 ettteiierus
981 4204 1066 4256 silent.
1080 4233 1106 4242 -
1126 4206 1150 4256 7.
1166 4206 1276 4268 procura
1287 4205 1383 4268 possim
1398 4217 1475 4266 quam
1492 4217 1554 4255 oum
1572 4205 1637 4255 Cra-

310 4294 385 4332 mero
402 4281 528 4346 potiti:
552 4295 644 4334 saorra
659 4319 751 4332 .....
769 4293 871 4342 rupuar
887 4281 993 4331 incertis
1010 4280 1134 4331 ductibus
1151 4281 1314 4332 intermediis
1332 4285 1366 4341 A,
1386 4280 1501 4342 probrosi
1517 4293 1638 4343 umquam

309 4356 339 4416 P,
348 4355 454 4418 probari
463 4359 556 4420 possim
564 4371 641 4420 quom
648 4356 763 4408 Klotzius
771 4355 822 4419 (ed.
835 4369 875 4420 pr.
887 4369 949 4406 nam
961 4353 1041 4405 attera
1054 4355 1131 4407 huius
1142 4357 1267 4406 orationis
1279 4356 1358 4406 editio
1367 4355 1485 4406 nondum
1497 4356 1635 4419 apparuit).

312 4460 340 4471 -
353 4432 525 4498 tusotheTh.
539 4435 696 4485 Mommsen.
712 4461 738 4469 -
756 4432 943 4495 rapi-aetenam
958 4432 1034 4481 APB
1046 4432 1113 4481 ii.-
1134 4433 1172 4481 44).
1187 4433 1389 4481 ottcnmncmoa
1408 4433 1434 4482 P.
1450 4459 1477 4468 —
1497 4433 1536 4481 44.
1549 4430 1587 4495 A]
1606 4433 1635 4493 0.

310 4521 402 4558 errore
420 4511 609 4574 typographico
622 4512 650 4561 0.
663 4538 691 4547 -
707 4509 769 4560 Fabi
785 4510 859 4559 APB
870 4509 891 4558 Η
901 4509 930 4558 Κ.
946 4534 973 4544 -
993 4507 1032 4556 ti.
1045 4505 1113 4580 quia]
1126 4520 1185 4566 prin
1195 4510 1224 4557 A.
1245 4507 1363 4558 Correxit
1378 4507 1469 4558 Maius.
1485 4535 1512 4544 -
1532 4507 1639 4557 Tametsi

306 4584 418 4648 posttdat
434 4585 585 4650 causaest]
604 4585 642 4636 Ci.
655 4599 681 4650 p.
695 4585 815 4646 Quinctio
826 4584 851 4647 g.
865 4583 905 4633 43.
920 4609 946 4618 -
961 4581 1001 4634 44.
1014 4583 1036 4631 si
1047 4597 1070 4645 q.
1082 4583 1101 4647 s.
1117 4584 1199 4632 dicam
1211 4596 1254 4632 om
1278 4583 1305 4632 K.
1321 4611 1349 4618 —
1366 4595 1443 4632 msrrr
1454 4581 1556 4633 Keiiero
1569 4585 1636 4634 testo

310 4663 341 4712 A.
356 4688 385 4696 —
403 4660 442 4709 io.
456 4672 567 4720 uonrprs
578 4664 607 4711 A.
626 4659 783 4710 Emendavit
800 4657 974 4709 Heinriohius.
996 4684 1023 4693 -
1043 4658 1082 4708 48.
1097 4659 1181 4718 Quinti
1198 4658 1360 4708 APBOHK.
1381 4657 1419 4708 Ci.
1433 4657 1466 4707 ad
1479 4670 1504 4722 p.
1516 4659 1557 4720 89,
1568 4661 1591 4709 4.
1607 4685 1634 4694 -

311 4737 384 4801 quod]
411 4735 554 4787 «videntur
571 4737 639 4787 duae
656 4736 756 4787 litterae
774 4737 818 4787 hic
830 4735 935 4785 additae
953 4733 1046 4795 tuisse,
1066 4732 1163 4796 quibus
1181 4732 1305 4783 eruendis
1319 4734 1398 4783 etiem
1410 4733 1558 4783 remedium
1571 4734 1637 4783 ohe-

311 4813 412 4864 micum
428 4811 577 4864 adhibitum
594 4811 643 4864 est.
672 4814 749 4864 Certe
768 4810 829 4862 nihii
847 4810 1038 4862 desideratur.»
1056 4810 1131 4859 Kane.
1150 4810 1271 4860 Fortasse
1284 4809 1309 4858 in
1322 4809 1373 4858 tine
1386 4821 1479 4860 versus
1490 4808 1577 4858 addita
1590 4809 1637 4860 tuit

311 4904 364 4941 una
381 4887 422 4939 vei
439 4888 508 4938 duae
526 4887 628 4938 litterae
645 4888 781 4951 sequentis
797 4884 929 4938 versiculi.
949 4883 988 4935 Ci.
1006 4897 1062 4934 vor.
1082 4883 1142 4934 leot.
1161 4884 1195 4934 ad
1212 4885 1235 4948 ἓ.
1255 4885 1278 4934 2.
1298 4884 1320 4934 8.
1336 4884 1375 4934 49.
1389 4884 1429 4934 49,
1445 4911 1471 4920 -
1492 4885 1530 4934 49.
1550 4898 1637 4934 aecum

312 4963 430 5016 APBH.
452 4991 479 5000 -
499 4963 540 5014 20.
558 4963 603 5028 Ais]
621 4963 642 5013 is
658 4965 716 5014 Ar.
731 4991 758 4999 -
777 4963 817 5013 44,
834 4973 896 5012 stus
912 4963 942 5011 A.
960 4988 987 4996 -
1006 4960 1047 5009 at.
1060 4958 1147 5023 sarar]
1163 4959 1203 5009 Ab
1221 4960 1271 5010 hac
1283 4973 1349 5009 vooe
1364 4959 1455 5022 incipit
1470 4956 1558 5008 ioiium
1570 4959 1637 5008 Tau·

313 5040 419 5090 rinenso
436 5037 558 5090 atterum.
579 5066 606 5075 -
624 5039 665 5089 28.
683 5038 720 5104 A]
737 5019 812 5088 nin
827 5039 856 5099 Τ,
871 5038 899 5099 ο.
918 5047 1008 5086 errore
1026 5033 1217 5098 typographico
1234 5035 1263 5084 0.
1285 5061 1311 5069 -
1331 5033 1392 5084 root
1408 5033 1584 5083 ATPBHK.
1605 5060 1632 5070 -

312 5113 354 5166 29.
371 5113 462 5184 amru]
484 5125 581 5172 ancras
596 5114 655 5171 ΑΡ.
676 5141 703 5156 -
721 5113 864 5168 aestimatio
879 5116 963 5166 vostra
978 5115 1013 5164 ost
1029 5122 1082 5162 om.
1096 5111 1125 5161 Κ.
1140 5137 1168 5147 -
1185 5109 1226 5162 34.
1244 5121 1321 5162 oxma
1335 5112 1340 5170 Ι
1354 5121 1510 5170 prrsrrnrcu
1525 5114 1529 5172 Ι
1543 5121 1591 5170 ors
1602 5109 1632 5161 A.
