3644 5874
552 493 556 500 -
664 453 736 520 cn.
759 455 796 520 v.
824 451 880 539 pp.
903 445 1026 520 7-·-o.
1441 453 1504 521 444

186 633 288 692 torum
309 625 472 689 bominum
494 624 641 709 flagitiosi
663 645 786 709 greges,
816 645 835 689 o
857 645 915 689 nos
937 627 1062 702 beatos,
1095 647 1114 689 o
1137 625 1383 710 rempublicam
1405 625 1505 692 fortu-

185 728 306 794 natam,
336 740 356 782 o
385 719 578 803 praeclaram
600 718 726 783 laudem
749 720 931 783 consulatus
953 721 1032 784 meit
1063 723 1133 783 Non
1156 721 1238 784 enim
1261 724 1324 784 iam
1346 725 1420 784 sunt
1439 741 1504 785 me·

185 813 306 878 diocres
327 813 492 877 hominum
513 812 679 888 libidines,
707 833 773 875 non
794 812 950 876 humanae
972 833 1008 876 ac
1030 814 1212 878 tolerandae
1235 814 1402 878 audaciae:
1424 814 1503 878 nibil

184 907 337 990 cogitant,
368 906 429 969 nisi
452 905 597 980 caedem,
620 906 680 970 nisi
702 907 863 982 incendia,
886 907 946 970 nisi
968 909 1110 992 rapinas:
1145 907 1333 992 patrimonia
1354 927 1410 973 sua
1430 928 1505 993 pro·

183 999 345 1075 foderunt,
375 999 518 1064 fortunas
547 1021 621 1064 suas
644 1001 878 1085 obligaverunt3
905 1021 955 1065 res
977 1021 1031 1065 eos
1053 1003 1115 1066 iam
1137 1002 1274 1086 pridem,
1303 1001 1382 1065 fides
1404 1013 1527 1086 nupera

182 1089 314 1158 deficere
336 1096 456 1179 coepit:
483 1095 594 1158 eadem
615 1102 721 1158 tamen
741 1095 813 1170 illa,
836 1115 918 1180 quae
940 1102 1006 1159 erat
1027 1097 1061 1158 in
1083 1095 1290 1171 abundantia,
1312 1094 1411 1158 libido
1432 1117 1505 1180 per·

183 1196 297 1252 manet.
341 1187 436 1263 Quod
459 1189 485 1252 si
507 1191 540 1252 in
561 1191 635 1252 vino
657 1197 689 1252 et
709 1189 778 1253 alea
807 1190 1047 1254 comissationes
1069 1189 1172 1252 solum
1195 1195 1227 1252 et
1248 1197 1351 1254 scorta
1372 1210 1504 1273 quaere-

180 1290 268 1358 rent,
292 1288 400 1345 esseut
421 1283 467 1346 illi
490 1282 616 1366 quidem
640 1283 848 1367 desperandi,
871 1285 926 1347 sed
949 1290 1054 1346 tamen
1071 1280 1328 1346 essentferendi:
1350 1283 1412 1347 boc
1427 1303 1502 1347 vero

169 1378 254 1462 ⁴quis
275 1376 357 1440 ferre
379 1379 497 1460 possit,
520 1378 636 1440 inertes
657 1378 801 1442 homines
823 1377 1001 1441 fortissimis
1021 1377 1097 1441 viris
1119 1374 1278 1450 insidiari,
1301 1377 1503 1443 stultissimos

182 1470 451 1556 prudentissimis,
473 1471 616 1534 ebriosos
637 1472 765 1546 sobriis,
788 1472 980 1535 dormientes
1001 1471 1227 1554 vigilantibus?
1248 1473 1303 1556 qui
1320 1471 1396 1536 mihi
1412 1487 1540 1537 acon-to

181 1570 292 1631 bantcs
314 1566 347 1627 in
370 1566 539 1659 cpnviviis,
567 1567 725 1656 pomplexi
754 1565 901 1629 mulieres
924 1566 1117 1650 impudicas,
1144 1567 1219 1629 rino
1241 1565 1399 1650 langrridi,
1427 1585 1503 1630 con-

181 1662 253 1725 serti
276 1661 363 1734 cibo,
395 1643 860 1742 s'er'tis''redimiii'3''unguentis
883 1660 990 1735 obliti,
1020 1659 1174 1723 debilitati
1198 1659 1330 1745 stupris,
1360 1669 1503 1725 eructant

182 1755 379 1820 sermonibus
400 1754 467 1817 suis
489 1753 617 1817 caedem
639 1755 795 1817 bonorum
816 1761 914 1839 atque
928 1754 1015 1817 urbis
1037 1753 1193 1817 incendia.
1237 1749 1288 1816 ll.
1305 1753 1427 1828 Quibus
1443 1774 1501 1839 ego

182 1845 306 1913 conlido
328 1847 510 1932 impendere
531 1847 630 1912 fatum
652 1847 782 1932 aliquod
805 1855 836 1911 et
855 1867 990 1932 poenam
1012 1847 1073 1910 iam
1089 1846 1143 1910 diu
1158 1847 1367 1930 improbitati,
1389 1849 1502 1933 nequi-

181 1943 259 2018 tiae,
282 1943 411 2018 sceleri,
433 1941 557 2005 libidini
581 1942 719 2005 debitam
741 1951 796 2005 aut
817 1945 933 2006 instare
956 1943 1016 2004 iam
1040 1942 1134 2025 plane
1149 1950 1205 2005 arrt
1226 1949 1311 2004 certo
1334 1945 1539 2029 appropia-ta

181 2057 296 2120 quare..
323 2036 411 2112 Quos
433 2037 459 2099 si
483 2056 571 2099 meus
586 2037 787 2110 consulatus,
811 2037 963 2122 quoniam
979 2055 1090 2099 sanare
1104 2055 1169 2099 non
1183 2043 1306 2120 potest,
1328 2036 1501 2112 sustulerit,

180 2151 244 2193 non
266 2131 359 2194 breve
381 2130 490 2193 nescio
513 2130 599 2213 quod
622 2138 761 2215 tempus,
785 2131 840 2195 sed
864 2132 962 2194 multa
985 2129 1111 2193 saecula
1133 2129 1313 2214 propagarit
1330 2129 1376 2192 rei
1398 2128 1502 2212 publi-

180 2243 244 2287 cae.
280 2223 372 2288 Nulla
394 2229 441 2286 est
456 2224 539 2287 enim
555 2225 657 2298 natio,
682 2244 776 2308 quam
796 2225 1071 2307 pertimescamus,
1094 2223 1200 2287 nullus
1214 2243 1289 2298 rex,
1312 2223 1367 2307 qui
1380 2221 1502 2285 bellum

178 2318 297 2403 populo
325 2319 467 2381 Romano
496 2317 599 2380 facere
627 2320 747 2400 possit:
777 2319 884 2381 omnia
911 2325 986 2381 sunt
1014 2325 1145 2380 externa
1166 2318 1260 2382 onius
1281 2318 1396 2380 virtute
1417 2323 1501 2381 terra

180 2413 322 2496 marique
350 2419 476 2495 pacata:
505 2411 712 2475 domesticum
741 2412 859 2475 bellum
881 2418 1005 2487 mnnet;
1035 2412 1120 2475 intus
1141 2411 1276 2476 insidiae
1299 2419 1388 2486 sunt,
1416 2413 1538 2478 intusao

179 2505 336 2570 inclusum
368 2505 542 2588 periculum
572 2513 636 2580 est,
668 2505 755 2570 intus
788 2516 836 2570 est
866 2505 977 2569 bostis.
1022 2505 1098 2568 Cum
1131 2505 1256 2570 luxuria
1287 2506 1397 2581 nobis,
1428 2526 1500 2570 cum

178 2600 333 2675 amentia,
362 2620 433 2663 cum
461 2600 580 2662 scelere
603 2600 786 2663 certandum
809 2607 866 2664 est.
910 2600 990 2664 Huic
1013 2619 1071 2682 ego
1094 2620 1143 2664 me
1165 2599 1250 2663 bello
1272 2599 1384 2664 ducem
1405 2595 1501 2686 proli-

178 2701 261 2769 teor,
294 2693 455 2768 Quirites:
489 2694 628 2777 suscipio
657 2694 838 2758 inimicitias
860 2694 1025 2757 bominum
1046 2693 1258 2777 perditorum:
1292 2714 1374 2778 quae
1396 2694 1500 2758 sanari

178 2793 343 2871 poterunt,
368 2807 568 2873 quacumque
589 2788 712 2852 ratione
735 2789 868 2866 sanab03
893 2808 974 2872 quae
996 2787 1167 2853 resecanda
1182 2795 1290 2864 erunt,
1311 2807 1378 2853 non
1399 2788 1500 2873 patiar

178 2882 217 2946 ad
238 2880 410 2965 perniciem
432 2881 565 2946 civitatis
588 2901 725 2946 manere.
768 2881 905 2948 Proinde
933 2888 989 2946 aut
1010 2889 1125 2947 exeant
1147 2889 1201 2947 aut
1222 2882 1401 2967 quiescant,
1433 2889 1536 2961 autea

247 3287 271 3337 t.
291 3297 365 3336 ooo:
380 3285 403 3335 b.
422 3283 452 3344 d;
476 3295 521 3334 om
538 3297 553 3333 ο
568 3296 614 3334 nos
629 3282 713 3334 beato:
728 3284 780 3336 bk.
802 3313 828 3324 -
847 3285 871 3336 4.
889 3285 939 3338 mei
954 3285 1046 3337 consul.
1066 3300 1090 3337 e.
1110 3313 1137 3322 -
1156 3286 1208 3337 44444
1224 3287 1290 3338 enim
1304 3300 1355 3337 44444
1371 3287 1456 3340 CVx
1473 3287 1500 3340 ot

177 3365 192 3415 3
207 3361 250 3413 alii
265 3363 359 3425 Lagg.;
379 3373 429 3410 44444
445 3359 511 3409 4444444
527 3360 590 3423 (om.
609 3357 671 3421 4444)
689 3372 714 3408 4.
733 3387 766 3396 -
782 3359 807 3410 3.
826 3365 848 3411 et
865 3361 906 3411 444,
924 3363 1048 3412 andaciae
1063 3362 1105 3411 Be
1116 3375 1143 3422 r:
1171 3361 1294 3412 eudociae
1310 3375 1341 3413 oc
1357 3363 1399 3413 444.
1418 3363 1497 3424 CVt,

177 3439 219 3490 alti
235 3440 312 3502 lagg.
332 3436 408 3494 dett,
426 3434 483 3484 to.
504 3461 531 3470 —
555 3432 579 3484 l.
599 3435 699 3485 cosdem
715 3435 819 3498 Berz,
844 3437 886 3489 ed,
907 3437 970 3488 Ven.
990 3437 1067 3488 stra:
1092 3435 1178 3486 coedes
1193 3437 1251 3486 lt0.
1279 3436 1317 3487 Cl.
1337 3439 1367 3489 44.
1386 3437 1410 3501 5.
1429 3439 1452 3488 6.
1472 3439 1499 3488 44

177 3515 201 3578 5.
220 3515 261 3564 40.
281 3515 357 3574 extr,
376 3508 435 3561 soll.
455 3508 529 3560 Catil.
549 3523 571 3560 c.
591 3510 631 3560 34.
652 3537 679 3546 ·-
699 3513 723 3561 6.
743 3511 913 3577 obltpooemnt
930 3511 1006 3563 codd.
1026 3513 1079 3564 mei
1096 3513 1123 3562 et
1139 3513 1233 3576 begga
1253 3509 1433 3576 abliprertmmt
1449 3512 1498 3562 LO

178 3601 240 3641 cum
257 3587 316 3639 cod.
335 3586 438 3636 btorett.
459 3607 486 3620 -
510 3585 692 3645 resendio:
717 3599 758 3637 res
773 3601 858 3638 eorum
874 3588 954 3650 bes;
977 3603 1017 3640 eos
1033 3601 1086 3639 om.
1104 3601 1136 3640 w.
1156 3616 1183 3625 —
1206 3587 1260 3636 44444
1279 3588 1378 3649 pridem
1393 3586 1499 3638 44444444

175 3665 275 3730 fidere.
296 3688 324 3696 -
343 3661 539 3724 detlcmnnper
555 3661 600 3724 bg.
620 3661 665 3722 66,
684 3661 773 3712 VLO.
791 3692 824 3700 -
841 3663 864 3715 6.
884 3665 965 3714 lubido
982 3678 1007 3714 o.
1027 3690 1054 3699 -
1072 3661 1345 3726 monetbeiqsux.
1368 3687 1394 3696 -
1412 3661 1436 3711 7.
1454 3675 1498 3711 cc-

175 3737 321 3789 mesattcne:
336 3732 378 3786 vel
395 3737 580 3786 cmsessattones
598 3737 685 3800 tetiam
697 3738 795 3803 444444.)
812 3738 890 3789 codd.
906 3767 933 3776 -
952 3740 976 3791 8.
995 3741 1094 3802 quidem
1109 3739 1146 3789 4444
1161 3738 1311 3798 boiam,
1330 3737 1428 3800 pedem
1441 3747 1496 3787 om.

176 3828 204 3876 4,
223 3814 269 3876 bg.
287 3811 328 3862 46.
347 3811 388 3861 aa.
407 3838 435 3848 ·-
454 3818 530 3863 essent
546 3818 629 3863 tumen
641 3814 690 3876 ser.
709 3827 750 3872 m;
769 3818 851 3864 tamen
866 3814 913 3877 ser.
932 3820 1009 3865 essent
1025 3815 1069 3877 Lg.
1082 3814 1127 3874 46;
1146 3819 1223 3864 essent
1239 3825 1293 3864 om.
1307 3811 1379 3864 cbc
1395 3813 1441 3876 bg.
1453 3810 1496 3862 46.

175 3891 209 3940 a:
224 3901 249 3938 v.
262 3886 337 3938 Verr.
350 3887 369 3935 1.
390 3885 413 3949 5.
428 3887 492 3936 tto:
509 3887 592 3937 44444444
607 3889 814 3952 essetnesosa'om,
834 3894 916 3940 tomen
933 3895 991 3940 44444
1007 3889 1155 3952 improbans.
1168 3916 1196 3927 -
1214 3890 1258 3939 bos
1273 3888 1314 3940 lz.
1326 3915 1359 3925 -
1375 3887 1400 3938 9.
1416 3891 1499 3949 posset

176 3977 229 4015 cu.
241 3989 275 4000 —
292 3961 332 4012 40.
345 3961 451 4012 :bricam
462 3962 514 4012 mei
531 3974 639 4024 omnes,
658 3977 699 4013 cx
717 3964 743 4012 et
755 3964 769 4014 9
782 3961 823 4014 alii
834 3965 926 4027 Lagg.:
945 3963 1025 4015 464444
1040 3965 1125 4026 rtet
1136 3961 1193 4015 rell.
1208 3965 1286 4028 lagg.
1300 3963 1380 4012 etiam
1396 3962 1450 4025 atr,
1468 3964 1499 4012 ut

175 4037 287 4089 videtur.
315 4036 367 4088 Sed
389 4037 605 4100 Lagomarsinnm
628 4037 654 4088 h.
672 4036 689 4087 l.
709 4037 742 4088 ad
768 4037 908 4090 lectionem
925 4041 1107 4091 Gruterianam
1125 4038 1205 4090 ebrios
1221 4053 1253 4090 ex
1270 4037 1401 4091 nonnnllis
1417 4037 1496 4090 codd.

175 4117 330 4166 varietatem
347 4113 481 4174 omisisse,
500 4113 561 4164 binc
579 4115 692 4176 conicio,
712 4113 782 4179 quod
800 4113 893 4165 saltem
912 4116 936 4165 in
955 4115 1011 4178 gb,
1031 4115 1076 4178 qui
1093 4113 1156 4166 elias
1173 4127 1235 4165 com
1252 4114 1268 4164 k
1286 4115 1434 4166 consentire
1452 4128 1498 4166 so-

174 4190 242 4252 lent,
261 4189 368 4239 44444444
382 4187 485 4254 legitur.
504 4215 538 4228 -«
555 4189 641 4240 ment.
658 4190 719 4239 444444
736 4203 764 4250 e;
786 4189 846 4240 44444
868 4201 921 4240 om.
940 4189 1139 4254 bodiopqs,
1164 4189 1237 4254 Lg.9
1255 4190 1282 4240 et
1297 4191 1344 4251 203
1367 4191 1394 4240 at
1410 4189 1498 4241 tirmat

175 4267 234 4318 444444
251 4267 357 4316 Servius
375 4263 409 4315 ad
420 4269 485 4314 Aen.
500 4265 542 4315 444.
556 4265 613 4317 477.
633 4268 659 4316 et
675 4267 706 4325 V,
718 4266 818 4316 494-
835 4267 876 4316 44.
893 4266 996 4329 consecti
1012 4266 1027 4314 't
1045 4263 1109 4315 dett.
1123 4266 1211 4330 lagg„
1230 4266 1260 4318 0.
1274 4293 1301 4302 -
1321 4265 1361 4317 ta.
1380 4270 1499 4329 erepton:

174 4345 193 4393 t.
214 4368 240 4378 -
265 4341 305 4391 ta.
324 4341 464 4391 4444444444
480 4340 506 4391 d.
532 4368 558 4379 -
585 4341 625 4392 tt.
649 4341 745 4405 44444444
761 4355 791 4403 u;
814 4341 866 4392 4444
888 4341 970 4404 satum
992 4353 1018 4406 q.
1043 4367 1069 4375 -
1095 4339 1231 4404 aliqnando
1247 4353 1271 4390 z.
1296 4368 1323 4378 -
1346 4353 1443 4405 poenae
1458 4366 1497 4378 --

174 4415 267 4467 4444444
282 4416 331 4465 LO
348 4416 440 4464 contra
458 4413 535 4466 codd.
555 4441 584 4453 -
602 4416 768 4480 improbitatis
783 4417 835 4466 tom
851 4417 894 4466 dis
911 4429 938 4476 r;
957 4416 1010 4465 tom
1026 4427 1080 4466 om.
1099 4417 1115 4465 i.
1135 4441 1163 4451 —
1181 4417 1267 4468 4444444
1283 4417 1412 4478 nequimus
1428 4429 1453 4468 o.
1466 4441 1493 4452 -

174 4493 214 4542 46.
232 4492 326 4540 instare
342 4496 388 4540 out
402 4490 437 4553 pl.
456 4503 481 4541 o.
502 4520 530 4532 -
548 4492 621 4557 certe]
638 4497 703 4542 certe
718 4493 771 4540 4444
786 4491 802 4540 5
819 4492 896 4554 Lagg.
916 4489 995 4550 dett.;
1020 4491 1077 4540 L0.
1098 4517 1125 4526 -
1149 4492 1189 4542 46.
1209 4491 1275 4554 qnod
1290 4492 1312 4541 si
1329 4505 1379 4556 cq.
1401 4519 1428 4528 -
1446 4505 1497 4542 44444

171 4571 249 4630 potest
266 4578 358 4616 :unsre
374 4579 398 4616 e.
419 4592 445 4600 —
466 4566 506 4617 44.
525 4569 575 4617 acto
592 4569 637 4618 tu.
658 4595 685 4604 -
709 4567 788 4616 444444
805 4571 918 4628 temporo
934 4579 957 4615 z.
978 4591 1003 4600 -
1026 4565 1206 4630 propagaverit
1223 4579 1248 4616 o.
1268 4591 1295 4601 -
1313 4568 1351 4617 ret
1365 4567 1403 4629 p.]
1419 4567 1446 4616 P.
1464 4567 1493 4617 44.

174 4643 213 4692 ck
231 4639 284 4691 etti
295 4639 338 4690 alii
351 4640 439 4704 Lsgg.;
457 4655 547 4704 remp.
560 4643 795 4692 Mommsenius.—
815 4641 855 4692 48,
867 4639 939 4690 nulla
955 4641 1020 4690 444444
1035 4646 1070 4690 est
1080 4642 1099 4692 Β
1109 4640 1150 4691 ad
1168 4642 1212 4705 bg.
1225 4641 1250 4690 7.
1262 4641 1303 4691 uo.
1314 4640 1360 4699 bt:
1379 4653 1397 4704 q
1413 4638 1496 4691 babet

174 4721 208 4769 444
222 4719 285 4781 post
300 4715 378 4766 444444.
389 4743 415 4752 -
435 4716 474 4766 49.
492 4731 550 4781 pop.
564 4717 602 4782 a]
620 4732 642 4768 r.
658 4730 686 4780 p.
699 4719 760 4767 Vw.
780 4717 919 4780 (populor.
938 4715 1026 4768 bellom
1043 4716 1077 4779 o.)
1096 4742 1122 4752 —
1140 4723 1219 4779 posset
1237 4729 1261 4768 e.
1275 4743 1301 4753 -
1320 4713 1494 4780 nnios1ooiss

171 4805 229 4854 pop.
247 4793 315 4841 444444.
335 4789 447 4854 bcops
469 4793 513 4855 Lg.
531 4791 573 4842 46.
591 4791 631 4843 ta.
652 4791 692 4843 46.
713 4819 740 4829 -
764 4792 880 4842 4444444444
901 4805 925 4841 a.
947 4818 974 4828 —
997 4796 1063 4842 terre
1079 4792 1194 4856 martpue
1211 4797 1247 4843 tn.
1268 4817 1295 4827 —-
1314 4789 1354 4840 46.
1373 4793 1429 4838 nort
1444 4787 1491 4838 4444.

172 4868 293 4930 abege,
311 4871 369 4916 sont
385 4879 438 4916 om.
452 4880 475 4917 e.
489 4895 515 4904 —
534 4869 574 4918 44.
592 4868 650 4918 4444.
669 4873 703 4919 est
716 4867 794 4930 peric.
814 4881 843 4928 e:
861 4867 938 4930 peric.
956 4866 1014 4918 4444.
1032 4871 1067 4917 est
1083 4879 1114 4918 u.
1130 4893 1157 4904 -
1176 4871 1211 4918 est
1227 4879 1280 4917 om.
1299 4879 1323 4915 e.
1339 4890 1373 4901 -
1389 4863 1430 4914 44.
1449 4875 1493 4928 spo

173 4955 226 4993 om.
244 4941 275 4991 V.
292 4969 327 4979 —
347 4941 407 4992 betto
423 4955 462 4993 me
478 4957 503 4992 ο.
524 4971 550 4978 -
577 4943 617 4993 43.
636 4941 750 5006 nampio]
768 4942 810 5002 put
827 4941 932 5004 44444444
949 4939 1006 5004 gh3
1028 4941 1125 5002 patret
1141 4954 1169 5005 p.
1188 4953 1266 4991 casua
1282 4937 1387 5001 sssdpto
1404 4950 1419 4987 r
1434 4937 1491 4989 sine

173 5018 287 5081 Quirites.
301 5045 328 5053 -
345 5019 642 5082 particulariorum
659 5021 704 5070 cc
721 5019 766 5082 Lg.
780 5019 820 5068 46.
833 5019 874 5067 44.
889 5044 915 5052 -
935 5013 975 5066 44.
991 5017 1181 5078 potuerintbk.
1196 5044 1224 5053 -
1242 5015 1348 5067 44444444
1364 5025 1386 5063 s.
1405 5013 1489 5078 (resec

172 5091 257 5145 schol.
277 5093 366 5155 Gron.)
383 5119 410 5130 —
429 5095 470 5145 45.
489 5107 591 5145 manere
606 5093 685 5146 codd.
705 5093 765 5157 (sed
786 5093 793 5144 l
811 5093 961 5156 reponeret:
980 5106 1086 5143 menore
1102 5093 1163 5154 LO,
1182 5105 1250 5158 quae
1267 5089 1344 5142 lectio
1361 5086 1490 5154 Madugio

173 5167 275 5234 [Opusc.
287 5169 307 5219 4.
323 5181 349 5235 p.
363 5169 432 5232 476.)
449 5183 481 5220 ex
499 5183 589 5221 errore
606 5171 709 5236 typogr.
729 5171 786 5222 orta
804 5168 916 5220 videtur.
931 5197 958 5208 -
973 5170 1081 5235 proinde
1096 5173 1186 5223 4444444
1202 5180 1257 5219 ou.
