3644 5874
596 485 670 550 444.
693 486 875 550 vin-rx.
903 483 959 568 aa.
981 481 1128 550 rc-al.
1466 482 1530 548 443

297 650 346 718 48.
371 653 598 729 «Quaesturam
621 675 682 718 uua
706 657 811 739 petiit,
834 662 866 718 et
888 675 957 720 sum
979 675 1037 738 ego
1058 653 1159 718 iactus
1181 656 1297 738 prior.»
1331 658 1465 720 Nonest
1481 677 1530 720 re-

213 749 431 832 spondendum
453 749 620 812 adomnia.
653 752 763 834 Neque
778 750 861 812 enim
877 757 1014 812 restrum
1028 767 1220 833 quemquam
1235 747 1331 831 lugit,
1354 770 1425 814 cum
1440 748 1529 812 multi

211 859 302 924 pares
331 839 481 922 dignitate
507 841 600 916 liant,
632 864 713 906 unus
739 851 845 906 autem
875 844 1010 926 primum
1039 843 1126 906 solus
1155 842 1253 924 possit
1274 843 1432 917 obtinere,
1465 862 1530 904 nou

212 933 346 1008 eundem
369 954 437 998 esse
461 935 603 998 ordinem
626 936 788 1018 dignitatis
804 945 835 1000 et
855 936 1111 1008 renuntiationis,
1134 942 1301 1018 propterea
1315 937 1401 1020 quod
1415 955 1531 998 renuo·
1672 927 1703 1018 l)

211 1028 300 1092 tiatio
322 1027 437 1110 gradus
458 1028 588 1102 habeat,
617 1030 752 1112 dignitas
782 1040 886 1094 autem
908 1031 949 1093 sit
970 1049 1122 1112 persaepe
1144 1029 1255 1094 eadem
1276 1030 1423 1092 omnium.
1468 1027 1554 1090 sm:

212 1128 380 1204 quaestura
400 1122 565 1204 utriusque
588 1143 684 1206 prope
707 1123 832 1186 modum
854 1124 923 1206 pari
944 1131 1103 1186 momento
1123 1124 1218 1186 sortis
1238 1121 1308 1186 luit.
1341 1121 1458 1186 Habuit
1479 1122 1529 1184 bic

210 1213 280 1295 lege
301 1214 384 1277 Titia
405 1215 598 1297 provinciam
623 1217 746 1280 incitam
769 1226 800 1279 et
815 1219 970 1301 quietam:
993 1226 1027 1281 tu
1042 1217 1146 1292 illam,
1169 1218 1235 1292 oui,
1261 1238 1332 1281 cum
1347 1225 1530 1301 quaestores

210 1308 397 1381 sortiuntur,
420 1309 514 1370 etiam
530 1308 699 1372 adclamari
714 1310 810 1384 solet,
833 1310 1029 1383 Ostiensem,
1051 1330 1115 1375 nou
1137 1317 1200 1374 tam
1222 1311 1388 1394 gratiosam
1406 1317 1438 1372 et
1458 1307 1530 1372 illu·

210 1409 303 1464 strem
327 1421 421 1484 quam
444 1403 638 1484 negotiosam
661 1410 693 1466 et
714 1405 886 1468 molestam.
910 1403 1061 1468 Consedit
1075 1405 1241 1488 utriusque
1255 1424 1369 1468 nomen
1385 1403 1419 1466 in
1434 1421 1530 1485 quae·

211 1503 312 1570 stura:
342 1495 463 1558 nullum
493 1497 577 1558 enim
599 1497 689 1558 vobis
712 1518 779 1560 sore
801 1518 944 1580 campum
968 1497 1071 1571 dedit,
1101 1499 1133 1560 iu
1156 1517 1220 1581 quo
1242 1517 1409 1562 excurrere
1430 1495 1529 1558 virtus
1540 1506 1567 1551 ⁴⁰

210 1589 423 1672 cognoscique
453 1597 569 1671 posset.
614 1585 663 1651 l9.
685 1590 810 1674 Reliqui
836 1591 986 1673 temporis
1008 1590 1144 1672 spatium
1166 1592 1200 1654 in
1222 1592 1454 1656 contentionem
1475 1611 1529 1654 44·

210 1691 316 1744 catur:
349 1681 387 1744 ab
416 1689 553 1766 utroque
583 1683 792 1746 dissimillima
821 1684 944 1747 ratione
966 1690 1129 1746 tractatum
1151 1691 1209 1748 est
1252 1685 1307 1748 iii.
1330 1684 1457 1748 Servius
1478 1683 1529 1746 bic

209 1775 372 1840 uobiscum
392 1773 475 1842 banc
497 1777 648 1840 urbanam
670 1778 813 1841 militiam
834 1775 1064 1858 respondendi,
1093 1776 1268 1852 scribendi,
1291 1779 1441 1852 cavendi,
1462 1777 1530 1860 ple·

209 1887 281 1932 nam
304 1868 526 1933 sollicitudinis
549 1890 584 1932 oc
606 1870 778 1944 stomachi,
808 1877 935 1932 secutus
957 1879 1020 1934 est:
1049 1870 1099 1932 ius
1128 1870 1221 1932 civile
1243 1870 1367 1934 didicit:
1397 1871 1528 1936 multum

209 1961 349 2042 vigilavit
381 1961 549 2026 laboravit:
580 1973 705 2046 praesto
734 1963 839 2026 multis
868 1961 944 2026 luit:
976 1962 1145 2026 multorum
1174 1963 1339 2028 stadtitiam
1360 1983 1530 2046 perpessus
1541 1975 1567 2018 44

209 2062 273 2128 est,
295 2056 505 2137 arrogantiam
526 2057 670 2140 pertulit,
693 2053 907 2120 difficultatem
930 2057 1111 2120 exsorbuit:
1134 2056 1213 2119 vixit
1233 2055 1272 2122 ud
1294 2057 1430 2120 aliorum
1448 2056 1530 2120 arbi-

210 2149 318 2222 trium,
347 2169 411 2211 nou
442 2149 482 2210 ad
513 2169 616 2212 suum.
659 2152 772 2232 Magna
799 2151 868 2212 laus
890 2159 921 2214 et
942 2159 1029 2232 grata
1050 2150 1230 2216 bominibus
1251 2171 1349 2214 unum
1370 2150 1528 2214 bominem

210 2242 371 2306 elaborare
393 2243 426 2306 in
449 2262 486 2306 ea
508 2243 654 2317 scientia,
677 2263 758 2327 quae
781 2244 823 2306 sit
837 2244 942 2308 multis
957 2243 1130 2326 protutura.
1165 2240 1216 2308 20.
1231 2243 1317 2319 Quid
1337 2245 1468 2310 Murena
1482 2245 1530 2306 iu·
1663 2319 1677 2349 s

209 2337 314 2398 tareni
347 2335 529 2400 Fortissimo
561 2343 593 2399 et
615 2337 848 2419 sapientissimo
870 2338 953 2410 viro,
983 2357 1106 2402 summo
1128 2337 1326 2420 imperatori,
1352 2337 1473 2420 legatus
1494 2339 1530 2400 L.
1652 2352 1673 2404 4·

209 2427 342 2490 Lucullo
363 2427 442 2491 luit:
474 2430 592 2513 quain
615 2431 772 2512 legatione
794 2430 886 2493 duxit
906 2432 1095 2505 exercitum,
1117 2432 1207 2513 signa
1230 2431 1379 2506 contulit,
1401 2443 1567 2496 monumen

211 2521 387 2596 conseruit,
416 2543 545 2605 magnas
568 2525 676 2607 copias
697 2523 836 2588 bostium
858 2522 954 2599 ludit,
983 2525 1078 2589 urbes
1100 2525 1212 2608 partim
1235 2525 1283 2599 ri,
1311 2524 1423 2608 partim
1446 2524 1530 2587 obsi-

212 2614 306 2678 dione
328 2617 428 2700 cepit,
449 2618 555 2680 Asiam
578 2619 670 2681 istam
692 2617 837 2680 refertam
860 2625 892 2680 et
914 2620 1045 2682 eandem
1069 2618 1235 2682 delicatam
1256 2619 1301 2680 sic
1322 2618 1418 2692 obiit,
1442 2627 1475 2680 ui
1497 2618 1528 2680 iu

210 2729 248 2772 ea
269 2729 373 2793 neque
395 2713 671 2796 avaritiae-neque
693 2711 836 2774 luxuriae
854 2711 1019 2794 vestigium
1042 2711 1225 2796 reliquerit:
1248 2711 1385 2774 maximo
1399 2710 1530 2774 inbelle

210 2803 257 2866 sic
284 2811 334 2868 est
361 2813 520 2878 versatus,
533 2811 578 2875 (ut
599 2805 651 2868 bic
674 2803 788 2868 multas
810 2801 914 2884 :esici
934 2805 1154 2888 magnasisine
1180 2805 1368 2887 imperatore
1386 2803 1530 2891 gesserit,
1615 2823 1636 2866 4
1653 2800 1706 2876 5⁸

211 2896 328 2960 nullam
350 2898 420 2962 sine
441 2899 502 2962 hoc
524 2893 829 2981 imperator.)rltque
843 2897 938 2972 baec,
962 2917 1153 2983 quamquam
1168 2905 1332 2981 praesente
1346 2898 1381 2960 L.
1397 2895 1529 2960 Lucullo
1539 2911 1568 2958 aa

211 2989 339 3074 loquor,
362 2999 483 3066 tamem
505 3013 545 3056 ne
568 2991 607 3054 ab
630 2994 698 3075 ipso
719 2998 846 3076 propter
866 2992 1040 3076 periculum
1061 2999 1203 3056 nocuum
1225 3009 1407 3056 concessam
1424 2989 1530 3054 videa-

211 3103 280 3148 mur
300 3084 417 3148 habere
438 3084 596 3148 licentiam
620 3081 774 3168 fingendi,
796 3085 931 3167 publicis
953 3086 1064 3150 litteris
1086 3093 1199 3150 testata
1219 3092 1293 3148 sunt
1315 3083 1437 3156 omnim
1460 3083 1531 3166 qui-

209 3177 269 3240 bus
291 3179 326 3240 L.
341 3178 491 3242 Lucullus
513 3186 633 3242 tantum
655 3181 725 3242 boio
746 3177 849 3242 laudis
871 3179 1029 3261 impertit,
1051 3185 1204 3263 quantum
1226 3196 1331 3261 neque
1346 3174 1530 3240 ambitiosus

210 3271 380 3355 imperator
400 3291 503 3356 neque
533 3273 658 3337 invidus
680 3273 819 3336 tribuere
841 3273 931 3336 alteri
953 3273 986 3333 in
1009 3269 1269 3334 communicanda
1290 3269 1392 3352 gloria
1413 3267 1530 3330 denum

210 3353 412 3450 sumamma
433 3367 465 3428 in
487 3375 623 3450 utroque
638 3375 687 3454 est
707 3366 873 3440 honestas,
896 3385 1017 3428 summa
1031 3349 1187 3464 dignitas)
1206 3382 1302 3447 quam
1317 3383 1391 3445 ego,
1415 3363 1440 3426 si
1455 3360 1568 3426 mibiao
1661 3357 1747 3447 qk

209 3477 267 3539 per
288 3458 431 3522 Servium
453 3461 560 3534 liceat,
587 3462 654 3544 pari
676 3468 772 3543 atque
794 3461 827 3520 in
850 3458 960 3522 eadem
982 3457 1076 3521 laude
1098 3475 1225 3540 ponam.
1269 3456 1331 3519 Sed
1353 3454 1530 3520 nonlicet:

209 3553 307 3634 agitat
334 3572 400 3616 rem
428 3553 610 3628 militarem,
641 3556 815 3617 insectatur
836 3560 932 3616 totam
954 3552 1036 3614 banc
1058 3551 1263 3633 legationem,
1284 3549 1479 3613 assiduitatis
1500 3557 1531 3609 et

209 3665 374 3728 operarum
404 3647 516 3711 barum
539 3647 794 3732 quotidianarum
819 3653 910 3730 putat
931 3666 1002 3710 esse
1024 3645 1231 3709 consulatum.
1279 3643 1387 3728 «Apud
1410 3643 1532 3706 exerci-

273 3982 299 4034 1.
315 3987 425 4034 masis
440 3994 589 4044 4444444444
605 3983 673 4032 mel:
700 3995 848 4046 4444444444
869 3985 979 4034 vesona
996 3983 1052 4032 4.0.
1073 4008 1100 4018 -
1123 3978 1350 4043 6444446144
1373 3977 1436 4040 44444
1453 3977 1529 4028 Elis

209 4063 274 4122 κψ.
294 4083 322 4094 -
338 4059 402 4122 noct
418 4069 472 4108 om.
491 4059 519 4107 6.
544 4083 568 4095 --
584 4057 682 4119 primm
698 4059 760 4118 ri:
775 4061 887 4122 primam
903 4059 984 4109 444444
1000 4055 1198 4108 644444444444.
1214 4081 1241 4092 -
1256 4058 1339 4117 persei
1355 4052 1414 4112 liv,
1432 4053 1447 4100 o
1465 4052 1527 4102 On.

210 4157 238 4168 -
256 4133 316 4196 44444]
332 4133 360 4184 io
376 4135 406 4184 6.
426 4159 453 4171 -
472 4133 496 4182 a.
514 4134 546 4182 444
562 4145 615 4182 om.
634 4133 668 4192 G;
687 4132 771 4196 444444,
789 4135 857 4199 dign.
876 4139 959 4184 444444
973 4145 1039 4195 pers.
1057 4131 1142 4182 eodem
1158 4143 1182 4180 4.
1200 4131 1240 4180 sit.
1259 4126 1530 4194 (444444444144444-

209 4209 308 4260 senlus.
333 4234 357 4245 -
379 4207 532 4260 oomibrssv.
556 4235 583 4244 —
607 4209 630 4256 6.
648 4210 952 4273 mornentssGetllpr.
976 4233 999 4242 -
1029 4207 1054 4256 7.
1072 4205 1178 4254 licinii.
1200 4229 1226 4240 ·-
1255 4203 1279 4255 8.
1298 4201 1480 4252 damnoso.
1502 4227 1528 4236 -

209 4283 250 4334 40.
268 4284 371 4334 massi
386 4285 425 4344 ii,
449 4283 532 4332 44444444
554 4289 617 4346 χψ,
639 4309 665 4318 -
692 4283 731 4333 44.
749 4285 853 4346 4444444444Ι
870 4285 899 4334 G.
921 4311 947 4320 -
971 4283 1080 4345 spoliatos
1096 4281 1162 4344 444444
1177 4280 1205 4330 irs
1222 4280 1256 4330 bl.
1277 4303 1305 4314 -
1324 4276 1478 4328 4444444444444
1494 4277 1529 4330 G:

208 4358 346 4410 contionem
362 4357 418 4410 HS.
438 4381 465 4393 -
485 4358 525 4408 ti.
543 4359 657 4420 44444444]
674 4358 758 4408 cedern
774 4361 804 4409 6.
825 4385 851 4394 -
870 4360 1012 4408 4444444444
1028 4361 1063 4408 est
1079 4368 1153 4420 susp.
1172 4353 1303 4408 llattblae.
1324 4379 1351 4389 -
1370 4351 1411 4402 43.
1428 4349 1532 4400 4444444444·

209 4433 238 4481 6.
258 4457 287 4470 ·-
305 4430 346 4484 tt.
364 4437 388 4483 et
402 4436 472 4482 44444.
492 4433 550 4482 EG.
566 4459 592 4469 -
611 4434 652 4482 45.
669 4433 717 4496 soii
732 4433 817 4484 44444444
833 4433 898 4498 Εψ.
914 4459 942 4470 -
963 4433 1002 4483 46.
1021 4437 1055 4482 ess
1071 4444 1125 4481 om.
1144 4431 1216 4480 6.-
1235 4427 1413 4492 444444444444
1430 4425 1487 4476 EG.
1502 4449 1528 4458 -

208 4507 324 4559 4444444444
338 4508 401 4558 mei.
421 4533 447 4543 -
472 4508 512 4558 47.
529 4509 616 4571 gratio
631 4521 660 4568 χ.
681 4535 707 4546 -·
736 4509 777 4559 49.
793 4510 853 4573 fori.
870 4510 926 4558 circ
942 4513 965 4558 44
981 4521 1035 4570 sap.
1054 4520 1085 4562 v:
1108 4511 1131 4556 44
1147 4506 1253 4568 aspum.
1272 4517 1325 4554 om.
1343 4503 1373 4553 E.
1393 4527 1420 4538 -
1439 4512 1534 4552 4444444444

208 4593 263 4633 om.
281 4581 302 4634 Ε
319 4583 346 4632 et
361 4580 378 4633 i
394 4583 457 4633 044.
478 4609 504 4618 -
524 4583 565 4634 it.
582 4583 688 4632 bostium
704 4584 790 4646 copias
805 4585 834 4635 E.
856 4611 882 4620 -
899 4583 982 4646 modii
999 4585 1028 4632 G.
1049 4608 1076 4619 -
1095 4581 1135 4630 22.
1155 4581 1218 4644 cepit
1234 4591 1288 4630 om.
1306 4579 1336 4629 G.
1357 4603 1384 4612 -
1402 4577 1535 4640 reserem

209 4657 243 4718 C;
259 4661 386 4720 reperiaris
402 4659 518 4718 Gllxv.
538 4685 565 4695 —
584 4658 634 4708 4444
651 4661 680 4708 6.
695 4685 722 4695 -
742 4659 783 4709 iti.
802 4671 947 4722 quosquam
963 4659 996 4709 ii.
1019 4683 1046 4694 -
1065 4655 1107 4706 ic.
1125 4655 1215 4717 444444
1230 4655 1269 4714 ii,
1288 4656 1317 4704 ut
1332 4653 1393 4704 Eru.
1408 4651 1533 4702 coniecit:

208 4730 299 4795 loquer
315 4731 394 4784 codd.
411 4730 468 4784 rell.
487 4733 542 4783 noti
560 4734 587 4782 et
603 4734 632 4783 0.
661 4731 701 4783 Ci.
719 4733 895 4796 Wesenberg.
911 4733 1015 4784 4444444444.
1036 4731 1131 4782 Tauroi.
1150 4731 1170 4780 l.
1190 4743 1215 4795 p.
1234 4731 1276 4780 tt.
1300 4727 1370 4778 Bake
1386 4725 1421 4778 sd
1438 4725 1488 4776 cic.
1506 4723 1537 4773 de

207 4806 283 4872 Lego.
302 4819 328 4874 p.
341 4807 398 4860 4446.
416 4807 504 4871 lleislg
523 4807 614 4858 Vorlcs.
633 4809 694 4860 tiber
710 4809 754 4860 lot.
767 4808 896 4872 Sprocbsc.
915 4820 942 4871 p.
954 4807 1011 4858 aaa.
1025 4832 1052 4842 -
1068 4805 1321 4868 propasome·
1342 4803 1384 4854 ai.
1401 4801 1511 4851 littoris·
1522 4824 1535 4834 -

208 4885 329 4942 4444444444
344 4893 398 4932 om.
417 4883 488 4932 6.-
507 4882 548 4932 28.
565 4882 635 4946 444444,
655 4883 727 4946 qued
744 4882 823 4935 codd.
837 4882 973 4942 omittunt,
992 4893 1024 4930 ex
1041 4881 1110 4930 coni.
1129 4878 1219 4932 addidi
1235 4878 1379 4943 praeeunte
1397 4872 1535 4932 lambino,

209 4955 255 5017 qni
270 4959 368 5008 4444444444
379 4956 499 5008 itm
514 4956 597 5008 4444444
612 4958 771 5021 scripserat:
790 4963 888 5008 44444444
903 4956 926 5006 ei
941 4955 1023 5006 4444444
1039 4953 1154 5006 4444444444
1170 4955 1195 5006 2.
1210 4981 1238 4992 -
1256 4950 1372 5015 4444444444
1387 4945 1535 5005 ECHSvi

208 5031 327 5094 4444444444
343 5030 445 5082 Ernesti
460 5029 642 5095 probabiliter.
663 5057 690 5068 ·-
709 5032 750 5084 34.
766 5034 827 5096 pari
843 5043 894 5084 om.
908 5033 945 5091 6;
964 5031 1037 5082 liceat
1052 5041 1132 5091 444444
1146 5029 1175 5079 ia
1191 5029 1277 5079 44444444
1292 5021 1494 5079 Hommssnius.
1506 5045 1532 5056 -

208 5103 236 5154 444
252 5105 338 5156 44444444
352 5107 420 5168 mei,
438 5104 591 5158 ediscat:
610 5107 732 5158 4444444444
750 5109 846 5158 4.0.-
864 5118 956 5168 possen
972 5119 1001 5166 χ.
1022 5131 1049 5142 -
1067 5104 1108 5156 aa.
1126 5102 1339 5156 4444444446-
1359 5095 1391 5150 33
1411 5093 1487 5148 44444.
1506 5096 1535 5144 6.

212 5201 240 5215 ·-
259 5179 327 5241 444444
342 5191 425 5233 scere.
438 5205 475 5219 ·-
486 5181 619 5232 4444444444
635 5180 717 5234 babet
734 5179 839 5242 Quintil.
857 5181 889 5232 v.
907 5180 954 5243 43,
974 5179 1016 5232 ii.
