3578 5862
508 433 581 498 co.
603 433 814 498 xv-xvn.
840 429 897 516 us.
918 428 1066 496 er-u.
1393 425 1449 496 oet

132 613 230 670 tatem
244 605 307 667 iam
322 601 539 678 crevimus,-—
552 623 684 686 regnum
694 603 884 686 Bithyniae?
906 604 993 687 quod
1007 609 1091 666 certe
1105 602 1267 686 publicum
1285 608 1333 666 est
1346 602 1455 686 populi

132 700 266 763 Romani
287 698 418 762 tactum:
446 696 603 782 numquid
625 716 738 760 causae
760 705 808 760 est
829 699 906 780 quin
927 717 1037 786 omnes
1059 717 1167 780 agros,
1196 697 1311 772 urbes,
1334 704 1454 779 stagna,
1584 683 1607 772 3

133 804 259 878 portus,
285 798 382 856 totam
405 789 542 876 denique
563 791 741 875 Bithyniam
764 789 931 855 decemviri
954 789 1112 854 vendituri
1134 792 1220 854 sinti
1262 790 1346 854 XVI.
1370 790 1455 867 Quid

132 889 323 974 Mytilenaei
346 905 429 970 quae
450 892 534 950 certe
555 891 689 959 restrae,
704 885 856 961 Quirites,
873 883 948 946 belli
970 883 1040 966 lege
1061 904 1098 947 ao
1112 885 1257 948 victoriae
1270 885 1339 948 iure
1352 883 1454 949 iactae

133 973 372 1058 sunt,iurbslet
392 986 505 1044 natura
518 999 555 1042 ae
575 981 636 1043 situ
660 987 691 1042 et
705 978 914 1062 descriptione
936 977 1152 1042 aedificiorum
1170 984 1200 1040 et
1222 977 1480 1060 pulchritudineo
1598 965 1618 1053 ί

133 1057 430 1159 ἱιιριίιιιὶῖζιιοίιίϋε,
461 1073 528 1156 agri
552 1053 741 1164 iucundilet
772 1072 1047 1155 fertilesrtnempe
1074 1071 1187 1136 eodem
1213 1073 1315 1156 capite
1340 1072 1453 1138 inclusi

133 1155 357 1258 continentur.)
386 1160 438 1227 ll.
454 1149 538 1241 Qiffd
553 1166 746 1230 Alexandria
767 1172 945 1249 cunctaque
958 1167 1140 1250 Aegyptus?
1161 1173 1198 1228 ut
1218 1168 1340 1232 occulte
1362 1169 1453 1233 latetl
1553 1138 1643 1246 ds?

132 1268 169 1325 ut
189 1260 351 1326 recondita
372 1259 438 1323 estl
460 1267 497 1322 ut
517 1258 624 1323 furtim
646 1266 710 1324 tota
733 1260 914 1324 decemviris
936 1259 1084 1323 traditurl
1111 1258 1191 1335 Quis
1214 1262 1297 1326 enim
1318 1271 1455 1328 vestrum

130 1355 195 1419 hoo
220 1356 360 1438 ignorat,
389 1352 451 1417 dici
472 1352 552 1416 illud
574 1372 706 1435 regnum
727 1360 916 1419 testamento
939 1354 1021 1435 regis
1043 1353 1162 1417 Alexae
1187 1355 1297 1437 populi
1323 1357 1457 1420 Romani

133 1469 205 1512 esse
225 1448 364 1512 factumi
385 1446 445 1510 Hic
467 1465 526 1528 ego
550 1446 659 1509 consul
680 1447 791 1531 populi
806 1446 938 1511 Romani
959 1465 1023 1510 non
1045 1447 1139 1511 modo
1161 1447 1241 1510 nihil
1254 1448 1378 1525 iudico,
1401 1450 1495 1514 sedto

132 1563 175 1606 ne
206 1541 283 1626 quid
311 1541 443 1604 rendam
471 1538 601 1624 quidem
628 1539 770 1624 proiero;
802 1560 915 1624 magna
937 1542 1021 1604 enim
1042 1539 1120 1604 mihi
1141 1561 1192 1604 res
1214 1562 1279 1606 non
1300 1543 1395 1608 rnodo
1417 1544 1457 1610 ad

134 1635 353 1708 statuendum,
375 1633 430 1697 sed
453 1634 544 1696 etiam
567 1632 607 1696 ad
629 1633 796 1699 dicendum
817 1635 1042 1698 videturesse.
1072 1635 1188 1711 Video,
1212 1637 1267 1721 qui
1289 1645 1458 1702 testamen·

134 1736 201 1793 tum
221 1728 339 1791 lactum
353 1748 423 1792 esse
438 1726 617 1802 confirmet;
639 1729 855 1792 auctoritatem
871 1733 999 1806 senatus
1015 1736 1139 1792 exstare
1154 1730 1340 1796 hereditatis
1354 1731 1457 1796 aditae

134 1823 256 1896 sentio,
278 1830 363 1896 tum,
385 1821 512 1905 quando
533 1821 634 1884 Alexa
655 1830 779 1887 mortuo
800 1823 920 1904 legatos
942 1823 1058 1905 Tyrum
1081 1822 1239 1901 misimus,
1262 1826 1319 1911 qui
1340 1827 1380 1891 ah
1401 1827 1457 1891 illo

134 1916 302 2000 pecuniam
324 1914 499 1998 depositam
520 1916 636 1977 nostris
658 1924 885 2001 recuperarent
929 1911 981 1978 tt.
1002 1915 1088 1980 Haec
1109 1917 1145 1980 L.
1161 1919 1340 2005 Philippum
1361 1933 1495 2005 saepsit

134 2011 168 2072 in
192 2015 302 2073 senatu
324 2005 523 2072 confirmasse
545 2010 695 2073 memoria
717 2018 828 2087 teneo;
851 2030 941 2085 eum,
965 2011 1020 2094 qui
1039 2029 1171 2092 regnum
1185 2012 1263 2077 illud
1278 2021 1384 2078 teneat
1396 2015 1457 2079 hoc

134 2112 290 2189 tempore,
320 2120 423 2186 neque
446 2121 560 2184 genere
583 2123 687 2188 neque
710 2104 815 2167 animo
840 2104 928 2186 regio
951 2123 1021 2168 esse
1043 2104 1125 2166 inter
1145 2125 1255 2170 omnes
1276 2107 1343 2172 fere
1365 2109 1457 2173 rideo

135 2199 313 2261 convenire.
345 2196 466 2260 Dicitur
488 2203 612 2272 eontra,
641 2197 762 2260 nrdlum
784 2217 854 2262 esse
876 2205 1115 2274 testamentum
1145 2218 1210 2262 non
1232 2207 1378 2284 oportere
1398 2223 1458 2286 po·

135 2291 244 2376 pulum
265 2291 440 2354 llomanum
462 2291 599 2355 omnium
621 2311 790 2374 regnorum
812 2298 1013 2376 appetentem
1035 2290 1152 2369 videri;
1175 2293 1402 2376 demigraturos
1424 2297 1457 2359 in

135 2385 189 2448 illa
217 2384 287 2448 loca
315 2391 440 2447 nostros
461 2382 605 2449 homines
627 2393 755 2470 propter
775 2407 922 2469 agrorum
943 2386 1115 2449 honitatem
1138 2394 1170 2450 et
1191 2388 1330 2453 omnium
1351 2404 1495 2455 rerumto

135 2478 267 2563 copiam.
303 2474 355 2540 43.
370 2477 437 2540 Hac
459 2483 544 2542 tanta
566 2479 605 2542 de
628 2500 662 2544 re
682 2481 716 2542 P.
731 2480 842 2544 Rullus
864 2500 934 2543 oum
956 2474 1093 2563 [ceteris]
1115 2478 1301 2546 decemviris
1328 2484 1457 2569 collegis

135 2575 200 2637 suis
227 2571 398 2636 iudicabit?
427 2577 458 2634 et
479 2578 583 2636 utrum
606 2574 782 2638 iudicabit?
815 2576 892 2638 Nam
918 2580 1085 2656 utrumque
1107 2574 1150 2636 ita
1170 2593 1317 2658 magnum
1339 2587 1402 2653 est,
1423 2587 1460 2642 nt

134 2664 332 2730 nullomodo
347 2684 451 2749 neque
467 2667 702 2730 concedendum
717 2688 822 2752 neque
835 2666 1000 2732 ferendum
1016 2667 1066 2730 sit.
1088 2668 1181 2731 Volet
1194 2687 1265 2732 esse
1280 2671 1458 2754 popularis:

134 2759 252 2845 populo
275 2760 415 2822 Romano
438 2757 640 2822 adiudicabit
672 2761 754 2843 Ergo
775 2761 861 2824 idem
884 2782 924 2824 ex
940 2782 996 2824 sua
1012 2760 1082 2844 lege
1096 2761 1212 2826 vendet
1225 2762 1458 2843 Alexandriam,

133 2853 249 2919 vendet
261 2841 455 2937 Aegyptum3
473 2852 560 2915 urbis
575 2853 812 2938 copiosissimae
826 2855 1174 2940 pulcherrimorumque
1189 2876 1335 2940 agrorum
1350 2860 1459 2938 iudex,
1469 2876 1497 2926 ιδ

135 2947 266 3022 arbiter,
288 2945 450 3021 dominus,
472 2966 529 3008 rex
550 2946 688 3031 denique
710 2948 938 3032 opulentissimi
953 2950 1044 3031 regni
1057 2951 1242 3032 reperietur.
1264 2953 1334 3017 Non
1357 2963 1460 3020 sumet

135 3041 194 3104 sibi
216 3045 352 3114 tantum,
373 3058 438 3102 non
459 3047 602 3122 appetet:
624 3040 776 3104 iudicabit
787 3041 1012 3106 Alexandriam
1025 3043 1109 3127 regis
1125 3064 1212 3121 esse,
1233 3051 1384 3133 apopulo
1399 3052 1460 3115 llo·

135 3153 228 3197 mano
249 3132 451 3196 abiudicabit.
485 3133 583 3197 xvir.
597 3129 649 3194 ld.
664 3135 801 3198 Primum
823 3143 888 3198 tum
910 3136 1017 3220 populi
1033 3138 1165 3201 Romani
1185 3138 1390 3209 hereditatem
1406 3145 1461 3209 de·

136 3227 262 3292 cemriri
284 3225 440 3300 iudicent,
462 3245 534 3288 eum
556 3246 613 3290 vos
634 3226 795 3291 volueritis
810 3227 850 3290 de
868 3229 995 3312 privatis
1011 3229 1238 3296 hereditatibus
1253 3241 1460 3304 centumviros

135 3319 294 3384 iudicaret
326 3317 446 3382 Deinde
468 3321 540 3402 quis
562 3327 634 3402 aget
654 3339 779 3383 causam
802 3321 912 3404 populi
933 3323 1091 3388 Romanii
1114 3325 1167 3388 ubi
1183 3347 1234 3392 res
1251 3329 1313 3398 ista
1326 3337 1498 3418 ageturteo

137 3415 194 3498 qui
208 3422 281 3477 sunt
294 3413 346 3476 isti
361 3412 545 3488 decemviri,
567 3432 649 3496 quos
670 3413 895 3496 perspiciamus
909 3434 1042 3498 regnum
1056 3419 1266 3486 Alexandriae
1280 3426 1460 3492 Ptolemaeo

137 3508 233 3592 gratis
252 3505 509 3571 adiudicaturos‘t
532 3506 624 3584 Quod
647 3507 674 3569 si
689 3506 880 3572 Alexandria
901 3511 1075 3592 petebatur,
1098 3533 1154 3576 cur
1168 3535 1233 3579 non
1248 3519 1375 3585 eosdem
1390 3542 1461 3586 cur-

137 3623 192 3664 sus
211 3601 273 3665 hoc
295 3607 454 3683 tempora,
476 3621 556 3684 quos
570 3602 607 3662 L.
622 3599 713 3664 Cotta
726 3601 762 3664 L.
778 3603 936 3685 Torquato
959 3605 1142 3690 consulibus
1157 3618 1382 3678 cucurrerunt?
1405 3635 1461 3678 cur

137 3715 202 3758 non
222 3701 347 3778 aperte,
368 3701 403 3756 ut
425 3697 541 3758 anteat
563 3715 619 3757 cur
639 3715 705 3758 non
727 3695 820 3770 item,
842 3702 877 3759 ut
899 3716 970 3761 cum
986 3697 1105 3763 directo
1122 3708 1153 3765 et
1173 3703 1277 3786 palam
1298 3708 1460 3790 regionem

137 3788 223 3856 ittam
243 3788 427 3872 petierunt?
458 3808 498 3852 an
521 3788 576 3873 qui
599 3789 721 3864 etesiis,
754 3790 809 3874 qui
831 3810 888 3875 per
909 3811 1035 3857 ausum
1057 3802 1178 3860 rectum
1198 3817 1330 3881 regnum
1352 3807 1497 3868 tenereet

139 4005 1460 4038 -———-----------.-......-....-.....„

205 4161 229 4210 t.
241 4157 302 4220 ium]
314 4155 398 4213 ttulit
416 4155 518 4216 euml‘;
537 4168 589 4206 om.
601 4157 664 4206 F.-
677 4157 818 4210 creauimus
834 4159 947 4211 EFP.-
961 4161 985 4212 2.
998 4162 1181 4226 atugucEFP:
1200 4165 1459 4226 rtctiouGALPO.-

138 4233 162 4285 t.
180 4234 305 4285 mitiusue
322 4233 355 4292 E;
372 4231 480 4282 muare
495 4231 529 4292 P;
546 4231 681 4293 Mituterce
691 4229 780 4285 ALPO.
797 4263 823 4271 -
842 4235 915 4300 certe]
933 4240 1017 4288 terrae
1033 4238 1147 4289 EFPA.
1165 4239 1321 4292 Emendavit
1338 4246 1393 4297 Nic.
1406 4251 1461 4300 An-

139 4307 230 4374 gelius.
243 4335 270 4344 -
289 4309 314 4358 5.
332 4321 363 4358 ce
379 4307 469 4358 EFA:
488 4310 584 4356 etcum
601 4305 645 4357 ed.
663 4305 756 4360 Aldina
771 4308 855 4363 LPO.
874 4337 900 4346 -
918 4309 943 4360 8.
957 4312 1069 4377 estimat
1084 4313 1168 4365 EPP.
1181 4342 1208 4352 —
1222 4316 1354 4373 enteca
1370 4323 1459 4376 EFP:

139 4383 262 4434 Ataaruud.
283 4381 337 4446 (sic)
355 4383 388 4442 A;
407 4379 545 4432 Aleaeuudrt
561 4377 644 4432 tto,
665 4381 705 4433 Cl.
718 4381 804 4434 Schol.
823 4383 888 4435 Bob.
901 4397 928 4449 p.
941 4383 997 4436 350.
1016 4400 1041 4438 v.
1055 4388 1079 4438 t.
1099 4387 1141 4438 ed.
1160 4391 1308 4443 nostrae-
1328 4395 1462 4451 tbdlam
1552 4383 1554 4386 Α

138 4459 226 4510 EFP:
244 4457 389 4508 Atmudro
405 4454 479 4508 Ath
489 4457 518 4507 O.
538 4483 566 4492 —
583 4460 695 4507 emrtuos
710 4458 795 4508 EFP.
815 4485 842 4494 -
867 4459 907 4508 ta.
924 4460 1024 4524 matria]
1043 4465 1156 4512 nostrum
1171 4464 1206 4524 L3
1233 4467 1302 4518 uobis
1318 4472 1459 4526 Puteanus.

141 4561 168 4571 -
186 4534 226 4599 Ι..]
243 4534 332 4584 tatium
348 4533 383 4593 E,
405 4533 498 4583 lucium
514 4533 540 4582 F.
560 4558 588 4567 -
613 4532 653 4582 t9.
673 4536 794 4594 patenter
810 4533 869 4592 EF;
885 4539 1010 4596 potentem
1026 4539 1055 4587 A.
1082 4538 1239 4591 Emendavit
1254 4545 1309 4594 Nic.
1327 4547 1459 4612 Angelius.

140 4635 167 4646 -
187 4610 228 4660 rt.
246 4608 333 4659 celeria
349 4619 402 4672 om.
421 4607 449 4658 E.
470 4635 496 4642 —
515 4607 823 4658 instrumentarius:
841 4620 928 4660 comm
946 4609 1087 4666 EFALP.
1100 4639 1127 4648 -
1146 4612 1188 4664 hl.
1207 4615 1359 4671 abiudicabit
1376 4625 1459 4677 EFP.

141 4709 167 4720 —-
186 4685 227 4734 25.
247 4696 294 4747 pue
310 4693 363 4732 om.
382 4684 409 4733 P.
430 4707 457 4718 -
481 4682 522 4734 ιθ.
540 4683 683 4746 repperitur
699 4683 731 4742 E,
753 4683 878 4744 reperitur
894 4685 920 4734 F.
941 4711 967 4720 -
990 4680 1031 4737 28.
1049 4691 1102 4738 um
1118 4687 1236 4741 EFPA:
1255 4696 1338 4745 torum
1354 4697 1387 4757 T;
1405 4711 1459 4749 om.

140 4758 183 4810 ed.
196 4759 310 4820 Iuntina,
328 4753 412 4810 cto.
429 4782 455 4793 —-
473 4757 514 4808 29.
532 4757 642 4808 uolueris
656 4755 749 4808 litteris
766 4758 785 4806 ti
801 4761 988 4825 superscriptis
999 4761 1028 4812 E.
1044 4789 1070 4797 -
1090 4763 1240 4816 decentum
1250 4767 1279 4817 E.
1293 4793 1320 4804 -
1340 4769 1380 4820 3t.
1390 4772 1462 4834 phto-

139 4834 216 4885 torreo
232 4833 265 4895 Ε,
279 4832 418 4896 curmae
436 4833 463 4884 P.
482 4859 510 4869 --
529 4833 569 4885 ³2.
588 4847 634 4886 cru
650 4847 704 4885 om.
723 4835 806 4885 EFP.
826 4860 853 4870 -
872 4835 912 4888 tt.
931 4839 990 4888 outa
1006 4837 1032 4888 F.
1054 4865 1081 4875 —
1099 4839 1164 4904 urm]
1181 4845 1235 4892 trau
1250 4841 1308 4894 ΕΡ.
1323 4869 1350 4880 -·
1369 4846 1462 4899 directo

139 4909 202 4960 Tot
217 4906 400 4960 Lauredauus:
423 4907 520 4959 durato
535 4907 675 4964 EPPAP.
704 4907 743 4960 Cl.
761 4922 818 4960 var.
835 4908 896 4961 lect.
915 4925 942 4976 p.
960 4909 1017 4962 486.
1035 4927 1061 4963 ν.
1079 4913 1121 4966 nt.
1145 4941 1173 4950 -
1194 4916 1235 4968 35.
1254 4931 1289 4968 au
1314 4920 1357 4981 qui
1373 4923 1461 4987 acub,

76 4993 79 5004 ·
140 4985 183 5046 qui
193 4981 358 5036 Gulielmius:
378 4996 413 5033 cu
429 4984 517 5045 quietio
531 4984 563 5034 tir
579 4983 623 5048 (uu
633 4984 663 5048 A)
681 4984 724 5045 cui
741 4983 760 5034 E
770 4984 788 5034 P
797 4985 816 5033 P
824 4986 845 5034 A
854 4981 884 5044 t;
905 4997 948 5048 cu,
968 4986 1088 5050 Quirites,
1107 4988 1139 5050 ii,
1157 4991 1200 5052 qui
1217 4993 1245 5042 P.
1258 4992 1397 5046 Manutius.
1410 4995 1462 5061 (pe-

140 5059 231 5110 tierunt
246 5058 334 5122 quietis
349 5055 438 5108 rehu?
453 5057 492 5108 Au
507 5058 551 5120 qui
560 5058 599 5122 Ι..)
618 5057 657 5109 Ct.
676 5058 709 5109 de
726 5057 801 5109 deor.
814 5059 867 5108 nat.
882 5059 911 5110 u.
930 5059 955 5123 g.
970 5059 1039 5110 tat:
1057 5066 1142 5113 cautos
1158 5065 1258 5128 euius,
1276 5077 1384 5128 quorum
1397 5071 1462 5135 rictu

140 5133 211 5184 uiuit
226 5137 397 5199 curemur
412 5131 523 5196 cutum
540 5131 573 5186 ab
587 5133 674 5186 incon
689 5133 766 5186 etium
781 5132 905 5185 maritimi
919 5145 1008 5187 curura
1022 5134 1111 5190 celerer
1126 5141 1150 5194 et
1165 5140 1226 5192 certi
1241 5140 1394 5207 tuburum
