3704 5860
313 383 375 456 368
683 395 726 461 IN
746 395 913 464 VERREM
933 397 1055 464 AGTlO
1079 398 1261 466 SECUNDA

311 562 502 639 maximum,
529 571 692 647 practerea
720 565 782 630 duo
803 568 920 653 templa
946 578 1020 634 sunt
1040 570 1181 654 egregia,
1209 555 1330 633 Cereris
1355 588 1468 644 unum,
1497 569 1631 636 alterum

311 655 459 732 Liberae,
482 659 671 745 signumque
693 662 863 746 Apollinis,
889 665 943 746 qui
964 665 1143 729 Temenites
1164 672 1309 739 vocatur,
1335 662 1578 748 pulcherrimum
1600 674 1632 730 et

310 751 499 830 maximum,
523 755 609 838 quod
631 757 690 819 iste
713 758 738 820 si
759 764 884 842 portare
904 759 1076 841 potuisset,
1096 779 1160 822 non
1184 759 1356 823 dubitasset
1378 757 1510 823 auferre.
1551 761 1630 826 LIV.

311 838 382 907 tao.
404 847 492 910 Nunc
515 850 554 913 ad
576 851 758 915 Marcellum
780 859 932 926 revertar,
961 872 1001 917 ne
1022 854 1101 919 haec
1122 873 1141 916 a
1162 874 1212 917 me
1235 853 1304 917 sine
1326 874 1419 918 causa
1441 873 1631 919 commemo-

286 945 376 1003 orata
396 961 466 1006 esse
488 944 670 1007 videantur:
699 947 753 1029 qui
775 965 846 1008 cum
869 954 930 1011 mm
951 949 1143 1031 praeclaram
1165 947 1274 1011 urbem
1295 949 1325 1014 vi
1346 949 1509 1033 copiisque
1532 950 1631 1034 cepis-

309 1040 372 1109 set,
394 1056 457 1099 non
478 1037 600 1122 putavit
621 1039 660 1103 ad
682 1039 807 1102 laudem
828 1041 937 1125 populi
959 1041 1091 1106 Romani
1111 1042 1171 1106 hoc
1193 1043 1368 1124 pertinere,
1390 1043 1472 1106 hanc
1494 1043 1631 1128 pulchri-

309 1129 465 1207 tudinem,
487 1153 527 1195 ex
549 1152 611 1216 qua
632 1135 816 1216 praesertim
837 1135 970 1219 periculi
991 1137 1070 1199 nihil
1086 1135 1320 1213 ostenderetur,
1344 1137 1451 1202 delere
1467 1146 1498 1201 et
1513 1140 1630 1202 exstin-

309 1243 414 1306 guere.
457 1227 566 1311 ltaque
588 1225 736 1292 aedificiis
760 1230 919 1305 omnihus,
948 1231 1080 1315 puhlicis
1101 1232 1245 1315 privatis,
1280 1232 1374 1295 sacris
1396 1231 1553 1316 profanis,
1586 1232 1630 1296 sic

308 1321 461 1405 pepercit,
486 1322 575 1405 quasi
596 1324 635 1386 ad
651 1344 688 1386 ea
703 1324 902 1388 defendenda
916 1346 987 1388 cum
1001 1327 1157 1402 exercitu,
1179 1345 1244 1389 non
1259 1326 1470 1410 oppugnanda
1480 1322 1639 1390 venisset.-

273 1415 344 1476 roln
366 1422 477 1478 ornatu
497 1416 583 1479 urhis
605 1416 714 1482 hahuit
734 1421 883 1484 victoriae
905 1420 1074 1495 rationem,
1096 1419 1207 1483 hahuit
1227 1419 1438 1486 humanitatis.
1471 1421 1629 1486 Victoriae

306 1509 435 1592 putahat
456 1529 526 1574 esse
548 1511 645 1575 multa
665 1515 794 1577 Romam
810 1513 991 1596 deportare,
1016 1535 1097 1598 quae
1112 1522 1296 1579 ornamento
1311 1515 1381 1578 urbi
1396 1536 1466 1579 esse
1481 1521 1629 1599 possent:

305 1602 523 1678 humanitatis,
552 1624 618 1668 non
647 1606 740 1691 plane
768 1608 945 1689 exspoliare
967 1609 1092 1684 urbem,
1118 1610 1303 1694 praesertim
1325 1629 1420 1694 quam
1441 1630 1628 1675 conservare

305 1699 463 1764 voluisset.
506 1693 577 1762 tit.
600 1701 636 1763 ln
658 1700 716 1763 hac
737 1703 902 1785 partitione
924 1710 1052 1766 ornatus
1081 1723 1145 1766 non
1166 1704 1237 1788 plus
1260 1704 1388 1768 victoria
1411 1703 1552 1768 Marcelli
1571 1723 1629 1788 po·
1732 1690 1741 1710 '

304 1793 379 1877 pulo
401 1793 541 1857 Romano
564 1795 730 1882 appetivit,
753 1817 846 1880 quam
868 1796 1047 1860 humanitas
1063 1798 1265 1882 Syracusanis
1288 1798 1466 1863 reservavit
1497 1797 1628 1861 Romam

266 1895 387 1972 Itquae
408 1895 572 1973 apportata
592 1896 678 1965 sunt,
700 1891 740 1953 ad
763 1890 873 1954 aedem
894 1891 1028 1955 Honoris
1051 1899 1083 1954 et
1096 1893 1226 1956 Virtutis
1250 1894 1389 1976 itemque
1410 1891 1480 1956 aliis
1496 1891 1529 1954 in
1547 1891 1627 1955 locis

303 1983 457 2048 videmus.
500 1982 584 2046 Nihil
613 1983 647 2046 in
671 1983 816 2060 aedihus,
846 1985 926 2049 nihil
947 1987 980 2049 in
1002 1986 1101 2050 hortis
1122 1987 1244 2071 posuit,
1272 1986 1353 2050 nihil
1374 1988 1408 2050 in
1430 1985 1626 2049 suhurhano:

302 2080 435 2163 putavit,
458 2077 593 2142 siurbis
615 2086 798 2143 ornamenta
819 2078 947 2143 domum
969 2100 1058 2144 suam
1078 2100 1142 2145 non
1166 2081 1364 2157 contulisset,
1391 2082 1517 2144 domum
1539 2099 1627 2144 suam

302 2181 487 2237 ornamento
505 2172 577 2235 suhi
590 2171 737 2237 suturam.
760 2174 923 2259 Syracusis
937 2181 1043 2238 autem
1058 2175 1215 2258 permulta
1230 2183 1324 2260 atque
1340 2176 1465 2258 egregia
1479 2173 1626 2259 reliquit;

204 2295 211 2314 ·
301 2264 395 2331 deum
409 2286 485 2330 vero
499 2267 620 2330 nullum
634 2268 774 2343 violavit,
796 2267 917 2332 nullum
932 2268 1042 2352 attigit.
1067 2268 1213 2333 Conferte
1228 2269 1368 2342 Verrem,
1390 2289 1455 2332 non
1469 2276 1505 2332 ut
1523 2267 1628 2332 homi·

264 2367 374 2424 ionem
389 2380 461 2424 cum
474 2358 602 2424 homine
617 2363 813 2452 comparetis,
828 2383 868 2424 ne
884 2382 947 2446 qua
959 2362 1015 2426 tali
1027 2363 1095 2428 viro
1111 2370 1233 2427 mortuo
1249 2360 1302 2427 liat
1315 2364 1437 2438 iniuria,
1454 2362 1510 2426 sed
1522 2369 1557 2425 ut
1571 2381 1627 2447 pa·
1740 2368 1742 2372 ’

301 2475 369 2519 cem
383 2475 455 2519 cum
472 2455 573 2530 hello,
593 2455 679 2538 leges
701 2475 772 2519 cum
785 2458 827 2530 vi,
844 2456 947 2520 lorum
963 2463 995 2519 at
1008 2455 1085 2521 iuris
1103 2457 1275 2522 dictionem
1291 2479 1360 2521 cum
1374 2457 1458 2522 ferro
1475 2459 1625 2532 sturmis,

300 2551 470 2614 adventum
488 2557 519 2613 et
533 2551 713 2614 comitatum
728 2571 800 2613 cum
815 2551 955 2614 exercitu
970 2558 1002 2614 et
1012 2552 1147 2634 victoria
1160 2553 1340 2616 conseratis.
1363 2553 1425 2616 LV.
1442 2548 1513 2617 422.
1529 2553 1625 2617 Aedis

298 2645 458 2709 Minervae
473 2650 521 2708 est
535 2645 694 2720 ininsula,
710 2643 750 2707 de
767 2666 829 2728 qua
843 2651 915 2707 ante
931 2645 1016 2708 dixi:
1033 2666 1128 2729 quam
1142 2646 1310 2710 Marcellus
1325 2666 1389 2710 non
1403 2649 1515 2732 attigit,
1532 2670 1624 2734 quam

299 2740 425 2823 plenam
448 2746 543 2823 atquc
565 2746 707 2804 ornatam
729 2739 876 2822 reliquit,
906 2760 988 2823 quae
1010 2740 1050 2803 ah
1072 2741 1133 2803 isto
1157 2741 1203 2803 sic
1226 2741 1362 2823 spoliata
1384 2747 1479 2824 atque
1501 2742 1626 2827 direpta

262 2841 362 2910 soost,
384 2855 448 2898 non
469 2839 505 2896 ut
526 2834 565 2897 ah
582 2833 673 2896 hoste
696 2833 818 2917 aliquo,
842 2833 897 2918 qui
919 2841 1023 2897 umen
1046 2835 1078 2896 in
1100 2835 1185 2898 hello
1207 2835 1391 2918 religionem
1407 2843 1438 2898 ct
1459 2844 1625 2900 cousuetu-

300 2929 382 2994 dinis
403 2930 472 3004 iura
493 2929 668 3002 retineret,
681 2927 737 2991 sed
758 2934 793 2990 ut
813 2947 832 2989 a
852 2927 993 2991 harharis
1015 2928 1225 3011 praedonibus
1247 2937 1361 2994 vexata
1383 2949 1453 2993 esse
1473 2932 1623 2996 videatur.

298 3025 406 3108 Pugna
432 3029 498 3088 erat
525 3022 680 3107 equestris
702 3020 867 3104 Agathocli
893 3023 976 3104 regis
998 3023 1033 3085 in
1054 3023 1169 3086 tabulis
1189 3024 1290 3106 picta:
1320 3025 1358 3086 iis
1380 3031 1487 3088 autem
1507 3026 1623 3089 tabulis

298 3120 464 3183 interiores
494 3117 604 3201 templi
631 3117 766 3200 parietes
795 3115 1018 3180 vestiebantur.
1061 3117 1148 3180 Nihil
1177 3125 1244 3181 erat
1265 3137 1302 3181 ea
1329 3120 1453 3201 pictura
1474 3119 1622 3194 nohilius,

299 3213 379 3276 nihil
402 3212 583 3296 Syracusis,
614 3211 701 3294 quod
722 3210 821 3294 magis
842 3210 1008 3274 visendum
1031 3217 1203 3295 putaretur.
1246 3211 1311 3276 llas
1332 3212 1454 3277 tabulas
1476 3215 1518 3276 M.
1540 3215 1622 3278 Mar-

261 3307 414 3382 aucellus,
437 3327 508 3370 cum
528 3307 634 3370 omnia
654 3305 785 3368 victoria
807 3305 862 3367 illa
884 3325 940 3368 sua
961 3305 1094 3388 profana
1110 3306 1254 3381 fecisset,
1276 3313 1381 3369 tamen
1395 3307 1549 3390 religione
1563 3309 1622 3370 im·

299 3402 425 3486 peditus
446 3421 512 3464 non
534 3399 651 3484 attigit:
681 3399 758 3474 iste,
781 3420 852 3463 cum
873 3399 929 3462 illa
951 3400 1013 3464 iam
1035 3409 1164 3484 propter
1186 3400 1369 3464 diuturnam
1390 3421 1500 3484 pacem
1522 3397 1622 3464 tideli-

300 3503 459 3581 tatemque
480 3494 592 3581 populi
613 3493 798 3577 Syracusani
821 3513 908 3558 sacra
929 3495 1141 3579 religiosaque
1158 3494 1348 3578 accepisset,
1370 3515 1479 3560 omnes
1501 3515 1555 3560 sas
1575 3502 1621 3558 ta·

298 3591 391 3657 hulas
405 3590 551 3656 abstulit:
572 3588 725 3672 parietes,
747 3607 881 3672 quorum
902 3594 1030 3653 ornatus
1053 3596 1100 3652 tot
1114 3589 1241 3653 saecula
1254 3596 1448 3666 manserant,
1470 3595 1518 3653 tot
1536 3588 1621 3655 bella

363 3847 389 3897 2.
408 3843 525 3896 leemites
540 3842 561 3893 li
578 3841 606 3891 et
621 3839 702 3904 ugia
728 3839 756 3891 iu
772 3838 829 3890 rell.
848 3841 926 3904 legg.
945 3840 1099 3905 gravissima
1116 3840 1214 3892 menda
1230 3842 1300 3893 eunt.
1320 3867 1347 3878 -
1373 3839 1397 3892 3.
1416 3853 1465 3903 quo
1480 3840 1525 3892 iste
1540 3840 1569 3891 14.
1589 3863 1617 3876 -·

297 3921 324 3972 3.
341 3917 403 3982 mm]
419 3918 473 3969 iam
488 3917 518 3968 14.
537 3943 565 3953 -
583 3917 609 3968 4.
626 3915 689 3966 attii
701 3917 807 3979 petasii
823 3917 856 3978 0;
872 3915 979 3980 periculi
995 3930 1048 3968 om.
1066 3918 1145 3982 4433.
1157 3919 1266 3983 praeter
1281 3916 1322 3968 29.
1342 3943 1370 3954 -
1388 3917 1534 3982 ectieauere
1548 3917 1578 3979 44.
1589 3939 1617 3952 -

297 3995 323 4046 3.
338 3994 444 4059 puhlicis
459 3990 570 4045 missa
586 3990 622 4042 443
639 3987 698 4041 etl
716 3991 750 4055 (iu
767 4004 820 4055 quo
838 3990 934 4042 deinde
952 3992 994 4042 est
1009 3997 1033 4042 et
1046 3991 1170 4055 pisseto).
1189 4018 1217 4028 —
1237 3991 1261 4042 9.
1279 3992 1448 4056 oppupvweda
1464 3990 1527 4042 Ld.:
1545 4005 1621 4054 emop-

294 4070 435 4134 pupeondo
450 4070 486 4129 Ii3
504 4067 676 4131 memorias
692 4065 747 4117 rell.
761 4068 790 4118 0.
804 4093 831 4103 —
852 4067 893 4117 It.
911 4066 980 4118 orbis
995 4066 1033 4118 443
1050 4068 1078 4118 et
1094 4065 1172 4118 codd.
1190 4064 1247 4118 rell.
1260 4068 1322 4118 noti.
1338 4094 1365 4103 -
1385 4067 1424 4117 42.
1444 4065 1572 4130 expoliore
1582 4066 1618 4126 113

296 4145 406 4207 spoliare
421 4142 486 4196 dett.
506 4170 533 4179 -
553 4141 593 4196 ll.
611 4143 730 4206 adpetivit
746 4144 779 4204 R;
794 4144 881 4206 petivit
891 4143 969 4207 4329.
983 4169 1009 4179 -
1031 4143 1070 4194 Io.
1083 4143 1219 4205 adportata
1228 4143 1248 4192 44
1260 4137 1277 4191 lt
1288 4143 1321 4192 oi
1333 4157 1340 4203 ;
1358 4141 1490 4204 deportato
1500 4142 1546 4202 (42,
1559 4140 1617 4202 Ld.;

296 4225 427 4283 asportato
447 4219 511 4270 dett.
531 4219 560 4268 0.
580 4244 607 4254 —
632 4217 663 4282 et]
686 4223 761 4279 atque
781 4219 860 4283 Lagg.
878 4217 942 4268 dett.
961 4218 990 4268 0.
1010 4242 1037 4253 -
1064 4217 1122 4267 item
1139 4216 1217 4278 lagg.
1236 4214 1300 4266 dett.
1320 4242 1347 4251 -
1367 4215 1415 4266 olis
1430 4217 1459 4268 ll.
1479 4243 1507 4252 -
1534 4216 1574 4267 46.
1592 4215 1620 4264 io

296 4296 358 4346 ortis
373 4296 402 4347 It.
422 4322 449 4331 -
478 4295 517 4344 44.
535 4307 585 4343 aon
602 4305 656 4343 om.
675 4293 744 4356 4329
761 4306 801 4358 pr.
821 4308 854 4346 m.
878 4322 905 4331 -
934 4294 973 4344 l8.
991 4293 1048 4344 arti
1064 4305 1161 4343 omum.
1181 4293 1196 4341 6
1213 4293 1291 4356 4433.
1310 4291 1375 4343 dett.
1395 4318 1422 4327 -
1441 4293 1482 4344 20.
1501 4305 1557 4343 cum
1572 4293 1619 4342 lw-

295 4372 387 4422 miaem
403 4373 433 4424 44.
453 4397 480 4407 -
506 4369 548 4419 ti.
567 4369 645 4432 tepem
661 4367 738 4431 4329.
763 4394 790 4403 -
815 4369 855 4420 22.
875 4369 943 4419 cedis
958 4370 993 4430 lt,
1013 4369 1045 4418 Gl
1062 4369 1091 4418 i:
1117 4367 1189 4417 aedes
1204 4366 1262 4427 Ld.,
1282 4366 1346 4417 dett.
1364 4367 1394 4417 0.
1423 4369 1618 4419 eNominativus

296 4449 366 4498 aedis
381 4447 451 4513 apud
468 4447 616 4496 Varronem
633 4445 739 4493 notatur
755 4456 771 4493 a
788 4445 871 4494 Nonio
888 4457 914 4508 p.
928 4443 984 4494 494.
1011 4445 1040 4492 In
1056 4441 1208 4504 fragmentis
1226 4443 1391 4494 Fernesianis
1402 4443 1504 4506 vestigii
1520 4443 1618 4492 veteris

295 4521 394 4574 Itomae
417 4537 433 4573 a
453 4519 564 4572 Bellario
585 4517 648 4568 edIti
668 4516 723 4568 tab.
748 4519 779 4569 II.
800 4519 907 4568 AEDIS.
930 4516 1023 4568 IOVIS.
1046 4516 1152 4567 AEDIS.
1170 4515 1311 4566 IVNONIS.
1328 4516 1434 4567 AEDIS.
1452 4516 1616 4568 HERCVIIS.

294 4597 460 4648 MVSAIiVII.
486 4594 579 4658 Neque
596 4591 671 4642 aliter
687 4593 795 4644 Verrius
812 4593 920 4644 Flaccus
938 4593 964 4642 iu
980 4589 1089 4641 Kalend.
1109 4591 1305 4641 PraenestIno.»
1329 4591 1421 4641 Giuir.
1434 4592 1466 4641 II.
1485 4616 1513 4626 —
1532 4589 1573 4641 23.
1590 4591 1619 4640 tn

295 4671 394 4733 omli,
414 4671 490 4721 33-
509 4667 551 4718 24.
569 4679 601 4717 oc
617 4667 715 4730 direpta
731 4669 808 4731 4329.
822 4694 849 4704 -
867 4669 908 4718 25.
926 4667 1070 4730 reiiptoaem
1085 4665 1131 4727 443,
1145 4663 1208 4715 Geli.
1222 4665 1253 4714 II.
1267 4664 1290 4714 3.
1310 4665 1427 4716 Macrob.
1447 4667 1500 4716 Set.
1514 4665 1566 4715 Vll.
1580 4664 1616 4714 a:

293 4747 443 4812 reiptosum
459 4740 515 4794 rell.
533 4743 563 4794 0.
582 4767 609 4777 —
628 4743 670 4794 26.
687 4744 803 4794 retineret
819 4742 928 4806 Gellius,
947 4743 1038 4804 itaer,
1056 4740 1148 4802 Lsggc
1175 4740 1309 4789 contineret
1326 4739 1375 4800 443,
1394 4737 1422 4789 Ε.
1443 4764 1470 4774 -
1489 4740 1531 4790 24.
1548 4739 1618 4802 Apo·

294 4822 380 4873 tiociis
395 4821 461 4873 dett.
479 4818 509 4869 0.
529 4841 556 4854 -
582 4817 653 4883 picta
669 4819 811 4880 praeclaris
830 4820 923 4883 Lagg.;
945 4819 1015 4881 piola
1032 4815 1165 4880 praecium
1181 4816 1211 4866 0.
1230 4841 1258 4851 -
1279 4814 1311 4865 iis
1326 4818 1346 4867 It
1364 4813 1421 4879 (sed
1436 4816 1454 4865 4
1469 4828 1530 4880 sup.
1547 4813 1615 4878 limi:

292 4898 331 4949 his
347 4900 376 4950 0.
396 4898 429 4961 (in
447 4895 536 4957 4433,
555 4905 617 4943 cum
629 4895 771 4955 praeclusis
786 4892 916 4956 hsheant,
939 4893 972 4942 iis
988 4891 1092 4942 videtur
1107 4891 1220 4952 deesse,
1242 4893 1272 4942 ut
1288 4893 1330 4942 est
1346 4891 1373 4941 iu
1390 4892 1472 4942 Oxou.
1490 4898 1517 4955 ψ
1537 4901 1617 4953 prae-

293 4973 370 5023 clusis
385 4971 487 5034 ostem.)
506 4994 533 5003 -
552 4967 593 5020 28.
611 4967 803 5029 immoriens,
821 4968 850 5019 E.
870 4995 898 5005 -
925 4967 965 5019 30.
983 4967 1029 5019 iiio
1043 4969 1150 5019 uictoria
1166 4967 1200 5030 Ε,
1220 4965 1284 5018 dett.
1303 4966 1333 5016 0.
1353 4991 1379 5001 -
1398 4965 1521 5030 inpeditus
1537 4965 1566 5016 It.
1586 4989 1614 4999 -

294 5046 335 5098 34.
353 5050 406 5098 mm
421 5045 466 5095 illo
483 5045 498 5095 6
514 5045 592 5109 lagg.
607 5070 634 5080 -
654 5044 695 5096 32.
713 5045 844 5109 accepisset
860 5045 919 5096 Eet
929 5045 1024 5109 haga:
1041 5044 1141 5109 cepisset
1151 5043 1198 5096 443.
1213 5069 1240 5082 -
1259 5041 1339 5094 ocutis
1353 5041 1431 5106 4329.
1446 5069 1474 5079 -
1492 5040 1617 5093 33441-

293 5127 362 5177 Ν
371 5149 386 5164 “
394 5147 409 5162 “
419 5121 541 5187 θωνα
556 5118 621 5174 dest.
639 5120 669 5174 οι
