3642 5868
265 339 328 425 aaa
637 357 1012 426 munemuscrro
1036 357 1220 424 secunus

264 532 324 596 bus
354 532 491 614 positam
522 529 711 606 coniecerit3
746 549 829 614 quae
860 529 952 594 vobis
983 528 1046 592 alio
1077 527 1149 591 loco
1179 525 1306 610 planius
1339 524 1593 610 explicabuntur.

265 623 337 688 485.
359 627 450 689 Nunc
470 625 532 688 hoc
554 625 717 689 attendite.
745 624 803 687 llis
825 621 1118 706 exportationibus,
1141 639 1226 705 quae
1239 619 1390 684 recitatae
1405 626 1493 695 sunt,
1516 623 1595 686 scri·

264 719 312 782 bit
339 718 399 782 HS
426 739 469 782 nx
495 718 601 782 socios
630 717 808 802 perdidisse
838 737 879 780 cx
898 716 1050 781 vicesima
1070 715 1206 800 portorii
1229 715 1403 800 Syracusis.
1445 715 1593 780 Pauculis

264 814 362 898 igitur
382 811 563 886 mensibus,
592 819 629 874 ut
648 812 682 874 hi
710 810 820 895 pusilli
843 818 876 875 et
897 811 1070 894 contempti
1092 809 1192 873 libelli
1214 809 1370 884 indicant,
1396 807 1481 874 furta
1501 829 1593 893 prae-

242 909 359 982 storis,
388 927 470 992 quae
499 911 605 969 essent
628 905 688 970 HS
711 904 897 980 duodecies,
928 925 969 968 ex
996 924 1060 968 uno
1083 902 1203 988 oppido
1227 902 1296 967 solo
1319 910 1487 986 exportata
1507 911 1591 969 sunt.

61 1017 153 1137 «a
247 989 1215 1178 <isiaeisacus-,itassciscat.
1228 998 1592 1176 accessuras

264 1195 377 1272 gente,
401 1187 478 1273 quid
500 1139 668 1292 Lilybaeo)
691 1187 769 1271 quid
791 1189 963 1262 Panemo,
986 1186 1064 1271 quid
1080 1186 1241 1260 Thermis,
1264 1186 1342 1269 quid
1357 1185 1491 1262 lielesa,
1514 1183 1590 1270 quid

170 1285 204 1400 ί
266 1282 391 1359 Catina,
414 1282 492 1366 quid
514 1301 555 1345 ex
577 1283 690 1345 ceteris
715 1280 857 1365 oppidis:
882 1281 960 1366 quid
982 1301 1057 1346 vero
1075 1283 1237 1356 Messene,
1262 1280 1440 1367 quem—iste
1462 1280 1522 1343 sibi
1544 1280 1591 1342 lo·

228 1397 336 1446 recum
358 1377 497 1440 maxime
518 1383 621 1440 tutum
645 1397 715 1440 esse
737 1375 965 1450 arbitrabatur,
993 1375 1048 1439 ubi
1070 1374 1176 1438 animo
1199 1393 1325 1459 semper
1346 1373 1452 1437 soluto
1474 1373 1591 1438 libero-

263 1491 327 1557 que
350 1477 433 1546 erat,
467 1471 555 1555 quod
584 1470 645 1533 sibi
667 1471 727 1534 iste
751 1469 958 1533 Mamertinos
980 1468 1159 1553 delegerat,
1189 1467 1229 1532 ad
1253 1488 1334 1552 quos
1357 1468 1478 1543 omnia,
1506 1487 1588 1552 qnae

263 1571 319 1630 aut
341 1566 526 1648 diligentius
549 1565 706 1629 servanda
726 1571 782 1628 aut
804 1562 959 1627 occultius
974 1562 1173 1646 exportanda
1187 1570 1291 1637 erant,
1313 1562 1503 1646 deportaret.
1530 1563 1587 1626 llis

262 1659 401 1724 inventis
430 1658 547 1724 libellis
576 1659 673 1722 ceteri
696 1657 810 1722 remoti
833 1665 865 1720 et
885 1657 1069 1740 diligentius
1092 1662 1168 1720 sunt
1186 1657 1363 1720 reconditi:
1392 1676 1450 1720 nos
1472 1663 1587 1729 umen,

262 1760 299 1816 ut
319 1773 430 1817 omnes
452 1752 632 1836 intelligant
652 1753 714 1816 hoc
737 1771 795 1815 nos
818 1751 887 1814 sine
902 1752 1076 1834 cupiditate
1091 1771 1202 1834 agere,
1222 1750 1273 1816 his
1287 1751 1366 1835 ipsis
1380 1751 1498 1815 libellis
1513 1771 1587 1814 con-

226 1847 341 1916 astcnti
364 1867 483 1910 sumus.

346 1941 488 2004 Lxxvl.
511 1935 583 2002 ¹186.
610 1943 700 2004 Nunc
730 1939 770 2004 ad
800 1940 961 2030 sociorum
989 1939 1112 2004 tabulas
1134 1941 1256 2024 accepti
1278 1947 1310 2005 et
1331 1940 1480 2023 expensi,
1509 1959 1587 2024 quas

261 2053 425 2101 removere
446 2033 581 2098 honeste
603 2034 692 2098 nullo
716 2035 811 2099 modo
833 2043 1021 2119 potuerunt,
1051 2035 1144 2098 etad
1166 2035 1302 2099 amicum
1325 2041 1415 2097 tuum
1438 2033 1587 2116 Carpina-

261 2130 342 2194 tium
362 2135 568 2192 revertemur.
611 2128 862 2213 Inspiciebamus
885 2129 1050 2212 Syracusis
1073 2149 1091 2190 a
1114 2129 1295 2213 Carpinatio
1318 2128 1478 2192 coniectas
1499 2127 1588 2190 tabu-

260 2225 308 2288 las
337 2223 517 2298 societatis,
548 2242 631 2306 quae
659 2219 881 2307 significabant
902 2223 1010 2286 multis
1032 2224 1214 2286 nominibus
1236 2243 1291 2287 eos
1312 2223 1459 2287 homines
1480 2241 1587 2285 versu-

223 2337 368 2388 serame
392 2316 573 2400 Carpinatio
595 2315 726 2392 fecisse,
751 2317 807 2402 qui
828 2318 980 2400 pecunias
1002 2319 1093 2380 Verri
1117 2319 1295 2394 dedissent;
1318 2318 1405 2402 quod
1424 2317 1484 2380 erit
1497 2316 1586 2380 vobis
1707 2313 1709 2318 ’

259 2413 331 2475 luce
354 2410 470 2475 clarius
493 2417 576 2486 tum,
597 2411 736 2485 iudices,
759 2432 829 2475 cum
853 2431 908 2474 eos
930 2413 1018 2494 ipsos
1040 2412 1239 2495 produxero,
1262 2413 1317 2495 qui
1339 2410 1504 2477 dederunt.
1536 2411 1587 2474 ln-

258 2505 408 2588 telligetis
431 2504 515 2567 enim
538 2505 594 2568 ille
615 2512 779 2588 tempora,
809 2525 866 2590 per
888 2525 987 2588 quac,
1016 2526 1089 2568 cum
1111 2514 1217 2570 essent
1238 2508 1271 2569 in
1292 2505 1454 2591 periculo,
1483 2505 1585 2589 pretio

259 2620 330 2664 sese
350 2599 569 2675 redemerunt,
599 2620 672 2663 cum
699 2600 861 2664 societatis
890 2600 1006 2664 tabulis
1035 2619 1100 2663 non
1123 2602 1227 2664 solum
1249 2600 1448 2674 consulibus,
1477 2619 1585 2664 rerum

260 2694 355 2758 etiam
377 2692 538 2756 mensibus
561 2695 742 2758 convenire.

220 2811 250 2861 25
344 2782 415 2849 t87.
446 2786 524 2851 Cum
552 2789 631 2853 baec
658 2788 796 2852 maxime
818 2807 1081 2871 cognosceremus
1104 2796 1135 2853 et
1156 2790 1219 2853 iam
1241 2791 1275 2854 in
1297 2790 1441 2854 manibus
1463 2789 1585 2853 tabulam

256 2883 463 2958 haberemus,
486 2891 616 2967 repente
632 2883 826 2966 adspicimus
849 2883 961 2947 lituras
977 2885 1045 2947 eius
1061 2885 1147 2948 modi
1170 2885 1261 2968 quasi
1277 2882 1433 2969 quaedem
1454 2883 1586 2947 vulnera

256 2977 436 3043 tabularum
459 2979 607 3042 recentia.
641 2977 754 3042 Statim
776 2976 959 3062 suspicione
982 2979 1094 3042 odensi
1117 2979 1157 3042 ed
1179 2999 1216 3043 ee
1238 2979 1308 3064 ipsa
1330 2978 1460 3042 nomine
1475 2978 1585 3041 oculos

256 3072 464 3156 animumque
486 3072 716 3136 transtulimus.
759 3072 859 3135 Erant
880 3079 1028 3157 acceptae
1050 3075 1205 3157 pecuniae
1226 3095 1247 3139 n
1270 3074 1303 3137 C.
1319 3075 1483 3137 Verrucio
1508 3073 1540 3136 C.
1556 3093 1584 3135 r.

257 3167 303 3232 sic
327 3172 448 3241 umen,
469 3172 505 3229 ut
527 3187 629 3250 usque
651 3166 691 3230 ad
713 3165 846 3230 alterum
869 3187 888 3230 r
910 3166 1034 3230 litterae
1057 3175 1240 3232 constarent
1261 3169 1419 3252 integrae,
1436 3167 1585 3251 ¹reliquae

123 3275 153 3339 .'..
217 3281 367 3331 momnes
382 3267 488 3325 essent
509 3260 542 3323 in
557 3261 661 3324 litura.
678 3249 850 3350 (Alterum,
874 3262 1017 3336 tertium,
1040 3269 1204 3346 quartum,
1226 3263 1382 3345 permulta
1398 3269 1488 3340 erant
1502 3261 1586 3324 eius·

257 3355 329 3419 dem
346 3355 432 3418 modi
455 3355 609 3431 nomine.)
623 3345 717 3432 (Cum
740 3354 997 3430 manifestares,
1020 3377 1090 3419 cum
1114 3358 1269 3440 flagitiosa
1291 3357 1385 3419 litura
1407 3355 1584 3418 tabularum

135 3461 190 3536 μζ
255 3457 353 3533 atque
380 3448 514 3531 insignis
543 3447 707 3531 turpitudo
738 3454 918 3539 teneretur,
948 3469 1100 3532 quaerere
1130 3451 1307 3534 incepimus
1330 3451 1368 3513 de
1392 3429 1601 3534 Carpinatio.)

256 3543 403 3627 quisnam
424 3542 452 3605 is
475 3549 558 3607 esset
577 3541 766 3616 Verrucius,
801 3533 931 3625 quicum
960 3551 1066 3608 tantae
1089 3547 1244 3628 pecuniae
1266 3545 1422 3609 rationem
1443 3543 1583 3608 haberet.

254 3638 393 3700 Haerere
415 3635 531 3714 homo,
559 3639 695 3714 versari,
725 3639 849 3703 rubere.
893 3641 988 3717 Quod
1016 3638 1085 3722 lege
1108 3641 1312 3724 excipiuntur
1331 3639 1458 3704 tabulae
1479 3639 1585 3723 publi·

217 3751 423 3806 arcanorum,
453 3753 518 3815 quo
548 3733 653 3796 minus
682 3734 815 3796 Romam
838 3735 1060 3818 deportentur:
1091 3741 1128 3797 ut
1149 3755 1200 3797 res
1223 3753 1319 3817 quam
1341 3735 1478 3797 maxime
1501 3732 1585 3796 clara

255 3847 292 3890 ac
315 3832 427 3889 testata
449 3847 519 3890 esse
540 3835 665 3910 posset,
688 3829 723 3890 in
743 3828 793 3890 ius
815 3828 855 3892 ad
877 3829 1039 3893 ldetellum
1055 3828 1271 3911 Carpinatium
1293 3847 1373 3892 voco
1396 3827 1584 3912 tabulasque

255 3920 416 3984 societatis
438 3920 597 3984 inferum
621 3921 738 3985 deiero.
783 3922 834 3985 Fit
855 3923 1012 3986 maximus
1035 3943 1209 3987 concursus
1230 3921 1397 3986 bominum
1420 3928 1468 3997 et,
1497 3921 1584 4005 quod

320 4106 344 4157 3.
363 4105 413 4157 HS.
425 4106 472 4157 DC
486 4107 558 4167 MN;
576 4121 602 4156 n.
614 4120 636 4157 s.
657 4107 681 4170 [l.
696 4121 720 4157 e.
733 4108 782 4170 HS)
796 4109 840 4160 DC
855 4108 924 4172 Lgll
941 4123 968 4173 p.
982 4123 1018 4160 nr.
1032 4111 1058 4160 F.
1075 4137 1101 4146 —
1121 4111 1144 4159 5.
1164 4109 1299 4173 duodecies]
1314 4108 1388 4160 &CC
1402 4105 1489 4171 igin
1509 4105 1586 4158 CCCC

254 4187 285 4236 N.
307 4209 334 4220 -
353 4183 378 4232 6.
396 4181 599 4232 cem-emera
615 4181 649 4233 i:
669 4183 788 4233 camilia
804 4184 836 4234 eit
852 4184 912 4234 toec
928 4185 1062 4234 satiando
1078 4184 1140 4241 dtt.;
1158 4197 1215 4234 com
1231 4184 1276 4234 itio
1292 4184 1324 4233 eii
1339 4183 1401 4233 boec
1417 4182 1541 4232 insumo.
1555 4208 1583 4218 -

256 4258 296 4308 td.
314 4262 395 4308 toturn
411 4271 462 4308 eece
478 4255 564 4322 Lgli:
591 4271 641 4308 erse
657 4271 711 4309 om.
731 4261 775 4310 cit.
795 4260 825 4310 0.
845 4286 872 4296 -
891 4261 932 4311 io.
947 4261 1081 4322 paeoniam
1098 4259 1145 4309 dii.
1165 4261 1193 4308 0.
1216 4286 1242 4295 -
1271 4259 1336 4320 qood
1352 4255 1421 4321 1.ng
1439 4269 1465 4321 p.
1485 4269 1521 4306 m.
1539 4269 1582 4319 cp:

255 4346 308 4384 om.
328 4335 373 4384 ctt.
392 4334 421 4385 0.
442 4360 469 4370 -
488 4333 529 4384 tt.
548 4338 671 4385 tamem.
691 4333 739 4385 dtt.
758 4335 787 4384 0.
809 4363 836 4372 -
855 4336 896 4386 26.
914 4336 1032 4386 eiusnodi
1049 4335 1083 4384 de
1101 4333 1168 4384 coni.
1188 4333 1249 4384 Ern.
1263 4332 1314 4384 del.
1334 4333 1438 4383 Schiitz.
1467 4333 1523 4381 Nec
1539 4331 1586 4380 ha-

254 4408 302 4461 bet
317 4409 446 4459 haecvor
462 4409 514 4459 hoc
531 4407 591 4460 loco
604 4409 730 4460 idoneum
742 4407 910 4474 explicatum.
931 4408 997 4473 [tort.
1010 4411 1117 4460 eiusdem
1128 4409 1204 4460 modi.
1224 4408 1315 4473 lisca]
1330 4436 1358 4446 -
1376 4409 1417 4458 Ἢ.
1437 4405 1584 4456 arsurem

255 4484 327 4535 Grut.
347 4485 439 4534 contra
451 4483 530 4535 codd.
545 4511 573 4521 -
591 4484 632 4535 28.
645 4483 665 4534 Α
678 4497 731 4535 om.
743 4484 812 4550 1.ng
824 4497 850 4549 p.
865 4497 900 4536 m.
910 4511 937 4523 -
956 4485 983 4535 0.
996 4486 1024 4536 F.
1037 4484 1106 4549 Lgli
1116 4487 1140 4537 M
1149 4487 1218 4547 Nep:
1237 4498 1290 4536 om.
1305 4487 1350 4535 ctt.
1367 4511 1394 4520 —
1413 4481 1454 4533 30.
1467 4482 1586 4532 dromm-

254 4559 321 4608 nwdi
338 4559 412 4620 ne:
431 4558 622 4622 eiuonoding.
642 4571 737 4610 omnes
754 4560 813 4610 ΑΒ.
828 4585 857 4597 -
875 4559 916 4610 34.
935 4573 991 4610 com
1006 4561 1066 4624 ttop.
1087 4560 1120 4610 de
1139 4560 1198 4610 liet.
1218 4561 1287 4610 coni.
1306 4559 1335 4610 L.
1349 4555 1426 4623 prob.
1439 4555 1584 4608 benedicto

256 4633 338 4697 (Coni.
352 4631 387 4682 ad
398 4632 524 4684 verrinas
537 4633 640 4697 Torgeu
649 4631 731 4696 ⁴809),
748 4635 850 4698 recepit
866 4633 904 4684 ΚΙ.
917 4632 1020 4685 Delevit
1029 4648 1086 4684 cum
1098 4633 1190 4685 Lamb.
1204 4647 1288 4700 marg.
1302 4631 1373 4684 4584.
1395 4634 1434 4684 dc
1445 4645 1510 4684 sane
1522 4638 1582 4694 mm,

255 4710 328 4776 quod
343 4710 423 4762 codd.
436 4710 549 4772 habent,
568 4712 705 4762 offensioni
718 4715 772 4774 est,
792 4715 819 4763 et
835 4708 918 4760 altero
930 4709 1082 4760 utromodo
1098 4709 1204 4761 videtur
1220 4709 1295 4761 locus
1312 4708 1514 4767 emendandus:
1536 4721 1584 4760 nos

255 4787 453 4838 Hotomannum
464 4785 605 4838 maluimus
617 4788 702 4850 sequi.
713 4785 894 4850 wyttenbach
907 4785 985 4836 cont:
1005 4799 1061 4836 cam
1072 4787 1206 4850 manifesto
1221 4799 1250 4836 rc
1266 4790 1318 4836 tom
1328 4787 1390 4850 [top.
1404 4785 1490 4834 litore.
1509 4785 1585 4836 Lam·

255 4861 311 4912 bini
327 4860 458 4912 rationem
481 4861 507 4912 in
525 4874 608 4926 marg.
628 4860 700 4912 ⁴584.
718 4861 815 4927 probet
831 4863 917 4911 Garat.
937 4862 967 4911 11.
988 4859 1084 4924 [recte;
1111 4863 1150 4912 sic
1171 4862 1214 4913 cst
1229 4861 1309 4911 etiam
1326 4861 1352 4910 in
1371 4857 1452 4923 ugia,
1480 4859 1513 4910 de
1532 4873 1584 4924 quo

255 4937 283 4988 Z.
301 4935 403 5000 tecet.];
422 4948 486 4987 nam
502 4937 630 5000 flendose
646 4935 723 4987 litura
739 4948 798 4988 rem
815 4935 983 4988 manifestem
1000 4939 1080 5000 atque
1097 4938 1288 5001 turpitudinem
1304 4936 1435 4999 insignem
1450 4935 1543 4986 teneri.
1555 4956 1583 4972 -—

254 5011 333 5062 lituro
349 5010 418 5077 Lgli
435 5027 475 5075 φι
502 5025 555 5063 om.
575 5013 620 5063 cit.
640 5012 668 5063 0.
694 5039 722 5048 -
749 5012 789 5063 33.
809 5018 868 5064 erret
883 5013 905 5062 is
922 5011 970 5062 dit.
989 5012 1018 5063 0.
1041 5039 1069 5049 -
1096 5010 1137 5063 al.
1155 5012 1253 5063 vesci
1268 5009 1388 5077 Lgtnn:
1413 5010 1527 5061 aversari
1542 5008 1584 5062 vel

256 5087 388 5143 adrem
403 5087 450 5142 ctt.
471 5113 499 5126 -
517 5087 558 5140 37.
576 5087 654 5154 desert
669 5086 738 5154 1.ng
754 5101 781 5153 p.
798 5100 835 5138 m.
853 5088 918 5140 ΜΝ.

1818 3076 1821 3201 i
