3648 5888
318 381 380 450 l60
685 387 728 452 ΙΝ
747 387 915 457 VERREM
934 390 1059 460 acmo
1081 391 1265 462 SECUNDA

316 556 441 641 pridem
473 565 639 624 venerunt.
683 560 747 626 Cur
776 583 841 628 uon
872 558 1049 628 rettulisti?
1081 564 1211 630 Dlurum
1240 565 1400 630 rationum
1431 585 1472 629 ex
1492 583 1530 630 ea
1550 565 1641 631 faece

317 650 487 734 legationis
510 654 776 740 quaestoriaeque
798 663 872 720 tuae
892 659 1125 741 procurationis
1146 659 1202 722 illa
1217 664 1291 722 sunt
1304 659 1452 736 nomina,
1477 681 1560 746 quae
1574 663 1640 726 Do-

317 746 450 810 labellae
472 749 654 812 necessario
681 757 755 814 sunt
783 751 956 816 aestimata.
999 753 1049 816 Ex
1069 771 1195 818 Ltrmvs
1216 774 1402 819 assrnmrs
1423 757 1639 822 Dossennus

315 860 364 904 ru.
394 861 435 905 nr
463 861 572 908 raora.
623 839 695 906 t00.
729 844 823 920 Quod
853 846 958 910 minus
990 847 1156 911 Dolabella
1182 847 1273 910 Verri
1307 855 1471 933 acceptum
1505 853 1639 928 rettulit,

290 949 411 1020 squam
426 937 540 1000 Verres
561 937 609 1000 illi
624 958 799 1022 expensum
819 939 942 1016 tulerit,
965 940 1025 1003 Hs
1041 943 1215 1026 quingenta
1229 941 1358 1024 triginta
1375 945 1519 1031 quinque
1534 947 1637 1022 milia;

315 1038 346 1094 et
369 1029 455 1115 quod
477 1030 550 1113 plus
571 1031 646 1096 lecit
666 1033 831 1097 Dolabella
851 1035 981 1098 Verrem
1003 1036 1181 1118 accepisse,
1204 1057 1300 1120 quam
1314 1037 1375 1100 istc
1390 1038 1424 1101 in
1438 1041 1504 1104 suis
1521 1041 1638 1106 tabulis

313 1125 438 1200 habuit,
461 1125 521 1190 HS
544 1128 679 1190 ducenta
700 1128 830 1211 triginta
852 1129 915 1192 duo
937 1129 1042 1205 milia;
1065 1139 1096 1194 et
1118 1132 1205 1215 quod
1226 1131 1299 1214 plus
1317 1130 1469 1198 frumenti
1489 1134 1566 1201 fecit
1585 1155 1638 1199 ac·

236 1271 257 1314 ¹,
314 1219 438 1303 cepisse
459 1219 573 1298 istum,
596 1221 655 1284 Hs
678 1221 784 1286 decies
807 1230 840 1286 et
861 1224 1042 1307 octingenta
1063 1223 1168 1300 milia,
1198 1226 1285 1309 quod
1307 1233 1358 1303 tu,
1379 1227 1476 1291 bomo
1498 1229 1638 1294 castissi-

215 1315 243 1402 (2
313 1333 401 1394 rpus,
423 1314 510 1378 aliud
531 1315 567 1377 in
580 1316 695 1380 tabulis
709 1316 859 1380 habebas.
891 1317 974 1381 llinc
989 1317 1063 1382 ibae
1078 1321 1347 1386 exbaordinariae
1362 1322 1534 1405 pecuniae,
1556 1343 1636 1407 quas

277 1409 401 1474 nonullo
424 1410 504 1472 duce
526 1416 632 1474 tamen
654 1411 761 1496 aliqua
783 1432 824 1475 ex
851 1411 1007 1494 particula
1028 1413 1271 1496 investigamus,
1299 1415 1534 1481 redundarunt:
1562 1417 1636 1480 binc

203 1503 220 1571 d
312 1505 394 1569 ratio
414 1525 487 1568 oum
510 1504 549 1582 Q.
571 1512 604 1569 et
626 1505 682 1569 Cn.
704 1505 863 1590 Postumis
887 1506 1003 1590 Curtiis
1026 1507 1133 1572 multis
1154 1508 1351 1585 nominibus,
1373 1530 1510 1594 quorum
1532 1511 1566 1574 in
1591 1517 1636 1574 ta·

186 1587 198 1602 ''
312 1600 397 1664 bulis
429 1599 490 1663 iste
519 1595 615 1663 babet
642 1599 781 1663 nullum:
814 1601 890 1664 binc
918 1601 978 1665 Hs
1011 1603 1231 1686 quaterdecies
1258 1604 1291 1666 P.
1315 1605 1416 1668 Tadio
1437 1614 1635 1670 numeratum

311 1693 445 1758 Athenis
466 1694 600 1758 testibus
620 1694 753 1778 planum
773 1693 909 1758 faciam:
938 1696 1013 1760 binc
1036 1703 1142 1780 empta
1163 1696 1361 1780 apertissime
1383 1707 1546 1782 praetura,
1574 1701 1635 1765 nisi

310 1789 392 1853 forte
414 1789 447 1852 id
469 1789 564 1852 etiarn
586 1788 717 1852 dubium
740 1796 806 1863 est,
830 1808 894 1874 quo
910 1791 1007 1854 modo
1027 1791 1088 1854 iste
1101 1799 1232 1874 praetor
1245 1790 1347 1856 tactus
1362 1793 1412 1856 sit
1445 1791 1516 1858 tot.
1531 1794 1634 1858 Homo

274 1885 432 1948 toscilicet
464 1891 519 1948 aut
550 1883 707 1947 industria
739 1892 794 1947 aut
822 1903 919 1967 opera
947 1885 1080 1970 probata
1108 1893 1164 1950 aut
1190 1884 1380 1970 frugalitatis
1402 1888 1635 1952 existimatione

310 1978 473 2063 praeclara
500 1985 556 2042 aut
586 1977 742 2062 denique,
773 1978 805 2041 id
828 1978 916 2063 quod
943 1978 1139 2044 levissimum
1161 1988 1224 2057 est,
1253 1979 1457 2058 assiduitate,
1484 1983 1636 2067 quiante

311 2082 515 2160 quaesturam
537 2094 609 2136 oum
630 2073 849 2136 meretricibus
871 2073 1105 2158 lenonibusque
1120 2074 1267 2151 vixisset,
1290 2084 1493 2159 quaesturam
1508 2078 1552 2142 ita
1566 2095 1635 2160 ges·

312 2171 423 2245 sisset,
446 2168 715 2254 quemadmodum
738 2167 946 2251 cognovistis,
974 2168 1093 2232 Romae
1120 2175 1194 2251 post
1216 2177 1419 2254 quaesturam
1439 2172 1527 2236 illam
1548 2170 1635 2234 nefa-

310 2265 391 2328 riam
412 2264 468 2328 vix
488 2262 629 2327 triduum
651 2261 861 2336 constitisset,
883 2262 997 2326 absens
1019 2281 1085 2326 non
1105 2261 1140 2325 iu
1161 2263 1324 2329 oblivione
1342 2264 1509 2341 iacuisset,
1531 2264 1635 2328 sedin

271 2369 300 2418 to
310 2358 439 2423 assidua
453 2355 755 2422 commemoratione
776 2356 924 2420 omnibus
939 2356 1081 2420 omnium
1096 2349 1288 2439 flagitiorum
1301 2357 1431 2424 fuisset:
1453 2361 1481 2424 is
1496 2366 1634 2442 repente,

309 2460 346 2517 ut
366 2453 499 2516 Romam
520 2450 621 2526 venit,
644 2451 742 2534 gratis
763 2459 891 2535 praetor
910 2450 1013 2515 iactus
1035 2458 1093 2514 est.
1135 2450 1207 2516 Alia
1228 2472 1324 2536 porro
1346 2453 1500 2538 pecunia,
1522 2473 1563 2518 ue
1584 2473 1635 2516 ac-

310 2554 490 2622 cusaretur,
514 2547 596 2610 data.
642 2544 699 2608 Cui
723 2545 766 2610 sit
786 2547 878 2620 data,
899 2545 980 2610 nibil
1002 2545 1042 2609 ad
1066 2565 1132 2620 me,
1153 2545 1234 2610 nibil
1256 2547 1296 2610 ad
1317 2567 1385 2611 rem
1406 2549 1566 2632 pertinere
1587 2567 1636 2612 ar·

309 2642 430 2705 bitror:
453 2642 557 2705 datam
581 2640 709 2725 quidem
733 2660 802 2704 esse
823 2647 891 2703 tum
913 2640 997 2728 inter
1018 2660 1129 2704 omnes
1154 2642 1274 2705 recenti
1295 2643 1424 2727 negotio
1445 2641 1538 2707 facile
1560 2663 1635 2707 oon-

309 2736 421 2800 stabat.
465 2730 537 2798 l02.
560 2734 664 2798 Homo
686 2734 873 2797 stultissime
902 2740 933 2797 et
962 2735 1192 2811 amentissime,
1224 2736 1348 2801 tabulas
1370 2757 1442 2802 cum
1463 2733 1634 2801 conficeres

271 2838 342 2894 atet
363 2849 436 2894 cum
457 2827 728 2893 extraordinariae
749 2828 904 2911 pecuniae
927 2830 1046 2892 crimen
1065 2829 1283 2914 subterfugere
1296 2830 1411 2907 velles,
1433 2832 1510 2895 satis
1524 2838 1556 2895 te
1571 2831 1634 2895 ela-

308 2945 441 3011 psurum
462 2921 755 3004 omni·suspicione
776 2922 986 2999 arbitrabare,
1012 2924 1054 2999 si,
1077 2924 1194 3008 quibus
1216 2925 1383 3008 pecuniam
1406 2924 1572 3002 credebas,
1594 2924 1634 2987 iis

308 3037 486 3103 expensum
506 3034 572 3080 non
592 3015 693 3080 ferres
714 3035 819 3102 neque
842 3016 875 3080 in
896 3024 967 3081 tuus
988 3018 1112 3082 tabulas
1134 3018 1236 3082 ullum
1250 3039 1368 3084 nomen
1389 3018 1539 3095 referres,
1562 3039 1634 3082 eum

307 3121 355 3178 tot
387 3113 444 3178 tibi
474 3110 657 3176 nominibus
687 3118 851 3194 acceptum
880 3111 981 3176 Curtii
1010 3112 1190 3177 referrent?
1233 3112 1318 3190 Quid
1344 3114 1495 3198 proderat
1522 3112 1580 3176 tibi
1602 3120 1634 3176 te

308 3227 485 3293 expensum
513 3205 578 3271 illis
609 3224 675 3269 non
696 3206 834 3271 tulisse?
877 3209 926 3270 Au
948 3207 1012 3272 tuis
1035 3207 1112 3272 solis
1134 3208 1251 3274 tabulis
1272 3216 1304 3273 te
1326 3228 1455 3275 causam
1476 3207 1634 3273 dicturum

270 3302 526 3368 coexistimastit

188 3458 197 3474 ,
393 3397 460 3462 XI..
482 3391 554 3460 003.
578 3399 696 3462 Verum
717 3397 758 3460 ad
779 3396 867 3479 illam
888 3396 951 3460 iam
973 3398 1136 3462 veniamus
1157 3396 1351 3483 praeclaram
1372 3403 1552 3482 praeturam
1573 3398 1634 3462 cri·

177 3472 204 3530 *s
308 3491 459 3575 minaque
481 3489 536 3572 ea,
566 3511 649 3575 quae
671 3491 798 3556 notiora
820 3498 894 3555 sunt
912 3490 965 3554 bis
986 3491 1043 3575 qui
1065 3490 1197 3565 adsunt,
1228 3510 1325 3575 quum
1346 3492 1458 3567 nobis,
1489 3491 1546 3576 qui
1568 3512 1634 3556 me·

308 3585 399 3649 ditati
420 3583 461 3648 ad
476 3585 644 3649 dicendum
659 3586 829 3671 paratique
843 3585 1005 3661 venimus3
1027 3585 1061 3648 in
1076 3586 1193 3670 quibus
1214 3605 1279 3649 non
1299 3585 1410 3649 dubito
1433 3587 1512 3671 quin
1534 3587 1634 3652 olien-

308 3680 431 3744 sionem
460 3679 674 3762 negligentiae
700 3681 800 3744 vitarc
827 3686 924 3764 atque
946 3679 1085 3762 effugere
1106 3700 1172 3743 non
1193 3679 1324 3763 possim.
1367 3681 1460 3744 Multi
1482 3681 1567 3744 enim
1589 3681 1633 3745 ita

268 3776 432 3839 abdicent:
463 3774 528 3836 nDe
556 3773 612 3838 illo
644 3774 724 3838 nibil
748 3773 847 3850 dixit,
876 3775 910 3836 iu
939 3794 1003 3859 quo
1027 3794 1086 3857 ego
1108 3773 1259 3840 interlui:
1287 3774 1374 3838 illam
1395 3774 1546 3840 iniuriam
1566 3795 1633 3840 non

307 3868 426 3952 attigit,
450 3888 532 3953 qnae
554 3869 632 3933 mihi
654 3876 710 3932 aut
731 3888 814 3952 quae
836 3867 939 3932 amico
962 3888 1033 3932 meo
1054 3869 1137 3933 iacta
1159 3876 1222 3943 est,
1252 3869 1369 3952 quibus
1392 3889 1452 3952 ego
1481 3870 1515 3932 in
1537 3869 1632 3934 rebus

306 3961 466 4028 interluit>
506 3964 566 4028 llis
588 3965 750 4039 omnibus,
775 3963 831 4048 qui
853 3963 945 4026 istius
967 3963 1099 4027 iniurias
1114 3969 1249 4038 norunt,
1270 3962 1333 4027 hoc
1349 3971 1412 4038 est,
1434 3963 1555 4046 populo
1569 3964 1633 4026 llo-

307 4077 402 4122 mano
429 4057 597 4136 universo,
626 4078 676 4122 me
705 4057 910 4121 vehementer
931 4064 1116 4121 excusatum
1137 4056 1229 4131 volo,
1259 4077 1325 4120 non
1346 4056 1540 4140 negligentia
1561 4075 1631 4120 mea

305 4153 391 4228 fore,
412 4159 449 4215 ut
470 4152 569 4216 multa
591 4158 805 4237 praeteream,
829 4151 886 4215 sed
908 4152 995 4236 quod
1016 4152 1080 4215 alia
1101 4150 1235 4214 testibus
1256 4150 1381 4232 integra
1400 4150 1557 4216 reservari
1577 4169 1631 4214 ve·

269 4247 378 4323 tolim,
408 4246 509 4311 multa
536 4253 643 4311 autern
673 4252 805 4332 propter
834 4246 989 4310 rationem
1016 4244 1180 4310 brevitatis
1201 4264 1239 4308 ac
1259 4244 1413 4328 temporis
1434 4244 1631 4328 praetermit-

370 4517 395 4570 i.
412 4518 456 4570 ΕΤ
468 4518 577 4570 Probo.
596 4518 635 4570 sic
652 4516 689 4568 Gi
706 4515 784 4568 codd.
803 4507 912 4582 pleriq,
927 4517 954 4566 in
970 4516 1003 4567 ot
1018 4515 1062 4567 hic
1077 4513 1166 4567 titulus
1181 4513 1272 4567 deest:
1290 4514 1356 4566 1²09.
1371 4515 1450 4566 noir.
1467 4517 1560 4568 Franc.
1577 4527 1629 4582 pr.;

303 4593 415 4647 aarum
429 4593 480 4645 llo.
497 4592 657 4644 baconus
672 4591 842 4644 REDACTAE
857 4592 886 4642 0.
902 4617 929 4629 -
948 4591 973 4642 8.
992 4592 1082 4656 oottcg.
1096 4592 1145 4641 duo
1160 4589 1232 4640 mitto
1243 4591 1279 4640 Gt
1291 4588 1338 4640 Ld.
1354 4616 1381 4626 -
1401 4590 1573 4642 armenos
1583 4591 1628 4651 Gli

303 4671 460 4723 cucumam
484 4670 543 4721 atita
565 4670 593 4720 tn
616 4675 634 4720 t.
657 4669 726 4720 coni.
744 4667 882 4733 Wyttenb.
909 4669 942 4718 at
963 4666 996 4718 ci.
1019 4665 1106 4720 Madv.
1124 4668 1144 4718 l.
1163 4679 1190 4731 p.
1209 4665 1265 4717 ³88.
1285 4663 1370 4718 Halm.
1388 4665 1424 4716 ad
1440 4666 1508 4716 sest.
1526 4678 1552 4730 p.
1570 4665 1628 4716 23⁴.

303 4745 434 4798 ostender
450 4743 526 4796 colon
542 4745 617 4810 pontt
633 4745 694 4809 post
709 4743 824 4796 babebat.
845 4769 873 4782 -·
891 4744 916 4794 9.
935 4741 1013 4807 atiud
1031 4741 1089 4792 otiis
1104 4741 1173 4792 coni.
1185 4740 1324 4805 wyttenb.
1339 4767 1366 4776 -
1385 4742 1426 4792 tt.
1438 4739 1631 4792 mousson

302 4823 344 4873 tite
360 4822 429 4874 coni.
453 4821 510 4874 Urs.
533 4818 567 4871 ci.
585 4816 697 4870 Ellendt.
716 4817 751 4870 ad
774 4819 828 4871 Clc.
847 4817 881 4869 de
899 4818 969 4870 Orat.
987 4818 1007 4867 l.
1026 4830 1052 4882 p.
1071 4816 1137 4868 29⁴:
1161 4817 1291 4867 Posbenttr
1307 4815 1400 4868 Curtiis
1414 4816 1446 4867 Α.
1471 4816 1502 4867 ln
1519 4815 1555 4866 (tt
1572 4815 1627 4866 est:

301 4897 369 4948 rotto
386 4898 415 4961 Q.
433 4896 562 4948 rosam
578 4893 682 4955 Carum
708 4895 736 4946 in
753 4895 806 4946 Gt:
828 4892 896 4944 mtto
911 4896 1061 4954 omnemne
1078 4891 1107 4953 Q.
1123 4891 1262 4942 anantes
1279 4890 1387 4942 Curtios.
1413 4887 1462 4941 Alii
1478 4889 1554 4942 aliter
1569 4890 1629 4940 tur-

301 4973 375 5025 bant.
396 4995 424 5010 ·-
444 4972 484 5024 tt.
503 4975 663 5022 nmmum
680 4971 748 5022 coni.
766 4969 790 5020 J.
808 4970 849 5020 Fr.
863 4970 975 5019 Gronov.
994 4965 1028 5016 de
1044 4977 1104 5030 pec.
1123 4967 1186 5016 vett.
1200 4967 1232 5017 tl.
1245 4965 1269 5018 3.
1288 4966 1331 5016 lll.
1345 4966 1379 5016 t.:
1397 4971 1531 5017 macerato
1547 4963 1626 5015 codd.

303 5075 332 5086 -
349 5048 391 5100 28.
409 5046 620 5101 euboordiom
635 5046 745 5109 oswio
766 5045 815 5097 dtt.
836 5070 864 5082 -
890 5043 932 5096 26.
955 5039 1082 5092 arbitrare
1098 5040 1131 5090 Gt
1153 5042 1184 5091 ut
1200 5041 1225 5105 g.
1243 5040 1285 5092 88.
1310 5063 1339 5077 -
1365 5037 1406 5092 tt.
1429 5039 1628 5106 mpbpmttasc

301 5123 380 5189 Lgi8.
401 5150 429 5164 -
448 5122 489 5176 30.
506 5126 553 5176 out
569 5121 642 5189 ptos]
659 5130 724 5188 qest
739 5119 794 5188 bd,
813 5117 861 5174 dtt.
882 5145 910 5158 ·-
926 5118 956 5172 in
970 5129 1025 5172 om.
1044 5118 1090 5170 Gt.
1110 5143 1138 5157 -
1155 5115 1198 5171 to.
1216 5115 1303 5174 orem
1319 5116 1445 5170 ruttoaom
1462 5115 1507 5168 ot.
