3648 5888
524 421 591 486 m.
613 420 639 486 r.
669 419 744 486 on.
764 417 975 486 xrs-xrs.
1001 413 1059 501 §a
1081 411 1227 482 ra-ro.
1484 410 1546 480 rte

220 589 351 654 ditatam
379 588 655 656 demonstrandam
684 596 856 674 separatus.
899 587 1033 652 Athenis
1062 585 1195 651 audatis
1217 604 1258 648 ex
1282 583 1361 648 aede
1382 584 1544 652 Minervae

219 684 337 767 grande
359 685 428 751 auri
449 684 576 768 pondos
597 686 757 750 ablatam:
780 685 900 749 dictum
922 688 970 746 est
990 681 1053 746 hoc
1075 681 1109 744 in
1132 681 1187 745 Cn.
1205 679 1390 744 Dolabellae
1412 680 1543 743 iudicio.

218 779 371 844 Dictumt
405 780 499 844 etiam
523 779 734 845 aestimatum.
776 779 880 843 Huius
903 777 1028 842 consilii
1050 797 1115 841 non
1136 776 1324 860 participem
1347 776 1380 840 C.
1401 776 1544 851 Verrem,

220 873 276 936 sed
297 875 475 958 principem
497 874 596 940 fuisse
619 875 795 960 reperietis.
839 869 890 936 46.
919 872 1034 935 Delum
1055 873 1152 937 venit.
1194 871 1242 934 lbi
1264 891 1305 934 ex
1325 869 1400 936 fano
1422 870 1544 954 Apolli-

220 967 270 1029 nis
292 968 530 1052 religiosissimo
553 975 650 1034 noctu
671 969 752 1032 clam
774 968 905 1032 sustulit
924 968 1015 1050 signa
1036 966 1248 1049 pulcherrima
1268 972 1365 1049 atque
1387 964 1581 1048 antiquis-t
1665 970 1685 1009 v!

220 1061 300 1125 sima
332 1082 433 1147 eaque
465 1063 500 1126 in
529 1063 707 1126 onerariam
736 1081 849 1126 navem
878 1081 968 1125 suam
990 1060 1189 1124 coniicienda
1210 1060 1341 1124 curavit.
1384 1057 1543 1122 Postridie

219 1175 292 1218 cum
311 1155 421 1220 fanum
441 1155 613 1240 spoliatum
634 1157 780 1222 viderent
798 1155 839 1232 ii,
870 1155 926 1239 qui
945 1154 1059 1218 Delum
1082 1154 1277 1231 incolebant,
1305 1154 1441 1237 graviter
1461 1152 1544 1215 tere-

218 1248 304 1312 bant.
346 1249 404 1313 Est
424 1250 510 1314 enim
531 1257 619 1314 tanta
639 1251 725 1333 apud
746 1271 802 1314 eos
824 1250 894 1314 eius
914 1249 981 1314 fani
1001 1249 1115 1331 religio
1137 1255 1232 1332 atque
1247 1248 1435 1332 antiquitas,
1457 1252 1494 1309 ut
1509 1247 1543 1309 in
1673 1254 1692 1304 ,4

219 1361 258 1404 eo
279 1342 351 1406 loco
373 1343 479 1425 ipsum
499 1331 682 1427 Apollinem
704 1352 813 1408 uatum
835 1365 905 1408 esse
926 1344 1130 1407 arbitrentur.
1156 1343 1297 1407 Verbum
1317 1349 1423 1406 tamen
1437 1340 1542 1405 iacere

218 1455 284 1499 non
304 1435 478 1514 audebant,
501 1459 541 1503 ne
562 1437 645 1502 forte
666 1459 705 1502 ea
726 1459 777 1503 res
798 1439 838 1502 ad
858 1437 1055 1502 Dolabellam
1078 1436 1182 1519 ipsum
1204 1436 1386 1520 pertineret.
1428 1434 1580 1498 xvdie

219 1530 300 1593 Tum
327 1531 433 1595 subito
462 1539 667 1616 tempestates
690 1541 818 1598 coortae
841 1539 915 1596 suut
936 1532 1106 1606 maximae,
1138 1531 1276 1608 iudices,
1303 1537 1426 1596 utnon
1447 1529 1543 1594 modo

219 1621 378 1706 proticisci
407 1645 479 1688 cum
508 1635 639 1710 cuperet
659 1627 825 1690 Dolabella
844 1647 911 1690 non
932 1633 1059 1710 posset,
1087 1627 1144 1689 sed
1166 1625 1221 1690 vix
1242 1627 1276 1690 iu
1298 1629 1418 1710 oppido
1441 1625 1545 1690 consi-

220 1726 335 1782 steret:
364 1720 410 1784 ita
435 1722 542 1804 magni
569 1723 683 1786 ductus
712 1721 928 1786 eiiciebantnr.
970 1720 1030 1785 Hic
1059 1721 1151 1784 naus
1173 1720 1230 1783 illa
1251 1721 1421 1804 praedonis
1442 1721 1544 1796 istius,

220 1819 335 1875 onusta
356 1813 456 1896 siguis
477 1815 653 1897 religiosis,
676 1816 809 1899 expulsa
829 1822 925 1899 atque
948 1814 1051 1878 eiecta
1071 1815 1171 1878 fluctu
1194 1813 1360 1897 frangitur.
1392 1817 1430 1878 ln
1450 1814 1546 1879 litore

221 1906 312 1988 signa
332 1905 388 1969 illa
408 1907 566 1991 Apollinis
587 1910 805 1992 reperiuntur:
827 1910 917 1973 iussu
936 1908 1120 1972 Dolabellae
1135 1915 1353 1992 reponuntur:
1373 1914 1584 1992 tempestasts

221 2001 367 2064 sedatur:
396 2001 561 2066 Dolabella
589 2004 668 2067 Delo
697 2000 918 2088 proficiscitur.
967 1999 1020 2066 l7.
1048 2005 1120 2067 Non
1146 2002 1257 2066 dubito
1292 2003 1389 2088 quin,
1408 1999 1546 2072 (tametsi

220 2094 327 2159 nullus
349 2095 384 2159 in
405 2103 437 2160 te
454 2115 567 2162 sensus
581 2097 798 2172 humanitatis,
820 2095 908 2180 noba
921 2096 1003 2159 ratio
1019 2116 1171 2181 umquam
1185 2096 1247 2160 fuit
1259 2097 1445 2180 religionis)
1461 2114 1548 2161 nunc
1589 2073 1718 2172 ΞΑ)

220 2185 326 2252 tar'nen
348 2189 381 2252 in
401 2197 489 2253 metu
511 2190 719 2274 periculoque
740 2197 796 2277 tuo
820 2197 947 2255 tuorum
968 2191 1026 2254 tibi
1048 2185 1204 2255 scelerum
1219 2192 1328 2256 veniat
1348 2193 1382 2256 in
1397 2198 1547 2256 mentem.

219 2284 370 2348 Potestne
391 2285 449 2348 tibi
470 2284 538 2348 ulla
559 2307 632 2368 spes
647 2285 759 2349 salutis
774 2287 942 2350 commoda
956 2287 1098 2362 ostendi,
1119 2307 1191 2350 cnm
1205 2287 1398 2362 recordaris,
1420 2287 1455 2350 in
1469 2286 1548 2348 deos

219 2379 414 2444 immortales
436 2399 532 2465 quam
554 2379 690 2463 impius,
714 2399 810 2464 quam
824 2380 1016 2455 sceleratus,
1039 2379 1134 2466 quam
1148 2380 1289 2445 nefarius
1304 2380 1429 2446 fueris?
1449 2378 1586 2463 Apol-ao

220 2473 359 2538 linemne
385 2481 420 2537 tu
448 2473 576 2537 Delium
601 2474 740 2558 spoliare
770 2495 866 2539 ausus
894 2477 955 2538 est
987 2475 1076 2540 illine
1105 2481 1140 2540 tu
1171 2476 1290 2560 templo
1312 2483 1376 2540 mm
1398 2477 1548 2561 antiquo,

219 2573 286 2631 tam
308 2576 433 2644 sancto,
455 2575 520 2633 mm
541 2569 693 2652 religioso
715 2589 827 2634 manus
850 2569 965 2653 impias
982 2589 1019 2634 ac
1034 2570 1203 2654 sacrilegas
1217 2571 1330 2636 efferre
1344 2579 1476 2636 conatus
1491 2571 1549 2633 est
1655 2572 1683 2636 „3

220 2757 333 2822 litteris
365 2758 515 2822 mandata
541 2767 630 2834 sunt,
663 2759 802 2824 disceres
830 2766 926 2843 atque
948 2780 1172 2843 cognosceres:
1204 2781 1246 2826 ne
1266 2767 1380 2845 postea
1401 2759 1548 2846 quidem,

221 2872 291 2914 cum
321 2852 355 2917 in
383 2872 421 2916 ea
451 2853 522 2936 ipsa
549 2853 621 2917 loca
647 2854 778 2929 venisti,
808 2854 941 2938 potuisti
962 2855 1107 2939 accipere
1128 2855 1179 2932 id,
1207 2857 1296 2941 quod
1317 2861 1366 2920 est
1386 2853 1587 2938 proditumat
1682 2931 1695 2940 Ι,

219 2948 371 3012 memoria
400 2968 438 3012 ao
464 2947 606 3012 litteris‘l
649 2945 701 3012 48.
730 2949 885 3013 Latonam
912 2969 953 3012 ex
980 2949 1077 3037 longo
1107 2968 1214 3014 errore
1236 2955 1269 3012 et
1289 2948 1364 3032 fuga
1385 2945 1548 3030 gravidam
1676 2933 1701 3014 d

220 3042 343 3106 etiam
370 3042 411 3108 ad
442 3043 631 3126 pariendum
659 3042 857 3126 temporibus
887 3045 1006 3108 exactis
1034 3043 1215 3127 confugisse
1242 3043 1358 3107 Delum
1385 3050 1481 3127 atque
1503 3039 1548 3105 ibi
1748 3046 1749 3049 ’

219 3134 403 3220 Apollinem
423 3137 622 3223 Dianamque
644 3138 824 3221 peperisse,
854 3159 917 3224 qua
943 3158 985 3202 ex
1006 3138 1158 3222 opinione
1178 3139 1346 3204 hominum
1366 3136 1424 3200 illa
1444 3135 1550 3199 insula

220 3249 331 3296 eorum
353 3232 488 3296 deorum
508 3251 599 3297 sacra
619 3238 767 3316 putatum
793 3238 946 3315 tantaque
976 3231 1046 3294 eius
1068 3231 1240 3296 auctoritas
1261 3231 1426 3315 religionis
1448 3236 1481 3296 et
1502 3236 1551 3294 est

221 3331 254 3387 et
274 3346 402 3409 semper
421 3325 501 3402 fuit,
532 3334 569 3390 ut
596 3347 637 3390 ne
667 3327 782 3393 Persae
804 3326 951 3410 quidem,
980 3345 1053 3390 cum
1080 3324 1201 3390 bobum
1221 3326 1282 3390 toti
1304 3325 1471 3400 Graeciae,
1500 3324 1587 3388 disto

219 3416 469 3505 hominibusque
496 3421 691 3486 indixissent
719 3428 751 3484 et
777 3420 865 3485 mille
894 3441 1027 3485 numero
1056 3421 1186 3486 navium
1213 3421 1346 3486 classem
1373 3419 1414 3483 ad
1434 3416 1550 3482 Delum

220 3512 436 3596 appulissent,
459 3516 635 3602 quidquam
657 3523 848 3581 conarentur
869 3523 924 3580 aut
944 3515 1065 3579 violare
1087 3520 1143 3579 aut
1164 3515 1329 3598 attingere.
1363 3513 1433 3577 Hoc
1455 3520 1490 3576 tu
1503 3511 1550 3575 ta·
1597 3565 1598 3568 ,

220 3628 298 3673 num
321 3609 526 3694 depopulari,
548 3612 645 3675 homo
668 3611 902 3695 improbissime
923 3617 1022 3695 atque
1043 3609 1274 3690 amentissime,
1296 3607 1457 3674 audebas?
1489 3606 1551 3670 tuit
1711 3594 1731 3667 3

219 3703 288 3768 ulla
317 3703 475 3789 cupiditas
504 3713 609 3782 mata,
641 3727 725 3791 quae
753 3713 873 3770 antam
900 3705 1118 3789 exstingueret
1138 3704 1353 3788 religionem?
1380 3710 1413 3766 et
1433 3701 1460 3766 si
1482 3708 1551 3765 tum

219 3797 300 3878 baec
321 3818 388 3862 non
409 3800 587 3882 cogitabas,
609 3820 651 3864 ne
672 3821 758 3864 nunc
781 3799 910 3884 quidem
930 3797 1109 3864 recordaris
1123 3799 1247 3862 nullum
1262 3817 1332 3862 esse
1347 3805 1470 3862 tanturn
1483 3805 1588 3860 masa
1625 3857 1626 3860 ,

219 3890 304 3968 lum,
327 3890 415 3978 qnod
436 3913 503 3958 non
524 3893 582 3958 tibi
602 3914 662 3978 pro
684 3893 857 3958 sceleribus
879 3894 944 3958 tuis
959 3894 1022 3959 iam
1037 3893 1094 3957 diu
1108 3892 1287 3957 debeatur?
1329 3893 1417 3956 XIX.
1438 3887 1491 3954 49.
1512 3891 1550 3954 In

219 3985 329 4052 Asiam
350 4005 426 4052 rero
447 3993 620 4072 postquam
640 3988 744 4064 venit,
768 3988 845 4073 quid
867 4008 926 4072 ego
949 3988 1103 4053 adrentus
1124 3985 1234 4063 istius,
1264 3985 1413 4069 prandia,
1444 4003 1550 4060 cenas,
1665 3993 1670 4006 '

222 4099 323 4167 equos
351 4101 548 4167 muneraque
576 4086 842 4147 commemorem?
874 4082 960 4147 Nihil
990 4102 1060 4170 cum
1082 4082 1181 4146 Verre
1209 4080 1249 4145 da
1272 4079 1467 4164 quotidianis
1490 4077 1550 4142 cri·

285 4315 311 4367 4.
329 4320 461 4380 motos
476 4315 540 4379 Gtg
555 4316 605 4380 ΡΤ,
623 4316 638 4368 3
655 4315 734 4369 codd.
752 4315 828 4367 lbi:
849 4320 963 4368 nmmos
978 4314 1026 4366 dlt
1045 4315 1076 4367 0.
1095 4341 1123 4352 -
1141 4315 1166 4366 2.
1185 4318 1221 4366 cst
1236 4313 1282 4364 boc
1298 4314 1363 4365 P'l.:
1384 4313 1433 4364 >boe
1452 4317 1487 4364 est
1504 4312 1549 4363 ott.

221 4389 251 4440 0.
266 4417 294 4428 -
313 4391 407 4443 Delma
422 4391 737 4444 &lineamentalem
753 4403 807 4442 om.
826 4391 872 4444 63.
894 4418 921 4428 -
940 4391 964 4442 3.
982 4404 1033 4442 non
1046 4395 1116 4454 port.
1135 4391 1200 4442 P'l.:
1218 4404 1270 4441 ooo
1284 4390 1358 4441 modo
1371 4395 1442 4453 port.
1460 4391 1506 4441 ctt.
1519 4389 1549 4440 0.

222 4489 251 4502 -
270 4465 311 4518 48.
329 4467 438 4533 monna]
455 4467 546 4519 boram
561 4469 608 4518 Gt.
628 4491 656 4505 -
675 4467 716 4518 at.
734 4466 772 4518 4444
789 4467 859 4516 Gla.
876 4493 903 4506 ψ
922 4465 962 4517 23.
981 4466 1013 4516 tta
1029 4466 1064 4516 L:
1083 4465 1162 4518 biso.
1177 4491 1205 4500 -
1224 4465 1447 4529 ocGltngta:
1466 4462 1549 4515 etdtt.

221 4539 250 4592 0.
271 4567 299 4579 -
317 4542 358 4595 26.
376 4543 500 4596 marmio
517 4545 554 4595 Gt
565 4543 651 4608 ngasg:
675 4541 811 4594 moriac
828 4543 860 4592 Gt
882 4540 931 4592 dtt.
950 4541 978 4592 0.
999 4567 1027 4578 -
1051 4541 1093 4592 27.
1111 4541 1146 4592 od
1163 4540 1319 4604 partarum
1333 4541 1365 4591 Gt
1378 4539 1496 4604 aragne
1514 4539 1549 4588 c:

221 4615 256 4666 od
268 4617 420 4680 Meua
435 4619 546 4670 monam
561 4619 609 4670 dtt.
628 4617 755 4684 [vicinam]
773 4617 803 4669 0.
823 4643 852 4654 -
871 4615 913 4668 34.
931 4615 1118 4678 maumas
1133 4617 1165 4666 Gl
1185 4617 1216 4666 A.
1230 4615 1304 4666 Serv.
1317 4614 1353 4666 ad
1362 4617 1428 4666 Aeo.
1440 4615 1483 4665 Ill.
1497 4611 1550 4664 DA:

220 4691 359 4745 molbio
369 4695 441 4756 Gar.
458 4694 538 4760 Apud
554 4695 628 4746 serv.
646 4693 663 4745 l.
676 4692 694 4745 l.
707 4695 735 4746 in
752 4692 795 4746 ed.
806 4691 951 4744 Nivelliana
968 4706 992 4744 a.
1011 4692 1084 4744 4600.
1102 4691 1171 4742 haec
1187 4689 1311 4755 legtmtur
1326 4693 1395 4743 teste
1407 4688 1493 4741 Garat.
1506 4688 1549 4738 11.:

221 4771 341 4831 nauaque
354 4769 394 4819 oia
408 4769 481 4821 botru
495 4769 623 4835 celidonis
637 4775 674 4822 est
689 4776 713 4822 et
728 4783 749 4822 s.
767 4772 798 4835 4.,
815 4773 844 4820 at
858 4781 891 4819 ne
905 4769 933 4820 P.
951 4781 987 4832 q„
1006 4782 1031 4831 q.
1044 4766 1067 4817 b.
1080 4771 1147 4818 totae
1161 4765 1235 4818 aaa
1252 4767 1276 4816 d.
1294 4764 1480 4827 bominumque
1496 4762 1548 4812 toll.

221 4847 246 4895 et
260 4842 328 4895 osilto
343 4845 447 4896 naum
463 4844 493 4896 ct.
512 4847 545 4896 D.
564 4858 617 4909 op„
635 4857 659 4907 q.
678 4860 701 4897 c.
719 4859 746 4898 o.
763 4861 788 4896 o.
807 4857 832 4894 o.
851 4844 987 4908 mappam
1006 4841 1056 4895 sed
1071 4841 1170 4894 desunt
1180 4843 1208 4894 in
1218 4841 1282 4894 edit.
1294 4842 1366 4907 Virg.
1379 4838 1462 4903 Lugd.
1475 4837 1548 4889 tttl.

222 4920 250 4970 et
265 4919 293 4971 iu
310 4918 370 4972 cod.
388 4917 534 4972 Barberlno
552 4921 643 4974 Servii.
663 4947 692 4959 -
710 4921 751 4972 33.
770 4919 922 4984 depopulare
938 4921 970 4970 Gt
983 4919 1014 4979 23
1036 4918 1179 4984 ammai
1194 4919 1223 4968 l..
1249 4916 1284 4969 oi.
1301 4918 1360 4970 Act.
1378 4917 1398 4968 Ι.
1417 4914 1441 4980 fi.
1460 4913 1501 4964 44.
1521 4937 1549 4948 -

222 4991 264 5044 34.
281 4993 336 5046 ullo
356 4996 388 5046 Gt
404 4993 473 5059 Lglt
490 4993 544 5047 Pal.
561 5008 628 5059 sea,
653 4992 713 5048 cod.
732 4995 806 5048 liot:
828 4995 874 5047 illo
894 4994 1020 5059 thgtb.
1048 5009 1077 5032 -·
1103 4993 1143 5046 36.
1162 4998 1216 5045 tarn
1234 4992 1279 5044 diu
1294 4991 1364 5053 (³35.
1385 5017 1415 5028 -
1432 4988 1473 5039 37.
1490 4987 1549 5038 odo.

219 5068 305 5135 latito,
320 5070 442 5134 mundio.
460 5070 504 5122 Sic
521 5069 637 5124 distinxit
650 5070 737 5126 Madv.
749 5073 818 5138 App.
835 5083 863 5138 p.
876 5069 928 5123 39.;
947 5070 1005 5122 odo.
1017 5068 1089 5122 iatius
1100 5068 1229 5134 praedm,
1246 5079 1336 5122 cocum
1346 5065 1375 5116 0.
1391 5088 1419 5100 -
1437 5060 1479 5114 38.
1492 5073 1551 5112 ηκο-

221 5157 287 5199 nero
301 5145 363 5199 Asc.
382 5144 444 5199 edd.
461 5145 525 5204 vett.

264 5237 431 5296 narras.
1293 5229 1335 5300 4ο
