3648 5888
559 441 632 514 aar.
654 440 884 510 xum-xx.
913 438 970 529 sp.
992 438 1135 509 os-ee.
1469 443 1531 512 nr

210 623 294 686 stum
314 616 512 703 impiumque
532 605 650 680 bellum
671 613 789 679 inferre
817 614 936 678 conari.
978 613 1103 679 Etenim
1118 613 1185 678 'ista
1207 619 1378 699 quaestura
1399 615 1439 681 ad
1461 637 1532 684 eam

209 733 276 778 rem
288 711 389 788 valet,
411 719 447 776 ut
462 709 688 776 elaborandum
702 709 760 774 tibi
779 709 814 773 in
827 709 951 773 ratione
965 708 1128 772 reddenda
1143 709 1200 784 sit,
1225 712 1433 794 quamebrem
1448 734 1532 789 eum,

209 807 260 872 cui
281 814 432 890 quaestor
451 805 565 880 fueris,
588 823 731 868 accuses:
753 823 820 868 non
841 809 879 866 ut
900 803 941 866 ob
955 822 1025 866 eam
1046 804 1148 887 ipsam
1163 823 1290 870 causam
1303 807 1532 888 postulandum

207 903 263 976 sit,
290 907 327 964 ut
354 900 410 964 tibi
435 899 631 984 potissimum
661 898 817 962 accusatio
840 896 941 960 detur.
968 877 1094 981 (Neque
1121 897 1187 961 fere
1214 918 1367 984 umquam
1392 901 1532 966 venitin

207 994 438 1060 contentionem
471 993 511 1057 de
544 990 736 1068 accusando,
769 993 826 1084 qai
854 998 1005 1075 quaestor
1036 990 1164 1067 finisset,
1197 993 1275 1077 quin
1301 980 1570 1091 repudiaretur)e
1619 980 1752 1092 ὦ

208 1085 259 1153 63.
280 1089 390 1172 ltaque
412 1108 518 1174 neque
539 1088 575 1150 L.
597 1086 721 1151 Philoni
745 1087 778 1150 in
800 1087 834 1149 C.
858 1085 1025 1150 Servilium
1047 1086 1183 1150 neminis
1209 1086 1370 1151 deferendi
1392 1095 1532 1171 potestas

208 1189 255 1248 est
276 1182 348 1246 data
367 1202 473 1268 neque
494 1183 535 1246 ll.
556 1180 684 1244 Aurelio
707 1181 825 1244 Scauro
846 1181 880 1245 in
901 1180 938 1242 L.
960 1179 1106 1243 Flaccum
1128 1200 1234 1264 neque
1256 1180 1312 1248 Cn.
1327 1183 1477 1266 Pompeio
1498 1184 1533 1247 in

127 1297 130 1304 ·
206 1278 243 1340 T.
253 1275 436 1354 Albucium3
462 1297 598 1361 quorum
619 1295 713 1338 nemo
734 1282 866 1358 propter
885 1273 1105 1356 indignitatem
1125 1275 1310 1357 repudiatus
1333 1284 1390 1351 est,
1412 1276 1469 1340 sed
1490 1297 1532 1341 ne

205 1369 303 1436 libido
323 1368 489 1434 violandae
511 1367 754 1434 necessitudinis
769 1367 954 1432 auctoritate
974 1366 1115 1430 iudicum
1130 1369 1395 1451 comprobaretur.
1426 1371 1531 1456 Atque

205 1465 258 1529 ille
287 1466 342 1529 Cn.
365 1465 535 1548 Pompeius
564 1465 607 1526 ita
629 1481 700 1542 cum
724 1461 757 1524 C.
778 1461 859 1524 Iulio
881 1460 1057 1536 contendit,
1086 1468 1122 1525 ut
1142 1469 1176 1524 tu
1198 1482 1330 1526 mecum.
1375 1463 1533 1540 Quaestor
1541 1480 1569 1527 te
1649 1450 1673 1518 Ζ

206 1562 290 1626 enim
310 1559 435 1624 Albucii
455 1559 574 1633 iuerat,
595 1564 631 1620 ut
651 1563 685 1620 tu
707 1555 824 1620 Verris.
866 1554 964 1618 Iulius
990 1554 1052 1618 hoc
1074 1575 1181 1618 secum
1203 1558 1397 1622 auctoritatis
1419 1557 1458 1622 ad
1481 1579 1532 1622 ac-

206 1654 380 1720 cusandum
402 1652 570 1727 afferebat,
599 1650 702 1734 quod,
728 1655 764 1712 ut
784 1648 845 1712 hoc
866 1655 1007 1731 tempore
1028 1668 1087 1712 nos
1109 1650 1149 1712 ab
1172 1649 1302 1726 Siculis,
1324 1653 1369 1714 sic
1389 1657 1457 1715 tum
1477 1651 1532 1715 ille

112 1805 115 1812 .
205 1749 245 1813 ab
267 1746 375 1812 Sardis
396 1753 525 1829 rogatus
546 1744 587 1808 ad
609 1763 735 1808 eausam
756 1750 940 1806 accesserat.
981 1743 1114 1827 Semper
1140 1745 1221 1809 baec
1241 1765 1337 1810 causa
1362 1746 1532 1830 plurimum

204 1841 319 1915 valuit,
350 1859 476 1922 semper
502 1839 581 1902 haee
609 1837 687 1902 ratio
716 1836 885 1900 accusandi
905 1835 966 1900 fuit
986 1837 1225 1915 honestissima,
1252 1860 1311 1922 pro
1333 1843 1443 1916 sociis,
1473 1861 1531 1924 pre

205 1936 308 2000 salute
332 1934 532 2018 provinciae,
559 1953 616 2016 pro
644 1938 822 1997 exterarum
850 1931 1012 1994 nationum
1034 1933 1208 1996 commodis
1232 1935 1412 1998 inimicitias
1434 1935 1569 2000 susci-ts

84 2063 89 2068 ·
204 2047 299 2113 pere,
327 2027 367 2090 ad
395 2027 571 2110 periculum
602 2027 767 2100 accedere,
797 2045 940 2108 operam,
969 2025 1127 2102 studium,
1157 2025 1298 2091 laborem
1320 2029 1530 2112 interponere.

204 2123 277 2186 XX.
301 2119 351 2185 bl.
373 2122 498 2186 Etenim
521 2123 547 2184 si
569 2119 741 2205 probabilis
756 2126 804 2182 est
819 2139 929 2184 eorum
943 2139 1054 2195 causa,
1077 2122 1132 2204 qui
1146 2120 1276 2184 iniurias
1293 2141 1366 2186 suas
1380 2125 1531 2207 persequi

204 2216 331 2292 volunt,
355 2236 418 2300 qua
431 2217 465 2278 in
478 2233 513 2278 re
529 2213 630 2279 dolori
645 2234 721 2288 suo,
743 2232 808 2277 non
822 2215 868 2276 rei
882 2212 1029 2295 publicae
1045 2214 1217 2278 commodis
1232 2215 1388 2280 serviunt:
1411 2223 1530 2302 quanto

202 2311 259 2377 illa
286 2311 450 2376 honestior
479 2329 573 2374 causa
602 2315 666 2384 est,
696 2326 778 2392 quae
806 2327 872 2371 non
894 2306 997 2372 solum
1018 2307 1189 2390 probabilis
1210 2309 1328 2386 videri,
1357 2309 1414 2373 sed
1435 2312 1531 2373 etiam

204 2410 293 2490 grata
314 2423 385 2473 esse
407 2404 514 2478 debet,
541 2403 630 2466 nulla
657 2402 803 2486 privatim
833 2409 962 2484 accepta
982 2401 1097 2467 iniuria
1118 2404 1274 2467 sociorum
1295 2411 1393 2489 atque
1414 2406 1568 2472 amico-so

203 2520 274 2566 rum
294 2499 405 2583 populi
425 2498 558 2561 Romani
580 2497 690 2561 dolore
711 2505 807 2580 atque
828 2496 951 2560 iniuriis
973 2499 1186 2560 commoveri?
1218 2499 1327 2581 Nuper
1348 2519 1419 2562 cum
1440 2499 1474 2562 in
1496 2499 1530 2562 P.

205 2595 371 2662 Gabinium
391 2595 441 2658 vir
459 2592 649 2656 fortissimus
671 2598 704 2655 et
724 2592 1017 2665 innocentissimus,
1044 2592 1079 2653 L.
1102 2591 1193 2667 Piso,
1217 2591 1407 2657 delationem
1428 2595 1531 2657 nomi·
1656 2569 1689 2670 ί

204 2691 253 2753 nis
275 2687 450 2772 postularet
471 2681 505 2751 et
523 2693 634 2750 eontra
656 2686 695 2762 Q.
720 2685 874 2750 Caecilius
896 2692 1019 2769 peteret
1038 2687 1132 2769 isque
1153 2707 1188 2750 se
1207 2694 1329 2752 veteres
1351 2687 1530 2752 inimicitias

203 2785 265 2847 iam
296 2781 351 2846 diu
379 2787 542 2864 susceptas
571 2780 722 2864 persequi
744 2773 899 2860 diceret(
908 2800 979 2843 cum
1001 2780 1170 2844 auctoritas
1193 2788 1226 2844 et
1247 2780 1384 2864 dignitas
1405 2780 1530 2845 Pisonis

203 2875 326 2960 valebat
346 2866 623 2986 plurimum)(tnm
645 2873 700 2955 ille
722 2881 788 2939 erat
810 2893 906 2938 causa
925 2875 1114 2950 iustissima,
1137 2875 1223 2960 quod
1246 2896 1318 2940 eum
1337 2876 1397 2940 sibi
1410 2876 1529 2940 Achaei
1537 2853 1775 2978 tuM*

200 2977 370 3054 patronum
391 2961 599 3068 adoptarent.)
632 2967 683 3032 66.
713 2969 838 3032 Etenim
860 2988 932 3031 curn
953 2966 1006 3030 lex
1026 2969 1097 3051 ipsa
1119 2969 1158 3033 de
1179 2971 1324 3053 pecuniis
1346 2971 1529 3054 repetundis

201 3065 358 3128 sociorum
380 3069 478 3147 atque
499 3065 673 3128 amicornm
695 3064 805 3148 populi
826 3063 959 3126 Romani
981 3069 1113 3146 patrona
1135 3065 1192 3138 sit,
1220 3065 1367 3149 iniquum
1396 3071 1530 3128 estnon

202 3178 275 3222 eum
304 3156 383 3240 legis
413 3157 587 3241 iudiciique
616 3166 754 3222 actorem
783 3155 933 3220 idoneum
961 3156 1099 3220 mammo
1119 3158 1241 3242 putari,
1274 3179 1369 3244 quem
1390 3165 1529 3222 actorem

202 3269 317 3315 causae
346 3270 423 3315 suae
452 3252 532 3336 socii
559 3251 822 3334 defensoremque
852 3249 1050 3313 fortunarum
1079 3271 1208 3314 suarum
1234 3255 1434 3335 potissimum
1459 3273 1529 3318 esse

200 3345 381 3411 voluerunt
425 3343 475 3408 An
496 3344 585 3430 quod
607 3346 646 3410 ad
669 3343 980 3409 commemorandum
1002 3351 1050 3408 est
1070 3344 1252 3420 honestius,
1274 3346 1371 3409 idad
1393 3348 1566 3430 proban-eo

203 3440 278 3502 dum
299 3458 364 3502 non
386 3438 486 3501 multo
507 3438 607 3503 videri
629 3440 723 3504 debet
744 3441 899 3523 aequiust
928 3439 1003 3501 Utra
1029 3439 1126 3522 igitur
1148 3445 1196 3502 est
1217 3439 1430 3522 splendidior,
1458 3447 1530 3505 utra

201 3533 355 3598 illustrior
382 3533 663 3598 commemoratio?
676 3517 851 3624 (Accusavi
873 3554 962 3608 eum,
991 3533 1043 3598 cui
1065 3540 1216 3618 quaestor
1235 3533 1373 3609 luem,
1400 3536 1529 3620 quicum

201 3647 253 3690 me
275 3645 343 3690 sors
366 3626 561 3692 consuetudo
609 3631 818 3702 emiorum,
847 3628 977 3712 quicum
1005 3647 1055 3690 me
1076 3627 1209 3691 deorum
1230 3627 1459 3715 hominumque
1480 3631 1529 3694 iu·
1670 3699 1685 3731 s

202 3721 321 3784 dicium
348 3649 667 3826 coniunxemsd'an:
699 3721 852 3786 Accusavi
881 3728 993 3805 rogatu
1021 3723 1180 3785 sociorum
1209 3728 1306 3806 atque
1338 3725 1528 3799 amicorum3
1605 3729 1737 3806 A

202 3813 345 3879 delectus
367 3835 437 3880 sum
459 3807 669 3882 abirniversa
688 3817 865 3902 provincia,
888 3819 944 3900 qui
966 3817 1036 3880 eius
1058 3817 1127 3880 iura
1147 3815 1356 3900 fortunasque
1378 3817 1565 3886 deiende-ss

201 3912 289 3973 remi
321 3909 473 3973 Dubitare
492 3911 660 3996 quisquam
683 3918 802 3996 potest,
828 3913 906 3995 quin
926 3910 1092 3974 honestius
1106 3910 1163 3984 sit,
1183 3927 1293 3974 eorum
1310 3932 1421 3988 cause,
1441 3913 1527 3998 apud

202 4023 283 4088 quos
304 4009 456 4088 quaestor
475 4004 590 4081 fueris,
613 4026 709 4090 quam
731 4025 820 4080 eum,
843 4006 933 4069 cuius
956 4010 1107 4090 quaestor
1126 4002 1240 4080 fueris,
1262 4009 1434 4071 accusaret
1476 4006 1527 4070 66.

108 4166 113 4182 ἲ
203 4095 373 4162 Clarissimi
393 4100 452 4162 viri
473 4105 601 4163 nostrae
623 4101 757 4166 civitatis
779 4100 975 4183 temporibus
990 4098 1117 4183 optimis
1139 4099 1201 4162 boe
1223 4099 1282 4163 sihi
1297 4101 1528 4185 amplissimum

200 4190 513 4278 pulcherrimumque
536 4193 709 4272 ducebant,
731 4194 772 4257 ab
793 4194 971 4276 hospitibus
993 4193 1225 4278 clientibusque
1247 4194 1327 4270 suis,
1350 4195 1389 4258 ab
1412 4197 1527 4260 exteris

201 4285 392 4363 redonibus,
409 4289 538 4373 quaein
553 4289 721 4353 amicitiam
736 4287 847 4373 populi
866 4289 1000 4352 Romani
1016 4287 1239 4372 dicionemque
1254 4296 1375 4365 essent,
1395 4291 1564 4362 iniuriasro
1618 4278 1622 4288 ⁸

267 4499 292 4549 t.
309 4499 351 4549 cut
371 4503 488 4562 water
506 4499 585 4563 pem
602 4501 647 4564 hg.
666 4502 690 4551 o.
709 4501 737 4551 et
753 4499 814 4552 edd.
832 4501 893 4552 Asc.
912 4499 971 4552 coll.
990 4500 1014 4564 5.
1033 4500 1080 4552 bb:
1106 4501 1149 4564 qut
1171 4507 1287 4564 quaestor
1308 4503 1360 4553 eires
1374 4503 1452 4567 suob
1467 4501 1524 4556 rell.

202 4571 280 4626 codd.
299 4570 420 4634 Tulliani3
438 4587 496 4624 aaa
510 4587 535 4638 q.
552 4569 571 4632 f.
589 4574 647 4626 cod.
665 4575 737 4626 Leid.
751 4577 870 4637 Asconii3
888 4590 945 4627 aas
962 4577 1005 4640 qest
1022 4581 1114 4639 punt.
1126 4578 1147 4641 Ι.
1160 4577 1203 4628 ed.
1217 4590 1257 4642 pr.
1269 4578 1341 4640 Asea
1359 4580 1527 4642 memmi

200 4650 220 4714 s.
238 4650 268 4699 0.
283 4673 310 4683 -
330 4647 354 4697 6.
371 4649 566 4712 Ηεϋιοπίῦῖω
583 4651 665 4702 Pisom
677 4650 727 4712 Ld;
741 4652 840 4715 plutoni
855 4653 894 4703 ecl
908 4652 977 4718 flloot
994 4652 1040 4702 ot.
1055 4677 1082 4687 —
1102 4651 1142 4702 43.
1160 4652 1284 4703 honestior
1299 4666 1378 4704 cosso
1394 4655 1471 4706 sstGl
1484 4651 1526 4704 il

200 4723 283 4789 LqSS:
302 4722 359 4773 bosv.
377 4728 412 4774 ost
427 4737 448 4775 e.
462 4725 529 4788 gith
548 4739 629 4777 como
643 4727 768 4778 bonettor
783 4726 831 4778 dtt.
841 4729 872 4779 0.
888 4755 914 4764 -
933 4727 975 4778 24.
993 4727 1089 4777 iniuria
1104 4729 1254 4780 commoveri
1265 4727 1357 4780 Claud.
1371 4729 1430 4780 Sao.
1442 4741 1470 4794 p.
1482 4727 1524 4778 73.

203 4824 231 4838 -
250 4796 292 4850 bl.
310 4810 341 4847 oo
357 4797 425 4863 dtas.
443 4798 512 4862 Late
529 4797 563 4850 el.
582 4827 610 4838 ·-
627 4803 669 4854 25.
687 4817 766 4854 causo
781 4809 839 4854 mat
856 4804 902 4853 Gt.
922 4829 950 4840 -
968 4802 1010 4853 at.
1024 4807 1139 4866 patrem
1153 4804 1186 4854 stt
1201 4805 1234 4854 Gt
1246 4801 1312 4866 ilc
1328 4801 1387 4856 ooll.
1406 4803 1440 4854 de
1452 4802 1522 4854 Orat.

112 4921 116 4926 .
200 4875 232 4927 11.
251 4873 276 4938 5.
289 4872 353 4924 ⁴99:
375 4879 489 4937 petresse
508 4881 657 4938 marato
672 4879 703 4928 stt
719 4879 773 4938 εις
798 4891 877 4928 corae
893 4882 1042 4941 wmpnrm
1057 4877 1090 4928 stt
1105 4878 1124 4927 L
1142 4889 1175 4929 ex
1191 4877 1251 4930 ced.
1266 4878 1310 4943 (i);
1337 4881 1525 4941 conseparata

202 4951 233 5014 ts.
248 4947 362 5012 patrata)
379 4949 412 4998 sit
427 4947 475 5000 dtt.
490 4973 520 4986 -·
538 4949 579 5001 ³2.
597 4953 639 5002 cut
653 4967 712 5004 uem
728 4967 770 5016 qu.
789 4952 849 5006 eod.
867 4955 924 5006 Urs.
941 4980 970 4990 -
988 4951 1029 5006 34.
1046 4953 1231 5005 coemerunt
1241 4954 1311 5013 (3³5.
1337 4956 1371 5006 st
1386 4951 1524 5018 singularis

202 5026 229 5076 in
244 5023 378 5091 anaphora
396 5024 489 5089 aptior.
508 5025 541 5076 el.
559 5038 608 5077 nos
625 5025 659 5078 ed
676 5029 782 5080 caeein.
801 5029 824 5093 5.
844 5028 901 5080 lot.
920 5029 948 5080 et
963 5028 990 5079 in
1007 5031 1151 5081 comment.
1169 5029 1204 5081 de
1221 5029 1280 5080 cod.
1298 5030 1423 5092 Tegerns.
1441 5039 1468 5091 p.
1481 5027 1522 5077 it.

204 5125 231 5136 -
249 5095 290 5150 ³¹1.
316 5097 434 5150 esee„
445 5111 566 5150 accusem
591 5099 681 5153 Claud.
700 5105 759 5156 Sec.
777 5116 804 5169 p.
818 5103 858 5155 73.
879 5129 907 5141 -
933 5103 975 5156 38.
993 5103 1089 5156 eurus
1103 5130 1141 5145 --
1152 5105 1274 5158 ducebant
1288 5105 1356 5155 Non.
1373 5115 1401 5168 p.
1419 5101 1476 5154 683.
1494 5129 1521 5140 -

198 5171 240 5225 ld.
258 5174 343 5238 emet]
365 5175 485 5229 cmm
500 5175 560 5230 eod.
578 5177 635 5232 Urs.
653 5175 687 5228 ei.
704 5178 736 5230 u.
756 5177 780 5242 5.
793 5178 833 5229 67.
