3644 5874
284 325 346 396 730
692 345 842 410 ORATIO
865 347 942 412 PRO
964 349 999 410 Ι..
1022 346 1188 413 runaut

286 511 423 595 periecta
443 511 482 574 ab
503 511 638 576 Lucullo
658 514 736 578 haec
758 523 832 579 sunt
853 519 976 591 omnia,
1006 524 1041 580 ut
1067 519 1142 581 urbs
1163 515 1415 583 fidelissimorum
1437 521 1612 584 sociorum

287 604 505 670 defenderetur
526 613 558 669 et
578 625 686 672 omnes
708 609 817 692 copiae
839 611 919 694 regis
943 609 1148 676 diuturnitate
1171 611 1363 676 obsessionis
1378 633 1614 677 consumeren-

285 705 345 762 tur.
388 699 494 775 Quiar
523 700 609 763 iliam
630 721 767 784 pugnam
796 704 939 768 navatem
966 706 1004 769 ad
1028 707 1206 779 Tenedum,
1234 725 1305 769 cnm
1325 715 1472 771 eonoento
1494 727 1612 780 cumn,

285 792 444 855 acerrimis
477 792 627 869 ducibus,
663 795 800 859 hostium
832 797 940 862 elassis
972 798 1094 862 italiam
1129 819 1186 881 spe
1217 809 1313 882 atque
1347 800 1460 864 animis
1493 802 1612 864 intiata

197 953 202 972 Ι
260 891 421 969 rpeuret,
447 887 596 951 mediocri
618 891 785 953 certamine
807 898 839 954 et
860 912 955 975 parva
977 893 1177 956 dimicatione
1199 895 1396 956 commissum
1418 895 1611 958 arbitraris?

283 979 373 1041 Mitto
395 979 532 1061 proelia,
555 991 717 1064 praetereo
740 988 990 1068 oppugnationes
1013 986 1216 1069 oppidorum:
1239 986 1391 1069 expulsus
1412 1007 1510 1070 regno
1531 997 1611 1051 tan·

283 1071 356 1137 dem
385 1074 554 1158 aliquando
588 1083 707 1140 tantum
735 1086 839 1142 tamen
869 1081 999 1143 consitio
1026 1088 1119 1163 atque
1147 1080 1328 1143 auotomtete
1357 1079 1471 1155 valuit,
1501 1089 1537 1144 ut
1566 1101 1607 1144 se

284 1186 356 1249 rege
376 1169 596 1232 Armeniorum
618 1170 768 1234 adiuncto
797 1174 888 1236 novis
917 1174 1029 1256 opibus
1060 1175 1219 1259 copiisque
1240 1176 1404 1238 renovarit.
1447 1172 1531 1237 XVI.
1555 1178 1607 1238 Ac

283 1261 310 1323 si
331 1260 409 1325 mihi
430 1282 514 1326 nune
535 1263 574 1327 de
596 1265 687 1329 rebus
710 1267 805 1348 gestis
827 1277 911 1330 esset
933 1269 1030 1330 nostri
1046 1270 1203 1331 exercitus
1218 1269 1475 1352 imperatorisque
1490 1269 1607 1332 dicen-

246 1355 372 1430 rodum,
399 1357 535 1439 piurima
564 1366 596 1422 et
622 1361 759 1424 maxima
790 1362 910 1444 proelia
938 1369 1180 1426 commemorare
1208 1382 1350 1447 possem:
1386 1362 1442 1425 sed
1473 1381 1537 1425 non
1568 1363 1605 1426 id

136 1452 215 1554 ff
282 1449 417 1531 agimus.
460 1446 511 1513 34.
540 1453 609 1516 ltoa
631 1454 720 1541 dico:
736 1443 775 1534 (si
796 1455 916 1519 beilum
936 1457 1014 1530 hoc,
1044 1457 1070 1519 si
1092 1455 1144 1518 hio
1172 1456 1289 1536 hostis,
1319 1458 1346 1519 si
1368 1456 1422 1519 ilie
1443 1476 1499 1520 rex
1522 1477 1604 1520 con·

180 1584 183 1592 ·
283 1544 469 1607 temnendus
489 1537 851 1634 inisset).'r'reque‘t'tanta
873 1570 946 1613 cura
968 1559 1094 1613 senatus
1116 1557 1149 1613 et
1170 1550 1305 1633 populus
1320 1551 1478 1614 Romanus
1499 1551 1604 1614 susei-

283 1638 432 1720 piendum
453 1639 627 1732 putasset)
643 1661 747 1725 neque
769 1649 816 1707 tot
836 1663 935 1707 annos
957 1644 1104 1726 gessisset
1126 1663 1229 1728 neque
1252 1651 1336 1708 tanta
1357 1644 1456 1726 gioria
1478 1646 1513 1708 L.
1536 1647 1602 1706 Lu·

282 1733 399 1808 eutius;
422 1752 526 1817 neque
548 1754 623 1797 vero
646 1736 714 1799 eius
736 1736 810 1798 beili
833 1735 1059 1801 conficiendum
1083 1738 1200 1801 exitum
1223 1745 1308 1800 tento
1332 1738 1436 1800 studio
1459 1738 1601 1821 populns

246 1828 439 1889 treomanus
460 1827 501 1890 ad
523 1829 579 1890 Cn.
601 1829 784 1913 Pompeium
809 1830 988 1895 detulisset:
1021 1833 1110 1894 cuius
1133 1851 1173 1892 ex
1196 1828 1338 1893 omnibus
1358 1831 1489 1912 pugnis,
1517 1851 1600 1913 quae

280 1929 354 1984 sunt
376 1921 636 1996 innumerabiles,
657 1924 708 1986 vei
731 1926 880 1988 acerrima
902 1925 978 1988 mihi
1000 1926 1124 1989 videtur
1144 1923 1214 1995 itia,
1237 1941 1319 2006 quae
1340 1943 1411 1985 cum
1426 1943 1499 2006 rege
1513 1944 1600 1987 com·

282 2015 378 2078 missa
399 2023 448 2079 est
469 2023 501 2078 et
521 2036 642 2081 summe
663 2018 864 2080 contentione
889 2027 1034 2101 pugnata.
1079 2019 1149 2094 Qua
1179 2037 1219 2080 ex
1247 2036 1351 2100 pugna
1379 2036 1449 2079 cum
1480 2038 1514 2080 se
1543 2018 1599 2080 iiie

282 2106 448 2191 eripuisset
478 2117 510 2173 et
538 2111 714 2193 Bosporum
747 2110 955 2194 confugisset,
991 2133 1055 2196 quo
1084 2112 1241 2174 exercitus
1271 2110 1358 2173 adire
1388 2131 1451 2173 non
1480 2119 1596 2194 posset,

282 2202 376 2265 etiam
397 2202 431 2264 in
452 2211 592 2266 extrema
612 2202 737 2267 fortune
758 2212 791 2267 et
810 2205 883 2288 fuga
904 2224 1020 2268 nomen
1043 2215 1145 2269 temen
1167 2205 1296 2268 retinuit
1316 2203 1447 2287 regium.¹
1488 2205 1596 2288 itaque

243 2297 347 2380 scipso
363 2297 531 2379 Pompeius
554 2317 649 2380 regno
670 2317 826 2381 possesso,
848 2319 887 2362 ex
909 2299 1054 2363 omnibus
1070 2299 1134 2361 oris
1155 2306 1249 2381 etque
1265 2297 1347 2360 notis
1362 2296 1492 2360 sedibus
1507 2297 1596 2362 hoste

281 2391 391 2475 pulso,
413 2397 516 2454 tamen
539 2398 660 2454 tentum
681 2392 715 2453 in
738 2393 831 2455 unius
852 2393 956 2456 anima
976 2393 1099 2476 posuit,
1122 2399 1172 2465 ut,
1198 2411 1267 2453 cum
1290 2391 1413 2464 omnia,
1442 2409 1524 2474 quae
1544 2391 1595 2454 iiie

280 2491 442 2559 tenuerat,
463 2485 598 2559 adierat,
621 2494 781 2568 sperarat,
803 2487 930 2551 victoria
950 2487 1143 2572 possideret,
1174 2492 1362 2546 tamennon
1385 2489 1475 2558 ante,
1504 2505 1596 2568 quam

281 2579 370 2642 itiam
393 2579 456 2642 rite
478 2579 614 2663 expulit,
635 2579 753 2642 beilum
776 2579 952 2643 coniectum
975 2579 1131 2644 iudicarit.
1175 2579 1267 2641 Hunc
1288 2585 1322 2641 tu
1343 2577 1484 2652 hostem,
1510 2579 1596 2650 Cato,

283 2673 476 2747 contemnis,
499 2691 634 2755 quocum
657 2691 715 2754 per
736 2679 782 2737 tot
802 2691 902 2736 annos
925 2681 970 2737 tot
991 2673 1118 2757 proeliis
1139 2679 1186 2735 tot
1207 2673 1408 2754 imperatores
1430 2670 1513 2733 betia
1531 2691 1598 2754 ges·

242 2769 412 2830 ²bseruntt
444 2766 531 2830 cuius
554 2766 679 2848 expulsi
701 2773 733 2830 et
754 2767 844 2829 eiecti
867 2767 932 2830 vita
954 2768 1030 2830 tanti
1053 2766 1230 2830 existimata
1253 2772 1313 2838 est,
1342 2771 1379 2827 ut
1403 2772 1503 2828 morte
1531 2767 1598 2829 eius

281 2857 424 2924 nunfiata
451 2867 518 2922 tum
550 2859 686 2943 denique
717 2858 832 2922 betium
866 2861 1040 2924 coniectum
1073 2858 1295 2923 arbitraretur?
1348 2859 1417 2922 Hoc
1445 2860 1541 2941 igitur
1565 2861 1597 2922 in

160 2943 167 3013 ἶ
280 2955 365 3018 helio
394 2955 428 3015 L.
455 2954 634 3028 Murenam,
664 2952 693 3016 ie
715 2961 799 3017 atum
826 2954 988 3018 tortissimi
1018 2953 1130 3027 animi,
1160 2954 1271 3016 summi
1303 2952 1444 3028 consilii,
1471 2954 1597 3016 maximi

281 3048 397 3111 laboris
419 3048 579 3129 cognitura
602 3067 671 3110 esse
693 2973 907 3123 ffeiendimus,
938 3056 970 3110 et
996 3048 1077 3111 hanc
1100 3047 1168 3110 eius
1197 3065 1324 3128 operam
1345 3066 1409 3110 non
1430 3045 1597 3110 minusad

282 3142 479 3206 consulatum
501 3140 737 3224 adipiscendum
760 3163 855 3226 quam
877 3144 957 3206 hanc
974 3149 1111 3204 nostram
1126 3139 1283 3203 sorensem
1298 3138 1481 3202 industriam
1497 3139 1598 3223 digni-

243 3236 354 3300 ³⁰tatis
376 3235 533 3300 habuisse.
1169 3238 1174 3248 '

365 3330 464 3393 xvu.
495 3329 545 3392 35.
577 3333 642 3394 «At
669 3331 753 3394 enim
780 3331 812 3393 in
843 3337 1006 3410 praeuaree
1035 3329 1184 3412 petitione
1213 3328 1298 3411 prior
1325 3327 1520 3391 renuntiatus
1550 3337 1597 3389 est

283 3427 437 3491 Servius.»
454 3457 495 3472 -
511 3425 684 3508 pergitisne
706 3445 779 3499 vos,
801 3432 960 3507 tamquam
982 3443 1023 3486 ex
1045 3423 1240 3507 syngrapha,
1261 3441 1354 3506 agere
1377 3441 1448 3484 cum
1467 3421 1596 3504 populo,

348 3639 371 3690 t.
390 3637 422 3688 ab
438 3639 497 3688 istc.
517 3635 559 3688 ed.
578 3638 638 3688 Asc.
652 3637 727 3688 tut:
746 3650 764 3686 a
780 3637 839 3686 tac.
859 3636 925 3696 mei,
944 3635 1033 3686 ioxr.
1050 3659 1075 3670 -
1090 3633 1215 3684 tortasse:
1234 3633 1320 3684 omnic
1334 3634 1371 3682 ita
1386 3637 1423 3684 at.
1438 3659 1466 3670 -
1478 3633 1596 3685 urbes--

280 3715 467 3780 desmderustur
483 3713 536 3764 Tv.
562 3737 589 3748 -
614 3713 639 3763 2.
658 3717 682 3762 et
698 3710 757 3762 cod.
776 3711 882 3760 irene:
907 3714 935 3760 ut
952 3709 1018 3770 mei,
1043 3709 1070 3759 t..
1097 3731 1124 3744 -
1148 3705 1373 3768 maurmunster,
1396 3709 1474 3772 Legg.
1493 3721 1594 3768 omues,

280 3791 390 3851 born,
414 3787 462 3842 atti,
472 3785 604 3853 plerique:
626 3787 757 3838 martionis
773 3787 818 3836 Lu
835 3789 862 3837 et
877 3785 903 3836 u
918 3796 978 3849 sup.
996 3783 1040 3834 tin.
1059 3797 1074 3834 a
1092 3795 1129 3834 m.
1148 3793 1203 3833 sec.
1222 3781 1261 3834 ct.
1280 3795 1319 3832 or.
1333 3781 1367 3834 de
1384 3783 1466 3834 domo
1483 3797 1506 3835 c.
1525 3784 1549 3836 3.
1568 3799 1594 3850 p.

279 3863 360 3916 Betbo
377 3877 401 3915 c.
414 3864 439 3914 3.
457 3865 483 3914 iu
500 3865 551 3914 Pis.
570 3877 596 3914 o.
609 3865 653 3924 tr,
672 3875 739 3926 quos
756 3859 830 3912 locos
846 3860 955 3909 summ.
974 3857 1059 3908 effert.
1074 3883 1101 3894 —
1115 3857 1139 3908 3.
1158 3857 1201 3919 qut
1217 3855 1288 3906 ittam
1304 3859 1338 3918 G,
1357 3859 1423 3920 qaod
1437 3859 1508 3909 maur
1523 3859 1552 3909 Ε.
1568 3887 1594 3896 -

279 3942 314 3990 cd
332 3940 452 3990 Tenedon
467 3941 504 3990 ii:
523 3940 632 3990 atteroda
648 3940 682 4002 E,
701 3939 799 3988 amaad
814 3939 849 3998 G,
868 3935 1025 3985 atterendum
1041 3931 1146 3982 aitrudis
1161 3945 1191 3992 v,
1211 3943 1229 3980 a
1245 3931 1329 3981 uredo
1346 3931 1412 3995 Ηψ,
1433 3959 1459 3971 -
1480 3937 1504 3985 6,
1520 3947 1597 3998 prae-

279 4021 348 4066 terea
363 4028 389 4064 v.
406 4039 431 4050 -
450 4015 625 4076 upaueex.
641 4041 668 4050 -
687 4014 711 4064 7.
724 4018 752 4062 ut
767 4012 889 4062 sibiv.-
908 4009 932 4060 8.
946 4009 1124 4068 macarutii,
1141 4007 1345 4057 renovatirE.-
1365 4021 1396 4057 aa
1412 4009 1433 4058 si
1450 4009 1516 4060 Etr:
1534 4011 1597 4059 atsi

280 4091 430 4140 GHTv.-
450 4089 474 4140 9.
487 4095 545 4140 uret
562 4091 581 4139 ti
596 4090 674 4140 nostri
686 4091 714 4140 G.
728 4113 755 4126 -
769 4089 810 4138 40.
825 4101 896 4150 posse
907 4091 936 4149 G,
952 4091 1032 4150 posset
1049 4100 1077 4146 χ.
1093 4113 1119 4122 -
1133 4085 1173 4134 tu.
1191 4084 1239 4146 fuit
1255 4085 1297 4134 red
1312 4097 1390 4146 usque
1401 4089 1464 4135 (4.-
1482 4099 1506 4135 ss
1522 4099 1597 4136 seua·

279 4172 318 4216 tur
333 4168 363 4215 G.
378 4189 405 4200 -
426 4163 465 4216 43.
478 4167 585 4216 curaret
601 4167 661 4228 tiu,
676 4165 766 4216 iorx.
781 4165 862 4226 (aunis
877 4165 973 4214 desisset
985 4164 1024 4224 G.)
1038 4189 1064 4198 -
1079 4164 1106 4212 t.
1120 4175 1172 4211 om.
1186 4161 1279 4212 Mt·
1294 4160 1334 4211 44.
1352 4160 1469 4211 Laudas
1484 4161 1598 4211 btomm·

279 4242 382 4292 senius:
401 4251 455 4290 orn.
474 4241 495 4289 G
503 4254 521 4300 χ
539 4241 611 4302 etE,
629 4239 676 4291 sed
695 4240 737 4289 hio
754 4241 779 4289 in
796 4238 860 4298 iec.;
879 4239 974 4289 Lucani
991 4238 1047 4289 reli.
1063 4241 1090 4287 et
1105 4235 1167 4288 edd.
1189 4263 1215 4272 -
1234 4238 1410 4301 amtteteudum
1425 4238 1520 4286 arium
1536 4235 1595 4294 EG,

279 4317 294 4366 3
307 4318 395 4376 Pera,
414 4312 490 4374 Peli..
510 4316 600 4367 eon.
614 4317 650 4366 st.
664 4316 745 4365 vict:
764 4315 906 4380 coemendi
922 4315 1017 4364 emtum
1027 4316 1090 4373 btv,
1109 4315 1167 4363 Per.
1185 4312 1214 4370 i,
1233 4313 1375 4376 amfleuudi
1390 4323 1479 4361 auare
1495 4309 1551 4359 LO.
1567 4335 1593 4344 -

281 4392 320 4442 tn.
332 4391 472 4442 romulisret
482 4393 512 4442 G.
528 4418 554 4427 -
569 4393 608 4442 46.
622 4391 667 4456 oet]
678 4392 750 4441 ualde
761 4393 790 4441 G.
806 4417 832 4425 -
848 4403 905 4440 eum
920 4390 964 4439 iac
980 4402 1038 4453 repe
1054 4401 1126 4452 susp.
1139 4386 1297 4438 Niebuhrius
1315 4389 1342 4437 in
1359 4384 1481 4449 exempto
1493 4396 1540 4436 suo
1552 4383 1594 4434 ed.

279 4469 365 4516 Garat.
381 4491 406 4504 -·
428 4466 467 4516 44.
481 4479 532 4528 qua
547 4479 580 4515 ea
594 4478 745 4530 pepusam.
760 4465 849 4515 EGti.
865 4491 892 4500 -
910 4465 951 4514 itte
967 4477 992 4513 se
1005 4476 1030 4514 v.
1046 4489 1072 4498 -
1092 4463 1132 4514 48.
1150 4462 1297 4524 bosphorum
1313 4462 1375 4512 GM.
1389 4487 1415 4496 -
1436 4459 1477 4509 49.
1489 4463 1513 4509 et
1528 4459 1595 4509 irc.

282 4569 308 4578 -
324 4555 411 4606 repam
427 4544 457 4593 G.
478 4569 505 4580 -
524 4544 564 4593 20.
583 4543 678 4605 ipreG:
696 4543 749 4605 ipso
765 4540 947 4598 Ethith3
967 4553 995 4589 eo
1010 4539 1064 4601 ipso
1079 4551 1104 4586 v.
1120 4562 1146 4571 -
1166 4536 1207 4600 ee]
1225 4540 1248 4585 et
1263 4538 1297 4586 u.
1312 4561 1340 4573 -
1359 4540 1433 4597 atque
1449 4537 1485 4584 G:
1503 4534 1596 4584 cciiii

280 4618 362 4667 vt.0.
377 4643 403 4655 ·-
423 4617 464 4669 u.
479 4617 634 4681 propulsor.
646 4645 680 4654 -
695 4617 780 4668 aurata
797 4628 861 4679 qaae
877 4614 918 4670 itte
933 4613 1075 4664 Manutius:
1094 4609 1134 4659 tte
1151 4609 1235 4660 aucuia
1251 4623 1314 4672 quae
1326 4610 1444 4671 EGMv,
1463 4611 1552 4660 boxr.
1569 4634 1594 4643 -

279 4693 320 4742 it.
334 4696 387 4742 tum
402 4706 453 4742 uos
463 4706 488 4743 v.
500 4719 534 4730 ·-
549 4692 590 4744 it.
603 4693 734 4756 eaputisset
750 4692 818 4741 coni.
832 4689 943 4740 Ernesti.
958 4715 992 4724 -
1007 4686 1048 4737 st.
1067 4691 1102 4735 tot
1117 4687 1177 4736 ante
1194 4685 1254 4748 imp.
1268 4697 1321 4735 cm.
1336 4687 1365 4735 G.
1375 4713 1409 4723 -
1424 4686 1466 4736 25.
1478 4685 1555 4735 decta
1566 4685 1595 4733 G.

280 4795 313 4805 -
324 4768 388 4818 tacti
400 4781 452 4818 om.
467 4769 495 4818 G.
508 4795 542 4806 ·-
557 4769 700 4819 satsttmata
716 4765 768 4832 (vel
785 4766 914 4826 extimata)
932 4764 985 4815 mei
997 4765 1023 4813 et
1034 4762 1049 4813 i
1061 4763 1138 4812 Ora:
1158 4761 1290 4811 auderato
1302 4761 1358 4810 t.0.
1373 4787 1401 4798 -
1413 4761 1454 4811 26.
1468 4765 1520 4809 tum
1531 4759 1598 4808 deut-

280 4857 327 4906 eue
344 4844 484 4894 Manutius:
503 4849 556 4894 taur
572 4855 626 4895 om.
645 4845 697 4894 mei
714 4847 742 4894 et
757 4843 847 4892 bOxx.
860 4869 893 4876 -
909 4839 1076 4889 arbitraretur
1093 4835 1214 4886 codices:
1233 4835 1416 4886 arbitraremur
1431 4835 1495 4893 Lo,
1514 4834 1594 4889 recte.

282 4921 309 4968 ut
320 4917 438 4977 vide.ur;
457 4931 518 4968 nam
537 4919 610 4968 verr.
623 4918 652 4966 V.
667 4917 691 4980 5.
706 4919 761 4967 406.
775 4914 852 4966 lectio
869 4914 1037 4964 arbitraretur
1054 4909 1116 4962 taisa
1133 4913 1174 4962 est
1191 4911 1233 4974 (ci.
1246 4910 1307 4961 edu.
1321 4911 1430 4973 meam),
1449 4910 1596 4961 Priscianus

283 4995 371 5044 tamen
389 4995 408 5043 t.
426 5007 452 5058 p.
466 4995 522 5044 ³70.
541 4993 584 5042 tir.
603 4990 690 5042 iocum
707 4989 820 5042 similem
832 5004 864 5040 ex
877 4988 973 5049 Caelio,
993 4985 1095 5051 aequati
1106 4986 1249 5048 Ciceronis,
1268 4985 1391 5036 attulit-
1405 4985 1446 5037 28.
1459 4999 1510 5034 nau
1525 4984 1598 5034 uinus

283 5070 313 5118 G.
325 5095 358 5104 -
374 5069 415 5120 ae.
433 5067 736 5135 quaeritarent-
752 5065 793 5118 di.
810 5063 946 5132 mamete
962 5065 992 5114 G.
