3644 5874
581 465 654 531 on.
677 465 937 530 xxx-xxxx
966 462 1022 546 §p
1045 461 1080 529 ct
1094 463 1192 527 -oe,
1487 464 1542 530 ru

232 643 357 704 Fatetur
384 636 497 718 aliquis
526 655 559 698 se
588 655 735 719 peccasse
764 643 796 698 et
825 635 892 698 eius
922 634 1026 698 delicti
1047 635 1170 697 veniam
1198 636 1293 717 petit:
1323 636 1477 699 nefarium
1502 647 1550 702 est

231 734 353 797 lacinus
371 731 548 812 ignoscere.
580 729 621 792 At
634 729 702 792 leve
719 729 868 792 delictum
884 736 945 792 est:
969 726 1074 791 omnia
1088 735 1216 810 peccata
1230 736 1304 792 sunt
1315 731 1414 812 paria.
1436 731 1549 796 Dixisti

232 825 413 911 quippiam:
440 821 536 887 lixum
560 831 592 886 et
613 829 761 886 statutum
784 830 841 886 est.
877 826 947 885 Non
969 842 1002 884 re
1025 823 1139 886 ductus
1162 842 1213 897 es,
1236 823 1292 886 sed
1315 825 1478 906 opinione:
1501 847 1550 890 sa-

230 920 320 1004 piens
341 917 419 980 nihil
442 917 597 999 opinatur.
632 915 749 979 Errasti
773 916 878 1000 aliqua
900 917 933 979 in
955 937 1006 980 re:
1028 915 1173 979 maledici
1188 924 1288 999 putat.
1321 918 1388 980 Hac
1402 937 1442 980 ex
1457 916 1551 980 disci-

231 1015 317 1098 plina
346 1012 437 1074 nobis
465 1010 521 1073 illa
549 1017 641 1074 sunt:
677 1010 773 1072 «Dixi
799 1011 834 1072 in
856 1017 967 1074 senatu
989 1031 1039 1072 me
1061 1028 1175 1072 nomen
1198 1010 1372 1074 consularis
1393 1010 1573 1075 candidatio

231 1107 435 1171 delaturum.»
480 1104 581 1167 lratus
603 1103 722 1168 dixisti.
769 1105 980 1187 «Numquam,
1009 1103 1128 1187 inquit,
1158 1104 1282 1187 sapiens
1304 1104 1476 1168 irascitur.»
1511 1105 1552 1168 tt

231 1201 379 1284 temporis
401 1217 504 1264 carisa.
537 1198 711 1281 olmprohi,
732 1197 851 1280 inquit,
873 1197 1011 1261 hominis
1034 1206 1082 1260 est
1102 1197 1267 1261 mendacio
1282 1197 1409 1275 fallere3
1431 1207 1551 1263 mutare

231 1292 419 1358 sententiam
439 1299 531 1375 turpe
553 1298 617 1365 est,
640 1293 764 1355 exorari
786 1291 907 1366 scelus,
929 1293 1068 1356 misereri
1090 1293 1273 1376 flagitium.»
1313 1291 1363 1356 63.
1378 1295 1483 1358 Nostri
1497 1315 1552 1358 au-

229 1398 292 1452 tem
314 1385 363 1449 illi
384 1417 425 1431 -
448 1385 571 1449 fatebor
593 1386 693 1460 enim,
717 1386 810 1462 Cato,
832 1407 882 1448 me
905 1408 1034 1470 quoque
1056 1388 1089 1451 in
1112 1388 1324 1452 adolescentia
1347 1386 1481 1453 diffisum
1504 1390 1552 1452 in·

230 1480 324 1564 genio
346 1499 418 1543 meo
441 1481 604 1563 quaesisse
627 1480 808 1544 adiumenta
824 1480 985 1546 doctrinae
1000 1517 1058 1557 -,
1080 1483 1196 1557 nostri,
1218 1484 1366 1566 inquam,
1390 1483 1435 1546 illi
1450 1505 1469 1547 a
1483 1484 1588 1547 Pla-to

230 1584 304 1639 tone
327 1581 360 1637 et
380 1573 564 1649 Aristotele,
587 1573 906 1658 moderatihomines
929 1584 961 1638 et
975 1577 1155 1659 temperati,
1177 1577 1265 1640 aiunt
1278 1577 1362 1658 apud
1378 1579 1550 1662 sapientem

229 1668 332 1732 valere
355 1667 525 1750 aliquando
548 1668 695 1751 gratiam:
718 1667 776 1732 viri
797 1670 873 1731 boni
897 1690 965 1733 esse
988 1669 1145 1733 misereri:
1175 1669 1322 1733 distincta
1344 1690 1413 1734 esse
1436 1691 1552 1754 genera

228 1762 412 1826 delictorum
433 1768 465 1824 et
479 1761 621 1845 dispares
635 1781 771 1846 poenas:
796 1783 865 1826 esse
881 1764 964 1845 apud
980 1763 1139 1826 hominem
1154 1771 1349 1827 constantem
1365 1766 1549 1847 ignoscendi

228 1856 348 1919 locum:
377 1857 480 1938 ipsum
503 1855 678 1938 sapientem
701 1877 795 1940 saepe
816 1857 936 1940 aliquid
959 1857 1081 1941 opinari
1103 1858 1191 1940 quod
1213 1859 1348 1932 nesciat,
1371 1859 1464 1922 irasci
1486 1880 1550 1922 nou

228 1970 416 2033 numquam,
448 1949 572 2012 exorari
601 1949 736 2013 eundem
765 1957 796 2013 et
824 1950 959 2034 placeri,
993 1951 1078 2035 quod
1107 1951 1223 2014 dixerit
1249 1952 1424 2028 interdurn,
1458 1953 1484 2016 si
1506 1955 1588 2018 itate

226 2044 343 2108 rectius
372 2044 428 2118 sit,
462 2051 600 2120 mutare,
633 2043 674 2107 de
703 2045 861 2108 sententia
889 2043 1041 2109 decedere
1064 2045 1251 2130 aliquando:
1284 2067 1395 2111 omnes
1417 2050 1550 2114 virtutes

228 2137 438 2201 mediocritate
468 2136 603 2222 quadam
634 2157 703 2200 esse
731 2138 918 2202 moderatas.
961 2135 1240 2203 xxx1.tii.fl0s
1272 2141 1312 2203 ad
1334 2143 1499 2226 magistros
1522 2146 1549 2207 si

228 2251 290 2316 qua
312 2239 344 2294 te
364 2230 504 2305 fortuna,
540 2231 633 2306 Cato,
668 2253 737 2295 cum
766 2233 826 2295 ista
853 2241 964 2296 natura
991 2232 1171 2309 detulisset,
1203 2255 1267 2298 non
1297 2242 1330 2298 tu
1352 2237 1481 2318 quidem
1503 2239 1550 2303 vir

228 2325 339 2388 melior
360 2343 446 2388 esses
468 2345 527 2388 nec
549 2325 658 2389 fortior
679 2347 738 2388 nec
760 2327 986 2408 temperantior
1007 2347 1064 2390 neo
1079 2327 1245 2391 iustior-
1258 2331 1464 2413 nequeenim
1480 2350 1548 2396 esse

227 2426 317 2504 potes
339 2451 397 2494 -,
421 2420 476 2482 sed
498 2420 592 2503 paulo
613 2419 653 2482 ad
675 2419 836 2482 lenitatem
858 2423 1054 2503 propensior.
1097 2423 1167 2484 Non
1190 2441 1353 2486 accusares
1375 2425 1471 2488 nullis
1494 2424 1585 2488 ad-so

227 2514 341 2578 ductus
374 2513 561 2588 inimicitiis,
596 2513 683 2576 nulla
716 2514 877 2577 lacessitus
910 2514 1042 2589 iniuria,
1075 2514 1339 2598 pudentissimum
1372 2518 1549 2595 hominem,

227 2628 348 2672 summa
370 2608 520 2691 dignitato
541 2614 637 2691 atque
659 2607 825 2671 honestate
847 2609 1043 2692 praeditum:
1072 2615 1216 2693 putares,
1246 2631 1317 2674 cunr
1343 2613 1375 2674 in
1406 2612 1548 2676 eiusdem

226 2702 300 2764 anni
324 2701 468 2764 custodia
488 2708 521 2764 te
543 2709 637 2785 atque
659 2702 694 2764 L.
717 2705 878 2766 Murenam
895 2703 1020 2766 fortuma
1035 2703 1209 2788 posuisset,
1232 2703 1339 2788 aliquo
1355 2714 1386 2771 te
1401 2729 1472 2772 cum
1486 2707 1548 2770 hoc

226 2797 272 2859 rei
294 2795 439 2877 publicae
461 2794 588 2859 vinculo
610 2815 679 2858 esse
702 2797 920 2860 coniunctum:
949 2797 1037 2880 quod
1064 2797 1210 2861 atrociter
1240 2798 1274 2861 in
1296 2808 1407 2864 senatu
1429 2802 1548 2880 dixisti,

225 2897 279 2952 aut
307 2907 372 2950 non
393 2889 529 2952 dixisses
550 2895 607 2954 aut
627 2891 822 2973 seposuisses
844 2899 899 2954 ant
921 2893 1075 2955 mitiorem
1097 2893 1130 2956 in
1153 2900 1272 2976 partem
1295 2895 1585 2978 interpretarere.ne

225 2981 277 3045 65.
299 2983 344 3045 Ac
365 2987 398 3046 te
419 2983 537 3067 ipsum,
561 2991 711 3067 qnantum
734 3005 793 3068 ego
816 2985 964 3068 opinione
983 3005 1133 3070 auguror,
1154 3008 1239 3052 nunc
1254 2997 1286 3052 et
1299 2989 1394 3054 animi
1410 2985 1547 3074 quodem

225 3079 343 3159 impetu
366 3077 553 3140 concitatum
576 3085 606 3140 et
627 3079 658 3140 vi
679 3085 809 3142 naturae
830 3086 926 3161 atque
950 3079 1068 3162 ingenii
1084 3081 1199 3144 elatum
1215 3089 1247 3146 et
1266 3084 1443 3148 recentibus
1457 3105 1548 3167 prae-

225 3178 388 3254 ceptorum
410 3171 522 3233 studiis
544 3173 743 3254 flagrantem,
765 3173 828 3235 iam
849 3192 925 3236 usus
947 3174 1068 3249 flectet,
1091 3174 1159 3239 dies
1182 3175 1295 3253 leniet,
1317 3184 1403 3241 aetas
1425 3179 1548 3262 mitiga-

224 3265 279 3328 bit.
311 3263 438 3327 Etenim
457 3260 541 3348 [ipsr']
559 3265 634 3328 mihi
650 3265 700 3328 isti
717 3266 862 3349 videptur
876 3268 972 3330 vestri
987 3274 1208 3351 praeceptores
1224 3276 1255 3333 et
1268 3271 1392 3335 virtutis
1408 3273 1545 3356 magistri

225 3356 302 3422 fines
325 3358 500 3423 officiorum
521 3359 616 3442 paulo
640 3358 779 3443 longius,
805 3379 899 3444 quam
921 3368 1034 3424 natura
1055 3363 1165 3437 vellet,
1196 3365 1382 3447 protulisse,
1404 3371 1454 3440 ut,
1476 3384 1583 3430 oumeo

226 3453 265 3516 ad
287 3452 430 3516 ultimum
452 3453 556 3515 animo
579 3454 865 3529 concessissemus,
888 3455 931 3517 ihi
947 3463 1067 3531 tamen,
1089 3457 1143 3518 uhi
1159 3464 1335 3540 oporteret,
1359 3460 1546 3523 consistere-

227 3567 305 3611 mus.
345 3546 447 3610 «Nihil
468 3548 654 3631 ignoveris.»
689 3549 788 3612 Immo
802 3547 932 3634 aliquid,
955 3569 1019 3612 non
1041 3553 1153 3613 omnia.
1191 3551 1292 3614 «Nihil
1313 3553 1431 3634 gratiae
1453 3574 1547 3619 causa

289 3753 312 3802 4.
331 3757 354 3802 et
370 3765 423 3802 orn.
435 3767 461 3802 v.
476 3779 503 3788 -
517 3753 576 3818 dm]
593 3755 634 3803 cui
651 3756 680 3815 G,
698 3754 770 3805 unde
788 3755 921 3819 suspicor:
939 3755 986 3805 uri.
1003 3781 1030 3791 -
1050 3757 1074 3806 2.
1093 3761 1116 3806 et
1132 3757 1184 3808 teve
1200 3757 1229 3806 G.
1245 3783 1272 3793 ·-
1290 3758 1339 3808 aim
1355 3771 1381 3808 v.
1397 3785 1424 3794 -
1438 3759 1462 3808 3,
1476 3760 1546 3823 quip-

221 3829 293 3891 piam
314 3828 458 3880 ltlenutius:
483 3829 573 3891 quippe
592 3829 645 3878 ium
662 3829 741 3880 codd.
760 3830 787 3880 et
803 3829 864 3881 edd.
883 3831 961 3890 vett:
984 3829 1113 3894 qtcidpr'om
1129 3831 1157 3882 0.
1182 3831 1294 3893 (niceti.
1313 3833 1404 3897 quippe
1417 3836 1499 3900 4414444
1515 3836 1544 3899 L,

224 3902 304 3966 idque
326 3915 355 3953 se
379 3903 405 3952 in
429 3901 488 3954 cod.
506 3907 559 3955 vet.
577 3905 709 3956 invenisse
726 3905 855 3967 testatur.)
876 3932 904 3942 -
928 3904 1049 3970 opinione]
1073 3905 1179 3957 additu
1194 3907 1309 3958 moceria.
1329 3933 1356 3944 —
1376 3908 1400 3961 l.
1418 3911 1547 3962 mositii

224 3979 312 4041 otique
327 3991 352 4029 v.
368 4004 395 4015 -
412 3983 502 4041 putem
518 3977 554 4039 E,
569 3983 646 4041 putes
662 3991 689 4028 v.
703 4003 730 4012 -
749 3979 773 4027 5.
791 3978 859 4028 cobis
875 3979 894 4028 Ε
904 3993 932 4039 χ.
947 4007 974 4016 -
993 3982 1134 4032 cmmlotm
1149 3983 1298 4034 candidatus
1315 3986 1344 4034 G.
1360 4013 1386 4022 -
1405 3986 1430 4036 7.
1449 3992 1483 4037 est
1500 3987 1543 4040 ed.

224 4053 284 4103 Asc.
303 4052 383 4102 toti:
402 4065 455 4104 om.
469 4054 508 4115 ll,
526 4055 568 4104 scd
584 4054 724 4113 EGCvx.
739 4079 767 4088 -
785 4053 809 4104 8.
821 4055 937 4104 moereri
948 4069 973 4105 v.
988 4081 1015 4092 -
1034 4062 1118 4108 eutem
1129 4058 1171 4109 ed.
1186 4059 1271 4110 Crat:
1289 4059 1355 4110 mio:
1366 4061 1434 4122 mei,
1453 4062 1543 4114 60xx.

225 4155 252 4162 ψ
272 4127 296 4177 2.
309 4127 382 4193 min]
399 4128 435 4178 itii
453 4130 517 4178 G.-
538 4130 577 4178 44.
591 4129 685 4191 eputG
702 4129 732 4177 ut
747 4139 863 4193 semper.
876 4157 904 4167 -
921 4131 960 4181 42.
974 4131 1109 4195 ciiqeendo
1125 4135 1210 4185 cetere
1225 4147 1250 4183 v.
1266 4159 1294 4171 -
1313 4147 1362 4184 esse
1378 4149 1471 4199 acuere
1482 4139 1542 4188 Gv:

222 4215 278 4266 peu.
292 4202 474 4254 esseEilLO.
487 4229 515 4239 -
530 4203 571 4254 43.
583 4209 611 4252 ui
627 4203 738 4265 dispares
749 4205 779 4252 G.
794 4231 821 4240 -
835 4217 885 4255 esse
897 4219 992 4268 pomos
1008 4209 1076 4270 apud
1087 4223 1112 4259 v.
1126 4235 1152 4245 -
1166 4207 1206 4259 tl.
1221 4208 1281 4269 quid
1292 4209 1353 4258 G.—
1369 4210 1408 4260 tu.
1421 4211 1545 4264 interduo

223 4279 283 4328 ante
299 4281 398 4327 mettere
413 4277 496 4328 hahet
512 4279 540 4328 E.
561 4305 587 4314 -
607 4279 644 4328 tto
660 4291 713 4328 om.
731 4291 757 4328 v.
773 4305 799 4314 —
819 4280 859 4330 46.
878 4282 956 4331 omnis
972 4283 1001 4332 G.
1017 4307 1044 4318 -
1065 4283 1104 4334 tl.
1122 4284 1289 4334 umderocdos
1305 4296 1332 4343 v,
1345 4283 1402 4334 lori.
1418 4289 1499 4338 recte.
1516 4315 1543 4324 —

223 4353 264 4403 48.
283 4356 335 4401 tum
351 4352 400 4402 iste
413 4365 438 4402 v.
453 4379 479 4388 -
495 4353 535 4403 49.
549 4353 725 4416 temperantior
735 4353 754 4403 E
764 4355 823 4402 Gv:
843 4358 1002 4420 temperatior
1014 4359 1066 4409 MC
1077 4359 1098 4409 H
1108 4359 1162 4408 ST.
1181 4357 1220 4409 Cl.
1233 4371 1257 4408 v.
1272 4359 1312 4408 44.
1328 4385 1352 4393 -
1368 4373 1447 4422 oeque
1456 4362 1546 4413 iustior

225 4428 253 4477 C.
267 4453 294 4463 -
305 4429 370 4477 miro
386 4439 439 4479 om.
452 4443 480 4489 χ.
494 4429 571 4480 -24,
582 4429 800 4492 prr-ardentissimum
811 4430 901 4496 Ενψ.
916 4458 943 4467 -
954 4433 995 4483 22,
1008 4433 1036 4482 io
1047 4447 1100 4485 om.
1115 4436 1144 4484 G.
1158 4435 1185 4484 et
1198 4435 1270 4486 lim.
1283 4446 1324 4498 pr.
1340 4459 1366 4469 -
1380 4434 1420 4484 23.
1433 4438 1546 4488 orutcdio

224 4503 283 4553 liv:
302 4503 440 4553 custodiam
457 4506 490 4564 G,
510 4505 567 4554 Per.
586 4507 610 4554 4.
630 4503 669 4565 4.,
688 4503 810 4553 melodum
826 4505 860 4557 M.
873 4533 900 4542 -
912 4509 1029 4570 potuisset
1045 4510 1116 4572 qu,
1135 4510 1192 4558 Per.
1212 4510 1236 4559 4.
1254 4506 1279 4558 l.
1292 4521 1386 4557 -oom
1402 4521 1455 4560 om.
1474 4511 1503 4561 E.
1514 4537 1541 4548 -

222 4579 263 4629 ee.
282 4578 374 4630 dicim
390 4581 411 4629 ei
425 4580 546 4642 posuisses
562 4583 591 4631 G.
607 4606 633 4616 -
653 4585 698 4630 cut
713 4581 858 4641 reposuisses
873 4583 928 4635 Eli
937 4597 967 4632 v:
986 4589 1032 4634 cut
1047 4585 1191 4646 soporatus:
1201 4581 1317 4635 nonnulli
1329 4584 1414 4641 Peru:
1433 4585 1546 4646 riporum

222 4667 276 4704 om.
295 4660 340 4705 eut
356 4657 425 4706 coni.
444 4655 604 4708 Niebuhr-ius
620 4657 646 4706 in
665 4653 786 4718 exemplo
803 4667 854 4706 suo
871 4657 913 4707 ed.
927 4659 1030 4718 Garat,
1049 4664 1107 4721 out,
1126 4659 1293 4721 sipotuisses,
1311 4658 1435 4708 mitiorem
1447 4671 1479 4710 ex
1490 4661 1545 4712 Ho-

223 4731 321 4780 tomeni
338 4731 406 4781 conl.
426 4731 457 4790 L;
486 4745 533 4795 ego
552 4732 662 4783 coniicio
680 4744 712 4780 ex
728 4728 840 4779 lectione
857 4731 956 4784 codicis
973 4735 1005 4784 G:
1034 4739 1079 4783 out
1092 4735 1221 4796 pontisare.
1241 4760 1269 4770 -
1287 4733 1452 4795 interpretare
1468 4735 1515 4785 ET
1524 4751 1543 4796 χ

223 4808 249 4856 ο4
265 4807 297 4866 G,
317 4807 361 4870 qui
378 4805 474 4856 deinde
491 4805 572 4856 hahet
588 4811 653 4857 recte
668 4818 716 4871 pro
734 4817 764 4853 oo
775 4808 806 4852 4ο.
821 4830 848 4839 -
859 4805 899 4856 26.
913 4808 1000 4871 animi]
1012 4821 1069 4859 cem
1079 4821 1105 4859 v.
1119 4835 1145 4846 -
1157 4809 1198 4860 27,
1211 4813 1246 4860 est
1257 4813 1279 4858 et
1290 4809 1315 4858 vi
1326 4811 1355 4858 G.
1372 4835 1398 4845 -
1410 4807 1451 4860 28.
1465 4813 1543 4878 οο4οο]

221 4893 280 4929 auru
295 4895 323 4940 χ.
339 4908 366 4916 -
386 4881 426 4930 29.
444 4879 492 4944 ipsi
508 4881 582 4932 michi
598 4881 638 4930 isti
655 4882 689 4940 G,
706 4879 766 4928 mili
782 4878 823 4927 isti
840 4881 887 4942 ipsi
904 4883 937 4940 F.;
957 4885 997 4934 isti
1013 4885 1060 4946 ipsi
1070 4883 1130 4934 miti
1141 4885 1161 4935 E
1171 4886 1195 4935 44
1204 4899 1221 4934 v
1233 4884 1290 4935 1.0.
1306 4909 1333 4918 —
1345 4882 1384 4933 344.
1399 4884 1457 4948 {tois
1468 4887 1497 4934 G.
1513 4913 1538 4924 -

221 4953 261 5004 34.
280 4959 402 5018 oporteret
418 4957 438 5005 E
448 4957 502 5008 GM
520 4958 597 5021 Legg.
611 4957 716 5020 praeter
734 4953 744 5001 4
759 4967 765 5000 :
785 4961 879 5016 oportet
895 4966 974 5022 χψν
986 4963 1013 5010 ο4
1023 4960 1085 5024 Lag.
1098 4962 1122 5010 4.
1138 4988 1165 4998 -
1178 4975 1228 5011 mon
1239 4960 1424 5009 consisteremm
1435 4960 1453 5008 L
1471 4962 1540 5011 coni.

222 5055 246 5064 —-
261 5030 301 5080 32.
311 5031 373 5080 ciiii
381 5045 422 5096 pr.
436 5032 497 5094 Lag.
510 5030 525 5080 9
537 5035 563 5080 ci
575 5031 607 5082 24
619 5045 624 5079 :
638 5032 713 5080 immo
722 5026 764 5078 rel
774 5040 858 5088 ummo
868 5045 908 5095 pr.
922 5035 984 5096 mei,
999 5035 1014 5084 6
1026 5036 1099 5096 Oxx.¹
1113 5037 1191 5100 lagg.
1204 5033 1260 5086 rell.
1271 5061 1299 5070 —-
1311 5045 1389 5084 come
1398 5033 1485 5097 secema
1496 5035 1538 5088 ed.

220 5105 304 5154 Crat:
323 5117 380 5154 cum
389 5105 476 5168 seceris
488 5108 508 5154 G
525 5106 568 5170 (oi.
581 5119 637 5155 rar.
652 5105 712 5157 leot.
726 5105 759 5156 ad
777 5123 803 5177 p.
816 5104 873 5168 ito,
887 5105 925 5172 i);
943 5110 1075 5174 confeceris
1091 5111 1183 5174 Ellv,
1203 5113 1217 5164 6
1229 5112 1303 5176 0qu
1316 5109 1393 5176 legg.
1406 5111 1538 5178 praeterit

219 5185 246 5236 et
261 5184 308 5248 24,
326 5185 353 5237 in
369 5184 466 5252 quibus
483 5186 525 5238 est
540 5185 693 5238 comeaeris.
