3648 5888
301 411 365 480 rao
704 415 1081 483 mvnaaauscuo
1103 418 1228 516 caup

302 609 365 674 quc
388 585 657 651 existimationem
679 587 779 650 nostri
801 588 943 664 ordinis,
966 609 1038 652 cum
1061 569 1139 652 socii
1161 586 1274 672 populi
1293 588 1429 653 Romani
1450 587 1569 654 iudicia
1591 589 1632 653 de

300 682 445 766 pecuniis
466 680 652 765 repetundis
674 677 742 744 lieri
756 682 885 758 nolunt,
908 702 1024 768 quasa
1038 683 1212 746 maioribus
1226 683 1344 746 nostris
1359 683 1520 748 sociorum
1534 703 1632 748 causa

301 784 483 861 comparata
502 775 591 838 suntl
624 776 675 838 An
695 776 755 838 iste
777 796 929 859 umquam
951 777 991 840 de
1014 797 1048 841 se
1066 778 1183 840 bonam
1205 797 1295 861 spem
1308 777 1483 853 habuisset,
1504 778 1567 842 nisi
1590 777 1630 841 de

299 871 391 936 vobis
412 870 526 933 malam
549 869 735 952 opinionem
756 871 864 934 animo
885 868 1085 934 imbibisset?
1123 870 1196 946 Quo
1227 870 1348 934 maiore
1370 870 1483 947 etiam,
1513 868 1630 936 sideri
1715 919 1721 926 .

276 973 420 1048 apotest,
451 965 536 1049 apud
558 983 616 1028 vos
638 965 713 1028 odio
736 983 806 1029 esse
828 965 939 1040 debet,
969 985 1066 1049 quam
1088 972 1137 1028 est
1157 965 1243 1047 apud
1264 964 1421 1048 populum
1441 966 1629 1040 Romanum,

299 1061 428 1123 cumin
450 1059 599 1134 avaritia,
622 1060 758 1132 scelere,
781 1059 922 1143 periurio
944 1079 1001 1123 vos
1025 1059 1074 1122 sui
1097 1059 1218 1122 similes
1241 1079 1311 1123 esse
1333 1060 1513 1125 arbitretur.

383 1155 452 1218 XV.
475 1150 527 1216 43.
550 1153 609 1216 Cui
631 1153 720 1227 loco,
742 1173 800 1235 per
821 1153 899 1215 deos
922 1152 1133 1217 immortales!
1156 1152 1295 1227 iudices,
1318 1152 1475 1218 consulite
1497 1174 1535 1219 ac
1555 1173 1630 1238 pro-

298 1239 430 1315 44444444.Ι
448 1250 565 1313 Moneo
588 1248 819 1332 praedicoque,
847 1247 880 1309 id
903 1245 991 1331 quod
1014 1246 1177 1329 intelligo,
1200 1255 1325 1331 tempus
1346 1247 1408 1311 hoo
1429 1249 1523 1312 vobis
1548 1249 1630 1313 diri-

297 1346 383 1409 nitus
405 1344 514 1408 datum
536 1361 621 1416 esse,
642 1350 679 1406 nt
700 1342 791 1418 odio,
814 1339 950 1414 invidia,
972 1339 1118 1414 infamia,
1141 1341 1338 1425 turpitudine
1360 1348 1463 1406 totum
1484 1343 1628 1408 ordinem

259 1438 449 1501 deliberetis.
469 1421 587 1516 (Nulla
616 1435 649 1497 in
677 1435 805 1498 iudiciis
827 1433 995 1508 severitas,
1023 1434 1111 1502 nulla
1132 1435 1263 1519 religio,
1292 1436 1381 1500 nulla
1403 1434 1543 1521 denique
1565 1437 1627 1500 iam

178 1537 187 1571 ²
298 1533 520 1596 existimantur
542 1549 612 1593 esse
635 1529 775 1622 iudicia.)
808 1529 918 1612 ltaque
941 1547 959 1591 a
981 1530 1103 1612 populo
1125 1531 1269 1593 llomano
1292 1531 1541 1609 contemnimur,
1573 1534 1628 1596 da-

185 1625 190 1634 '
297 1625 465 1710 spicimur:
494 1623 581 1707 gravi
611 1623 825 1707 diuturnaque
856 1621 919 1684 ianr
949 1619 1118 1705 flagramus
1144 1623 1286 1687 infamia.
1334 1621 1386 1687 lt.
1408 1627 1522 1710 Neque
1543 1628 1627 1691 enim

296 1721 394 1782 ullam
415 1719 510 1782 aliam
533 1718 575 1782 ob
598 1737 726 1781 oausam
757 1717 896 1798 populus
918 1717 1079 1780 Romanus
1102 1718 1306 1783 tribuniciam
1326 1727 1518 1803 potestatem
1539 1728 1626 1785 tanto

296 1812 401 1877 studio
429 1813 613 1897 requisivit,
644 1832 741 1896 quam
768 1831 840 1874 cum
869 1811 1037 1893 poscebat,
1065 1814 1163 1876 verbo
1185 1812 1273 1875 illam
1295 1833 1427 1897 poscere
1450 1814 1626 1890 videbatur,

160 1888 178 1998 ἔ
257 1919 286 1969 aa
294 1927 329 1971 re
351 1927 427 1973 rara
447 1907 568 1970 iudicia
589 1906 750 1991 poscebat.
786 1906 897 1988 Neque
919 1905 981 1968 boc
1004 1905 1044 1981 0.
1061 1906 1221 1982 Catulum,
1242 1907 1406 1994 hominem
1428 1910 1626 1993 sapientissi-

294 2025 381 2066 mum
410 2009 505 2086 atque
534 2000 783 2083 amplissimum,
810 1997 908 2080 fugit,
939 1998 995 2082 qui
1027 1999 1082 2063 Cn.
1105 2001 1275 2084 Pompeio,
1293 1989 1370 2092 'uiro
1398 2001 1572 2067 fortissimo
1594 2011 1626 2068 et

167 2053 184 2136 i'
294 2097 487 2171 clarissimo,
509 2096 550 2158 de
572 2093 743 2157 tribunicia
764 2099 923 2176 potestate
945 2092 1102 2158 referente
1124 2115 1196 2158 oum
1219 2103 1303 2160 esset
1324 2096 1514 2160 sententiam
1536 2117 1626 2180 roga-

293 2202 360 2268 tus,
383 2191 445 2255 boo
467 2189 559 2252 initio
581 2196 630 2252 est
651 2208 775 2251 summa
796 2209 868 2251 cum
890 2189 1079 2251 auctoritate
1098 2209 1194 2254 usus:
1219 2192 1351 2254 «Patres
1365 2191 1564 2274 conscriptos
1576 2193 1626 2253 iu·

294 2287 376 2350 dicia
404 2285 486 2349 male
515 2290 547 2346 et
578 2280 733 2365 flagitiose
763 2282 862 2345 tueri:
897 2283 985 2366 quod
1008 2283 1034 2346 si
1057 2283 1091 2345 in
1113 2284 1207 2347 rebus
1229 2282 1408 2348 iudicandis
1429 2286 1541 2370 populi
1563 2287 1626 2350 llo·

255 2393 284 2440 ao
294 2381 379 2444 mani
394 2377 625 2442 existimationi
641 2377 717 2440 satis
732 2375 835 2440 facere
852 2377 1044 2453 voluissent,
1066 2397 1131 2441 non
1146 2385 1236 2443 tanto
1252 2397 1349 2461 opere
1362 2377 1511 2443 homines
1526 2379 1625 2444 inisse

292 2473 496 2539 tribuniciam
519 2478 706 2555 potestatem
728 2472 994 2535 desideraturos.»
1039 2469 1091 2534 45.
1113 2473 1186 2554 lpse
1208 2473 1348 2556 denique
1371 2473 1428 2537 Cn.
1443 2473 1624 2558 Pompeius,

293 2589 366 2631 cum
387 2568 525 2650 primum
547 2567 729 2629 contionem
748 2567 788 2628 ad
803 2568 915 2630 urbem
930 2565 1042 2628 consul
1058 2566 1239 2650 designatus
1254 2566 1383 2642 habuit,
1405 2568 1472 2644 ubi,
1488 2569 1522 2631 id
1538 2569 1624 2653 quod

294 2661 431 2724 maxime
454 2660 631 2744 exspectari
650 2659 825 2735 videbatur,
849 2659 989 2723 ostendit
1011 2679 1045 2722 se
1067 2661 1269 2724 tribuniciam
1291 2669 1480 2743 potestatem
1497 2665 1624 2727 restitu-

292 2743 541 2850 turum,(lactus
563 2763 612 2818 est
632 2753 665 2817 in
689 2772 728 2817 eo
751 2755 902 2836 strepitus
922 2760 954 2816 et
975 2761 1063 2836 grata
1079 2755 1239 2817 contionis
1254 2754 1527 2846 admurmuratio.)
1536 2758 1623 2820 Idem

256 2859 285 2906 25
294 2849 328 2913 in
351 2850 461 2912 eadem
476 2841 633 2913 'contione
663 2869 735 2912 cum
765 2849 900 2910 dixisset
932 2848 1100 2931 populatas
1122 2857 1317 2934 vexatasque
1339 2869 1410 2914 esse
1431 2851 1623 2937 provincias,

293 2943 412 3007 iudicia
433 2952 539 3008 autem
561 2944 667 3027 turpia
688 2964 725 3006 ac
747 2942 902 3025 flagitiosa
923 2937 1007 3018 fieri;
1029 2941 1059 3006 ei
1082 2942 1128 3005 rei
1151 2963 1185 3006 se
1207 2943 1375 3025 providere
1397 2963 1434 3008 ac
1456 2946 1623 3010 consulere

293 3037 392 3102 velle:
423 3045 489 3101 tum
518 3057 594 3102 vero
617 3058 682 3100 non
704 3037 856 3120 strepitu,
885 3034 940 3098 sed
964 3037 1102 3100 maximo
1125 3037 1263 3102 clamore
1285 3058 1375 3101 suam
1397 3041 1537 3124 populus
1558 3042 1623 3104 llo-

293 3152 406 3196 manus
429 3129 618 3216 significavit
631 3133 837 3195 voluntatem.
867 3129 951 3192 xvi.
973 3126 1024 3193 46.
1047 3133 1137 3194 Nunc
1151 3138 1258 3195 autem
1270 3131 1418 3196 homines
1433 3133 1468 3197 in
1483 3138 1622 3220 speculis

293 3235 386 3290 sunt:
409 3228 591 3301 observant,
620 3225 886 3309 quemadmodum
909 3244 979 3287 sese
1001 3225 1224 3308 unusquisque
1246 3234 1386 3288 restrum
1408 3235 1496 3310 gerat
1517 3229 1551 3292 in
1573 3251 1623 3293 re-

254 3325 422 3390 ³⁰tinenda
449 3322 604 3405 religione
634 3320 925 3403 conservandisque
953 3319 1088 3401 legibus.
1140 3319 1259 3382 Vident
1285 3319 1389 3383 adbuc
1418 3329 1491 3403 post
1518 3322 1622 3407 legem

292 3419 493 3482 tribuniciam
514 3435 614 3479 unum
636 3420 831 3488 senatorem,
853 3412 1001 3500 bomiapm
1014 3413 1065 3477 vel
1087 3414 1310 3476 tenuissimum
1333 3435 1403 3479 esse
1427 3416 1620 3480 damnatum.

292 3513 386 3589 Quod
408 3510 534 3575 tametsi
555 3529 620 3572 non
642 3508 897 3591 reprehendunt,
920 3516 1026 3571 tamen
1040 3526 1156 3589 magno
1172 3527 1269 3590 opere
1283 3510 1371 3592 quod
1386 3509 1533 3587 laudent,
1555 3531 1620 3574 non

290 3608 418 3672 babent.
454 3605 549 3668 Nulla
569 3613 619 3668 est
639 3605 724 3668 enim
745 3604 816 3666 laus
838 3601 883 3664 ibi
906 3621 977 3664 esse
998 3602 1173 3683 integrum,
1201 3602 1257 3664 ubi
1279 3621 1373 3666 nemo
1392 3609 1458 3680 est,
1488 3605 1546 3689 qui
1567 3611 1622 3669 aut

290 3701 396 3784 possit
419 3707 475 3762 aut
502 3707 635 3763 conetur
663 3716 875 3779 corrumpere.
901 3673 970 3778 (47.
999 3696 1069 3759 Hoc
1091 3701 1140 3757 est
1160 3694 1330 3772 iudicium,
1357 3698 1391 3761 in
1413 3717 1479 3783 quo
1500 3719 1560 3765 vos
1580 3701 1620 3764 de

135 3833 145 3874 ,
253 3799 365 3871 ³⁵reo,
398 3793 537 3878 populus
564 3794 726 3856 Romanus
753 3792 792 3855 de
819 3791 909 3854 vobis
938 3775 1123 3884 iudicabit.)
1143 3790 1180 3852 ln
1210 3789 1272 3854 boc
1299 3792 1429 3855 homine
1452 3799 1619 3868 statuemr,

90 3870 182 3976 r(
289 3890 432 3972 possitne
451 3887 651 3951 senatoribus
666 3885 879 3949 iudicantibus
894 3885 990 3948 homo
1005 3884 1251 3948 nocentissimus
1268 3884 1619 3972 pecuniosissimusque

95 3980 99 3992 ⁴
289 3983 442 4047 damnari.
485 3981 608 4044 Deinde
639 3987 688 4043 est
714 3978 872 4043 eiusmodi
901 4001 989 4053 reus,
1017 3979 1051 4050 in
1080 3998 1145 4062 quo
1175 3978 1307 4042 bomine
1328 3979 1410 4043 nibil
1431 3979 1474 4044 sit
1493 3987 1620 4064 praeter

288 4097 415 4158 summa¹
432 4082 563 4159 peccata
585 4074 820 4158 maximamque
842 4073 1026 4157 pecuniam3
1056 4079 1108 4148 ut,
1138 4073 1165 4136 si
1189 4073 1341 4138 liberatus
1363 4074 1422 4151 sit,
1445 4075 1535 4140 nulla
1555 4075 1619 4140 alia

152 2711 169 2747 ·)

352 4308 376 4358 l.
394 4307 580 4357 estimationem
591 4306 623 4355 Gt
638 4307 665 4355 et
681 4305 721 4355 sic
737 4317 818 4370 saepe
836 4317 885 4368 pro
902 4304 998 4354 acsttm.
1012 4304 1039 4354 et
1050 4303 1159 4354 cadelim.
1171 4329 1198 4341 -
1218 4303 1243 4355 3.
1258 4303 1287 4354 de
1299 4315 1456 4368 seumqaara
1466 4306 1513 4358 (44.
1532 4307 1566 4358 lt
1582 4308 1616 4361 ol.

284 4385 366 4436 Prisc.
386 4385 405 4433 1.
424 4397 450 4448 p.
469 4382 526 4434 484.
547 4409 573 4418 -
593 4382 617 4431 44.
636 4381 806 4431 arbitraretur
822 4380 882 4440 (444,
900 4379 1042 4429 arbitratur
1058 4379 1086 4429 L.
1106 4379 1181 4429 biart.
1200 4379 1264 4442 cap.
1283 4391 1311 4443 p.
1328 4377 1385 4431 433.
1406 4380 1490 4446 Capp.
1510 4380 1544 4446 (p.
1556 4380 1616 4434 504.

284 4459 366 4521 Grot.)
386 4483 413 4494 -
433 4458 458 4508 8.
477 4461 573 4518 laumas
588 4457 633 4505 boc
648 4455 717 4505 vobis
734 4458 795 4505 ota
814 4457 847 4518 (ln
865 4457 902 4505 G2
919 4454 995 4517 44οὸ44)
1013 4451 1046 4505 l:
1073 4460 1147 4517 temp.
1166 4455 1211 4504 boa
1227 4455 1304 4505 diota
1322 4453 1377 4506 vob.
1396 4455 1495 4518 5¹de
1522 4461 1618 4520 ternpus

283 4534 520 4598 opportunissimus
534 4531 603 4580 cobis
617 4531 664 4579 boc
680 4529 728 4580 dtt.
742 4531 771 4580 0.
788 4557 814 4568 ·-
834 4530 874 4580 444.
893 4529 1019 4594 severitas]
1039 4529 1122 4580 «Fert.
1139 4529 1234 4580 acrttar
1244 4527 1303 4580 coll.
1317 4530 1342 4594 5.
1355 4528 1397 4579 3.»
1417 4530 1500 4582 Hans.
1520 4533 1554 4583 At
1567 4534 1618 4583 lra-

283 4609 333 4661 bes
351 4607 520 4660 «macritatem
537 4605 710 4656 iudiciorum»
730 4605 841 4654 Divinat.
861 4605 885 4668 5.
904 4605 929 4654 8,
944 4603 985 4653 tl.
1004 4617 1031 4668 p.
1050 4601 1112 4654 Sull.
1132 4604 1157 4668 5.
1176 4604 1216 4654 94.
1236 4603 1347 4654 «iudicia
1364 4615 1465 4658 swero·
1483 4609 1559 4660 Varr.
1572 4609 1614 4659 lV.

215 4725 217 4728 .
281 4684 305 4748 5.
326 4683 381 4734 433,
401 4695 512 4732 «moeros
528 4681 644 4731 ludices»
663 4693 688 4744 p.
708 4680 758 4754 leg.
778 4682 845 4730 blan.
865 4681 889 4744 5.
909 4679 949 4729 38.
969 4682 996 4728 et
1014 4677 1094 4729 multu
1112 4679 1170 4729 atus
1188 4679 1293 4742 generis
1311 4677 1362 4730 alia
1379 4681 1511 4749 exempla.
1531 4683 1564 4736 ol.
1578 4685 1617 4734 in·

280 4759 319 4812 tra
337 4758 362 4822 5.
380 4759 421 4808 bl.
442 4759 468 4807 et
485 4769 564 4819 supra
583 4755 617 4806 ad
635 4756 659 4818 5.
678 4757 702 4806 3.
723 4782 750 4792 -
770 4757 811 4806 36.
831 4770 862 4806 cc
878 4756 910 4805 Gt
932 4755 987 4804 St:
1011 4760 1087 4814 atque
1104 4755 1158 4814 Gt;
1184 4755 1272 4806 etdtt.
1291 4755 1321 4806 0.
1341 4780 1370 4793 -
1388 4755 1430 4808 49.
1447 4763 1561 4809 acrama
1579 4757 1615 4808 (44

279 4849 296 4894 ς
314 4832 382 4897 egra
400 4830 433 4882 al.
454 4859 480 4868 -
504 4831 544 4880 34.
571 4845 650 4880 onam
670 4837 820 4887 cremorem,
844 4832 967 4881 bominem
989 4831 1058 4881 conl.
1078 4830 1210 4881 Fritzsclre
1227 4829 1244 4881 l.
1263 4830 1294 4882 l.:
1317 4845 1396 4883 norma
1411 4831 1536 4884 bamberc
1551 4834 1613 4884 Asa.

279 4907 341 4959 edd.
360 4909 442 4964 rett.;
463 4919 508 4956 ccc
524 4919 603 4955 anum
619 4911 696 4955 secat
711 4908 758 4965 Gt;
785 4921 864 4956 aaron
880 4913 958 4956 serrat.
978 4909 1023 4956 ctt.
1041 4905 1069 4954 0.
1085 4931 1113 4942 -
1133 4903 1173 4956 37.
1192 4906 1312 4957 maenadi
1329 4905 1366 4957 443
1377 4906 1448 4971 4549
1460 4905 1513 4958 st:
1531 4905 1615 4956 balas·

184 5005 188 5014 ·
277 4984 346 5033 orodi
366 4982 413 5033 dtt.
433 4981 462 5030 0.
484 5007 511 5016 —-
537 4981 644 5030 boorrnts
663 4981 725 5030 ntra
746 4982 814 5030 conl.
839 4982 970 5031 Fritzsclro
988 4979 1004 5030 l.
1024 4978 1041 5030 l.
1068 4981 1100 5030 at
1121 4979 1154 5030 ct.
1174 4981 1259 5032 Divin.
1279 4981 1303 5046 5.
1322 4981 1364 5035 44.
1391 4982 1476 5032 «illisas
1498 4981 1615 5045 ternports

277 5057 342 5108 milri
363 5057 436 5108 uenit
457 5058 482 5106 lu
509 5059 643 5117 mentem,
670 5070 718 5117 qao
738 5057 802 5107 dte.»
829 5054 873 5106 lib.
893 5057 923 5106 V.
948 5055 973 5118 5.
992 5055 1033 5106 49.
1057 5061 1159 5107 «aanor
1180 5069 1280 5110 samma
1300 5070 1362 5111 ease
1379 5057 1521 5124 crepent,
1548 5054 1614 5120 qaod

277 5138 398 5196 tempus.»
