3638 5868
256 368 320 438 286
630 373 674 438 Ill
693 373 861 439 mauult
880 372 1005 439 serlo
1028 374 1212 442 SECUNDA

258 561 322 606 non
344 541 383 604 ab
405 546 587 606 accusatore
608 542 735 618 lictum,
769 561 853 617 non,
880 549 917 606 ut
944 542 1081 608 solemus
1101 545 1261 608 interdum
1287 545 1322 610 in
1348 545 1585 612 defensionibus

258 636 380 710 dicere,
402 635 521 699 crimen
543 635 749 701 domesticum
771 655 808 700 ac
829 637 1049 713 vernaculum,
1071 658 1136 703 uon
1158 659 1199 703 ex
1219 647 1362 723 tempore
1384 643 1517 725 periculi
1536 643 1585 706 tui

259 729 480 804 constitutum,
503 729 558 794 sed
579 737 684 806 vetus,
706 731 859 814 agitatum
882 731 942 795 iam
965 738 997 795 et
1017 739 1048 796 te
1070 741 1213 818 praetore
1235 734 1385 798 iactatum
1406 744 1439 800 et
1459 758 1523 801 non
1544 737 1585 800 ab

257 824 394 888 inimicis
416 825 532 888 Romae
554 825 774 908 compositum,
797 825 852 890 sed
874 826 1004 888 Romam
1027 846 1068 894 ex
1089 827 1253 910 provincia
1275 828 1482 911 deportatum.
1512 825 1584 896 tlt.

65 907 140 998 ,7⁹⁹
219 907 358 1008 ⁶(Simul
378 919 459 983 illud
480 919 614 1004 intelligi
635 926 739 1008 potest
760 919 852 983 istius
875 919 908 982 in
929 920 1105 1004 Apronium
1126 921 1284 997 studium,
1308 925 1441 1008 Apronii
1462 926 1501 989 de
1523 925 1584 989 isto

257 1035 320 1080 uon
342 1015 436 1078 modo
460 1013 627 1089 confessio,
650 1034 759 1078 verum
782 1012 877 1076 etiam
899 1015 1180 1106 commemoratio.)
1202 1016 1321 1080 Eodem
1343 1018 1477 1093 accedit,
1498 1021 1584 1103 quod

255 1108 316 1172 boc
338 1127 468 1192 quoque
488 1108 666 1190 intelligere
688 1109 834 1192 potestis,
869 1106 964 1170 istum
987 1108 1135 1172 statuisse
1156 1107 1190 1171 iu
1212 1111 1374 1194 provincia
1401 1114 1585 1182 suaexisti-

256 1204 403 1268 metionis
426 1223 502 1266 suae
517 1201 670 1267 iudicium
683 1211 773 1267 extra
787 1201 948 1266 cohortem
963 1221 1053 1266 suam
1068 1203 1328 1268 committendum
1342 1205 1440 1269 luisse
1455 1208 1583 1271 nemini.

338 1297 436 1359 LXII.
457 1297 575 1381 Ecquis
597 1301 645 1360 est
666 1296 775 1370 iudex,
797 1295 849 1359 cui
872 1316 936 1360 non
958 1295 997 1359 ab
1012 1296 1103 1360 initio
1118 1298 1284 1361 decumani
1300 1299 1441 1362 criminis
1455 1319 1584 1384 persua·

218 1399 326 1455 losum
347 1391 388 1455 sit
409 1393 504 1454 istum
525 1393 558 1453 in
580 1398 740 1456 aratorum
762 1391 846 1454 bons
865 1389 1073 1474 fortunasque
1095 1391 1248 1473 impetum
1269 1390 1408 1456 fecisset
1430 1395 1503 1476 quis
1522 1394 1584 1457 boc

254 1506 321 1550 non
342 1506 383 1550 ex
405 1505 443 1549 eo
465 1485 569 1549 statim
590 1485 752 1559 iudicavit,
774 1485 860 1569 quod
883 1484 1005 1549 ostendi
1026 1486 1120 1549 istum
1142 1484 1290 1550 decumas
1306 1505 1390 1550 nova
1405 1486 1475 1570 lege
1489 1495 1585 1574 atque

254 1578 334 1644 adeo
355 1577 443 1642 nulla
462 1578 534 1662 lege
555 1585 664 1642 ccntm
679 1578 821 1642 omnium
836 1578 1096 1642 consuetudinem
1112 1587 1208 1662 atque
1224 1579 1368 1644 instituta
1381 1582 1584 1647 vendidisset

254 1667 326 1736 443.
344 1674 462 1737 Verum
476 1680 513 1736 ut
527 1674 605 1737 istos
621 1692 680 1755 ego
692 1671 813 1736 iudices
827 1680 891 1736 tam
906 1691 1042 1748 severos,
1065 1678 1128 1735 tam
1144 1671 1322 1755 diligentes,
1343 1681 1408 1738 tam
1419 1676 1584 1759 religiosos

253 1786 320 1832 non
340 1766 485 1842 habeam,
507 1767 617 1850 ecquis
640 1773 706 1842 est,
729 1786 770 1828 ex
791 1766 978 1830 iniuriarum
999 1766 1233 1849 magnitudine,
1255 1767 1454 1852 improbitate
1477 1771 1584 1834 decre-

215 1865 372 1936 tttcrur'n,
394 1861 584 1926 iudiciorum
604 1861 774 1945 iniquitate
796 1860 852 1944 qui
873 1859 934 1924 hoc
956 1879 1021 1922 nou
1043 1859 1250 1923 iamdudum
1273 1862 1420 1926 statuerit
1440 1883 1476 1928 ac
1499 1865 1583 1928 iudi·

253 1955 351 2018 carit?
385 1955 487 2019 Etiam
509 1975 585 2019 sane
607 1957 647 2018 sit
668 1955 784 2039 aliquis
806 1953 989 2018 dissolutior
1012 1954 1046 2015 in
1068 1954 1247 2029 iudicando,
1269 1954 1386 2038 legum,
1408 1957 1515 2034 officii,
1536 1958 1584 2022 rei

252 2047 412 2132 publicae,
442 2049 602 2112 sociorum
623 2055 718 2132 atque
740 2048 911 2112 amicorum
933 2047 1162 2130 negligentior:
1196 2048 1296 2131 quidt
1328 2050 1357 2114 is
1379 2051 1520 2133 possitne
1543 2053 1582 2115 de

252 2143 343 2208 istius
365 2142 566 2226 improbitate
588 2142 741 2218 dubitare,
764 2162 835 2205 cum
856 2147 944 2206 tauta
965 2141 1053 2206 lucra
1073 2140 1166 2216 facta,
1187 2149 1251 2206 tam
1273 2142 1399 2227 iniquas
1421 2146 1582 2228 pactiones

253 2237 284 2302 vi
307 2243 339 2300 et
360 2244 447 2301 metu
469 2255 636 2320 expressas
657 2236 858 2319 cognoverit,
888 2241 975 2298 tanta
1000 2236 1141 2319 praemia
1169 2235 1311 2300 civitates
1333 2239 1364 2300 vi
1386 2246 1419 2302 ct
1440 2239 1582 2324 imperio,

215 2332 412 2415 tovirgarum
433 2350 471 2394 ac
492 2329 602 2392 mortis
623 2337 709 2392 metu
731 2350 794 2394 uon
817 2329 912 2394 modo
932 2330 1073 2413 Apronio
1086 2336 1183 2414 atque
1198 2329 1267 2392 eius
1283 2330 1449 2406 similibus,
1469 2352 1580 2396 venum

254 2427 350 2490 etiam
371 2425 514 2489 Veneriis
544 2424 643 2488 servis
674 2423 749 2489 dare
771 2427 918 2488 coactas?
961 2417 1033 2486 tlt.
1062 2423 1157 2498 Quod
1186 2423 1213 2486 si
1245 2425 1317 2507 quis
1345 2427 1505 2490 sociorum
1535 2429 1584 2490 iu·

254 2519 426 2585 commodis
464 2519 568 2581 minus
604 2525 835 2592 commovetur,
868 2517 895 2581 si
933 2538 1028 2601 quem
1063 2524 1221 2580 aratorum
1240 2517 1351 2601 fugae,
1380 2521 1583 2606 calamitates,

124 2626 144 2696 2
254 2615 382 2690 exsilia,
404 2612 575 2697 suspendia
597 2613 736 2696 denique
759 2633 823 2677 non
844 2619 1044 2698 perrppvem:
1075 2631 1140 2674 non
1162 2630 1293 2693 possum
1315 2613 1476 2691 dubitare,
1505 2617 1583 2700 quin

253 2709 282 2772 is
303 2718 426 2782 umen,
454 2727 527 2770 cum
547 2713 699 2770 vastatam
722 2706 877 2780 Siciliam,
907 2704 1035 2769 relictos
1058 2723 1151 2788 agros
1174 2725 1216 2768 ex
1237 2705 1399 2770 civitatum
1420 2708 1531 2774 litteris
1552 2716 1585 2772 et

215 2802 388 2886 acepistolu
409 2803 445 2863 L.
467 2799 587 2864 Metelli
609 2799 808 2883 cognoverit,
835 2805 949 2863 statuat
976 2798 1047 2862 lieri
1076 2819 1141 2862 non
1169 2819 1280 2883 posse,
1310 2807 1347 2862 ut
1375 2799 1415 2865 de
1437 2803 1497 2867 isto
1518 2821 1583 2866 non

253 2897 452 2961 severissime
472 2893 641 2957 iudicetur.
684 2894 752 2958 Erit
779 2893 896 2977 aliquis
927 2892 1037 2968 etiam,
1071 2894 1128 2977 qui
1154 2894 1362 2959 haecomnia
1384 2896 1583 2960 dissimulare

253 3010 289 3054 ao
310 2989 470 3072 negligere
485 2987 606 3071 possiti
627 2987 728 3051 Attuli
743 2988 928 3071 sponsiones
944 2986 1015 3071 ipso
1031 2995 1195 3071 praesente
1209 2988 1307 3052 factas
1323 2987 1361 3052 de
1378 2988 1583 3054 decumarum

255 3084 405 3148 societate
427 3082 467 3145 ab
498 3083 567 3163 ipso
596 3081 772 3167 prohibitas
800 3081 952 3144 iudicari:
989 3081 1067 3163 quid
1094 3088 1144 3144 est
1170 3081 1257 3164 quod
1286 3083 1388 3166 possit
1415 3084 1584 3167 quisquam

254 3175 449 3240 manifestius
462 3176 525 3239 hoc
540 3175 742 3240 desideraret
775 3176 844 3239 Nou
860 3176 969 3239 dubito
994 3175 1070 3258 quin
1084 3174 1174 3238 vobis
1190 3175 1419 3252 satisfecerim,
1441 3177 1580 3240 iudices:

215 3283 363 3334 severum
386 3279 492 3334 tamen
512 3269 697 3354 progrediar
719 3269 861 3352 longius,
896 3289 961 3332 non
983 3267 1164 3331 mehercule
1194 3289 1258 3351 quo
1282 3269 1373 3332 vobis
1400 3271 1499 3354 magis
1519 3269 1581 3334 hoc

253 3364 497 3449 persuadeatur,
520 3382 616 3447 quam
637 3363 701 3426 iam
723 3383 913 3448 persuasum
936 3383 1006 3426 esse
1029 3361 1170 3438 confido,
1199 3362 1255 3424 sed
1276 3369 1313 3424 ut
1332 3362 1387 3425 ille
1408 3363 1581 3446 aliquando

253 3458 468 3542 impudentiae
497 3476 572 3520 suae
599 3453 694 3519 finem
722 3457 833 3532 faciat,
866 3457 1037 3541 aliquando
1071 3454 1195 3519 desinat
1224 3475 1261 3518 ea
1288 3477 1322 3519 se
1352 3463 1462 3540 putare
1489 3475 1581 3540 posse
1675 3465 1680 3484 ⁸

254 3571 369 3628 emere,
393 3571 475 3636 quae
496 3553 564 3634 ipsc
586 3569 712 3634 semper
731 3549 843 3614 habuit
863 3549 997 3624 venalia,
1017 3549 1124 3624 tidem,
1146 3549 1387 3625 iusiurandum,
1410 3551 1581 3626 veritatem,

253 3641 406 3722 officium,
428 3645 632 3729 religionem:
661 3644 809 3708 desinant
830 3645 923 3710 amici
945 3645 1014 3708 eius
1038 3663 1076 3708 ea
1097 3644 1256 3720 dictitare,
1279 3664 1361 3728 quse
1383 3642 1581 3720 detrimento,

319 3888 343 3938 4.
360 3887 480 3952 armum
494 3885 577 3951 4342;
597 3886 694 3951 fuctus
710 3885 726 3936 6
743 3887 821 3951 4433.
836 3913 864 3924 -
883 3885 908 3937 3.
926 3887 1051 3951 cattam
1067 3884 1165 3948 chp:
1188 3885 1324 3950 cocttctcm
1340 3885 1420 3948 dett.;
1443 3886 1582 3953 [monitu-

251 3962 313 4025 turn]
326 3963 526 4014 0.-cttccm.
539 3962 570 4012 V.
585 3959 1006 4026 (egrederemini-beot:
1024 3962 1111 4012 deett.
1122 3963 1151 4012 0.
1170 3963 1203 4012 rt
1220 3958 1283 4011 illud
1295 3958 1378 4012 'tullio
1394 3961 1529 4024 usitatius3
1548 3963 1581 4015 ct.
1630 3965 1634 3972 '
1663 3959 1664 3962 ’

254 4051 282 4104 p.
300 4039 367 4088 Mur.
386 4037 410 4102 5.
425 4038 464 4088 42.
483 4035 517 4087 ad
534 4037 606 4088 Fam.
625 4036 680 4086 Vll.
699 4037 739 4097 tc,
758 4037 783 4086 2.
802 4035 850 4087 on.
868 4037 888 4087 l.
907 4035 931 4100 5.
945 4035 985 4087 78.
1005 4037 1116 4087 Divinat.
1135 4035 1159 4100 5.
1173 4035 1214 4086 28.
1229 4061 1257 4072 -
1276 4037 1433 4100 deportatus
1449 4037 1468 4087 F
1481 4037 1519 4086 V:
1538 4039 1583 4088 od·

254 4118 384 4176 portatum
396 4112 479 4177 4342;
498 4115 659 4175 coporeum
670 4113 716 4162 ctt.
730 4137 758 4148 —-
771 4112 796 4161 d.
808 4111 871 4160 illud
881 4111 926 4161 tot.
938 4115 1016 4173 potest
1032 4111 1116 4173 ivo
1134 4110 1191 4174 (sed
1202 4111 1225 4159 V
1235 4110 1312 4172 illoti:
1331 4112 1376 4161 tut.
1390 4125 1420 4175 p.
1437 4113 1500 4162 ittsd
1516 4111 1580 4164 dett.

253 4188 282 4239 0.
298 4215 324 4226 -
338 4189 433 4251 ,434444
448 4188 480 4238 V.
499 4212 528 4224 —
542 4189 566 4238 o.
585 4188 651 4251 qood
666 4201 700 4238 ero
715 4187 760 4238 boc
777 4185 869 4238 Lamb.
884 4213 912 4224 -
925 4187 950 4237 7.
967 4199 1016 4236 ruo
1031 4199 1085 4237 om.
1099 4185 1176 4250 4342.
1195 4183 1247 4248 [est
1261 4197 1309 4236 soc
1325 4185 1352 4237 tn
1367 4185 1409 4252 V.]
1424 4213 1451 4225 -
1464 4187 1583 4238 4444444-

251 4263 321 4314 coeit
336 4261 404 4326 4342
416 4262 451 4312 V:
470 4262 590 4314 iudicabit
606 4265 651 4314 ott.
673 4290 700 4300 -
719 4263 759 4313 43.
777 4267 806 4312 ut
821 4275 875 4312 om.
894 4262 917 4313 V
933 4262 1005 4313 initio
1021 4273 1116 4312 versus
1134 4260 1195 4325 (ΒΓ.)
1215 4285 1243 4296 -
1261 4273 1306 4324 ccc
1322 4273 1376 4311 om.
1395 4262 1472 4326 4329.
1493 4287 1521 4300 ·-
1539 4262 1579 4314 44.

251 4335 357 4387 Micam
365 4335 433 4400 4342
441 4351 465 4399 φ
475 4339 530 4389 ctV
540 4339 614 4402 (Br.):
627 4337 743 4388 haimom
752 4336 809 4388 rell.
817 4338 846 4388 0.
861 4363 889 4374 -
902 4338 942 4388 tt.
953 4351 984 4388 ce
993 4335 1077 4401 43424
1089 4341 1113 4387 ct
1124 4338 1169 4387 ott.
1183 4337 1213 4387 0.
1228 4335 1319 4400 [babet
1329 4336 1352 4385 V
1361 4339 1435 4388 recte
1446 4341 1470 4387 ct
1479 4339 1540 4388 ante
1552 4335 1580 4402 i.]

253 4437 278 4449 -
301 4411 342 4462 tc.
360 4411 441 4474 aliqui
457 4412 488 4463 V.
503 4439 537 4451 -·
550 4414 590 4463 t‘l.
608 4411 777 4476 mgtcgeottor
792 4412 821 4463 V.
839 4437 866 4450 -·
880 4411 920 4462 48.
938 4425 995 4462 men
1011 4411 1080 4476 4342
1092 4412 1127 4462 V:
1150 4413 1210 4463 dom
1227 4413 1273 4464 ctt.
1292 4439 1319 4449 -
1338 4410 1379 4463 49.
1397 4415 1469 4462 moto
1482 4426 1525 4476 pr.
1543 4413 1580 4463 V:

250 4500 308 4537 cum
325 4491 397 4537 tuoto
410 4500 452 4549 pr.
471 4486 540 4550 4342
552 4489 586 4548 0;
610 4491 662 4538 tum
679 4491 752 4536 tactu
766 4499 808 4549 pr.
832 4487 878 4536 ctt.
898 4509 925 4522 -
945 4491 969 4536 et
984 4488 1045 4550 imp.
1063 4484 1092 4537 t:
1117 4492 1193 4550 atquc
1208 4485 1268 4548 esp.
1286 4483 1310 4536 V
1329 4485 1399 4550 444),
1418 4486 1483 4538 dett.
1502 4489 1531 4539 0.
1550 4511 1579 4524 -

251 4562 293 4613 20.
311 4562 363 4612 dos
382 4561 500 4612 militibus
520 4562 552 4612 V.
573 4588 600 4599 -
617 4575 705 4612 emm
728 4562 804 4612 444444
825 4573 880 4611 om.
902 4559 980 4630 Lssli·
1001 4587 1028 4598 -
1046 4562 1088 4611 24.
1112 4563 1134 4610 si
1154 4562 1199 4622 qui
1214 4561 1247 4611 V.
1266 4585 1294 4596 -
1313 4560 1353 4610 22.
1372 4567 1539 4612 cormoooetw
1555 4561 1580 4622 l,

250 4635 319 4698 ch:
339 4641 453 4686 mooctw
469 4636 534 4688 dett
553 4637 583 4688 0.
598 4661 626 4672 -
639 4637 680 4686 26.
699 4641 756 4686 erat
766 4639 894 4699 --pocect
911 4635 1016 4699 64433.
1035 4635 1101 4688 dett.
1116 4663 1144 4674 -·
1156 4637 1197 4686 26.
1217 4635 1310 4698 oticsis
1320 4635 1396 4686 utun
1407 4634 1488 4700 bgli:
1507 4637 1582 4687 eom·

254 4712 315 4774 ulio.
335 4715 380 4764 ott.
400 4714 429 4764 0.
444 4738 470 4748 -
490 4712 531 4764 28.
551 4715 586 4762 cst
601 4711 647 4761 boc
663 4711 729 4774 qood
745 4711 823 4775 4342.
839 4735 866 4747 -
875 4711 955 4774 possit
971 4711 1103 4773 subortam
1119 4709 1149 4762 l:
1164 4715 1246 4773 poscet
1260 4711 1282 4760 ri
1297 4722 1375 4771 quom
1389 4710 1405 4759 c
1417 4711 1510 4775 Legg.;
1524 4721 1583 4773 pos·

251 4789 308 4840 retis
324 4789 418 4852 44327.
438 4815 466 4826 -
484 4787 525 4838 34).
547 4786 665 4838 mehercle
686 4785 765 4850 4342.
785 4812 811 4821 -
832 4785 898 4846 cuod
914 4785 929 4834 6
946 4785 1025 4848 4433.
1049 4784 1114 4836 dett.
1135 4811 1163 4822 -
1181 4785 1249 4836 cobis
1269 4785 1352 4849 magis
1372 4785 1418 4834 boe
1442 4783 1523 4847 egle:
1545 4797 1579 4835 m.

251 4862 296 4914 ltcc
311 4877 337 4915 o.
356 4865 401 4914 ctt.
421 4862 450 4912 0.
471 4889 498 4899 -
517 4862 558 4912 at.
577 4861 630 4911 ium
646 4874 699 4912 om.
718 4860 797 4925 4342.
812 4887 839 4896 -
853 4859 894 4910 32.
910 4872 981 4922 porse
997 4872 1076 4910 msere
1092 4859 1223 4910 Victorius
1240 4860 1268 4910 st
1283 4871 1359 4922 sqq.:
1378 4869 1458 4909 encre
1474 4857 1581 4910 codices

251 4938 315 4990 noti.
342 4936 408 4988 Vldc
426 4939 527 5000 tamem
545 4949 578 4988 ne
597 4935 720 4988 codicum
736 4935 869 5000 scriptura
879 4932 997 4998 aliquam
1009 4934 1194 4986 detonsionem
1205 4931 1305 4985 babeat
1316 4947 1349 4984 ex
1360 4932 1437 4984 simili
1449 4931 1580 4983 locutione

251 5025 354 5076 sperare
370 5012 430 5062 mitt
446 5011 532 5062 videor
548 5025 696 5076 asperare
713 5024 794 5076 posse
812 5009 876 5060 mibi
897 5009 1004 5071 uideor,
1028 5009 1063 5061 de
1079 5023 1133 5076 qua
1149 5009 1182 5062 oi.
1201 5001 1307 5076 Zumpt.
1328 5006 1363 5060 ad
1378 5010 1436 5059 Act.
1453 5008 1473 5058 1.
1495 5005 1520 5070 ὅ.
1537 5007 1579 5058 tt·

253 5085 334 5150 seyr.
352 5085 474 5138 adbeel.
493 5083 520 5151 ἓ.
533 5087 574 5138 ts.
595 5111 622 5124 -
640 5085 681 5138 34.
699 5099 731 5139 eo
747 5086 863 5139 atomon
879 5098 933 5138 om.
952 5085 1030 5150 4342.
