3642 5862
447 483 517 548 nn.
539 481 576 546 v.
607 479 680 546 cn.
703 479 971 546 cxv-mvn.
996 478 1053 566 33.
1076 477 1266 548 444-444.
1457 481 1522 550 sar

203 653 320 718 cidium
347 671 474 716 necare:
507 651 584 735 quid
612 651 715 715 dicam
736 651 769 714 in
791 671 916 714 crucem
937 650 1071 715 tolleret
1114 651 1219 716 Verbo
1242 653 1319 718 satis
1341 653 1435 738 digno
1458 663 1522 722 tam

201 748 322 814 nefaria
349 768 398 812 res
427 747 579 832 appellari
610 747 700 811 nullo
731 746 826 810 modo
858 751 974 828 potest
1023 746 1094 809 Nou
1121 743 1183 808 suit
1210 745 1262 810 bis
1290 748 1435 812 omnibus
1462 750 1522 816 iste

200 848 377 907 contentus.
421 843 560 926 Spectet,
589 840 707 924 inquit,
730 838 880 922 patriam:
912 837 946 902 in
968 846 1141 922 conspectu
1169 838 1274 924 legum
1303 842 1521 929 libertatisque

198 937 362 1002 moriatur.
405 938 476 1000 Non
497 935 615 1001 tuboe
636 935 706 998 loco
729 933 872 1009 Gavium,
893 953 959 998 nou
981 937 1081 997 unuin
1101 934 1262 998 bominem
1284 937 1392 999 nescio
1415 956 1522 1020 quem

200 1029 311 1117 [civem
324 1026 521 1113 itomanam]
545 1029 601 1093 sed
623 1047 820 1093 communem
842 1028 996 1092 libertatis
1019 1037 1051 1092 et
1072 1028 1208 1094 civitatis
1231 1049 1356 1094 causam
1378 1031 1412 1094 in
1432 1030 1547 1094 illuns

197 1125 371 1190 cruciatam
393 1133 425 1188 et
446 1145 570 1188 crucem
592 1122 695 1206 egisti.
737 1123 804 1186 lam
824 1142 900 1185 vero
921 1123 1026 1187 videte
1046 1122 1185 1186 hominis
1208 1124 1388 1188 audaciam!
1411 1128 1522 1190 Nonne

198 1241 270 1285 eum
300 1221 435 1304 graviter
464 1217 573 1282 tulisse
599 1215 809 1291 arbitramini,
839 1215 925 1298 quod
954 1217 1039 1282 illam
1070 1217 1191 1282 civibus
1218 1218 1368 1283 llomanis
1399 1241 1523 1285 crucem

198 1335 263 1378 non
285 1322 395 1397 posset
414 1314 448 1376 in
469 1312 549 1386 foro,
570 1329 636 1373 non
657 1310 691 1372 in
712 1309 851 1385 comitio,
870 1329 935 1373 uon
957 1311 991 1374 in
1006 1312 1115 1375 rostris
1131 1308 1292 1395 defigeret
1326 1313 1422 1390 Quod
1437 1316 1523 1378 enim

196 1409 247 1474 his
275 1408 352 1472 locis
381 1407 415 1471 in
443 1403 606 1490 provincia
637 1423 694 1467 sua
726 1403 905 1467 celebritate
938 1404 1149 1479 simillimum,
1182 1407 1312 1488 regione
1344 1408 1524 1491 proximum

196 1503 317 1590 potuit,
351 1500 461 1584 elegit:
493 1505 731 1564 monumentum
759 1496 886 1562 sceleris
915 1499 1129 1583 audaciaeque
1159 1519 1234 1563 suae
1263 1500 1366 1566 voluit
1393 1523 1463 1566 esse
1490 1503 1523 1566 in
1532 1514 1560 1562 44

198 1603 371 1680 conspectu
393 1593 517 1666 ltaliae,
546 1590 707 1680 vestibulq
726 1592 868 1667 Siciliae,
890 1593 1157 1677 praetervectione
1179 1595 1339 1671 omnium,
1362 1596 1419 1679 qui
1439 1594 1523 1659 ultro
1635 1571 1658 1659 6

198 1692 341 1773 citroque
364 1689 558 1770 navigarent.
601 1686 724 1748 LXVll.
755 1680 826 1748 474.
849 1686 883 1749 Si
904 1685 984 1750 baec
1005 1704 1071 1749 non
1092 1686 1133 1750 ad
1155 1689 1240 1752 cives
1261 1690 1436 1765 Romanos,
1458 1709 1524 1754 non

197 1786 238 1849 ad
265 1783 388 1867 aliquos
415 1781 533 1845 amicos
561 1787 687 1843 nostrae
715 1777 863 1855 civitatis,
900 1800 964 1843 uon
992 1780 1031 1843 ad
1062 1801 1132 1857 eos,
1166 1783 1223 1867 qui
1250 1781 1362 1866 populi
1389 1784 1523 1847 Romani

197 1897 315 1944 nomen
343 1877 525 1949 audissent,
553 1873 692 1957 denique
721 1873 748 1935 si
777 1893 840 1937 nou
862 1873 903 1938 ad
924 1874 1088 1951 homines,
1116 1896 1227 1940 verum
1254 1876 1293 1940 ad
1321 1878 1440 1960 bestias
1470 1886 1525 1942 aut

199 1975 308 2048 444444,
337 1978 373 2034 ut
402 1969 528 2052 longius
556 1966 756 2052 progrediar,
787 1967 873 2030 siin
904 1968 1011 2052 aliqua
1040 1969 1256 2034 desertissima
1281 1972 1455 2038 solitudine
1484 1974 1561 2038 adis

201 2087 279 2132 saxa
300 2071 332 2130 et
354 2066 394 2129 ad
416 2063 562 2147 scopulos
583 2062 662 2124 baec
684 2063 835 2145 conqueri
863 2081 901 2124 ac
929 2062 1093 2146 deplorare
1120 2064 1252 2128 sellem:
1285 2072 1390 2129 tamen
1419 2070 1525 2134 omnia

202 2167 289 2224 muta
311 2166 407 2242 atquc
428 2156 600 2220 inanimata
621 2161 706 2219 tanta
729 2162 761 2219 et
782 2163 845 2219 tam
867 2155 997 2239 indigna
1018 2177 1123 2222 rerum
1154 2159 1325 2222 acerbitate
1347 2181 1524 2226 commove·

201 2262 319 2318 rentur.
362 2255 452 2316 Nunc
474 2269 548 2314 vero
571 2269 643 2312 cum
664 2248 777 2332 loquar
804 2248 887 2333 apud
915 2256 1078 2315 senatores
1107 2252 1219 2336 populi
1240 2254 1391 2331 llomani,
1419 2257 1524 2339 legum

202 2358 234 2415 et
256 2348 450 2412 iudiciorum
473 2352 504 2407 et
524 2344 602 2407 iuris
624 2349 784 2416 auctores,
813 2343 924 2406 timere
951 2363 1017 2408 uon
1044 2345 1162 2422 debeo,
1190 2366 1232 2409 ne
1259 2367 1325 2410 non
1353 2369 1436 2414 unus
1464 2352 1524 2414 iste

202 2443 281 2508 civis
303 2444 463 2505 Romanus
485 2437 541 2500 illa
562 2456 653 2500 cruce
675 2435 806 2520 dignus,
835 2437 931 2501 ceteri
954 2457 1065 2503 omnes
1090 2440 1185 2503 simili
1206 2441 1350 2524 periculo
1370 2444 1561 2527 indignis-sc

201 2537 274 2604 simi
303 2534 492 2598 iudicentur.
541 2526 613 2594 lia.
643 2531 741 2594 Paulo
763 2537 851 2606 ante,
879 2531 1019 2608 iudices,
1047 2533 1193 2598 lacrimas
1220 2535 1253 2598 in
1280 2543 1382 2602 morte
1410 2539 1525 2604 misera

200 2641 298 2717 atque
320 2629 452 2710 indigna
472 2625 702 2690 navarchorum
724 2645 788 2688 non
812 2626 997 2692 tenebamus
1019 2636 1051 2691 et
1071 2635 1156 2692 recte
1178 2649 1215 2692 ac
1237 2629 1350 2694 merito
1365 2633 1523 2696 sociorum

198 2723 418 2790 innocentium
452 2721 578 2784 miseria
611 2720 900 2783 commovebamur:
938 2721 1015 2805 quid
1045 2741 1130 2785 nuuc
1162 2724 1195 2786 in
1228 2731 1337 2788 nostro
1370 2726 1523 2809 sanquine

198 2821 328 2885 tandem
349 2817 459 2883 iacere·
475 2818 646 2881 debemus?
672 2818 751 2880 Nam
773 2818 888 2882 civium
902 2817 1114 2880 Romanorum
1137 2817 1279 2881 omnium
1300 2819 1429 2904 sanguis
1450 2841 1525 2884 con·

197 2918 325 2979 iunctus
358 2913 587 2977 existimandus
616 2917 680 2987 est,
699 2906 862 3000 (quoniam
893 2917 925 2974 et
952 2910 1062 2974 salutis
1092 2911 1235 2974 omnium
1254 2913 1335 2976 ratio
1358 2920 1389 2977 et
1407 2915 1562 2980 reritastt

199 2993 362 3105 postulat.)
395 3007 513 3070 Omnes
534 3006 594 3068 boc
615 3005 687 3069 loco
709 3006 793 3069 cives
821 3005 968 3080 Romam,
998 3012 1030 3068 et
1052 3005 1108 3088 qui
1129 3004 1244 3068 adsunt
1265 3008 1374 3091 etqui
1402 3009 1523 3094 ubique
1606 2973 1684 3072 ‘Z‘

199 3091 438 3178 suntsvestram
460 3100 660 3164 severitatem
682 3099 880 3173 desiderant,
901 3106 1039 3162 vestram
1061 3094 1156 3160 iidem
1178 3098 1362 3182 implorant,
1383 3107 1524 3166 vestrum

202 3197 356 3263 auxilium
378 3195 561 3278 requirunt:
589 3191 696 3255 omnia
717 3211 775 3254 sua
795 3193 881 3267 iura,
904 3191 1085 3267 commoda,
1108 3192 1242 3267 auxilia,
1263 3199 1362 3257 totam
1384 3195 1522 3279 denique

200 3291 377 3354 libertatem
397 3289 430 3351 iu
451 3287 564 3368 vestris
586 3285 750 3348 sententiis
776 3285 893 3348 versari
921 3285 1121 3348 arbitrantur.
1163 3280 1235 3346 473.
1263 3287 1290 3349 Α
1319 3308 1369 3350 me
1398 3291 1524 3352 tametsi

200 3385 276 3448 satis
297 3383 425 3455 babent,
448 3388 564 3454 tamen,
587 3381 614 3443 si
635 3399 687 3442 res
708 3379 800 3444 aliter
820 3378 980 3453 acciderit,
1002 3379 1073 3463 plus
1087 3379 1249 3444 habebunt
1261 3379 1406 3456 sortasse,
1429 3397 1561 3465 quamac

201 3477 375 3561 postulant.
417 3476 497 3538 Nam
520 3475 546 3537 si
568 3493 631 3557 qua
652 3474 700 3536 vis
721 3475 817 3536 istum
838 3473 878 3535 de
899 3479 1003 3537 vestra
1024 3473 1192 3537 severitate
1207 3473 1368 3557 cripuerit,
1389 3474 1422 3538 id
1437 3475 1523 3559 quod

200 3591 306 3655 neque
335 3578 457 3644 metuo,
486 3568 620 3643 iudices,
647 3587 753 3652 neque
780 3567 847 3630 ullo
876 3566 971 3630 modo
1001 3565 1071 3630 fieri
1096 3585 1191 3651 posse
1218 3566 1328 3642 videm
1362 3568 1417 3631 scd
1440 3569 1467 3632 si
1489 3569 1524 3632 in

199 3666 261 3729 boc
283 3683 334 3726 me
355 3663 436 3726 ratio
457 3661 617 3738 fefellerit,
639 3662 737 3727 Siculi
758 3681 884 3724 causam
907 3680 996 3727 suam
1017 3661 1138 3745 perisse
1160 3667 1333 3744 querentur
1354 3669 1386 3725 et
1399 3682 1523 3728 mecum

265 3917 288 3966 4.
310 3913 394 3966 tollere
414 3912 507 3965 codd:
531 3911 583 3962 44444
605 3913 634 3963 0.
654 3939 682 3948 -
703 3917 756 3963 4444
777 3925 831 3962 om.
854 3910 931 3975 4349.
952 3937 979 3946 -
998 3907 1023 3962 4.
1041 3921 1091 3959 ooo
1113 3913 1140 3958 444
1160 3907 1206 3958 boc
1226 3908 1279 3959 loco
1302 3921 1362 3974 sqq.
1386 3911 1521 3964 Severian.
1578 3953 1582 3963 .

198 4004 225 4058 p.
244 3988 301 4041 344.
316 4016 344 4026 -
357 3989 382 4040 5.
400 3989 477 4039 civem
494 3989 562 4039 44444.
581 4001 634 4038 om.
655 3989 744 4038 sever.
763 3984 780 4037 l.
794 3985 812 4037 l.
826 3988 853 4036 ot
868 3985 1020 4050 glossatoris
1032 3985 1113 4050 inepti
1124 3995 1234 4034 manum
1245 3984 1313 4035 haec
1324 3998 1367 4035 vv.
1380 3990 1522 4052 perspicue

200 4065 325 4131 produnt,
343 4066 388 4130 qui
406 4062 468 4115 illud
484 4064 566 4114 macic
583 4077 654 4126 quem
670 4063 837 4128 interpretari
853 4061 903 4114 sibi
920 4059 1073 4118 videbatur3
1092 4060 1170 4122 igion
1186 4071 1248 4110 cum
1259 4057 1361 4111 Halmio
1377 4075 1408 4112 ea
1420 4065 1523 4116 uncinis

200 4139 437 4192 drcumcluslmcs.
457 4165 484 4178 -
505 4139 529 4189 7.
548 4137 733 4188 444444044444
749 4139 771 4188 0
787 4151 877 4189 errore
894 4140 1010 4203 433434,
1028 4138 1059 4186 ut
1073 4135 1186 4186 videtur.
1205 4161 1232 4172 -
1251 4136 1291 4186 40.
1310 4137 1379 4201 cipit
1394 4138 1472 4202 4349.
1492 4163 1520 4174 -

200 4213 240 4265 43.
258 4228 308 4264 oon
325 4215 359 4264 44
375 4215 423 4279 eos]
440 4214 484 4266 hic
501 4227 594 4266 rursus
610 4216 723 4279 pergunt
739 4213 775 4266 ii3
792 4211 817 4264 4.
838 4239 864 4248 -
885 4213 926 4263 40.
944 4217 968 4262 44
983 4211 1025 4276 44]
1043 4211 1078 4260 cd
1094 4223 1147 4260 om.
1167 4210 1204 4260 04
1220 4208 1268 4260 44.
1288 4212 1423 4264 Severian.
1445 4239 1472 4248 -
1491 4226 1523 4264 44

199 4291 307 4353 444349
323 4291 429 4342 Seven:
453 4296 476 4340 44
495 4291 532 4340 Gt
549 4290 612 4341 dett.
632 4289 661 4340 0.
681 4315 707 4326 -
728 4289 767 4340 ii.
789 4290 932 4338 4444444444
952 4287 989 4338 iia
1012 4287 1103 4336 sever.
1127 4283 1177 4350 [t]:
1204 4285 1340 4347 44444444,
1362 4287 1522 4351 4444444444,

136 4425 139 4432 ¹
199 4366 313 4416 44444444
328 4365 393 4414 4444.
411 4365 572 4429 (4444444444
588 4369 668 4426 iccio,
687 4369 740 4414 4444
756 4364 860 4428 44443444
876 4362 937 4413 444.
955 4362 1026 4414 lton
1043 4361 1158 4421 Sever.t;
1176 4360 1292 4410 44444444
1307 4361 1389 4425 444443.
1408 4363 1428 4413 0
1445 4361 1522 4426 prob.

198 4439 285 4492 lladv·
300 4438 335 4489 44
350 4441 403 4490 tin.
418 4452 445 4504 p.
455 4439 513 4491 4444.
534 4440 583 4502 [Ci.
601 4438 695 4490 Halmii
709 4439 781 4489 4444.
798 4439 913 4488 44444444
930 4439 950 4488 1.
964 4439 1018 4488 not.
1032 4439 1056 4487 o.
1069 4448 1096 4501 p.
1110 4434 1142 4486 43
1151 4447 1192 4498 sq.
1211 4433 1299 4486 Simile
1311 4437 1353 4486 est
1362 4436 1454 4487 vitium
1465 4436 1524 4490 init

199 4527 225 4580 p.
237 4513 295 4574 433,
308 4515 334 4576 4,
353 4513 399 4564 ubi
411 4514 491 4567 habet
502 4515 585 4565 444444
599 4518 696 4565 4444444
705 4525 755 4580 pro
766 4513 821 4564 4444
836 4512 954 4578 matun]
968 4541 996 4552 -
1009 4513 1146 4565 4444444444
1154 4512 1201 4575 aa,
1213 4512 1292 4564 codd.
1305 4513 1408 4576 lamb..
1421 4517 1524 4568 Seven:

199 4589 330 4640 4444444444
347 4587 410 4639 dett.
430 4590 459 4639 0.
481 4613 509 4626 -
527 4590 568 4639 49.
586 4593 610 4640 et
625 4589 774 4640 indicimus
790 4590 810 4638 li
826 4586 843 4637 4
859 4588 942 4650 43494
960 4594 984 4639 44
1000 4603 1055 4641 om.
1073 4589 1119 4650 03,
1138 4587 1218 4648 4444.;
1235 4587 1432 4651 44444444444444
1447 4589 1476 4639 0.
1492 4611 1520 4628 ···

198 4670 223 4716 44
239 4665 300 4716 ante
316 4663 381 4714 44444
397 4675 450 4715 om.
469 4665 547 4727 4349.
567 4691 595 4702 -
613 4678 645 4715 44
660 4678 711 4715 ooo
731 4663 803 4714 delet
823 4665 857 4715 de
875 4663 972 4716 Wolifii
989 4665 1057 4716 coni.
1076 4665 1163 4716 tladv.
1181 4677 1208 4728 p.
1228 4661 1284 4716 434.
1314 4665 1347 4714 44
1362 4667 1437 4715 recte
1453 4665 1523 4717 Bake

201 4755 227 4807 p.
240 4739 297 4792 st:
322 4741 408 4793 eUuus
425 4739 475 4791 iste
494 4742 558 4792 civis
574 4743 707 4792 Romanus
725 4743 766 4791 est
782 4739 878 4792 Verres
894 4741 961 4805 ipse.
984 4740 1149 4792 servandum
1172 4740 1213 4791 est
1228 4753 1259 4790 44
1274 4753 1326 4790 noo
1340 4739 1386 4791 4444
1402 4738 1459 4791 coll.
1478 4741 1521 4791 lv.

200 4817 224 4882 S.
237 4817 278 4870 84.
296 4815 327 4868 V.
346 4815 369 4879 Ι.
383 4817 441 4866 78.»
459 4815 497 4866 ci.
517 4816 596 4867 etiam
614 4815 698 4866 llalm.
718 4815 752 4866 ad
770 4816 795 4866 lr.
811 4815 828 4866 l.
847 4817 874 4867 in
892 4815 935 4866 ed.
954 4816 1023 4881 lips.
1038 4843 1065 4854 -
1079 4817 1119 4867 44.
1138 4817 1266 4868 4444444444
1281 4817 1311 4866 ii.
1326 4841 1354 4852 -
1366 4815 1408 4865 44.
1419 4815 1524 4878 44443444

199 4891 236 4944 43
252 4888 270 4941 4
286 4891 367 4954 ngas:
385 4891 558 4954 indipniaaimo
573 4891 638 4942 dett.
657 4891 686 4942 0.
707 4917 733 4928 -
751 4891 793 4943 44.
811 4892 923 4942 44444444
939 4903 992 4941 om.
1011 4891 1075 4942 dett.
1094 4892 1166 4942 0.-
1184 4893 1226 4944 44.
1244 4891 1433 4942 444444444ηὰ44
1447 4890 1477 4940 lt.
1491 4914 1521 4927 -

200 4967 319 5030 44444444
335 4967 362 5016 id
377 4971 401 5016 44
422 4965 486 5019 dett.
510 4967 539 5018 0.
559 4993 587 5004 -
604 4967 697 5017 writer
718 4969 829 5018 44444444
851 4967 916 5018 dett.
936 4992 964 5002 -
983 4967 1023 5017 46.
1046 4966 1186 5031 obicemque
1207 4967 1276 5032 4349
1292 4965 1334 5019 tii.
1354 4990 1381 5000 -
1400 4962 1441 5014 44.
1463 4968 1523 5016 cest.

199 5055 277 5094 44444.
295 5043 505 5094 4444444444444.
523 5042 569 5104 43,
586 5043 663 5093 uncis
680 5042 740 5094 incl.
759 5042 844 5094 llelm.
864 5067 891 5078 -
909 5042 1037 5104 inplorent
1053 5043 1082 5093 lt.
1102 5068 1130 5079 -
1149 5042 1190 5092 49.
1207 5042 1306 5093 4444444·
1322 5052 1375 5091 om.
1394 5037 1471 5100 4349.
1492 5065 1519 5075 -

200 5117 241 5167 30.
259 5117 375 5168 44444444
391 5117 467 5181 ngas.
488 5143 515 5154 -
534 5117 625 5181 444444]
648 5122 700 5168 4444
715 5119 750 5179 Bi
773 5117 875 5169 addidit
891 5129 927 5168 m.
944 5118 969 5168 4.
988 5120 1020 5167 44.
1039 5142 1067 5152 -
1085 5117 1200 5167 ceciderit
1216 5117 1284 5167 coni.
1303 5111 1472 5166 Guilielmins.
1491 5139 1519 5150 -

200 5191 242 5247 34.
254 5207 315 5244 acm
324 5193 369 5246 4444
380 5207 431 5258 quc
443 5195 520 5263 4433.
533 5195 640 5264 praeter
650 5193 691 5257 49,
704 5195 735 5246 0.
754 5193 792 5244 04.
806 5192 892 5246 Madv.
907 5203 932 5258 p.
945 5191 1004 5245 434.
1016 5208 1046 5231 ι-
1059 5192 1150 5255 eripuit
1160 5193 1190 5244 ii.
1201 5215 1229 5228 -
1242 5191 1284 5242 34.
1293 5203 1366 5254 pocae
1379 5189 1436 5257 44444
1446 5187 1483 5241 Gli
1493 5185 1519 5240 4.
1594 5259 1597 5264 Ι
