3578 5862
335 435 398 502 nro
732 437 884 504 omrro
905 440 984 506 eno
1005 441 1043 506 l.
1066 441 1266 508 onuunrro
1743 420 1746 483 l

334 627 472 682 sumam,
497 613 650 692 quantum
672 607 740 670 sine
761 608 856 672 buius
877 609 1018 693 periculo
1046 612 1217 695 praeterire
1239 632 1302 676 uon
1325 613 1465 696 possim.
1508 615 1542 677 A
1569 635 1626 678 me
1649 623 1692 680 ta·
1747 614 1748 648 ¹

332 722 420 776 men,
440 710 477 766 ut
498 721 636 785 aequum
658 707 722 774 est,
750 702 856 764 omnia
877 710 969 766 caute
991 703 1280 789 pedetemptimque
1303 707 1476 782 dicentur,
1496 699 1560 782 (ut
1584 730 1691 793 neque
1749 768 1750 806 q

332 794 411 860 tides
439 794 535 859 huius
561 794 755 858 defensionis
783 795 891 858 relicta
918 815 1022 880 neque
1052 801 1239 884 cuiusquam
1261 810 1316 865 aut
1338 801 1486 884 dignitas
1515 802 1617 868 laesa
1639 811 1691 867 aut
1749 807 1750 812 ’

332 889 470 953 amicitia
491 889 610 952 violata
631 909 701 952 esse
722 871 886 982 videatur)

197 980 213 996 ”
308 1001 323 1048 s
416 978 488 1045 llll.
509 981 611 1046 Viden
632 982 744 1064 igitur,
765 983 903 1056 iudices,
925 985 1186 1051 animadvertisse
1208 1009 1354 1054 censores
1374 990 1407 1052 in
1422 989 1575 1054 iudices
1592 1009 1689 1074 quos-
1753 1028 1754 1038 κ

331 1080 402 1144 dam
424 1077 510 1141 illius
531 1077 654 1140 consilii
676 1076 818 1149 Iuniani,
840 1097 911 1140 cum
934 1079 1026 1142 istam
1047 1081 1148 1164 ipsam
1169 1101 1297 1147 oausam
1320 1084 1596 1148 subscriberent.
1632 1085 1689 1146 llic

330 1174 409 1236 illud
431 1172 568 1255 primum
591 1189 757 1233 commune
778 1190 971 1253 proponam,
1000 1194 1173 1258 numquam
1195 1177 1547 1242 animadversionibus
1573 1197 1688 1241 censo-

329 1271 384 1334 riis
405 1268 486 1331 banc
508 1266 666 1329 civitatem
687 1265 730 1328 ita
745 1271 924 1329 contentam
944 1275 979 1330 ut
1000 1268 1095 1332 rebus
1116 1270 1264 1334 iudicatis
1287 1270 1395 1334 luisse.
1429 1273 1568 1355 Neque
1594 1273 1630 1334 in
1653 1291 1686 1334 re

328 1373 403 1427 nota
424 1379 608 1426 consumam
629 1366 771 1440 tempus:
803 1361 940 1444 exempli
970 1381 1063 1426 causa
1085 1383 1202 1446 ponam
1224 1363 1302 1428 illud
1325 1385 1445 1428 unum:
1486 1365 1528 1428 C.
1558 1365 1684 1436 Getam,

212 1451 235 1598 B
291 1473 398 1522 cocum
427 1475 445 1520 a
471 1456 507 1516 L.
528 1453 656 1518 Metello
688 1460 719 1514 et
747 1451 803 1514 Cn.
825 1454 964 1518 Domitio
994 1458 1177 1520 censoribus
1205 1479 1246 1522 ex
1277 1465 1387 1522 senatu
1419 1460 1563 1522 eiectus
1589 1466 1684 1530 esset,

327 1572 492 1617 censorem
513 1567 583 1612 esse
605 1549 708 1631 ipsum
729 1553 841 1630 postea
861 1546 996 1622 sactum,
1020 1543 1180 1623 et‘scuius
1201 1572 1307 1616 mores
1328 1560 1452 1616 eranta
1474 1551 1681 1616 censoribus
1758 1545 1759 1622 l

327 1645 526 1731 reprehensi,
548 1642 633 1706 bunc
655 1646 766 1722 postea
787 1648 821 1702 et
840 1642 951 1724 populi
973 1644 1107 1706 Romani
1126 1654 1299 1721 eteorum,
1321 1647 1378 1729 qui
1401 1647 1434 1709 in
1458 1647 1590 1728 ipsum
1614 1645 1681 1706 nni-

327 1741 575 1810 madverterant‚
597 1735 737 1798 moribus
759 1733 944 1817 praefuisse.
979 1736 1072 1811 Quod
1096 1737 1122 1800 si
1144 1738 1224 1802 illud
1244 1739 1393 1802 iudicium
1416 1745 1625 1822 putaretur,
1647 1745 1678 1799 nt
1758 1775 1759 1794 .

327 1836 424 1900 ceteri
446 1832 531 1913 turpi
553 1829 670 1892 iudicio
693 1828 832 1890 damnati
855 1829 887 1890 in
910 1837 1097 1912 perpetuum
1120 1832 1206 1895 omni
1229 1831 1352 1896 bonore
1367 1851 1404 1895 ao
1420 1833 1600 1915 dignitate
1615 1831 1677 1912 pri·

287 1937 453 2003 levantur,
475 1926 521 1989 sio
542 1922 724 1987 hominibus
745 1921 920 2004 ignominia
941 1925 1057 1987 notatis
1068 1911 1181 2009 (noque
1200 1925 1240 1988 ad
1255 1925 1410 1989 honorem
1424 1926 1549 1989 aditus
1567 1943 1675 2007 neque

192 2035 205 2066 n
325 2025 358 2087 in
386 2007 507 2087 curiam
536 2017 656 2082 reditus
685 1998 798 2106 θερί.)
822 2011 894 2078 tud.
915 2018 1006 2080 Nunc
1028 2018 1055 2080 si
1078 2039 1173 2101 quem
1196 2019 1252 2082 Cn.
1274 2019 1400 2082 Lentuli
1422 2027 1482 2084 aut
1508 2020 1552 2082 L.
1579 2018 1672 2082 Gellii

324 2119 454 2182 libertus
485 2113 560 2177 furti
594 2109 826 2184 condemnarit,
858 2110 886 2173 is
919 2110 1066 2174 omnibus
1101 2111 1294 2176 ornamentis
1322 2113 1446 2178 amissis
1479 2133 1671 2197 numquam

322 2213 420 2276 ullam
441 2207 616 2273 honestatis
638 2223 714 2268 suae
736 2211 856 2287 partem
879 2193 1201 2289 recupermitzlquos
1222 2213 1327 2268 autem
1348 2207 1415 2289 ipse
1430 2207 1467 2270 L.
1486 2207 1628 2270 Gellius
1642 2213 1671 2268 et

204 2297 209 2313 ’
324 2307 379 2370 Cn.
401 2281 575 2375 Lentrdus)
606 2298 669 2361 duo
692 2318 865 2389 pensores,
899 2297 1064 2362 clarissimi
1092 2299 1151 2362 viri
1180 2299 1472 2384 sapientissimique
1499 2300 1669 2371 homines,
1758 2343 1759 2404 p

203 2384 206 2393 ’
262 2389 398 2466 'toloni
419 2405 452 2462 et
472 2401 633 2477 naptarum
655 2385 1011 2474 pecuniarum(nomine
1026 2367 1364 2478 notogeruntdiilnon
1386 2393 1483 2458 modo
1509 2394 1549 2456 in
1574 2411 1668 2458 sena·

218 2517 225 2561 i
322 2487 591 2571 tuml'redierunt]
618 2486 792 2550 sedetiam
819 2486 945 2550 illarum
965 2486 1105 2570 ipsarum
1127 2507 1231 2550 rerum
1256 2487 1383 2552 iudiciis
1397 2487 1557 2572 (absoluti
1583 2477 1677 2560 sunt}

210 2596 234 2618 '⁶
321 2589 433 2654 XLlll.
461 2584 627 2647 Neminem
652 2580 822 2643 voluerunt
851 2582 986 2643 maiores
1014 2580 1114 2644 nostri
1149 2600 1212 2644 non
1235 2582 1329 2646 modo
1351 2581 1391 2646 de
1414 2581 1664 2646 existimatione

322 2683 525 2763 cuiusquam,
553 2676 609 2740 sed
631 2695 671 2737 ne
692 2675 876 2756 pecuniaria
898 2673 1027 2757 quidem
1050 2673 1090 2736 de
1111 2695 1145 2737 re
1168 2675 1296 2739 minima
1317 2695 1387 2739 esse
1408 2675 1577 2750 iudicem,
1600 2673 1662 2736 nisi

322 2776 377 2860 qui
399 2774 482 2837 inter
502 2769 699 2833 advermmos
722 2769 934 2830 convenisset.
972 2767 1174 2850 Quapropter
1195 2769 1228 2830 in
1243 2769 1390 2846 omnibus
1412 2769 1565 2852 legibus,
1589 2771 1660 2850 qui-

284 2871 380 2933 rcbus
402 2870 569 2948 exceptum
592 2871 656 2937 est,
685 2862 724 2924 de
746 2861 861 2945 quibus
883 2861 988 2924 causis
1010 2869 1064 2924 aut
1093 2863 1306 2945 magistratum
1331 2883 1444 2945 capere
1466 2883 1539 2926 non
1564 2862 1659 2924 liceat

320 2973 376 3029 aut
396 2960 534 3025 indicem
556 2957 619 3038 legi
641 2963 696 3020 aut
719 2955 854 3026 alterum
875 2975 1039 3030 accusare,
1070 2957 1148 3020 haec
1172 2956 1365 3039 ignominiae
1388 2977 1482 3020 causa
1508 2965 1656 3041 praeter·

320 3061 415 3125 missa
444 3061 500 3118 est.
537 3050 675 3114 Timonis
706 3050 791 3113 enirn
819 3068 963 3123 causam,
998 3069 1063 3112 non
1093 3051 1175 3114 vitae
1197 3069 1333 3132 poenam
1355 3051 1387 3114 in
1409 3050 1465 3113 illa
1486 3057 1655 3134 potestate

320 3173 390 3219 esse
404 3149 582 3215 voluerunt.
619 3139 691 3206 lli.
706 3146 817 3228 ltaque
837 3163 901 3206 non
917 3143 1018 3206 solum
1035 3144 1115 3208 illud
1130 3143 1312 3216 ostendam,
1335 3144 1502 3227 quodiam
1522 3141 1652 3212 videtis,

318 3245 431 3332 populi
453 3241 586 3305 Romani
609 3239 767 3321 suffragiis
789 3257 884 3320 saepo
900 3257 1031 3302 numero
1047 3238 1204 3302 censorias
1220 3237 1469 3320 subscriptiones
1484 3257 1563 3302 esse
1579 3234 1652 3300 sub

280 3343 412 3415 ninus,
434 3333 661 3401 verumetiam
683 3331 808 3395 iudiciis
830 3352 958 3406 eorum,
980 3332 1036 3416 qui
1058 3332 1150 3398 iurati
1174 3337 1313 3396 statuero
1336 3331 1455 3396 maiore
1477 3353 1555 3396 cum
1578 3328 1649 3392 reli·

317 3437 412 3520 ginno
445 3439 477 3494 et
510 3427 672 3510 diligentia
704 3427 890 3489 debuerunt.
927 3427 1066 3489 Primum
1097 3423 1234 3498 iudices,
1268 3433 1429 3489 senatores
1451 3426 1649 3508 equitesque

317 3527 469 3600 Romani,
491 3525 524 3586 in
545 3519 760 3604 compluribus
782 3520 844 3582 iam
867 3521 947 3593 reis,
970 3538 1052 3604 quos
1074 3525 1185 3582 contra
1205 3519 1292 3602 leges
1313 3519 1462 3604 pecunias
1483 3518 1646 3602 accepisse

318 3621 529 3703 subscriptum
559 3621 625 3688 est,
655 3631 732 3676 suae
758 3613 864 3695 potius
886 3612 1033 3696 religioni
1055 3632 1151 3698 quam
1172 3632 1340 3677 censorum
1362 3614 1506 3696 opinioni
1529 3631 1646 3698 parue-

316 3725 400 3782 runt.
436 3709 559 3776 Deinde
581 3715 742 3792 praetores
764 3705 901 3780 urbani„
919 3705 977 3790 qui
995 3705 1088 3770 iurati
1110 3705 1226 3770 debent
1248 3706 1403 3790 optimum
1425 3727 1591 3792 quemque
1611 3704 1642 3766 in

279 3811 417 3875 :clectos
438 3805 559 3870 iudices
580 3801 713 3877 referre,
736 3799 796 3864 sibi
818 3819 991 3884 numquam
1014 3799 1053 3865 ad
1075 3819 1146 3864 eam
1164 3819 1230 3864 rem
1245 3800 1418 3864 censoriam
1434 3800 1642 3884 ignominiam

316 3901 545 3986 impedimento
566 3915 637 3960 esse
658 3905 805 3978 oportere
824 3892 992 3957 duxerunt.
1028 3889 1100 3957 ltu.
1123 3894 1277 3960 Censores
1300 3894 1438 3979 denique
1458 3894 1522 3979 ipsi
1545 3909 1640 3975 saepe

316 4014 447 4062 numero
476 3991 675 4075 superiorum
702 4007 870 4052 censorum
898 3987 1043 4062 iudiciis,
1072 3989 1099 4051 si
1123 3989 1184 4052 ista
1206 3987 1325 4052 iudicia
1346 3989 1506 4072 appellare
1527 3987 1639 4058 vultis,

315 4111 381 4156 non
402 4091 566 4153 steterunt.
595 4085 699 4166 Atque
721 4083 815 4144 etiam
837 4081 897 4164 ipsi
919 4081 1001 4144 inter
1022 4101 1056 4145 se
1078 4101 1225 4144 censores
1247 4101 1305 4146 sua
1326 4081 1444 4146 iudicia
1465 4086 1547 4148 tanti
1570 4099 1637 4146 esse

138 4156 208 4282 αἱ
315 4165 533 4250 arbitrantur(
543 4175 581 4231 ut
601 4168 681 4231 alter
701 4167 830 4230 alterius
851 4166 1004 4229 iudicium
1025 4185 1090 4229 non
1113 4167 1208 4230 modo
1222 4163 1455 4262 reprebendpt.)
1469 4169 1527 4232 sed
1543 4168 1636 4232 etiam

379 4343 403 4392 t.
418 4339 512 4404 possim
527 4333 586 4386 ST:
609 4347 710 4398 possum
725 4331 867 4386 RALSO.
887 4358 914 4368 -
934 4331 959 4382 3.
977 4332 1029 4382 eiua
1045 4333 1099 4383 ST.
1120 4359 1146 4370 -
1172 4333 1197 4383 6.
1215 4331 1319 4396 cmsitit]
1335 4331 1421 4383 indicti
1439 4334 1464 4384 T.
1484 4359 1512 4370 —
1532 4335 1557 4385 Τ.
1576 4328 1635 4381 iliad

309 4417 422 4482 primum
438 4414 496 4464 ST:
513 4411 625 4474 primam
641 4408 703 4458 illud
719 4406 861 4458 netto.
877 4433 904 4444 -
921 4413 1078 4472 p'rneponom
1094 4411 1122 4460 Τ.
1144 4435 1171 4446 -
1190 4409 1214 4459 8.
1232 4412 1381 4459 contemtum
1396 4408 1422 4458 S.
1441 4433 1468 4444 -
1489 4409 1513 4459 9.
1532 4415 1633 4470 werpes.

311 4489 417 4554 exempti
433 4501 512 4538 causo
525 4497 619 4550 ponam
635 4486 692 4536 ST:
711 4489 806 4546 tenpus
821 4485 948 4546 coemptis.
965 4498 1059 4549 ponem
1075 4479 1218 4534 netto,
1239 4511 1263 4520 -
1281 4496 1359 4533 anua
1374 4483 1437 4532 illud
1452 4485 1478 4533 S.
1498 4507 1525 4518 —
1545 4483 1586 4534 to.
1603 4477 1632 4528 ob

310 4568 339 4617 t.
358 4566 387 4616 T.
401 4589 428 4600 -·
448 4565 488 4612 tt.
507 4575 557 4612 esse
571 4562 753 4624 incompertos
770 4561 830 4610 ST:
848 4561 929 4623 ipsum
943 4566 1030 4623 posteo
1046 4573 1095 4611 esse
1111 4555 1253 4610 RALTO.
1268 4586 1296 4598 -
1313 4555 1630 4609 aroatocensoctbusST:

311 4655 329 4692 o
344 4638 486 4692 camoribus
501 4641 575 4688 nont
590 4634 732 4689 stetu.
748 4663 775 4672 -
795 4636 834 4685 te.
854 4635 928 4701 etp]
946 4637 1101 4699 ecp.S.-
1120 4636 1160 4685 lb.
1179 4635 1222 4696 od]
1238 4635 1266 4684 to
1282 4636 1335 4685 ST.
1350 4659 1377 4670 -
1397 4635 1437 4684 ld.
1457 4633 1519 4685 Gelli
1535 4633 1629 4684 Ti.-

311 4717 352 4767 tt.
370 4713 513 4765 mutones
530 4725 620 4779 pr.m.
637 4739 664 4749 -
684 4713 723 4763 ts.
742 4713 899 4775 nanneno
915 4713 949 4762 u.
964 4739 992 4748 -
1011 4712 1052 4762 2⁰.
1070 4715 1204 4773 capturus
1220 4711 1334 4774 ipsoram
1348 4711 1512 4772 pxuntnnon
1528 4711 1595 4760 F.-
1612 4702 1630 4751 ll

311 4805 364 4842 om.
383 4791 442 4841 TA.
463 4815 490 4825 —
508 4789 549 4840 Sl.
567 4787 670 4860 illorum
686 4799 739 4838 om.
756 4788 790 4839 bl.
806 4813 833 4824 -
851 4787 946 4853 renuo]
964 4787 1243 4850 pomulorumnomine
1260 4787 1316 4836 ΤΑ.
1336 4809 1364 4823 -
1383 4787 1424 4837 22.
1442 4785 1563 4835 mern
1578 4791 1627 4830 om.

310 4868 339 4918 T.
354 4893 381 4904 -
393 4864 469 4916 vestrl
480 4865 514 4916 u.
527 4889 554 4902 -
572 4863 612 4914 at.
625 4874 793 4913 couaomom.
807 4863 865 4921 ST;
882 4863 935 4912 otm
951 4865 1020 4914 conl.
1033 4861 1196 4913 Halmius-
1215 4863 1255 4913 28.
1268 4863 1347 4912 solean
1362 4861 1424 4912 illud
1441 4861 1520 4913 sust
1530 4875 1537 4910 ε
1555 4857 1627 4909 :obn

308 4942 401 4992 indues
416 4941 479 4991 illud
495 4935 635 4990 netto,
655 4965 683 4974 -
706 4937 748 4988 29.
765 4935 950 5000 mbscrtptionts
966 4938 1000 4989 lt.
1021 4963 1048 4974 -
1072 4936 1183 4987 mblotos
1199 4937 1257 4988 ST:
1281 4938 1376 4988 dalmas
1392 4938 1431 4996 u;
1450 4935 1541 4986 mutor
1556 4928 1625 4984 Flla

309 5013 406 5067 to—
425 5015 465 5066 ³2.
484 5009 706 5078 occepisseSTb:
733 5014 823 5076 coptsm
839 5013 956 5065 ltALO.
977 5039 1004 5049 -
1029 5012 1069 5063 ut.
1091 5012 1165 5062 tectos
1181 5013 1238 5063 ST:
1264 5013 1364 5064 setectm
1381 5010 1522 5063 netto,
1543 5037 1568 5047 -
1584 5002 1625 5056 sibl

307 5103 446 5153 nunquam
467 5090 524 5140 ST:
550 5101 688 5150 omnmo
708 5088 754 5138 albi
773 5087 916 5142 anteo.
940 5115 967 5126 -
993 5086 1034 5139 36.
1051 5087 1252 5150 inpedimentum
1268 5087 1325 5139 ΤΑ.
1346 5113 1371 5128 -
1392 5087 1511 5138 diem
1526 5085 1579 5136 ΤΑ.
1597 5099 1620 5114 -·

310 5157 351 5210 er.
368 5156 496 5222 ameum
511 5157 571 5208 sr:
591 5155 716 5221 amus
731 5151 874 5208 alnao.
