3642 5868
274 438 337 510 246
636 445 679 509 IN
700 369 1010 509 manuplello
1033 441 1217 509 SECUNDA

274 615 506 684 intercalarium
526 633 592 679 xnr
613 612 681 678 dics
703 613 847 698 longum,
869 619 905 678 ut
924 614 1038 698 reliqui
1059 631 1184 678 menses
1205 615 1239 678 in
1261 633 1349 679 suam
1369 615 1524 680 rationem
1545 637 1596 681 re-

274 717 479 776 verterenhrr.
511 711 581 775 lloc
602 710 630 773 si
650 695 766 772 Romae
789 705 856 774 fieri
876 716 999 792 posset,
1021 715 1106 773 certe
1128 707 1235 793 aliqua
1248 708 1369 772 ratione
1384 717 1596 792 expugnasset

273 807 346 880 iste,
367 810 404 868 ut
424 802 492 868 dies
513 824 579 868 ην
599 805 681 868 inter
702 803 794 866 binos
816 797 909 866 ludos
931 802 1131 878 tollerentur,
1153 823 1211 885 per
1232 822 1312 887 quos
1335 803 1421 867 solos
1443 803 1595 868 iudicium

271 900 341 964 fieri
363 905 479 983 posset.
509 899 589 960 LIII.
612 893 684 960 434.
705 898 772 962 lam
786 916 862 962 vero
885 915 1033 960 censores
1048 895 1196 980 quemad
1211 896 1386 960 modumin
1403 896 1511 960 Sicilia
1531 898 1594 961 isto

249 998 418 1076 epraetore
439 993 535 1057 creati
558 994 636 1068 sint,
668 1011 781 1076 operae
803 994 937 1076 pretium
959 998 1008 1054 est
1028 1009 1230 1074 cognoscere.
1273 991 1330 1054 Ille
1355 993 1439 1055 enim
1461 999 1509 1056 est
1529 1013 1595 1056 ma·

272 1087 419 1170 gistrmus
447 1085 529 1170 apud
555 1085 694 1160 Siculos,
728 1087 783 1167 qui
811 1085 1049 1167 diligentissime
1079 1084 1245 1148 mandatur
1270 1103 1289 1146 a
1318 1084 1437 1167 populo
1466 1095 1595 1169 propter

271 1179 352 1244 hanc
374 1199 515 1255 oausam,
541 1178 627 1264 quod
650 1199 760 1242 ornnes
783 1178 880 1242 Siculi
902 1198 943 1240 ex
965 1197 1063 1241 censu
1083 1177 1253 1261 quotannis
1275 1177 1392 1242 tributa
1413 1179 1594 1244 conferunt:

271 1273 305 1337 in
328 1291 424 1336 censu
444 1272 592 1337 habendo
614 1279 755 1356 potestas
777 1273 879 1336 omnis
902 1272 1128 1335 aestimationis
1150 1271 1314 1336 habendae
1333 1269 1535 1359 summaeque
1549 1274 1595 1338 ia-

271 1366 402 1432 ciendas
425 1368 547 1431 censori
568 1368 768 1450 permittitur.
801 1369 914 1450 ltaque
936 1372 968 1428 et
988 1365 1143 1448 populns,
1165 1367 1215 1429 cui
1230 1367 1399 1431 maximam
1414 1368 1510 1433 fidem
1524 1389 1596 1434 sua-

234 1482 340 1531 surum
361 1483 466 1526 rerum
486 1462 614 1536 habeat,
647 1463 784 1526 maxima
805 1482 879 1525 cura
901 1461 1011 1544 deIIgit
1032 1465 1064 1522 et
1084 1467 1215 1543 propter
1236 1463 1483 1544 magnitudinem
1505 1471 1596 1547 pote·

271 1557 361 1621 statis
388 1555 441 1619 hic
467 1556 665 1639 magistratus
687 1576 706 1620 a
733 1554 852 1638 populo
880 1575 1000 1618 summa
1021 1553 1191 1618 ambitione
1213 1554 1422 1620 contenditur.
1464 1552 1535 1622 434.
1558 1559 1595 1622 ln

271 1670 311 1713 ea
341 1669 375 1712 re
403 1649 464 1713 iste
492 1649 572 1713 nihil
599 1650 731 1714 obscure
758 1649 862 1712 lacere
884 1648 999 1723 voluit,
1030 1669 1095 1712 non
1116 1650 1149 1712 in
1172 1651 1337 1714 sortitione
1358 1651 1468 1716 tallere
1491 1673 1595 1736 neque

271 1745 340 1808 dies
370 1743 409 1806 de
440 1742 529 1808 fastis
559 1746 708 1814 eximere.
750 1743 836 1806 Nihil
864 1763 940 1806 sane
968 1742 1055 1807 vafre
1083 1763 1143 1807 nec
1165 1745 1318 1808 malitiose
1340 1745 1443 1810 facere
1465 1755 1594 1811 conatus

271 1844 339 1903 est:
362 1836 419 1900 sed
440 1843 476 1901 ut
498 1839 602 1902 studia
623 1837 874 1920 cupiditatesque
894 1837 1050 1900 honorum
1073 1845 1167 1921 atque
1189 1838 1377 1904 ambitiones
1393 1862 1434 1904 ex
1448 1843 1593 1906 omnibus

234 1953 263 2001 44
271 1931 449 1997 civitatibus
463 1931 663 2006 tollerentur,
687 1952 767 2015 quae
783 1951 834 1994 res
849 1929 1035 1996 evertendae
1054 1931 1100 1995 rei
1114 1929 1260 2014 publicae
1275 1934 1380 1997 solent
1394 1956 1475 2010 esse,
1490 1942 1594 1999 osten-

272 2026 319 2090 dit
340 2046 409 2090 sese
431 2027 465 2090 in
487 2027 632 2090 omnibus
655 2026 833 2090 civitatibus
855 2045 1001 2088 censores
1023 2044 1093 2087 esse
1107 2024 1272 2088 facturum.
1308 2022 1379 2092 433.
1396 2031 1497 2094 Tanto
1512 2049 1595 2093 mer·
1623 2063 1625 2068 ·

270 2127 341 2185 catu
362 2122 516 2204 praetoris
537 2119 658 2184 indicto
681 2121 875 2184 concurritur
895 2120 1036 2202 undique
1050 2119 1089 2181 ad
1112 2120 1206 2182 istum
1222 2119 1401 2204 Syracusas.
1429 2124 1595 2207 Flagrabat

270 2222 336 2280 tota
357 2215 469 2278 domus
490 2215 648 2298 praetoria
670 2215 773 2277 studio
795 2213 958 2277 hominum
974 2220 1005 2275 et
1019 2213 1206 2296 cupiditate,
1228 2233 1287 2277 nec
1305 2217 1428 2293 mirum,
1449 2219 1594 2282 omnibus

271 2310 406 2374 comitiis
428 2316 475 2374 tot
496 2309 657 2373 civitatum
677 2328 772 2372 unam
793 2311 827 2372 in
849 2308 976 2372 domum
998 2309 1154 2371 revocatis
1174 2315 1322 2392 tantaque
1337 2312 1509 2377 ambitione
1523 2331 1596 2397 pro·

232 2406 391 2472 revincire
414 2404 510 2466 totius
532 2405 566 2466 in
587 2421 650 2466 uno
674 2403 819 2467 cubiculo
847 2404 978 2467 inclusa.
1021 2401 1195 2485 Exquisitis
1216 2402 1320 2487 palam
1341 2407 1451 2487 pretiis
1474 2414 1506 2470 et
1526 2407 1596 2471 lici-

270 2497 441 2562 tationibns
469 2495 560 2560 lactis
590 2497 788 2560 describebat
810 2517 956 2561 censores
978 2496 1070 2560 binos
1093 2497 1126 2558 in
1148 2499 1288 2581 singulas
1310 2501 1453 2564 civitates
1476 2503 1605 2576 Timar,

271 2591 389 2655 chides.
432 2591 464 2654 ls
491 2610 548 2654 suo
579 2591 687 2654 labore
711 2593 839 2674 suisque
861 2590 1096 2654 accessionibus
1117 2590 1211 2654 huius
1232 2593 1353 2674 negotii
1374 2601 1468 2677 atque
1490 2596 1595 2678 operta

270 2685 417 2751 molestia
437 2685 702 2769 consequebatur,
723 2693 760 2749 ut
781 2685 822 2748 ad
843 2687 938 2748 istum
960 2686 1027 2748 sine
1049 2683 1114 2747 ulla
1136 2685 1347 2750 sollicitudine
1366 2708 1486 2752 summa
1500 2708 1596 2772 pecu·

270 2784 342 2846 niae
362 2781 542 2844 referretur.
585 2780 651 2843 Iam
673 2779 726 2845 bic
749 2779 964 2844 Timarchides
986 2783 1135 2862 quantam
1156 2781 1322 2860 pecuniam
1343 2781 1468 2857 fecerit,
1500 2783 1594 2866 plane

232 2873 373 2943 coadhuc
395 2891 588 2956 cognoscere
603 2893 667 2936 non
682 2874 845 2956 potuistis:
866 2891 975 2936 verum
990 2880 1094 2935 tamen
1108 2873 1214 2954 priore
1232 2875 1368 2950 actione,
1391 2897 1484 2959 quam
1497 2878 1594 2953 varie,

270 2986 363 3051 wem
386 2966 528 3051 improbe
549 2966 717 3049 praedatus
743 2974 840 3042 esset,
863 2967 1030 3031 multorum
1052 2969 1242 3032 testimoniis
1265 2971 1466 3052 cognovistis.

353 3056 531 3124 le.,t3t.
560 3061 622 3124 Sed
649 3081 689 3124 ne
717 3063 890 3137 miremini,
925 3079 988 3145 qua
1016 3063 1139 3125 ratione
1166 3062 1219 3126 bic
1246 3069 1367 3127 tantum
1392 3064 1477 3146 apud
1499 3066 1594 3129 istum

269 3154 400 3220 libertus
423 3157 576 3238 potuerit,
599 3174 757 3237 exponam
776 3155 866 3219 vobis
887 3155 1039 3228 breviter,
1062 3155 1138 3239 quid
1160 3156 1297 3220 hominis
1319 3159 1377 3234 sit,
1399 3166 1434 3222 ut
1449 3165 1481 3222 et
1503 3160 1593 3222 istius

269 3249 460 3332 nequitiam,
487 3251 543 3332 qui
563 3249 652 3313 illum
675 3269 781 3313 secum
803 3249 946 3313 habuerit
967 3269 1005 3312 eo
1028 3252 1212 3331 praesertim
1233 3271 1364 3315 numero
1387 3272 1423 3316 ac
1445 3252 1530 3327 loco,
1562 3261 1594 3316 et

232 3343 477 3416 spcalamitatem
499 3344 679 3425 prorInciae
702 3345 906 3426 cognoscatis.
948 3345 985 3406 ln
1007 3344 1171 3407 mulierum
1194 3346 1379 3429 corruptelis
1403 3353 1434 3410 et
1455 3348 1593 3411 inomni

269 3437 444 3504 eiusmodi
466 3439 591 3502 luxuria
612 3445 705 3523 atque
728 3438 869 3522 nequitia
890 3437 1064 3501 mirandum
1086 3439 1121 3501 in
1143 3438 1270 3502 modum
1292 3440 1487 3522 reperiebam
1508 3439 1593 3504 hunc

269 3531 500 3597 Timarchidem
521 3530 561 3596 ad
583 3533 675 3596 istius
697 3533 868 3615 flagitiosas
889 3531 1038 3594 libidines
1058 3532 1310 3615 singularemque
1337 3535 1512 3617 nequitiam
1537 3555 1594 3598 na·

270 3634 335 3690 tum
350 3632 443 3708 atque
459 3635 566 3709 aptum
580 3626 693 3692 tuisse:
715 3627 922 3708 investigare,
944 3625 1049 3699 adire,
1071 3626 1247 3708 appellare,
1269 3647 1486 3711 corrumpere,
1501 3629 1593 3711 quid-

268 3725 316 3786 vis
336 3719 440 3786 iacere
461 3721 496 3784 in
510 3722 577 3784 eius
592 3722 678 3784 modi
699 3722 810 3796 rebus,
832 3721 975 3804 quamvis
990 3720 1118 3795 callide,
1141 3723 1282 3803 quamvis
1304 3723 1461 3797 audacter,
1484 3742 1593 3807 quam

231 3817 316 3884 sevis
337 3816 552 3900 impudenter:
573 3815 709 3881 eundem
731 3817 809 3880 mira
830 3814 985 3898 quaedam
1009 3815 1189 3897 excogitare
1211 3835 1327 3898 genera
1347 3815 1490 3880 furandi:
1519 3835 1592 3880 nam

268 3912 372 3995 ipsum
393 3913 523 3976 Verrem
544 3917 664 3975 tantum
685 3910 815 3974 avaritia
836 3928 960 3993 semper
979 3909 1088 3971 hiante
1109 3915 1203 3992 atque
1219 3911 1400 3974 imminente
1414 3910 1523 3986 husae,
1544 3912 1592 3974 in-

332 4181 357 4230 4.
374 4179 468 4231 XXXV.
486 4195 518 4242 φ.
539 4207 566 4217 -
586 4179 610 4230 3.
627 4178 834 4243 remigiae.
853 4181 929 4231 Hunc
946 4191 1087 4230 numerum
1105 4180 1127 4228 si
1145 4191 1206 4230 cum
1219 4179 1320 4231 llalmic
1337 4182 1461 4233 restituas
1477 4185 1591 4247 utroque

267 4257 293 4308 in
310 4255 381 4318 loco,
399 4256 466 4306 ratio
484 4256 518 4306 ita
535 4258 609 4306 recte
627 4257 742 4316 constat,
761 4257 790 4304 ut
806 4268 821 4304 a
838 4254 889 4304 tine
907 4253 1029 4305 ludorum
1048 4256 1224 4306 Romanorum
1242 4255 1267 4306 ln
1284 4256 1354 4307 circo
1366 4269 1451 4321 usqua
1463 4257 1498 4309 ad
1514 4257 1592 4312 ludos

266 4332 397 4382 Vtctoriac
415 4344 550 4382 numeres.
571 4355 598 4368 -
616 4331 682 4381 ictor
698 4329 721 4381 4.
740 4329 790 4379 tac.
811 4323 891 4381 Prisc.
904 4331 935 4380 lt.
953 4343 980 4395 p.
994 4329 1050 4380 394.
1072 4357 1099 4367 -
1118 4329 1142 4380 l.
1158 4330 1322 4394 percingit
1339 4345 1365 4396 p.
1385 4345 1420 4382 m.
1441 4359 1469 4368 -
1487 4334 1535 4385 isto
1547 4348 1590 4399 pr.

265 4409 293 4460 ic
309 4408 359 4458 Sic.
379 4407 447 4472 4344
462 4408 491 4457 Β.
512 4433 539 4443 -
563 4408 587 4458 c.
606 4406 655 4456 sict
675 4406 711 4455 L:
735 4410 792 4456 suci
809 4404 887 4456 codd.
909 4433 936 4443 -
955 4405 979 4456 6.
999 4405 1042 4467 qui
1058 4403 1143 4469 4344ε
1170 4407 1212 4455 cui
1228 4404 1320 4470 pleriq.
1339 4405 1417 4458 codd.
1438 4435 1465 4444 -
1483 4409 1508 4459 8.
1527 4415 1550 4459 ct
1565 4411 1592 4460 in

265 4482 425 4535 emissent.
445 4481 518 4536 llot.;
536 4481 564 4530 io
579 4494 654 4531 censu
670 4484 754 4530 cuein
770 4481 837 4531 conl.
852 4483 879 4532 4.
900 4507 927 4516 -
945 4480 1075 4544 faciendae
1091 4479 1208 4544 4344φ,;
1226 4481 1361 4544 [mundae
1378 4485 1422 4532 rtt.
1436 4482 1465 4533 0.
1486 4509 1513 4520 —
1532 4485 1556 4536 9.
1569 4489 1592 4536 ct

261 4573 322 4624 pop.
341 4557 373 4609 l:
392 4558 455 4620 etp.
474 4556 534 4617 dtt.;
552 4569 608 4606 cum
620 4569 681 4619 pop.
701 4557 730 4607 0.
743 4583 770 4592 -
789 4558 830 4608 cui
845 4559 986 4608 mwimcm
1003 4556 1092 4607 codd:
1111 4557 1152 4605 cci
1167 4559 1278 4608 maxime
1295 4569 1385 4610 errore
1403 4561 1507 4624 typogr.
1527 4561 1588 4612 Ern.

268 4663 295 4673 -
315 4635 355 4685 40.
374 4631 496 4698 diligiti.
517 4660 545 4670 -
570 4632 610 4682 44.
628 4633 674 4683 ista
691 4631 789 4697 ngssu
800 4647 805 4681 :
825 4646 877 4685 om.
897 4636 942 4684 cti.
963 4659 989 4670 -
1008 4633 1091 4696 tacere
1107 4644 1161 4682 om.
1180 4634 1204 4683 It
1221 4636 1249 4683 et
1264 4633 1333 4697 4344
1350 4647 1377 4698 p.
1396 4646 1433 4684 m.
1454 4661 1481 4671 -
1500 4632 1541 4685 44.
1559 4648 1592 4686 ca

264 4710 403 4762 hominibus
426 4707 613 4770 civitatibusque
638 4706 706 4772 4344
730 4721 755 4772 p.
774 4721 821 4768 m.,
851 4709 921 4772 quod
943 4710 1079 4774 Zumptius
1100 4709 1210 4772 recepit.
1238 4735 1265 4746 -
1291 4711 1330 4759 444.
1355 4709 1499 4760 oderantur
1524 4709 1591 4774 4344

264 4799 291 4852 p.
310 4799 363 4837 m.:
382 4785 476 4836 tolleret
492 4785 538 4836 ctt.
558 4783 587 4834 0.
608 4809 635 4819 -
653 4783 717 4844 reip.
736 4784 788 4834 Fhl
805 4783 899 4846 pleriq.
919 4783 968 4834 al:
985 4785 1049 4846 reip.
1068 4795 1147 4832 causo
1164 4783 1241 4846 pauci
1259 4783 1337 4834 codd.
1352 4810 1380 4820 -·
1399 4785 1438 4834 44.
1456 4784 1592 4849 srcprcbot

265 4863 334 4926 4344
349 4863 408 4913 ΑΒ.
428 4859 461 4912 ct.
480 4859 521 4910 IV.
542 4859 566 4924 θ.
585 4859 625 4909 74.
644 4871 671 4924 p.
690 4858 762 4911 Coel.
781 4858 805 4922 5.
825 4860 864 4910 44.
884 4857 1006 4910 Doederl.
1031 4859 1128 4922 synon.
1147 4859 1178 4908 11.
1195 4870 1222 4921 p.
1242 4856 1298 4909 443.
1322 4883 1350 4895 -
1378 4859 1418 4909 48.
1437 4863 1490 4909 toto
1506 4859 1592 4908 44444444

264 4936 351 5000 egit:
369 4937 456 4987 44044444
472 4941 525 4986 toto
541 4937 587 4986 ctt.
606 4935 636 4985 O.
655 4961 683 4971 -
698 4936 825 4999 praetore
842 4935 919 5000 4344.
938 4961 964 4971 -
983 4935 1023 4984 44.
1043 4933 1226 4984 accersientem
1242 4935 1273 4985 N.
1288 4961 1315 4972 -
1334 4934 1376 4986 43.
1393 4935 1506 4985 molestie
1522 4933 1590 4997 4344

263 5014 340 5074 Nep:
363 5013 502 5064 motuticm
522 5014 568 5063 ctt
587 5012 616 5061 0.
637 5035 665 5048 -
687 5013 809 5075 pecuniae
825 5011 942 5076 tgiap:
962 5009 1072 5074 peace
1091 5009 1137 5060 ctt.
1157 5011 1184 5059 0.
1206 5033 1234 5046 -
1257 5009 1298 5059 44.
1317 5010 1460 5061 testimoniis
1476 5008 1544 5072 4344
1561 5019 1588 5072 p.

263 5098 300 5137 m.
318 5101 359 5150 p:
377 5101 411 5138 cc
426 5092 479 5138 test.
499 5089 544 5138 ott.
559 5087 588 5138 0.
609 5113 636 5122 -
654 5085 695 5136 49.
713 5086 800 5137 monii
817 5086 865 5137 dtt.
886 5112 913 5121 -
932 5086 972 5136 34.
990 5085 1129 5148 rcpmecct
1145 5084 1212 5148 4344
1229 5097 1257 5149 p.
1270 5098 1305 5136 m.
1321 5111 1348 5122 -
1367 5085 1408 5138 36.
1425 5097 1501 5150 scrop.
1514 5097 1587 5136 coar.

263 5160 311 5216 dtt.
331 5163 360 5214 0.
381 5189 408 5200 -
427 5163 568 5216 uncinatis
584 5162 653 5230 4344
670 5176 697 5230 p.
716 5175 767 5214 m.:
786 5161 925 5218 imminenti
941 5161 987 5216 ctt.
1006 5161 1035 5216 0.
