3642 5862
540 445 608 512 Lm.
631 447 669 512 V.
700 446 775 513 Gar.
798 445 969 510 lii-llll.
998 441 1054 529 §§.
1076 439 1227 508 26-34.
1487 443 1550 511 389

227 625 253 692 si
275 642 357 710 quae
378 619 525 686 castiores
547 624 647 692 erant,
667 617 709 681 sd
729 623 855 700 tempus
877 614 1054 690 veniebant,
1076 615 1181 678 lucem
1195 621 1450 700 conventumque
1470 617 1549 682 vita·

224 721 312 786 bant.
354 717 454 781 Erant
474 719 581 777 autem
603 711 748 776 convivia
769 731 834 774 non
858 709 914 774 illo
937 709 1063 772 silentio
1085 708 1196 792 populi
1218 710 1349 773 Romani
1369 717 1550 794 praetorum

224 822 319 898 atque
334 812 570 894 imperatomm,
590 825 696 891 neque
715 826 754 869 eo
775 806 907 888 pudore,
930 804 984 886 qui
1006 802 1040 864 in
1064 801 1300 884 magistratuum
1315 806 1467 868 conviviis
1481 826 1551 869 vcr-

224 910 286 974 sari
314 906 434 979 soleat,
463 901 520 965 sed
549 921 619 965 cum
649 901 786 963 maximo
815 899 951 962 clamore
978 905 1070 980 atque
1093 896 1251 959 convicioz
1284 916 1348 961 non
1376 917 1549 981 numquam

225 1004 319 1066 otiam
347 1017 398 1062 res
421 995 461 1060 ad
490 1015 628 1079 pugnam
657 1001 752 1078 atque
782 993 822 1056 ad
851 1011 961 1055 manus
989 989 1168 1054 vocabatur.
1217 991 1282 1053 Iste
1312 993 1395 1054 enim
1424 1000 1573 1075 praetore

223 1113 351 1161 severus
373 1111 410 1154 nc
433 1089 578 1171 diligens,
601 1087 656 1172 qui
679 1087 791 1170 populi
813 1086 946 1150 Romani
968 1083 1089 1166 legibus
1109 1103 1282 1167 numquam
1297 1086 1464 1168 paruisset,
1485 1086 1550 1150 illis

223 1189 361 1272 legibus,
392 1202 474 1268 quae
500 1183 535 1244 in
561 1181 684 1266 poculis
714 1181 931 1263 ponebantur,
960 1177 1128 1260 diligenter
1148 1177 1395 1263 obtemperabat.
1439 1179 1550 1263 Itaque

224 1288 314 1348 erant
341 1279 444 1342 exitus
471 1276 539 1340 eius
573 1273 676 1348 modi,
704 1280 740 1336 ut
767 1274 846 1337 alius
874 1276 958 1336 inter
985 1291 1097 1336 manus
1126 1291 1144 1335 e
1174 1273 1320 1336 convivio
1348 1279 1550 1358 tamqname

222 1376 346 1462 proelio
370 1372 557 1444 auferretur,
580 1367 662 1431 alius
683 1373 842 1450 tamquam
865 1368 988 1430 occisos
1010 1364 1251 1450 relinqueretur,
1272 1365 1417 1450 plerique
1438 1367 1550 1432 utt'usi

223 1474 292 1535 sine
314 1474 419 1531 mente
442 1485 478 1530 ac
500 1463 570 1526 sine
591 1462 658 1525 ullo
681 1480 778 1524 sensu
800 1461 950 1535 iacerent,
971 1466 1007 1522 ut
1029 1460 1143 1543 quivis,
1166 1477 1238 1522 cum
1257 1461 1464 1543 adspexisset,
1486 1482 1586 1530 nonio

224 1587 258 1630 se
281 1561 437 1648 praetoris
460 1557 640 1621 convivium
669 1555 725 1619 sed
746 1562 782 1617 ut
804 1555 1000 1618 Cannensem
1032 1572 1170 1636 pugnam
1191 1554 1351 1636 nequitiae
1371 1556 1479 1619 videre
1501 1576 1551 1620 ar·

222 1661 401 1723 bitraretur.
433 1651 504 1715 XII.
527 1647 577 1714 29.
602 1649 679 1712 Cum
700 1667 777 1712 vero
799 1657 901 1712 aestas
923 1667 1045 1711 summa
1061 1666 1130 1710 esse
1145 1655 1303 1732 coeperat,
1325 1647 1410 1732 quod
1425 1657 1551 1732 tempus

224 1769 334 1818 omnes
364 1746 492 1810 Siciliae
521 1763 646 1826 semper
680 1747 842 1827 praetores
872 1743 906 1804 in
934 1741 1100 1804 itineribus
1134 1759 1319 1805 consumere
1351 1751 1551 1820 consuerunt,

224 1851 393 1933 propterea
415 1838 500 1924 quod
524 1846 597 1901 tunc
618 1843 730 1920 putant
749 1835 926 1900 obeundam
947 1854 1017 1898 esso
1039 1837 1177 1898 maxime
1199 1837 1403 1919 provinciam,
1425 1857 1496 1900 cum
1518 1841 1552 1902 in

224 1940 307 2005 areis
330 1935 489 1998 formenta
510 1937 593 2004 sunt,
616 1929 702 2014 qnod
724 1937 756 1992 et
776 1929 915 1993 familiae
937 1937 1167 2012 congregantur
1188 1937 1220 1993 et
1233 1931 1415 2013 magnitudo
1431 1934 1589 2000 servifiiss

224 2031 417 2120 perspicitur
445 2032 478 2089 et
505 2024 594 2088 labor
616 2024 721 2106 operis
743 2024 878 2088 maxime
901 2022 1049 2098 offendit,
1071 2021 1220 2086 frumenti
1251 2025 1343 2108 copia
1365 2033 1551 2101 commonet,

225 2135 351 2208 tempus
372 2120 447 2184 anni
469 2137 534 2182 non
549 2117 695 2202 impedit:
716 2125 792 2192 tum,
815 2117 955 2200 inquam,
978 2135 1048 2179 cum
1063 2123 1254 2180 concursant
1268 2118 1363 2180 ceteri
1378 2127 1551 2201 praetores,

225 2226 288 2288 iste
310 2237 393 2283 novo
416 2214 553 2300 quodam
569 2232 685 2296 genere
698 2215 870 2295 imperator
883 2210 1096 2294 pulcherrimo
1112 2210 1337 2294 Syracusarum
1351 2213 1422 2276 loco
1438 2212 1551 2277 stativa

227 2316 287 2380 sibi
310 2318 414 2377 casua
434 2307 578 2372 iaciebat
613 2303 664 2368 30.
686 2307 765 2368 Nam
782 2305 815 2367 in
830 2306 900 2388 ipso
917 2305 1005 2368 aditu
1020 2312 1116 2390 atquo
1130 2325 1185 2369 ore
1201 2314 1322 2390 portus,
1343 2307 1398 2370 ubi
1413 2307 1550 2392 primum

225 2429 267 2474 ex
288 2407 352 2472 alto
374 2406 462 2469 sinus
484 2401 523 2466 ab
545 2399 699 2465 litore·ad
715 2401 826 2464 urbem
839 2399 1018 2475 inflectitur,
1040 2399 1244 2464 tabernacula
1259 2398 1416 2465 carbaseis
1429 2403 1588 2473 intentare

224 2503 304 2569 velis
325 2497 512 2564 collocabat.
555 2495 625 2558 Huc
646 2515 686 2558 cx
708 2494 763 2557 illa
785 2495 879 2558 domo
901 2495 1075 2576 praetoria,
1104 2513 1185 2576 quae
1206 2495 1288 2578 regis
1311 2495 1459 2560 Hieronis
1479 2497 1550 2572 luit,

225 2601 270 2663 sic
292 2591 482 2677 emigrabat,
510 2597 545 2653 ut
567 2609 640 2652 eum
661 2608 719 2671 per
746 2588 819 2650 illos
847 2587 915 2650 dies
946 2606 1040 2651 nemo
1072 2596 1161 2651 extra
1187 2588 1277 2652 illum
1311 2587 1416 2656 locum
1441 2593 1550 2657 videre

224 2698 341 2778 posset.
384 2688 421 2750 ln
443 2705 517 2748 eum
537 2691 643 2748 autem
665 2683 770 2766 ipsum
796 2683 901 2746 locum
930 2682 1034 2745 aditus
1061 2689 1128 2745 erat
1148 2683 1287 2758 nemini,
1319 2685 1382 2747 nisi
1412 2687 1468 2771 qui
1497 2693 1551 2752 aut

225 2787 329 2852 socius
351 2788 408 2846 aut
428 2779 572 2843 minister
592 2777 735 2842 libidinis
758 2795 827 2841 esse
849 2784 966 2859 posset.
1010 2776 1080 2840 lluc
1102 2797 1211 2842 omnes
1233 2777 1398 2855 mulieres,
1421 2781 1551 2865 quibus·

225 2901 296 2945 cum
317 2879 377 2940 iste
399 2879 582 2948 consuerat,
605 2870 851 2944 conveniebant,
874 2889 1007 2954 quarum
1028 2870 1213 2934 incredibile
1236 2878 1284 2935 est
1305 2881 1425 2956 quanta
1446 2874 1588 2943 multi-sc

224 2974 303 3038 tudo
324 2970 421 3034 luerit
442 2965 623 3050 Syracusis:
653 2965 715 3028 buc
735 2963 881 3030 homines
902 2964 989 3047 digni
1011 2966 1103 3029 istius
1125 2967 1278 3042 amicitia,
1300 2966 1388 3048 digni
1408 2967 1474 3030 vita
1496 2967 1552 3032 illa

225 3063 445 3145 conviviisque
465 3059 645 3123 veniebant
688 3060 774 3122 lntcr
794 3061 863 3122 eius
883 3057 969 3121 modi
991 3059 1076 3122 viros
1098 3067 1130 3122 et
1151 3059 1299 3124 mulieres
1320 3059 1429 3124 adulta
1450 3053 1552 3126 aetate

224 3157 308 3224 filius
322 3154 515 3227 versabatur,
522 3153 574 3230 (ut
588 3153 681 3308 eum?
694 3154 788 3217 etiam
811 3153 838 3215 si
852 3159 965 3215 natura
978 3172 998 3215 a
1011 3153 1149 3234 parentis
1165 3153 1371 3216 similitudine
1385 3153 1552 3240 abriperet,

211 3248 424 3328 (consuetudo
452 3254 557 3310 tamen
588 3266 624 3310 ac
674 3247 819 3330 isciplinn
845 3245 943 3329 patris
972 3242 1108 3306 similem
1129 3263 1200 3308 esse
1222 3236 1374 3334 cogeret.)
1401 3241 1452 3309 34.
1480 3249 1551 3312 lluc

226 3344 332 3410 Tertia
353 3343 410 3405 illa
430 3339 582 3424 perducta
603 3359 661 3422 per
682 3339 790 3402 dolum
821 3346 916 3423 atque
939 3336 1069 3401 insidias
1092 3337 1131 3400 ab
1153 3338 1279 3402 Rhodio
1299 3336 1431 3403 tibicine
1452 3343 1589 3412 maxi-30

226 3459 294 3503 mas
315 3438 349 3499 in
370 3436 462 3499 istius
485 3435 595 3496 castris
618 3434 760 3496 effecisse
783 3433 899 3496 dicitur
918 3431 1037 3505 turbas,
1059 3450 1131 3493 cum
1153 3431 1283 3513 indigne
1297 3438 1553 3516 patereturuxor

228 3529 406 3596 Cleomenis
429 3529 628 3612 Syracusani,
650 3527 776 3620 nobilis„
788 3527 911 3603 mulier,
931 3528 1071 3610 itemque
1086 3545 1169 3588 uxor
1182 3526 1395 3600 Aeschrionis,
1415 3527 1551 3592 honesto

226 3627 298 3689 loco
320 3630 411 3697 nata,
438 3623 682 3686 inconventum
704 3642 796 3684 suum
818 3621 904 3684 mimi
926 3619 1041 3682 lsidori
1062 3619 1159 3684 liliam
1182 3620 1317 3682 venisse.
1360 3619 1423 3683 lste
1445 3630 1551 3684 autem

228 3716 397 3793 Hannibal,
419 3715 475 3800 qui
498 3716 531 3778 in
553 3717 620 3778 suis
642 3716 751 3779 caruis
771 3715 887 3778 virtute
902 3721 1029 3798 putaret
1042 3719 1198 3797 oportere,
1219 3732 1284 3777 non
1300 3732 1413 3796 genere
1429 3717 1551 3792 certari,

291 3961 316 4010 2.
333 3960 360 4010 Ρ.
379 3958 408 4010 44.
423 3963 570 4020 mortuum
586 3957 621 4008 a:
637 3961 719 4019 preat.
733 3969 794 4019 pop.
812 3957 840 4006 fl.
854 3956 890 4015 03
905 3969 966 4018 pop.
980 3955 1008 4006 a.
1022 3966 1075 4005 om.
1089 3954 1154 4005 dett.
1167 3954 1230 4005 -3,
1249 3957 1508 4022 commensus.
1522 3985 1549 3995 -

227 4035 252 4088 l.
271 4035 331 4085 sotot
346 4032 411 4084 dett.
430 4032 459 4083 0.
474 4059 501 4069 -
515 4033 540 4083 s.
559 4033 594 4082 od
608 4043 699 4080 mansu
715 4036 790 4093 ctqate
806 4031 840 4080 od
852 4043 968 4094 pequam
985 4028 1050 4079 dett.
1064 4029 1092 4080 0.
1108 4052 1135 4064 -
1150 4027 1289 4079 uocabatur
1298 4028 1335 4081 aa
1346 4029 1363 4082 λ
1373 4031 1456 4095 ι309ι
1473 4035 1554 4085 cente

228 4109 272 4161 bot
288 4110 353 4160 dett.
371 4108 400 4159 0.
420 4133 449 4144 -
468 4106 492 4157 6.
511 4106 555 4170 qui
576 4119 629 4158 om.
648 4107 692 4157 449.
714 4133 741 4142 -
757 4101 845 4170 populi
866 4104 904 4171 44]
923 4111 1029 4168 praetor
1046 4105 1077 4156 04
1094 4106 1118 4156 9.
1138 4130 1165 4142 -
1185 4105 1209 4155 7.
1234 4105 1364 4168 diliqcntcr
1385 4107 1433 4159 obt.
1452 4107 1499 4160 aa:
1526 4111 1553 4160 in

229 4185 294 4235 dett,
313 4184 443 4248 dittpm·
459 4185 522 4232 onte
538 4182 630 4246 4434043
647 4179 800 4241 collocatur,
819 4183 846 4230 et
857 4182 897 4231 sic
907 4180 936 4230 0.
952 4207 978 4218 -
993 4179 1016 4230 9.
1030 4185 1058 4230 ot
1067 4179 1117 4244 004
1127 4179 1177 4232 aa:
1195 4179 1245 4244 pisi
1256 4178 1320 4231 dett.
1334 4183 1363 4232 0.
1378 4209 1405 4220 -
1419 4184 1459 4234 40.
1474 4185 1555 4247 qutotr

228 4265 256 4311 at
271 4258 336 4310 dett.
355 4258 384 4308 0.
405 4283 431 4294 -
451 4258 587 4320 aspectos
602 4258 638 4317 113
656 4258 808 4319 ammiscent
825 4255 902 4319 ngas.
923 4281 950 4291 -
968 4269 1020 4306 oon
1035 4254 1067 4321 se]
1087 4269 1137 4305 nou
1152 4260 1180 4304 ct
1195 4268 1221 4307 ss
1237 4253 1282 4306 aa.
1302 4283 1328 4294 -
1351 4256 1389 4308 44.
1407 4259 1450 4309 scd
1467 4259 1504 4325 nt]
1525 4263 1554 4310 ut

229 4347 283 4385 om.
301 4333 330 4384 L.
350 4358 378 4369 -
397 4333 437 4382 ts.
456 4345 506 4382 csso
522 4330 572 4381 aa:
597 4343 647 4380 csso
668 4331 722 4380 tam
743 4329 808 4381 dett.
832 4331 861 4381 0.
882 4357 909 4366 -
929 4330 969 4380 43.
993 4343 1089 4394 scnspcr
1109 4329 1211 4380 &cilice
1233 4331 1311 4394 lagg.
1333 4335 1441 4396 praeter
1461 4331 1502 4384 lt.
1522 4359 1550 4370 -

228 4410 376 4460 comeum
392 4406 413 4457 a
430 4405 476 4456 Ld.
495 4405 578 4468 ngas:
597 4406 855 4457 conmeantum
872 4405 936 4456 dett.
954 4405 984 4454 0.
1000 4433 1026 4442 -
1041 4404 1081 4456 ll.
1099 4409 1157 4455 tunc
1168 4405 1219 4456 R3:
1237 4405 1365 4457 tumdett.
1379 4409 1408 4458 0.
1423 4434 1451 4446 -
1465 4409 1505 4460 46.
1519 4408 1555 4472 o(-

226 4483 304 4550 lcndtt
320 4481 366 4544 R3,
385 4479 463 4531 codd.
483 4479 575 4532 Lemb.
595 4479 689 4544 (Madv.
708 4481 785 4546 epist.
803 4492 831 4545 p.
850 4480 906 4530 403.
925 4479 973 4543 Op.
991 4481 1011 4530 l.
1031 4493 1057 4545 p.
1070 4477 1150 4543 abal:
1169 4481 1303 4543 offenditis
1318 4481 1382 4533 dett.
1402 4484 1431 4535 0.
1452 4512 1479 4523 -
1496 4486 1555 4549 fiu-

227 4559 304 4610 mcnti
320 4557 357 4609 aa
372 4552 404 4606 l:
423 4561 447 4607 ct
461 4556 539 4620 frons.
558 4555 622 4606 dett.
642 4557 670 4608 0.
693 4573 719 4594 ¹-
739 4557 778 4607 st.
797 4555 890 4618 inpedit
906 4556 936 4605 ll.
951 4581 978 4591 -
992 4555 1032 4606 48.
1052 4557 1160 4618 quodam
1177 4569 1211 4606 ccc
1226 4568 1314 4620 qaaere
1330 4556 1394 4609 dett.
1414 4558 1442 4610 0.
1458 4587 1487 4598 -
1499 4560 1554 4610 lusco

229 4633 330 4698 allquot
345 4631 410 4683 dett.
430 4631 487 4694 (sed
503 4628 590 4681 nullus
607 4633 697 4696 4333,
716 4644 766 4682 neo
783 4630 824 4680 alii
842 4629 932 4691 codd..
951 4633 980 4680 ut
996 4629 1108 4681 videtur.
1136 4632 1191 4681 Nec
1206 4630 1273 4681 inlra
1289 4645 1316 4682 v.
1334 4631 1366 4682 23
1384 4635 1411 4684 et
1426 4632 1467 4687 st.
1485 4633 1554 4684 ullus

230 4709 315 4762 codex
332 4710 416 4759 lucum
431 4705 530 4770 habet.)
551 4733 579 4742 -
599 4707 638 4758 49.
656 4707 706 4769 uos]
723 4712 752 4757 ct
769 4705 814 4767 R3,
833 4705 910 4756 codd.
929 4704 1021 4755 lamb.
1041 4705 1078 4756 Gi.
1097 4704 1183 4756 Madv.
1193 4719 1228 4794 p.
1243 4707 1299 4757 405.
1316 4731 1342 4744 -
1361 4707 1402 4758 tt.
1420 4709 1454 4758 cd
1469 4707 1555 4758 orbem

230 4785 262 4836 ab
278 4785 350 4834 litore
367 4783 432 4834 dett.
451 4781 480 4832 0.
503 4779 532 4846 (a
547 4781 619 4833 litore
635 4783 723 4846 ngas.)
744 4809 771 4818 —
789 4781 831 4832 at.
849 4779 993 4831 mcccc
1017 4781 1049 4838 n;
1076 4780 1213 4831 conlocauit
1231 4781 1291 4832 cod.
1315 4782 1455 4847 Bamberg.
1479 4783 1555 4835 Nonii

229 4873 255 4926 p.
274 4859 332 4911 044.
353 4885 380 4895 -
399 4859 438 4909 tt.
457 4861 486 4907 ut
501 4869 558 4908 cum
571 4869 618 4920 per
633 4858 690 4907 illos
704 4858 730 4908 d.
749 4871 774 4906 n.
793 4855 841 4906 R3:
867 4861 895 4904 ut
909 4867 957 4918 pcc
971 4867 1013 4905 sos
1028 4855 1080 4906 dics
1099 4869 1170 4906 mmo
1192 4857 1268 4907 utum
1290 4856 1355 4908 dett.
1374 4859 1402 4908 0.
1423 4883 1451 4896 -
1470 4859 1553 4920 wan]

231 4947 264 4987 cac
280 4937 308 4986 a.
329 4961 356 4970 -
375 4931 417 4984 al.
436 4931 524 4995 340004
540 4931 605 4981 dett.
620 4959 647 4970 -
660 4933 702 4984 rt.
719 4935 851 4982 connect
868 4931 888 4980 n
906 4933 934 4980 et
948 4927 1081 4994 plerique:
1100 4937 1260 4982 mnucomt
1276 4932 1322 4982 Ld.
1341 4931 1461 4996 434442.
1479 4933 1509 4982 0.
1524 4959 1552 4969 -

229 5011 270 5061 26.
293 5011 340 5060 buo
360 5019 444 5059 comcs
464 5005 542 5069 tras.
562 5031 590 5041 -
608 5008 683 5057 cmtc.
706 5011 729 5058 st
750 5007 820 5070 043444
841 5006 922 5057 idem.
942 5031 971 5043 -
989 5005 1030 5057 27.
1054 5012 1078 5056 st
1096 5007 1158 5057 mal.
1182 5007 1232 5059 aa:
1259 5005 1502 5057 remandato.
1524 5031 1551 5043 -

229 5087 273 5136 tl.
288 5083 378 5136 twbcs
394 5084 486 5134 amer
501 5080 566 5134 dett.
584 5082 614 5134 0.
635 5109 663 5121 -
681 5082 724 5134 st.
744 5083 851 5146 temque
871 5095 940 5133 amor
961 5082 998 5136 aa
1014 5080 1097 5150 ngas:
1122 5095 1191 5134 emor
1211 5095 1265 5134 om.
1289 5081 1354 5134 dett.
1372 5082 1402 5134 0.
1423 5106 1450 5119 ·-
1469 5080 1509 5135 94.
1527 5081 1555 5134 in
