3684 5862
613 463 940 530 cuxvn-xrx
968 462 1194 550 patr-ee.
1524 461 1566 530 te

244 633 388 700 studiose
411 633 525 711 coluit,
547 633 581 698 id
602 636 663 699 erit
684 637 714 702 ei
736 637 873 700 maxime
894 636 1014 713 t'raudi,
1036 643 1072 702 ut
1092 657 1206 722 parum
1227 637 1374 701 miseriae
1396 637 1454 712 sit,
1477 635 1566 722 quod

245 729 452 804 aliiscoluit,
477 731 641 804 nonsibi,
673 731 733 793 nisi
757 733 867 805 etiam,
897 732 984 816 quod
1015 734 1144 797 omnino
1167 733 1282 809 coluit,
1314 732 1437 795 crimini
1459 730 1566 795 inerit.

242 824 356 888 XVIII.
378 819 429 885 50.
451 825 496 888 Ne
519 829 568 900 tu,
598 825 710 899 Eruci,
744 833 909 888 accusator
931 845 1017 889 esses
1038 825 1208 900 ridiculus,
1232 827 1258 890 si
1281 827 1346 890 illis
1368 825 1566 909 temporibus

242 925 335 981 natus
358 938 459 993 esses,
482 939 555 983 cum
578 919 617 983 ab
639 925 743 982 aratro
765 919 1020 995 arcessebantur,
1043 920 1098 1005 qni
1115 921 1263 985 consules
1278 917 1399 984 fierent.
1430 920 1566 996 Etenim,

244 1012 300 1097 qui
322 1032 468 1094 praeesse
490 1034 567 1096 agro
583 1013 719 1077 colendo
734 1015 889 1097 flagitium
903 1023 1014 1098 putes,
1036 1015 1178 1097 prolecto
1197 1016 1288 1079 illum
1302 1015 1448 1091 Atilium,
1470 1036 1566 1100 quem
1589 1020 1606 1068 ὅ

243 1127 301 1170 sua
329 1127 425 1170 manu
455 1117 654 1192 spargentem
681 1129 787 1172 semen
818 1109 875 1192 qui
905 1109 992 1171 missi
1021 1115 1111 1172 erant
1145 1116 1375 1184 convenerunt,
1405 1111 1568 1173 hominem

242 1203 462 1285 turpissimum
484 1211 580 1289 atque
603 1201 899 1267 inhonestissimum
914 1202 1082 1266 iudicares.
1114 1203 1156 1264 at
1169 1202 1299 1265 hercule
1313 1198 1567 1269 maioreshdstri

241 1299 335 1382 longe
357 1300 449 1363 aliter
471 1307 503 1362 et
524 1298 564 1360 de
586 1299 643 1362 illo
666 1305 698 1361 et
720 1297 759 1360 de
782 1297 895 1359 ceteris
918 1295 1035 1359 talibus
1049 1296 1126 1359 viris
1143 1296 1379 1374 existimabant,
1403 1300 1511 1383 itaque
1527 1317 1569 1361 ex

241 1393 372 1457 minima
393 1393 647 1478 tenuissimaque
669 1415 703 1456 re
726 1390 855 1474 publica
877 1392 1045 1454 maximam
1069 1397 1101 1453 et
1117 1387 1372 1457 florentissimam
1386 1393 1480 1456 nobis
1494 1392 1569 1455 reli-

243 1495 391 1572 querunt.
427 1489 510 1551 Suos
533 1488 618 1549 enim
641 1507 734 1570 egros
757 1486 902 1548 studiose
922 1485 1086 1560 colebant,
1109 1504 1173 1548 non
1196 1485 1317 1549 alienos
1340 1486 1455 1570 cupide
1471 1493 1605 1569 appe-it

240 1583 367 1659 tebant;
402 1583 518 1667 quibus
551 1582 647 1646 rebus
681 1590 713 1645 et
740 1581 824 1664 agris
856 1585 887 1643 et
908 1579 1040 1642 urbibus
1063 1585 1095 1640 et
1115 1578 1298 1642 nationibus
1320 1599 1386 1642 rem
1407 1580 1568 1662 publicam

240 1683 337 1760 atque
358 1675 420 1739 hoc
442 1676 614 1758 imperinm
637 1682 670 1738 et
689 1675 802 1758 populi
823 1674 956 1737 Romani
970 1693 1086 1736 nomen
1101 1680 1268 1736 auxerunt.
1310 1669 1360 1736 5l.
1381 1675 1493 1758 Neque
1508 1693 1568 1757 ego

240 1769 320 1832 haec
343 1789 381 1832 eo
403 1769 552 1853 protero,
576 1790 641 1854 quo
665 1770 856 1833 conterenda
878 1769 942 1831 sint
963 1788 1035 1832 cnm
1055 1768 1160 1841 hIsce,
1184 1767 1223 1829 de
1238 1769 1355 1852 quibus
1369 1789 1456 1832 nunc
1470 1788 1569 1853 qnae·

241 1865 358 1938 rimus,
385 1863 440 1928 sed
463 1870 498 1926 ut
519 1864 601 1927 illud
622 1865 832 1947 intelligatur,
863 1884 934 1926 cnm
956 1862 1042 1945 apud
1064 1863 1200 1925 maiores
1221 1869 1349 1926 nostros
1373 1866 1486 1928 summi
1507 1863 1567 1928 viri

243 1958 475 2042 clarissimique
505 1958 666 2032 homines,
695 1959 751 2043 qui
784 1957 870 2020 omni
893 1964 1035 2040 tempore
1057 1957 1097 2020 ad
1119 1956 1333 2037 gubernacula
1354 1959 1400 2022 rei
1421 1958 1605 2042 publicaeto

244 2053 354 2116 sedere
388 2053 559 2126 debebant,
591 2053 755 2115 tamenin
783 2051 866 2134 agris
895 2071 1027 2136 quoque
1057 2051 1200 2115 colendis
1231 2051 1431 2137 aliquantum
1453 2071 1568 2134 operae

242 2148 460 2232 temporisque
482 2147 752 2230 consumpserint,
775 2147 897 2230 ignosci
919 2154 1066 2232 oportere
1088 2147 1117 2209 ci
1138 2147 1278 2221 homini,
1301 2148 1357 2231 qui
1379 2167 1413 2210 se
1432 2146 1571 2210 fateatur

244 2261 313 2305 esse
334 2242 503 2316 rusticum,
526 2261 599 2305 cum
620 2229 688 2306 ru'ri
709 2239 857 2304 assiduus
881 2261 1006 2324 semper
1026 2241 1158 2304 vixerit:
1186 2261 1258 2303 cum
1280 2242 1468 2324 praesertim
1489 2239 1570 2301 nihil

242 2343 341 2410 esset,
371 2335 461 2420 quod
490 2341 545 2397 ant
573 2334 655 2418 patri
678 2334 797 2417 gratius
819 2341 875 2398 aut
896 2335 956 2398 sibi
978 2334 1151 2398 iucundius
1173 2343 1228 2398 ant
1249 2355 1283 2398 re
1306 2355 1381 2400 vera
1400 2335 1569 2399 honestius

238 2427 345 2491 facere
366 2435 488 2511 posset.
1578 2437 1607 2488 tt

324 2520 375 2586 52.
399 2523 517 2587 Odium
539 2524 639 2607 igitur
660 2525 847 2588 acerrimum
869 2525 969 2608 patris
989 2525 1022 2587 in
1037 2521 1137 2588 lilium
1153 2545 1194 2589 ex
1207 2526 1287 2602 hoo,
1310 2528 1439 2611 opinor,
1463 2529 1570 2588 osten·

241 2621 344 2694 diiur,
366 2619 479 2693 Eruci,
502 2619 592 2703 quod
614 2621 700 2683 hunc
714 2621 780 2684 ruri
796 2640 865 2683 esse
881 2620 1068 2702 patiebatur.
1095 2621 1257 2705 Numquid
1274 2629 1322 2685 est
1336 2621 1447 2685 aliud?
1468 2620 1568 2681 Immo

239 2735 332 2789 vero,
354 2714 479 2798 inquit,
503 2719 567 2789 est3
589 2734 663 2777 nam
679 2715 774 2777 istum
788 2713 981 2777 exheredare
996 2715 1029 2776 in
1044 2715 1151 2778 animo
1166 2715 1311 2779 habebat.
1339 2715 1461 2779 Audior
1482 2733 1569 2778 nunc

241 2809 320 2872 dicis
344 2809 483 2893 aliquid,
507 2809 595 2895 qnod
618 2810 658 2872 ad
680 2830 745 2872 rem
760 2809 934 2893 pertineat:
956 2828 1029 2874 nam
1048 2810 1120 2885 illa,
1142 2811 1272 2893 opinor,
1295 2819 1329 2874 tu
1344 2831 1477 2896 quoqne
1493 2829 1569 2873 con·

242 2902 329 2965 cedis
352 2901 434 2966 levia
457 2923 526 2966 esse
548 2911 645 2987 atque
660 2905 784 2987 inepta:
809 2903 980 2966 «Convivia
996 2925 1068 2967 cnm
1085 2911 1175 2987 patre
1189 2926 1254 2968 non
1269 2906 1398 2969 inibat.»
1424 2906 1606 2988 Quippe;2t

242 2996 298 3080 qui
320 3016 361 3059 ne
382 2997 417 3058 iu
440 2998 593 3080 oppidum
616 2997 746 3082 quidem
768 2997 830 3059 nisi
852 3016 981 3079 perraro
1003 2998 1139 3062 veniret.
1185 3001 1338 3063 «Domum
1360 3021 1449 3064 suam
1471 3001 1568 3063 istum

240 3110 305 3153 non
336 3090 403 3154 lere
428 3092 600 3175 quisquam
621 3092 785 3154 vocabat.»
830 3091 896 3154 Nec
918 3092 1052 3168 mirum,
1086 3095 1143 3178 qui
1165 3114 1271 3178 neque
1292 3095 1326 3158 in
1347 3095 1426 3158 urbe
1449 3093 1570 3157 viveret

239 3204 345 3269 neque
374 3192 581 3248 revocaturus
609 3193 702 3249 esset.
746 3187 833 3248 XIX.
861 3187 980 3248 Verum
1005 3187 1084 3250 haec
1114 3196 1148 3251 tu
1172 3209 1303 3274 qnoque
1324 3189 1476 3273 intelligis
1498 3207 1568 3251 esse

240 3281 428 3362 nugatoria:
462 3279 558 3354 illud,
589 3280 675 3364 quod
699 3281 880 3364 coepimus,
909 3280 1091 3358 videamus,
1120 3304 1185 3367 quo
1209 3284 1324 3348 certius
1347 3290 1568 3368 argumentum

240 3372 308 3434 odii
335 3373 468 3454 reperiri
498 3373 589 3437 nullo
620 3374 716 3436 modo
738 3381 852 3456 potest.
896 3372 947 3437 53.
973 3376 1192 3440 «Exheredare
1214 3384 1305 3460 pater
1326 3374 1427 3442 lilium
1450 3379 1607 3460 cogita-u

240 3465 323 3528 bat.»
358 3467 449 3530 Mitto
466 3487 635 3551 quaerere,
659 3469 777 3553 quade
799 3489 910 3545 causa;
932 3490 1066 3554 quaero,
1083 3473 1138 3556 qui
1154 3472 1254 3548 scias;
1275 3473 1400 3536 tametsi
1417 3479 1448 3536 te
1463 3473 1568 3535 dicere

241 3568 338 3643 atque
361 3579 546 3626 enumerare
568 3583 680 3626 causas
702 3584 812 3627 omnes
836 3565 1022 3647 oportebat,
1054 3573 1086 3628 et
1113 3566 1146 3628 id
1174 3575 1242 3630 erat
1273 3567 1351 3630 certi
1374 3566 1568 3631 accusatoris

304 3744 328 3795 3.
346 3757 378 3796 ae
393 3749 421 3796 tu
437 3747 505 3808 Gil,
523 3746 583 3798 cod.
602 3747 705 3811 hamb..
724 3749 859 3800 Charisius
875 3761 902 3814 p.
917 3749 964 3801 436
981 3749 1072 3801 Lind:
1090 3764 1136 3801 nce
1152 3756 1180 3802 tu
1194 3765 1227 3813 vg
1245 3766 1294 3803 noe
1305 3757 1332 3803 tu
1343 3754 1422 3803 0ao.
1449 3752 1568 3817 Scriptu-

239 3833 297 3871 ram
313 3834 362 3871 ooo
379 3819 472 3873 lalsam
489 3835 562 3882 esse,
581 3821 768 3876 Fleckeisenus
784 3825 811 3875 in
827 3825 1008 3876 Schmidewiai
1022 3826 1147 3890 Philoiopo
1162 3828 1194 3878 ii.
1213 3841 1240 3892 p.
1258 3828 1290 3878 Gt
1306 3840 1346 3892 sq.
1365 3827 1565 3880 demonstravit.

242 3921 269 3932 ·-
288 3908 361 3946 emeca
377 3898 405 3948 G.
426 3923 454 3932 -
472 3895 497 3948 t.
516 3899 613 3961 stenen]
631 3903 654 3949 et
670 3913 726 3950 aem
742 3902 772 3950 G.
793 3927 820 3936 -
839 3902 863 3952 t.
881 3901 994 3952 audium
1010 3903 1118 3963 Gvao;
1136 3905 1163 3954 at
1179 3916 1204 3953 v.
1224 3904 1321 3955 Osann.
1339 3901 1374 3954 ad
1392 3903 1441 3954 Oto.
1461 3905 1491 3954 de
1506 3905 1564 3966 ilep.

239 3983 266 4034 p.
283 3969 309 4022 i.
330 3999 357 4008 -
377 3972 401 4022 6.
419 3985 467 4022 aaa
482 3985 536 4023 om.
549 3987 575 4024 v.
590 4001 617 4010 -
635 3980 788 4039 sperpeotem
804 3977 833 4026 G.
849 4003 876 4012 -
895 3977 920 4026 8.
937 3976 1030 4042 itaque]
1049 3983 1123 4041 atque
1140 3981 1169 4028 G.
1186 4005 1213 4016 -
1232 3979 1272 4029 io.
1291 3981 1373 4042 aupes.
1393 3981 1423 4030 G.
1437 4007 1465 4018 -
1484 3980 1525 4030 tl.
1543 3985 1567 4031 et

240 4047 301 4097 ante
317 4046 373 4097 tirb.
392 4060 447 4098 om.
466 4049 495 4098 G.
516 4075 543 4085 —
563 4049 602 4098 it.
621 4063 666 4113 epo
683 4063 736 4100 om.
756 4052 785 4101 G.
806 4075 834 4086 -
854 4050 894 4100 ⁴3.
913 4064 941 4101 oo
959 4064 1012 4102 om.
1031 4053 1092 4104 sch.
1113 4081 1141 4090 -
1159 4053 1216 4118 quo]
1235 4056 1301 4117 quod
1317 4057 1345 4106 L.
1366 4077 1394 4090 -
1412 4059 1470 4105 aaut
1486 4056 1515 4106 G.
1535 4081 1564 4094 -·

239 4135 296 4174 ooo
311 4121 413 4172 hiisdem
430 4124 459 4173 G.
480 4149 507 4160 -
526 4121 566 4174 ii.
585 4124 740 4190 ioiettipotur
756 4127 811 4176 GM
818 4139 877 4176 vc:
903 4125 1044 4191 {caumont
1060 4143 1093 4188 χ;
1112 4129 1236 4192 totettipos
1253 4129 1273 4180 G
1283 4129 1407 4194 lisura,
1425 4130 1484 4181 cod.
1504 4131 1563 4181 Car.

240 4197 329 4262 steph.
350 4196 483 4258 «iudices,
502 4197 609 4262 opinor,
628 4211 680 4250 non
698 4200 965 4252 accusatorvalerac
978 4201 1093 4266 venalis,
1113 4201 1256 4267 intelligere
1269 4203 1415 4268 debebant,
1434 4208 1460 4256 S.
1472 4207 1565 4258 Roscio

238 4271 339 4335 ignosci
356 4273 505 4336 oportere.»
524 4273 568 4323 On.
586 4275 611 4324 2.
631 4299 658 4309 -
678 4275 718 4326 46.
738 4288 834 4338 quoquo
850 4287 904 4326 om.
923 4277 973 4328 iii.
994 4305 1020 4315 -
1041 4278 1080 4329 ii.
1099 4280 1295 4342 resumpserint
1312 4274 1344 4330 o:
1364 4277 1567 4344 cooemnpeor'asot

239 4347 355 4408 Ghlva,
374 4347 463 4404 coxa.
477 4375 504 4385 -
523 4349 564 4399 l8.
582 4361 639 4400 mou
654 4350 720 4413 rurs]
738 4351 781 4413 qui
796 4352 853 4402 noi
870 4351 930 4403 cod.
944 4354 1027 4406 Ursini
1045 4357 1073 4405 ei
1088 4357 1161 4406 Iann.
1177 4382 1204 4392 -
1223 4369 1319 4418 semper
1335 4357 1490 4418 addacem
1509 4371 1563 4408 om.

237 4435 332 4486 suuper
348 4422 391 4474 ed.
410 4424 494 4483 iunt.;
520 4424 633 4475 wdone
649 4439 746 4488 uesper
762 4427 783 4476 G
799 4429 827 4477 et
843 4426 903 4477 cod.
922 4429 958 4478 St.
976 4429 1060 4489 Vici..
1087 4430 1159 4480 unde
1177 4428 1338 4483 Guilieimius
1355 4433 1455 4484 ceddae
1471 4447 1567 4496 conpar

239 4499 277 4563 (ut
293 4500 335 4549 est
350 4499 378 4549 in
393 4499 420 4560 χ)
439 4497 569 4558 iaciebat3
588 4501 615 4549 ai
630 4501 704 4551 recte
721 4503 814 4552 monet
830 4503 917 4553 Garat.
931 4503 962 4566 (t)
980 4505 1094 4554 assidam
1110 4517 1170 4556 esse
1187 4507 1323 4571 antiquam
1340 4507 1499 4574 scripturam
1516 4522 1564 4574 pro

238 4573 361 4624 metricus.
396 4575 435 4624 De
460 4572 616 4640 pleonasmo
641 4577 732 4627 antem
758 4579 831 4640 (nam
855 4591 951 4641 uesper
966 4579 1086 4631 Ernestio
1106 4583 1262 4645 suspectum
1279 4583 1347 4646 erati
1373 4594 1399 4634 v.
1417 4583 1514 4633 Duker.
1531 4583 1566 4634 ad

239 4647 293 4698 Lis.
311 4647 420 4699 XXXIV.
438 4648 467 4709 9,
486 4649 511 4700 5.
530 4676 559 4687 -
577 4649 618 4701 23.
636 4651 725 4714 ioquid
741 4653 770 4702 G.
791 4679 818 4688 -
837 4654 879 4719 cst]
898 4660 933 4705 est
948 4655 1019 4706 aliud
1034 4656 1087 4706 Tv.
1109 4683 1136 4692 -
1160 4655 1201 4708 ai.
1219 4670 1282 4706 omn
1297 4659 1387 4720 opium
1401 4657 1448 4708 tito
1464 4658 1514 4711 Ili.
1534 4681 1563 4694 -

239 4723 280 4774 25.
299 4723 381 4788 Mose]
399 4729 422 4774 ct
437 4724 487 4775 un.
508 4753 535 4762 -
558 4725 599 4777 26.
614 4740 723 4788 perraro
744 4728 835 4779 Ilvc:
861 4743 924 4780 roro
946 4729 1088 4781 Gcilsa.
1108 4758 1135 4768 -
1158 4731 1199 4782 ²8.
1217 4738 1380 4785 reuocatum
1396 4735 1434 4792 ii.
1457 4733 1472 4783 6
1489 4733 1564 4795 0xx.,

238 4795 312 4857 Pell,
330 4810 385 4860 va,
405 4811 495 4862 margo
514 4801 598 4852 Crat:
617 4816 679 4854 mro
693 4809 828 4854 bocauna
845 4805 890 4856 Ito
907 4805 953 4868 (G:
977 4819 1008 4854 oe
1024 4818 1100 4868 quero
1115 4811 1222 4857 vocatas·
1235 4821 1295 4870 mon
1310 4807 1393 4872 esset);
1412 4809 1437 4857 in
1454 4807 1563 4868 bisunt..

239 4873 268 4923 C.
288 4871 389 4936 steph,
409 4872 502 4924 hamb.
521 4876 562 4925 esi
579 4875 760 4941 interpolatio:
779 4892 851 4941 qoem
868 4893 947 4942 capace
962 4879 990 4929 io
1004 4880 1065 4931 orbe
1080 4881 1174 4932 uideret
1190 4895 1269 4943 neque
1279 4896 1340 4933 mre
1349 4887 1484 4933 vocum
1494 4885 1563 4933 osset.

240 4973 267 4982 -
286 4947 348 4996 boec
364 4951 392 4997 to
407 4947 511 5012 pupae]
529 4948 568 5000 sic
584 4951 665 5002 Ghiv
682 4955 709 5003 et
724 4951 806 5004 Aldus
822 4955 910 5018 Nepos
928 4954 979 5018 (ed.
999 4955 1094 5020 tta),
1114 4969 1195 5022 quem
1212 4955 1353 5008 lectionem
1369 4957 1448 5008 Heus.
1462 4957 1563 5021 primus

238 5021 388 5072 revocavit:
407 5021 468 5072 boec
484 5036 581 5086 quoque
596 5030 624 5075 tu
641 5040 694 5090 ao,
714 5027 793 5079 codd.
810 5027 878 5090 reli..
897 5032 927 5080 ui
943 5030 1057 5082 videtur.
1084 5031 1122 5083 Ci.
1142 5031 1214 5083 idem
1230 5031 1323 5082 villum
1340 5031 1381 5095 ἐξ.
1394 5031 1426 5081 82
1443 5033 1470 5081 et
1480 5031 1520 5082 93.
1534 5059 1562 5069 -

238 5097 355 5163 iutiliais
370 5098 398 5148 in
414 5097 519 5161 quolibet
535 5111 585 5150 esse
601 5114 626 5151 v.
646 5129 672 5141 -
691 5103 733 5155 29.
751 5104 886 5167 inceptores
902 5105 956 5156 Tv.
969 5131 999 5143 -
1018 5105 1059 5157 3⁰.
1077 5107 1229 5158 achamom
1243 5107 1325 5171 fliium
1331 5110 1470 5169 potercop.
1483 5104 1564 5170 Euty-

240 5173 315 5226 cblns
331 5185 359 5242 p.
379 5173 435 5226 479.
453 5173 496 5226 ed.
515 5173 590 5228 lind.
610 5203 637 5212 -
656 5177 696 5232 34.
714 5179 903 5236 commeasti.
922 5207 949 5218 —
969 5181 1010 5234 32.
1028 5183 1108 5238 moab
1124 5183 1236 5235 Gblac.
