3648 5888
653 1055 697 1148 Μ.
723 1054 865 1149 TULLII
890 1051 1119 1148 CICERONIS

370 1285 827 1378 ΟΒΑΊῚΟΝΙΙΜ
881 1281 1403 1374 vulifflNARUM

685 1511 832 1572 LIBRI
868 1511 1087 1571 SEPTEM.

784 1736 987 1793 usconuoviu

525 1913 659 1979 ΕΔΒ.
692 1914 955 1979 ADOU’E·
985 1914 1242 1979 ΙΟΜΙΔΠ·

376 2445 664 2535 nunilo
705 2446 787 2532 IN
846 2449 896 2554 Q.
941 2443 1371 2538 cnuciuiuu

565 2671 686 2740 QUAE
715 2672 964 2733 uiviuauio
992 2671 1192 2732 uiciuuu.

797 2899 967 2912 m

639 3102 836 3170 NOTARUM
856 3105 1113 3172 EXPLIGATIO.

350 3243 370 3294 1.
397 3241 507 3293 (lonicus
524 3254 661 3296 uantum:

220 3322 253 3372 Gi
273 3337 303 3365 =
319 3317 525 3382 Gnutsortutonus
540 3319 682 3381 antiquior,
700 3317 931 3373 membranaceus.

221 3397 257 3448 Gi
273 3415 302 3441 =
318 3392 525 3458 Grutfortutnnur
540 3395 671 3455 oronim,
691 3396 855 3448 chartaceus.
882 3395 968 3450 Ambo
986 3396 1091 3448 oodioos
1107 3397 1168 3461 post
1178 3395 1329 3461 Zumptinm
1345 3399 1466 3450 accurate
1478 3410 1544 3452 oon-

301 3469 425 3530 tutimus,
443 3482 497 3520 non
512 3481 612 3535 paucos
630 3471 686 3521 eius
703 3483 810 3522 errores
825 3473 997 3534 correximus,
1016 3470 1098 3522 multa
1115 3475 1205 3521 autem
1222 3469 1410 3538 mundantque
1422 3473 1479 3525 aius
1495 3486 1544 3538 go-

302 3545 375 3596 noris
391 3541 534 3605 lectiones,
553 3557 622 3608 quas
639 3542 734 3596 nullius
750 3547 827 3611 pretii
845 3549 948 3609 assant,
967 3559 1018 3598 non
1036 3547 1259 3611 transcripsimus.

130 3615 134 3628 '
219 3619 259 3673 Ld
274 3637 303 3668 =
318 3619 442 3672 ieiunus
458 3633 474 3670 a
492 3621 560 3671 Patr.
580 3620 730 3670 Burmanno
747 3620 909 3687 negligenter
926 3621 1043 3674 collatus.
1073 3621 1121 3674 Ubi
1137 3621 1215 3672 huius
1231 3621 1330 3674 codicis
1346 3623 1435 3674 variae
1451 3621 1544 3674 lectio-

301 3707 350 3748 nes
368 3708 420 3747 non
437 3694 536 3747 diserto
554 3698 812 3759 commemorantur,
836 3695 899 3748 nihil
921 3698 986 3748 corti
1006 3696 1040 3747 do
1059 3709 1091 3747 eo
1108 3699 1219 3748 constat.
1249 3697 1302 3748 Sed
1319 3711 1380 3750 oum
1397 3711 1430 3748 ox
1447 3697 1543 3752 sudem

299 3771 385 3834 ionio,
409 3784 462 3836 quo
481 3773 509 3822 G.
524 3773 547 3822 t.
560 3771 597 3831 2,
615 3769 746 3822 deductus
762 3773 810 3834 sit,
832 3771 921 3823 denuo
944 3785 1006 3822 eum
1023 3771 1144 3822 conterre
1162 3784 1215 3822 non
1231 3775 1289 3824 erut
1304 3785 1401 3839 operae
1417 3773 1541 3838 pretium.

299 3849 402 3902 Horum
420 3847 500 3898 trium
518 3845 641 3897 codicum
658 3859 819 3898 consensum
837 3847 1040 3910 significavimus
1057 3847 1103 3897 63.

217 3935 279 3988 f=
296 3923 369 3977 Vetus
389 3921 469 3974 conso
490 3921 517 3972 G.
536 3921 669 3986 Stephani,
696 3923 753 3973 sino
776 3919 857 3972 dubio
881 3935 913 3972 ax
934 3933 1047 3973 numero
1062 3921 1263 3985 parisiensium,
1289 3921 1542 3987 praestantissimus.

299 3997 448 4056 Editionom
466 3997 495 4048 C.
513 3997 636 4046 srrrnnn
653 3995 858 4059 significavimus
874 3995 911 4046 st.

217 4072 278 4126 λε
299 4076 372 4128 Votur
387 4075 466 4126 codam
481 4071 608 4134 Lambini,
626 4071 691 4122 item
706 4072 959 4137 praestantissimus,
975 4071 1133 4138 piorumque
1152 4085 1214 4124 oum
1225 4087 1242 4135 ς
1254 4073 1417 4138 conspirans.
1442 4073 1542 4124 Horum

298 4150 414 4202 duorum
431 4148 555 4200 codicum
571 4148 657 4198 rarius
673 4145 813 4210 lectiones,
835 4149 966 4211 quotquot
982 4148 1053 4213 apud
1069 4149 1232 4213 stephanum
1249 4150 1277 4199 et
1294 4147 1450 4199 Lambinum
1466 4149 1543 4198 inve-

299 4229 403 4288 nimus,
422 4225 588 4275 enotavimus
605 4235 707 4274 omnes.

218 4303 240 4354 i>
255 4321 284 4351 -ι
299 4300 446 4354 monuo
456 4312 496 4351 nr.
506 4297 591 4360 7823..
609 4296 644 4349 do
656 4307 710 4362 quo
721 4309 747 4348 v.
760 4295 1010 4361 munitionum.
1028 4298 1138 4350 Videtur
1148 4311 1201 4350 non
1212 4297 1318 4352 differre
1330 4311 1345 4350 a
1356 4297 1543 4364 stephaniam.

217 4377 297 4444 unio
312 4387 340 4425 'a
358 4375 604 4442 Lagomarsinianus
629 4385 669 4423 nr.
692 4372 739 4433 29,
766 4371 989 4424 membranaceus
1010 4374 1084 4426 Saso.
1106 4359 1172 4437 XV„
1199 4375 1243 4439 nai
1264 4373 1383 4426 medium
1409 4373 1543 4438 quondam

297 4451 388 4505 iocum
405 4453 478 4504 tonet
493 4451 563 4502 inter
578 4447 704 4501 meliores
720 4451 748 4500 et
764 4447 911 4502 doteriores
928 4448 1050 4512 codices,
1069 4448 1118 4500 sed
1132 4449 1242 4516 propius
1259 4451 1348 4502 tamon
1366 4448 1400 4500 od
1419 4447 1543 4500 meliorat

297 4526 410 4579 accedit.

216 4603 237 4655 c
254 4619 284 4643 =
299 4601 470 4663 Cniaoinnus,
488 4613 522 4652 ax
538 4613 592 4666 quo
608 4599 695 4652 uarias
712 4596 838 4650 lectiones
855 4596 955 4663 sitquot
970 4600 1088 4651 enotavit
1102 4598 1261 4664 Lambinus,
1279 4599 1349 4654 simu
1362 4611 1394 4652 ox
1407 4594 1544 4650 oodicibm

297 4677 475 4738 uommnnu,
493 4687 562 4739 quos
579 4673 784 4739 signiumrimm
802 4674 874 4725 coit.
890 4673 944 4726 ibi.

216 4753 238 4805 A
252 4775 284 4800 =
299 4751 567 4806 Pseudo-Asconius.

216 4829 278 4880 δε
297 4825 443 4879 Scholiasta
460 4826 649 4879 Gronovianus.

348 4912 380 4964 11.
408 4911 518 4962 Conrnas
534 4923 683 4962 nrrnnroms
700 4909 778 4977 (iu).

282 4987 340 5040 Iino
360 4989 423 5040 sunt
442 4985 575 5037 mierendi
594 4985 814 5051 Ionomonintont
836 4987 896 5037 octo
918 4984 1013 5054 reliqui
1034 4989 1057 5038 i.
1080 4988 1105 5038 5.
1124 4987 1149 5038 6.
1168 4984 1207 5038 ti.
1226 4986 1268 5039 27.
1285 4984 1328 5037 is.
1346 4984 1387 5038 to.
1404 4982 1462 5045 is..
1489 4981 1544 5034 dno

215 5062 325 5116 Potottnt
341 5063 458 5126 Grateri,
481 5061 566 5114 codex
585 5061 679 5126 Ursini,
703 5061 788 5114 codex
810 5061 957 5125 Hotomont,
979 5059 1035 5113 fluo
1059 5063 1197 5114 Frmnoni
1223 5061 1339 5123 Graevii,
1366 5058 1545 5110 Iannoctianus

215 5135 358 5208 timtonfl,
375 5139 553 5208 Hototnurntts
567 5137 649 5204 Facit,
666 5137 892 5204 Huntoooporonur
908 5137 963 5204 (Η),
982 5138 1128 5192 Ouontansts
1145 5137 1203 5206 (ψ),
1222 5135 1443 5190 tranianum
1457 5131 1544 5187 Μο-

1058 4813 1070 4844 i
