3642 5868
280 355 344 428 202
651 365 694 430 IN
714 365 881 432 VERREM
900 366 1023 434 uculo
1045 368 1228 438 SECUNDA

279 529 395 596 ullast
417 537 449 596 et
469 531 575 596 trades
595 533 648 598 aui
669 533 782 598 volesf
804 543 836 600 et
856 535 897 611 ei,
919 557 1015 622 quem
1036 537 1199 614 fefelleris,
1221 557 1261 604 ne
1281 539 1447 625 pecuniam
1468 543 1606 628 quidem

156 671 179 788 l
289 623 425 734 reddes?
467 622 519 734 7ll.
542 626 645 703 Quem
666 627 749 692 mihi
765 636 799 692 lu
820 630 973 706 Bulbum,
997 652 1091 716 quem
1114 633 1298 698 Staienum?
1341 633 1434 720 qud
1455 657 1610 722 umquam

23 820 115 910 p,
129 819 155 928 l.
169 802 229 875 ,ec
289 717 1257 899 Itftttglstttfttf‘Ittlttmttlltftt
1274 728 1433 898 defit
1455 751 1513 908 Sl
1532 752 1611 890 325:
1819 790 1821 799 ’

94 932 101 947 ·
265 920 356 972 osam
377 907 494 982 norint,
516 909 642 992 ableget
662 929 682 974 a
702 910 902 995 consilioque
923 913 1079 978 dimittati
1105 915 1175 999 ipse
1196 915 1283 980 solus
1304 936 1395 980 reum
1415 917 1610 996 absolutum,
1814 898 1815 926 ¹

288 1022 308 1066 a
330 1021 394 1086 quo
414 1004 581 1085 pecuniam
602 1005 767 1088 acceperit,
793 1006 981 1070 condemnet
1001 1008 1233 1094 pecuniamque
1254 1029 1318 1074 non
1339 1010 1471 1074 reddat?
1514 1014 1610 1078 llunc

287 1095 447 1162 homiuem
460 1095 494 1158 in
508 1095 649 1160 iudicum
663 1117 794 1162 numero
808 1098 1013 1164 habebimus?
1034 1101 1086 1166 bic
1100 1102 1231 1166 alteram
1246 1103 1405 1168 decuriam
1419 1107 1609 1172 senatoriam

288 1189 386 1254 iudex
406 1188 582 1252 obtinebit?
612 1189 665 1253 hic
691 1193 731 1255 da
758 1193 860 1276 capite
887 1193 986 1258 libero
1009 1195 1182 1258 iudicabit?
1214 1195 1289 1259 huic
1310 1197 1468 1262 iudicialis
1490 1199 1609 1264 tabella

289 1284 517 1348 committetur?
540 1304 634 1369 quam
656 1285 716 1349 iste
738 1306 802 1349 uon
823 1285 916 1350 modo
938 1307 1021 1362 cera,
1042 1290 1262 1353 verumetiam
1277 1292 1440 1374 sanguine,
1462 1293 1490 1356 si
1503 1293 1607 1358 visum

251 1380 362 1453 sterit,
384 1378 513 1442 notabit.
556 1379 703 1442 XXXIII.
726 1376 777 1442 80.
808 1377 893 1456 Quid
923 1383 1007 1444 enim
1035 1381 1147 1446 borum
1176 1402 1210 1446 se
1231 1392 1325 1467 negat
1345 1383 1481 1449 fecisset
1523 1385 1606 1450 Illud

287 1472 434 1537 videlicet
446 1491 555 1546 unum,
578 1473 663 1558 quod
679 1492 809 1538 necesse
825 1480 882 1548 est,
903 1475 1071 1558 pecuniam
1085 1475 1254 1560 accepisse.
1283 1476 1403 1552 Quidni
1417 1479 1478 1544 iste
1491 1482 1606 1563 neget?

287 1568 328 1635 It
349 1587 448 1651 eques
468 1568 643 1650 Romanus,
673 1568 728 1652 qui
751 1568 918 1651 Sopatrum
943 1569 1099 1645 defendit,
1129 1570 1185 1654 qui
1207 1571 1353 1634 omnibus
1375 1572 1444 1638 eius
1465 1574 1607 1638 consiliis

287 1663 445 1746 rebusque
467 1660 625 1736 interfuit,
654 1660 882 1750 qudinqcius,
904 1662 1023 1726 iuratus
1046 1663 1124 1726 dicit
1144 1664 1312 1747 pecuniam
1333 1664 1454 1730 datam:
1485 1666 1607 1732 iuratus

288 1758 364 1821 dicit
395 1755 626 1820 Timarchidem
658 1755 778 1818 dixisse
811 1756 960 1819 maiorem
990 1756 1030 1820 ab
1064 1757 1297 1822 accusatoribus
1329 1760 1497 1843 pecuniam
1527 1760 1607 1825 dari.

249 1858 277 1911 44
286 1851 400 1916 Dicent
419 1850 481 1914 hoa
502 1850 592 1914 multi
611 1849 727 1913 Siculi:
750 1848 856 1912 dicent
877 1869 986 1914 omnes
1001 1851 1225 1938 Halicyenses:
1247 1852 1329 1916 dicet
1349 1853 1442 1918 etiam
1463 1863 1608 1940 praetex-

286 1952 368 2012 tatus
384 1945 507 2031 Sopatri
528 1944 625 2019 filius,
647 1943 702 2028 qui
725 1943 765 2007 ab
786 1943 847 2008 isto
868 1942 995 2008 bomine
1014 1944 1230 2008 crudelissimo
1243 1953 1331 2029 patre
1346 1946 1607 2012 innocentissimo

286 2041 483 2125 pecuniaque
505 2039 607 2124 patria
627 2039 769 2122 privatus
792 2045 849 2101 est
871 2033 922 2100 84.
944 2039 1062 2127 ilerum
1084 2038 1111 2102 si
1126 2038 1166 2102 de
1180 2038 1315 2123 pecunia
1329 2041 1461 2105 testibus
1477 2042 1608 2126 planum

285 2133 389 2200 facere
411 2155 476 2198 non
496 2152 640 2216 possem,
670 2131 751 2195 illud
779 2151 894 2214 negare
921 2152 1033 2215 posses
1062 2139 1119 2196 aut
1144 2152 1228 2196 nunc
1257 2133 1397 2216 negabis,
1418 2143 1450 2198 te
1470 2135 1606 2199 consilio

285 2237 341 2294 tuo
365 2227 507 2302 dimisso,
530 2227 605 2290 viris
627 2226 797 2310 primariis,
821 2226 876 2310 qui
898 2227 931 2290 in
954 2227 1089 2290 consilio
1105 2225 1138 2290 C.
1154 2227 1316 2292 Sacerdoti
1337 2226 1463 2292 fuerant
1482 2230 1606 2314 tibique
1804 2144 1810 2333 l

247 2333 356 2388 ecesse
377 2321 538 2394 solebant,
560 2320 689 2384 remotis
712 2319 751 2382 de
772 2339 808 2384 re
829 2320 971 2384 iudicata
992 2320 1203 2384 iudicavisset
1225 2329 1320 2405 teque
1341 2341 1431 2397 eum,
1454 2344 1548 2409 quern
1571 2323 1605 2387 C.
1804 2340 1808 2349 ·

286 2417 441 2482 Sacerdos
462 2414 605 2478 adhibito
628 2413 779 2489 consilio,
809 2433 905 2477 causa
926 2415 1069 2498 cognita,
1090 2413 1297 2491 absolvisset,
1325 2415 1461 2481 eundem
1482 2425 1604 2482 remoto
1802 2370 1808 2497 l

285 2510 438 2586 consilio,
461 2527 557 2574 causa
577 2507 748 2591 incognita,
770 2508 1021 2573 condemnasse?
1043 2529 1114 2572 cum
1135 2508 1215 2573 haec
1236 2509 1400 2574 confessus
1422 2511 1499 2586 eris,
1522 2531 1604 2596 quae

286 2605 320 2670 in
340 2604 411 2668 foro
433 2603 538 2687 palam
560 2601 741 2686 Syracusis,
771 2603 806 2666 iu
829 2623 883 2666 ore
905 2610 1001 2688 atque
1024 2603 1057 2666 in
1080 2603 1181 2667 oculis
1203 2604 1385 2688 provinciae
1406 2611 1494 2688 gesta
1515 2613 1604 2680 sunt,

284 2708 398 2783 negato
421 2706 487 2761 tum
510 2717 596 2772 sane,
618 2696 760 2771 sinales,
782 2697 949 2781 pecuniam
964 2697 1143 2782 accepisse:
1165 2699 1315 2781 reperies,
1338 2698 1443 2774 credo,
1465 2699 1604 2784 aliquem

247 2794 359 2879 atqui,
382 2813 453 2856 aum
474 2792 554 2857 baec
576 2811 658 2876 quae
679 2791 783 2875 palam
805 2797 892 2874 gesta
914 2799 989 2854 sunt
1009 2790 1133 2866 videat,
1156 2800 1304 2877 quaerat,
1326 2794 1403 2878 qaid
1425 2798 1461 2855 tu
1481 2793 1604 2856 occulte

285 2886 405 2969 egeris,
427 2894 482 2951 aut
503 2886 558 2972 qui
582 2886 720 2960 dubitet,
742 2893 848 2949 utrum
869 2885 958 2950 malit
979 2885 1058 2950 meis
1080 2885 1213 2951 testibus
1234 2907 1276 2951 an
1297 2888 1360 2951 tuis
1382 2885 1602 2950 defensoribus

285 2981 423 3048 credere.
690 3043 692 3052 .

367 3073 419 3139 82.
440 3075 516 3141 uixi
537 3076 600 3141 iam
621 3081 695 3140 ante
717 3094 767 3138 me
789 3093 854 3140 non
876 3075 983 3138 omnia
1003 3075 1106 3151 istius,
1129 3095 1213 3160 quae
1234 3076 1268 3139 in
1281 3074 1344 3139 boc
1358 3094 1472 3159 genere
1487 3082 1602 3152 essent,

284 3179 555 3246 enumeraturum,
583 3170 640 3234 sed
662 3170 836 3234 electurum
858 3187 910 3244 ea,
940 3189 1021 3255 quae
1051 3170 1188 3234 maxime
1210 3170 1411 3234 excellerent
1456 3171 1601 3236 XXXIV.

244 3265 424 3350 ueccipite
452 3285 537 3330 nunc
565 3265 652 3330 aliud
682 3264 749 3328 eius
777 3263 900 3328 facinus
929 3264 1037 3327 nobile
1067 3271 1099 3326 et
1118 3263 1226 3327 multis
1247 3264 1326 3328 locis
1349 3284 1443 3348 saepe
1466 3284 1603 3328 comme·

282 3367 438 3425 moratum
459 3367 492 3422 et
506 3359 672 3434 eiusmodi,
694 3357 778 3420 utin
793 3378 859 3421 uno
876 3359 982 3421 omnia
995 3353 1150 3422 maleficta
1164 3358 1269 3422 inesse
1284 3358 1462 3423 videantur.
1494 3361 1602 3424 Atten-

172 3505 173 3508 .
283 3454 349 3518 dite
370 3453 554 3538 diligentem
580 3453 750 3517 invenietis
772 3451 855 3515 enim
877 3450 912 3514 id
940 3451 1064 3515 facinus
1085 3459 1194 3515 uatum
1215 3471 1234 3516 a
1256 3452 1447 3535 cupiditate,
1475 3459 1602 3518 auctum

282 3567 340 3634 per
360 3554 520 3631 stuprum,
542 3546 726 3611 crudelitate
749 3545 924 3630 perfectum
945 3552 1041 3630 atque
1063 3545 1256 3609 conclusum.
1299 3542 1351 3608 83.
1373 3546 1521 3612 Sthenius
1544 3554 1601 3623 est,

182 3707 188 3728 .
283 3641 389 3726 isqui
411 3642 502 3706 nobis
524 3642 651 3716 assidet,
674 3640 911 3715 Thermitanus,
933 3646 1027 3704 autea
1047 3639 1155 3702 multis
1176 3646 1307 3724 propter
1328 3659 1483 3720 summam
1503 3641 1601 3706 virtu-

183 3732 204 3817 ',·
245 3739 345 3802 sotem
367 3755 585 3827 summamque
600 3734 809 3808 nobilitatem,
831 3753 915 3798 nunc
929 3741 1058 3819 propter
1071 3753 1161 3798 suam
1176 3733 1385 3798 calamitatem
1400 3741 1495 3820 atque
1510 3735 1600 3801 istius

341 3959 366 4010 2.
384 3959 471 4009 reddes
485 3957 554 4022 agra
565 3956 610 4008 el:
628 3958 711 4008 reddis
726 3955 820 4022 pleriq.
833 3956 911 4008 codd.
931 3983 959 3996 -
976 3957 1037 4007 mim
1049 3955 1168 4007 Malam
1185 3955 1253 4020 ugia
1263 3969 1290 4022 p.
1304 3969 1341 4008 m.
1354 3957 1388 4010 II.
1406 3957 1440 4008 st
1450 3956 1483 4008 cf.
1495 3971 1524 4023 p.
1538 3957 1600 4010 Clu-

282 4035 336 4088 ent.
349 4046 372 4084 c.
381 4034 455 4084 244-
467 4033 632 4087 summo:
645 4032 774 4083 &denam
784 4031 827 4082 vel
837 4031 969 4082 &aleam
981 4030 1091 4082 codd-
1102 4031 1126 4081 3.
1136 4031 1302 4082 tuamensem
1313 4030 1381 4096 ager
1394 4045 1420 4098 p.
1431 4045 1478 4084 m.:
1492 4034 1598 4085 bairam.

281 4111 327 4162 ctt.
341 4109 370 4160 0.
385 4135 412 4145 ·-
430 4111 455 4160 a.
467 4123 486 4160 a
502 4109 651 4171 comesque
661 4107 730 4172 ager
742 4121 769 4172 p.
782 4120 818 4158 m.
838 4106 904 4161 Fu:
922 4107 1071 4170 consilioque
1081 4108 1139 4166 ott,
1157 4107 1334 4169 meamque
1349 4109 1418 4158 coni.
1431 4109 1459 4160 1..
1475 4137 1502 4147 -
1522 4110 1546 4160 c.
1555 4123 1601 4172 pe·

280 4185 382 4236 mesiam
396 4197 447 4234 eoa
462 4185 551 4236 reddat
566 4182 634 4248 lats
643 4181 684 4234 48.
696 4209 725 4220 ·-
736 4184 762 4232 ’4.
774 4183 801 4232 la
817 4183 869 4232 iad.
880 4196 949 4234 awa.
963 4182 1030 4246 agla
1042 4195 1069 4247 p.
1084 4193 1119 4232 m.
1132 4195 1171 4243 φτ
1189 4181 1295 4232 insum.
1313 4182 1365 4232 lad.
1378 4184 1414 4242 N;
1432 4183 1484 4234 e'ad.
1496 4197 1600 4235 sunere

280 4260 327 4310 ctt.
341 4259 370 4310 0.
389 4257 469 4309 «Illud
486 4259 591 4310 videtur
606 4258 709 4318 verium
726 4255 831 4322 vulgate
843 4258 915 4308 enim
926 4256 1068 4320 algnificet:
1086 4256 1158 4306 hunc
1170 4256 1280 4319 (vemm)
1292 4255 1408 4308 iudicem
1419 4256 1598 4322 censebimus,

281 4334 429 4386 dommus?
446 4347 508 4386 cum
524 4335 612 4400 potius
623 4335 787 4398 requiratur:
806 4332 877 4384 hunc
888 4331 1181 4397 quandocunqueunter
1193 4330 1294 4382 ludices
1305 4331 1403 4383 sedere
1414 4331 1599 4386 videbimusf·

281 4411 325 4461 Oe.
341 4435 368 4447 -
386 4409 410 4458 9.
428 4409 532 4460 eloim
547 4411 595 4460 erit
605 4408 674 4473 1.qu
691 4421 716 4473 p.
731 4421 766 4458 m.
780 4409 814 4460 bl.
841 4407 904 4459 lude
921 4408 990 4458 coni.
1004 4406 1167 4458 Guilielm.ae'
1182 4419 1242 4456 assu
1258 4407 1313 4457 erit
1328 4433 1356 4444 -
1375 4407 1415 4458 45.
1428 4409 1500 4458 malti
1510 4409 1560 4460 Se'c.
1574 4407 1598 4472 4,

280 4499 317 4550 φτ
335 4485 377 4536 Sic
387 4483 530 4536 omnesdtt.
542 4485 572 4535 0.
586 4511 614 4521 -
633 4495 779 4534 maaeeorn.
793 4483 862 4548 ng
873 4485 892 4534 Α
905 4484 968 4534 44.-
986 4483 1027 4533 tl.
1042 4483 1198 4545 pecuniaque
1214 4487 1316 4544 accepta
1329 4487 1385 4545 pat.
1398 4481 1467 4545 qui
1478 4497 1504 4548 p.
1517 4497 1554 4534 m.
1570 4511 1598 4522 -

280 4563 320 4614 49.
333 4561 361 4613 C.
373 4560 503 4610 Sacerdoti
518 4559 586 4623 agae
598 4558 629 4610 42
639 4559 690 4610 ΑΒ
703 4559 725 4608 N
736 4571 771 4620 φτ
791 4559 818 4610 C.
831 4557 972 4609 Sacerdotis
983 4556 1031 4608 dtt.
1043 4583 1071 4594 -
1085 4557 1126 4608 20.
1139 4557 1325 4608 inaccessae:
1343 4557 1465 4608 iudicasse
1476 4559 1521 4609 ctt.
1535 4560 1595 4608 0.-

281 4639 308 4689 0.
321 4650 375 4688 orn.
387 4634 456 4700 Lglh
467 4648 495 4700 p.
508 4647 544 4686 m.
554 4661 582 4672 —
595 4635 636 4684 23.
654 4635 682 4684 ia
698 4635 774 4685 aedis
784 4633 852 4698 Lgti
864 4631 956 4696 vulgo:
975 4633 1002 4682 iu
1018 4645 1071 4683 om.
1089 4631 1183 4696 pleriq.
1197 4631 1275 4682 codd.
1288 4659 1315 4668 —
1333 4630 1374 4683 24.
1387 4632 1476 4694 tessal,
1489 4635 1526 4684 If:
1544 4645 1598 4683 om.

281 4712 329 4764 dtt.
342 4712 372 4762 0.
387 4736 414 4746 -
433 4715 456 4760 te
469 4723 557 4773 peaes.
576 4709 645 4772 Lg‘l9
656 4709 704 4760 BL
723 4709 814 4773 (marg.
834 4707 916 4770 4484).
930 4731 957 4744 -
977 4707 1017 4758 28.
1036 4712 1094 4758 aue
1110 4705 1191 4770 egla:
1215 4711 1292 4758 antea
1308 4709 1353 4758 etl.
1372 4707 1402 4757 0.
1420 4706 1454 4758 cf.
1473 4706 1548 4760 llalm
1565 4707 1599 4758 ad

280 4789 374 4851 Pomp.
392 4798 418 4850 p.
432 4784 489 4835 448.
507 4782 574 4834 infre
591 4784 632 4834 111.
652 4783 676 4848 5.
689 4783 731 4836 24.
751 4810 779 4821 -
796 4781 843 4847 ase]
861 4783 961 4845 iudices,
978 4796 1018 4832 me
1034 4782 1084 4832 LO
1102 4786 1192 4832 contra
1209 4781 1287 4833 codd.
1308 4809 1335 4818 -
1354 4783 1396 4833 29.
1414 4782 1564 4832 manmena
1579 4783 1599 4832 1.

281 4859 359 4926 prob.
377 4860 419 4910 Or.
437 4861 457 4912 l.
477 4885 505 4894 -
523 4857 564 4909 34.
583 4859 701 4908 accedite
717 4857 785 4922 agea
797 4860 866 4921 Nep:
891 4862 937 4908 att.
955 4857 1021 4908 aeia
1036 4857 1081 4906 att.
1102 4882 1129 4893 -
1148 4856 1189 4907 32.
1206 4857 1258 4908 iau.
1276 4857 1342 4908 enim
1357 4855 1426 4921 agla
1443 4858 1511 4920 Nep:
1534 4856 1600 4906 eaim

282 4949 335 4988 om.
353 4936 400 4987 ctt.
419 4960 448 4972 -
467 4933 508 4987 34.
527 4934 594 4985 Cum
610 4933 637 4984 ln
654 4932 722 4997 egla
739 4946 765 4997 p.
783 4946 818 4984 m.
838 4932 939 4997 legetur
953 4932 992 4982 tir
1008 4932 1065 4994 qai,
1089 4932 1179 4982 nescio
1202 4944 1236 4982 an
1253 4930 1435 4997 recipiendum
1456 4930 1503 4992 stt,
1527 4929 1598 4994 quod

282 5014 353 5064 extet
364 5023 407 5076 ap.
419 5013 495 5062 Arus.
508 5010 543 5060 Il.
554 5021 582 5073 p.
592 5009 651 5059 244.
662 5008 702 5058 tie
715 5009 758 5071 qui
769 5009 868 5070 modu,
882 5006 1041 5072 praesertim
1052 5019 1115 5058 cum
1125 5005 1187 5058 alibi
1198 5019 1305 5072 quoque
1316 5007 1350 5058 de
1361 5003 1513 5058 hominbus
1522 5017 1599 5070 prae·

282 5086 402 5143 sentibus
418 5085 557 5143 dicaturbl
572 5083 724 5154 pamm.
737 5082 770 5137 cf.
783 5085 803 5135 l.
817 5082 842 5151 5.
855 5083 911 5135 403.
923 5095 951 5150 p.
964 5083 1040 5138 hoec.
1053 5083 1083 5136 Α.
1097 5081 1121 5150 5.
1132 5085 1156 5135 4.
1172 5107 1200 5121 -
1214 5083 1255 5136 34.
1267 5081 1491 5136 eaeunaaseatmn
1503 5080 1556 5146 Lae
1567 5082 1595 5132 1..
