3578 5862
580 491 653 556 on.
675 490 800 556 1-1n.
826 487 890 575 55.
906 488 1012 556 l-s.
1392 479 1454 550 eoa

117 661 255 726 idcirco
283 660 362 724 haec
391 659 503 724 aerarii
526 681 620 725 causa
641 681 705 725 uon
726 661 929 727 vendiderint
949 661 989 738 ii,
1020 661 1075 746 qui
1096 659 1191 725 annis
1213 667 1245 725 et
1267 659 1382 725 virtute
1404 677 1460 744 pe·

119 760 305 839 pererunt,
328 761 363 816 ut
384 762 483 829 esset,
505 754 596 839 quad
616 776 674 819 nos
696 755 872 840 largitionis
897 775 991 820 causa
1011 754 1236 820 venderemus!

224 846 254 910 5.
276 847 390 912 Videte
417 869 521 924 nunc,
551 849 638 934 quad
666 847 815 914 affectent
847 851 908 914 iter
945 849 1085 933 apertius
1112 868 1208 932 quam
1236 856 1338 912 antea.
1383 847 1462 909 Nam

122 942 302 1025 superiore
329 949 418 1026 parte
447 943 527 1025 legis
556 943 712 1028 quemad
743 944 871 1007 modum
893 943 1078 1026 Pompeium
1100 949 1337 1026 oppugnarent,
1366 960 1384 1004 a
1412 958 1462 1002 me

122 1033 268 1101 indicati
298 1043 388 1098 sunt:
419 1056 504 1100 nunc
534 1037 596 1100 iam
618 1057 652 1100 se
675 1038 736 1121 ipsi
758 1037 955 1100 indicabunt.
998 1036 1111 1100 luhent
1132 1037 1240 1100 venire
1261 1056 1354 1119 agros
1376 1036 1488 1097 Atta-o

123 1130 275 1194 lensium
297 1136 394 1213 atque
416 1129 682 1214 Olympenorumr
704 1131 763 1196 hos
784 1131 904 1216 populo
918 1133 1060 1196 Romano
1082 1133 1115 1194 P.
1136 1130 1277 1205 Servilii,
1299 1125 1462 1210 fortissimi
1575 1117 1606 1222 ζ

121 1225 212 1300 viri,
242 1223 376 1287 victoria
404 1223 566 1299 adiunxit3
598 1225 713 1288 deinde
743 1246 836 1310 agros
858 1228 891 1289 in
913 1226 1100 1290 hlacedonia
1121 1225 1244 1308 regios,
1273 1224 1329 1307 qui
1350 1220 1463 1306 partim

122 1321 167 1383 T.
193 1317 384 1393 Flaminini,
416 1319 530 1400 partim
559 1320 593 1381 L.
616 1321 735 1396 Paulli,
770 1321 825 1406 qui
854 1322 970 1384 Persen
998 1320 1091 1394 vicit,
1125 1319 1241 1382 virtute
1268 1317 1351 1400 parti
1374 1321 1462 1388 sunt3
1507 1362 1514 1425 t
1571 1333 1606 1416 ό

125 1413 253 1478 deinde
276 1431 386 1494 agmm
409 1414 561 1495 optimum
584 1418 617 1477 et
636 1409 1159 1488 fructuosissimum'Carinthium,
1188 1412 1242 1498 qui
1265 1413 1300 1475 L.
1321 1405 1463 1496 Mummii
1503 1442 1506 1450 ι

125 1506 274 1592 imperio
303 1525 340 1569 ac
373 1504 524 1570 felicitate
552 1506 592 1570 ad
621 1507 786 1590 vectigalia
815 1507 926 1592 populi
948 1507 1083 1571 Romani
1106 1508 1274 1571 adiunctus
1296 1495 1502 1588 est3'postso

126 1609 243 1667 autem
272 1618 365 1682 agros
392 1599 426 1662 in
456 1600 610 1683 Hispania
631 1601 715 1684 apud
737 1601 961 1684 Karthaginem
984 1623 1097 1666 novam
1121 1603 1257 1665 duorum
1279 1599 1464 1683 Scipionum

128 1695 258 1760 eximia
278 1695 394 1757 virtute
417 1713 599 1778 possessos;
623 1702 689 1758 tum
704 1716 779 1759 vero
801 1695 902 1779 ipsam
917 1704 1056 1760 veterem
1073 1695 1299 1777 Karthaginem
1314 1690 1465 1765 vendunt,

129 1809 233 1873 quam
263 1790 296 1851 P.
318 1787 484 1850 Africanus
514 1788 664 1852 nudatam
691 1790 783 1853 tectis
812 1798 908 1874 atque
931 1791 1097 1853 moenibus
1126 1790 1193 1853 sive
1225 1788 1265 1851 ad
1294 1783 1465 1850 notandam

130 1881 451 1965 Karthaginiensium
485 1883 693 1948 calamitatem
725 1884 791 1948 sive
818 1883 857 1946 ad
883 1881 1112 1946 testificandam
1141 1890 1280 1946 nostram
1302 1877 1465 1944 victoriam

99 2040 102 2046 .
130 1981 204 2044 sive
233 1976 274 2038 ab
296 1974 433 2038 oblatam
461 1975 599 2058 aliquam
625 1979 811 2061 religionem
840 1977 880 2041 ad
909 1986 1068 2041 aeternam
1096 1977 1260 2041 hominurn
1282 1971 1504 2037 memoriamso

132 2071 345 2136 consecravit.
389 2066 419 2130 6.
447 2068 504 2132 llis
537 2070 715 2153 insignibus
745 2079 842 2156 atquc
870 2071 981 2134 intulis
1011 2071 1136 2154 imperii
1166 2069 1317 2144 venditis,
1350 2065 1466 2150 quibus

134 2173 282 2230 ornatam
304 2161 397 2226 nohis
420 2163 557 2226 maiores
572 2165 672 2227 nostri
687 2185 753 2229 rem
769 2165 928 2248 publicam
944 2163 1157 2238 tradiderunt,
1179 2164 1290 2227 iubent
1304 2181 1359 2224 eos
1374 2177 1466 2242 agros

133 2260 265 2342 venire,
289 2278 372 2342 quos
394 2277 453 2320 rex
475 2255 672 2322 Mithridates
693 2259 727 2322 in
742 2259 974 2343 Paphlagonia,
996 2260 1097 2322 Ponto
1114 2255 1379 2341 Cappadociaque
1392 2271 1468 2335 pos-

134 2353 269 2418 sederit
296 2354 381 2416 Num
404 2351 538 2415 obscure
560 2351 707 2416 videntur
727 2349 827 2438 prope
849 2354 939 2417 hasta
960 2353 1127 2437 praeconis
1141 2351 1290 2415 insectari
1305 2349 1360 2413 Cn.
1375 2349 1468 2410 Pom-

136 2448 203 2532 peii
226 2447 416 2519 exercitum,
439 2446 494 2529 qui
517 2445 624 2509 venire
646 2447 777 2510 iubeant
798 2464 854 2510 eos
875 2448 962 2531 ipsos
984 2467 1092 2532 agros,
1114 2447 1281 2531 inquibus
1302 2444 1504 2509 illectiamao

137 2563 223 2605 nunc
246 2539 363 2602 bellum
387 2548 475 2621 gerat
496 2547 591 2624 atque
613 2543 778 2604 versetur?

222 2635 276 2698 111.
299 2631 330 2695 7.
353 2633 422 2696 lloc
451 2653 526 2696 vero
555 2635 645 2698 cuius
668 2635 754 2699 rnodi
777 2644 841 2712 est,
871 2637 957 2722 quod
980 2637 1050 2701 eius
1072 2636 1244 2710 auctionis,
1274 2654 1369 2719 quam
1392 2652 1468 2696 con-

137 2733 289 2803 stituunt,
311 2728 416 2790 locum
440 2727 500 2790 sibi
522 2728 644 2792 nullum
665 2726 848 2809 definiunt?
878 2733 959 2794 Nam
981 2731 1186 2805 decemviris,
1208 2729 1325 2813 quihus
1340 2729 1374 2790 in
1387 2727 1467 2790 locis

136 2823 215 2910 ipsis
236 2823 399 2895 videatur,
422 2821 581 2885 vendendi
603 2830 743 2907 potestas
765 2823 835 2909 lege
857 2826 1058 2908 permittitur.
1090 2823 1281 2887 Censorihus
1302 2818 1468 2903 vectigalia

137 2919 243 2980 locare
273 2914 335 2978 nisi
363 2915 396 2978 in
425 2924 597 2999 conspectu
626 2917 738 3001 populi
765 2919 898 2983 Romani
920 2937 985 2982 non
1007 2919 1100 2983 licet:
1129 2918 1180 2982 his
1201 2914 1340 2982 vendere
1362 2914 1412 2979 vel
1435 2915 1505 2977 inea

138 3011 257 3075 ultimis
279 3010 372 3073 terris
394 3009 528 3073 licebitl
560 3011 600 3073 At
621 3011 682 3074 hoc
703 3011 798 3076 etiam
820 3013 1009 3097 nequissimi
1030 3013 1175 3078 homines
1194 3011 1390 3094 consumptis
1412 3028 1468 3092 pa·

140 3103 296 3168 trimoniis
318 3102 456 3177 faciunt,
486 3104 575 3166 utin
598 3101 686 3167 atriis
708 3106 913 3168 auctionariis
934 3107 1042 3190 potius
1063 3126 1158 3190 quam
1180 3107 1213 3169 in
1235 3105 1339 3169 triviis
1360 3111 1415 3168 aut
1435 3105 1468 3167 in

140 3197 283 3279 compitis
305 3198 556 3259 auctiouentur.·
579 3196 638 3259 Hic
660 3195 812 3281 permittit
834 3218 891 3261 sua
912 3198 984 3282 lege
1007 3199 1216 3273 decemviris,
1240 3206 1276 3261 ut
1296 3199 1330 3260 in
1352 3197 1468 3280 quibus

141 3290 340 3354 commodum
364 3289 405 3352 sit
425 3291 580 3364 tenebris,
602 3299 637 3352 ut
658 3291 689 3352 in
713 3311 776 3374 qua
791 3292 891 3356 velint
913 3294 1084 3357 solitudine
1106 3294 1191 3357 hona
1208 3292 1320 3378 populi
1334 3290 1467 3354 Romani

141 3385 263 3468 possint
284 3382 464 3446 divendere.
509 3381 539 3444 8.
561 3384 627 3445 lam
650 3384 706 3447 illa
720 3385 867 3449 omnihus
889 3387 920 3448 in
940 3386 1127 3470 provinciis,
1148 3387 1267 3469 regnis,
1289 3385 1397 3447 liberis
1411 3399 1506 3466 pato

142 3478 225 3562 pulis
254 3497 351 3561 quarn
381 3476 508 3551 acerba,
539 3497 635 3562 quam
663 3477 886 3554 formidolosa,
917 3498 1013 3563 quam
1042 3488 1237 3563 quaestuosa
1265 3479 1468 3542 concursatio
1590 3553 1598 3569 .

143 3572 359 3636 decemviralis
380 3571 486 3635 lutura
505 3573 564 3646 sit,
586 3592 649 3635 uon
665 3572 803 3635 videtis?
824 3573 1042 3636 Hereditatum
1058 3572 1274 3636 obeundarum
1290 3589 1385 3634 causa
1400 3571 1470 3654 qui-

141 3668 197 3730 hus
217 3685 274 3730 vas
296 3665 470 3748 legationes
493 3665 644 3741 dedistis,
669 3667 724 3751 qui
746 3673 778 3729 et
798 3666 912 3752 privati
927 3674 959 3729 et
979 3665 1137 3749 privatum
1152 3667 1191 3729 ad
1205 3667 1366 3749 negotium
1383 3667 1470 3729 exie·

143 3767 212 3825 runt
240 3778 304 3823 non
330 3760 476 3824 maximis
498 3760 612 3843 opihus
633 3780 739 3845 neque
763 3781 885 3823 summa
906 3760 1092 3824 auctoritate
1114 3760 1265 3842 praediti,
1286 3769 1392 3823 tamen
1412 3779 1469 3822 au-

144 3855 211 3918 ditis
239 3853 381 3938 proiecto
412 3873 506 3938 quam
536 3874 646 3938 graves
675 3874 785 3918 eorsum
807 3854 962 3919 adventus
984 3854 1080 3917 sociis
1102 3854 1220 3918 nastris
1243 3874 1314 3918 esse
1336 3854 1506 3918 soleautae

144 3948 172 4012 o.
193 3949 295 4025 Quam
318 3948 358 4012 ab
380 3967 447 4011 rem
468 3949 546 4033 quid
568 3949 683 4033 putatis
705 3948 887 4032 impendere
908 3948 968 4011 hac
990 3948 1060 4032 lege
1082 3947 1228 4012 omnihus
1243 3949 1390 4032 gentihus
1406 3957 1468 4012 ter-

204 4212 227 4262 3.
250 4213 316 4274 quud
339 4211 461 4276 adfectent
486 4212 578 4276 Ussing
601 4211 693 4276 (Orat.
712 4217 762 4262 tras
785 4213 815 4263 de
840 4212 892 4276 tege
914 4211 1023 4275 agraria
1045 4211 1073 4261 in
1091 4223 1165 4262 mun
1185 4211 1326 4262 scholaruum
1347 4216 1468 4264 mcennsn

145 4289 162 4339 1.
179 4289 204 4338 4..
225 4289 320 4353 Ussing.
348 4287 466 4338 lluuniee
484 4289 582 4348 t850.l:
609 4289 693 4350 quoad
708 4288 793 4352 tecnit
815 4287 861 4338 ΕΑ
873 4285 934 4346 80;
961 4299 1009 4350 qua
1026 4287 1136 4350 affuerit
1153 4288 1185 4347 F3
1211 4289 1341 4350 resecarit
1357 4292 1393 4348 ῦς
1419 4303 1468 4352 qua

146 4363 262 4428 agauni
278 4365 311 4423 ις
340 4377 389 4426 quo
414 4363 537 4426 adfectent
552 4361 676 4414 Klotzius.
705 4363 743 4414 Ci.
762 4375 789 4427 p.
808 4361 903 4412 Roscio
920 4363 978 4412 hm.
1001 4361 1025 4426 5.
1040 4359 1115 4412 440..
1141 4375 1208 4412 nunc
1226 4375 1286 4414 aero
1305 4377 1383 4426 mmm
1399 4365 1468 4415 mom

146 4439 255 4498 nannet,
274 4439 341 4501 quud
356 4437 404 4488 iter
420 4439 531 4501 affectet,
548 4439 685 4488 videtin·
704 4437 728 4490 t.
742 4437 914 4502 obpugnarent
930 4437 959 4486 E.
974 4461 1001 4472 -
1021 4437 1045 4486 0.
1063 4435 1114 4501 luas]
1132 4449 1194 4500 quos
1207 4451 1262 4502 mg.
1276 4436 1303 4492 8.
1317 4465 1345 4477 -
1364 4441 1390 4490 Ρ.
1403 4440 1468 4490 Lau-

147 4513 267 4564 redanus:
287 4525 341 4564 om.
360 4513 435 4564 ΕΒΑ
446 4511 500 4566 ut.
520 4513 558 4564 Cl.
572 4511 607 4564 du
626 4512 684 4577 lege
696 4525 751 4576 agr.
764 4513 795 4562 ll.
814 4512 838 4575 5.
851 4512 892 4562 440.
908 4539 935 4548 -
954 4511 978 4561 8.
997 4511 1132 4562 Flaminini
1150 4513 1333 4564 Luaredanus:
1351 4513 1469 4563 htarmnii

147 4587 280 4642 eunte.
302 4613 328 4624 —
344 4587 417 4650 pauli
434 4589 521 4639 ΕΒΑ.
542 4615 569 4626 -·
586 4601 684 4652 persam
702 4589 729 4639 F.
748 4613 776 4624 -
795 4588 819 4638 9.
838 4579 993 4650 apiniani..
1017 4587 1055 4637 Ci.
1074 4585 1108 4638 de
1126 4585 1185 4650 lege
1203 4601 1258 4652 agr.
1276 4589 1319 4640 111.
1338 4588 1362 4652 fi.
1381 4587 1421 4640 44.
1439 4613 1465 4624 -

146 4663 243 4714 minutii
259 4664 292 4723 Ε;
310 4665 417 4713 nutanti
432 4665 459 4715 F.
480 4691 507 4700 —
527 4667 568 4716 44.
587 4665 751 4728 Kurtaptnam
769 4665 825 4715 El.
847 4689 873 4698 —
894 4663 934 4713 tt.
952 4677 1012 4712 vcro
1029 4676 1083 4714 om.
1103 4663 1187 4714 th.
1208 4691 1236 4701 -
1253 4669 1359 4714 amem
1376 4677 1428 4713 om.
1441 4663 1466 4713 F.

149 4765 172 4775 -
188 4739 351 4804 Kartaginem
368 4741 393 4790 F.
409 4767 436 4776 -
457 4741 497 4791 43.
516 4742 655 4805 amicanua
672 4740 728 4790 EF.
743 4765 770 4774 -
790 4743 865 4801 atque
881 4737 917 4788 E:
937 4751 968 4787 aa
985 4736 1126 4790 FALPO.
1142 4765 1169 4773 —
1189 4737 1228 4788 tl.
1247 4739 1469 4803 Karwpineuiunn

149 4817 174 4874 ῖς
191 4816 403 4880 aurtaptncnaiann
419 4815 455 4876 E3
479 4813 712 4880 Carmapincnsiann
728 4815 757 4864 h.
776 4839 810 4850 -
834 4813 874 4862 45.
893 4811 923 4862 oh
940 4813 1030 4863 nescio
1047 4813 1108 4876 quis
1124 4825 1167 4877 ap.
1186 4810 1325 4864 Orelliam:
1343 4813 1378 4864 ad
1394 4813 1468 4862 ΕΗ.

150 4887 201 4950 to;
219 4903 272 4942 om.
287 4894 317 4942 Α.
338 4917 365 4928 -
386 4891 426 4940 td.
444 4891 558 4955 insigniis
574 4891 603 4941 E.
620 4915 645 4926 -
666 4891 705 4940 47.
724 4889 794 4939 nohis
809 4901 843 4972 up.
861 4889 940 4939 nostri
956 4889 1072 4939 EFP'l':
1089 4887 1158 4937 uehis
1173 4900 1207 4936 nn.
1219 4888 1295 4938 usati
1310 4884 1423 4938 tato,
1438 4913 1465 4922 -

150 4965 206 5016 iubet
221 4966 338 5017 EFPA.
366 4965 523 5016 Emendavit
538 4965 684 5028 Naugerius
701 4965 727 5014 in
745 4963 788 5015 ed.
806 4963 908 5014 Aldina.
923 4989 951 5000 -
970 4963 1010 5014 48.
1027 4963 1167 5013 mundatas
1183 4963 1238 5014 EF.
1254 4989 1280 4999 -
1296 4961 1469 5024 pnaptaponia

151 5041 226 5092 EFP.
247 5067 273 5078 -
292 5041 334 5092 to.
352 5041 429 5090 etium
445 5039 484 5090 tila
501 5039 529 5090 E.
549 5065 576 5075 —
600 5040 641 5090 28.
660 5040 839 5090 auctionaretur
855 5041 884 5092 E.
904 5065 931 5076 -
955 5039 996 5090 89,
1014 5045 1043 5090 ut
1064 5041 1091 5090 in
1107 5039 1166 5102 qua]
1187 5043 1232 5088 aut
1248 5039 1275 5088 in
1291 5050 1342 5099 qua
1359 5049 1419 5086 cum
1437 5038 1466 5086 P.

152 5116 257 5166 Kanutto
275 5117 303 5166 h.
314 5141 342 5152 -
362 5115 402 5166 30,
418 5115 513 5179 possint
530 5115 667 5182 numme]
686 5117 793 5168 undant
804 5118 833 5168 E.
852 5117 891 5169 Ct.
905 5113 1041 5168 Gebhardt
1057 5113 1073 5168 l.
1087 5114 1104 5166 l.
1118 5116 1138 5166 1.
1151 5127 1178 5180 p.
1191 5115 1206 5165 0
1218 5125 1259 5182 sq.
1271 5135 1297 5150 -·
1317 5111 1358 5166 tt.
1377 5112 1467 5166 nastris

152 5189 495 5246 laudamento
