3684 5862
583 423 656 490 cn.
676 421 937 488 xxxix-xc.
964 419 1021 506 ee.
1044 414 1234 486 rra-us.
1522 413 1557 482 cr

250 595 326 681 quid
346 597 380 660 in
401 615 469 659 rem
490 613 580 659 suam
601 596 771 671 convertit,
798 593 854 656 sed
874 593 961 656 hunc
980 591 1122 656 funditus
1145 589 1256 654 evertit
1275 589 1385 664 lionis,
1412 589 1482 672 ipse
1503 589 1565 651 tria

248 688 378 773 praedia
400 690 459 752 sihi
480 688 631 772 depectus
647 696 710 764 est,
731 688 926 753 voluntatem
941 687 1146 751 decurionum
1161 704 1198 748 cc
1213 685 1408 767 municipum
1422 682 1564 748 omnium

248 782 401 847 tantidem
422 785 533 867 quenti
553 779 648 846 fidem
670 803 759 848 suam
780 782 865 846 iecit.

330 879 397 940 XL.
420 873 491 941 lte.
513 877 625 941 Videte
639 879 702 941 iam
717 897 812 960 porro
828 885 945 952 cetera,
968 876 1103 951 iudices,
1126 883 1161 939 ut
1179 874 1362 958 intelligatis
1376 867 1564 936 maleficium

247 973 370 1036 nullum
391 970 465 1056 fingi
485 993 598 1056 posse,
621 992 685 1055 quo
707 972 768 1035 iste
790 991 860 1036 sese
880 993 947 1035 non
961 971 1189 1035 contaminarit.
1223 970 1258 1032 ln
1281 969 1375 1033 renus
1390 963 1564 1030 minorihus
1587 977 1602 1025 a

248 1067 367 1129 socium
387 1065 506 1131 fallere·
519 1067 734 1150 turpissimum
755 1073 804 1130 est
824 1085 992 1150 aequeque
1015 1073 1106 1148 turpe
1121 1072 1216 1148 atque
1238 1063 1333 1138 illud,
1358 1062 1396 1125 de
1412 1083 1476 1146 quo
1491 1067 1563 1125 ante

248 1161 332 1224 dixi:
360 1182 465 1245 neque
486 1161 616 1235 iniuria,
645 1167 815 1244 propterea
837 1160 923 1244 quod
952 1159 1103 1222 auxilium
1125 1158 1184 1220 sibi
1206 1177 1240 1221 se
1262 1164 1352 1240 putat
1371 1155 1565 1230 adiunxisse,

248 1256 395 1339 quicum
417 1256 516 1320 altero
538 1277 604 1319 rem
630 1255 878 1318 communicavit.
908 1253 957 1317 Ad
979 1253 1067 1316 cuius
1082 1251 1176 1334 igitur
1188 1248 1282 1315 fidem
1297 1250 1471 1334 confugiet,
1494 1271 1566 1314 cum

247 1369 305 1432 per
326 1350 392 1413 eius
413 1346 508 1412 tidem
531 1348 682 1422 laeditur,
704 1349 754 1411 cui
776 1368 810 1410 se
832 1347 1046 1412 commiserit?
1088 1345 1192 1428 Atque
1218 1365 1255 1408 ea
1277 1353 1351 1409 sunt
1371 1343 1567 1409 animadver-

246 1443 341 1507 tenda
361 1451 490 1527 peccata
511 1442 662 1516 maxime,
685 1461 768 1525 quae
782 1439 963 1504 difficillime
984 1447 1220 1522 praecaventur.
1251 1440 1338 1503 Tecti
1353 1459 1422 1504 esse
1436 1439 1475 1503 ad
1491 1439 1604 1502 alie-to

247 1559 306 1602 nos
327 1558 511 1622 pessumum
542 1535 642 1599 intimi
668 1535 767 1598 multa
794 1535 952 1619 apertiora
972 1531 1100 1596 videant
1127 1553 1258 1597 necesse
1279 1541 1344 1596 est:
1375 1534 1493 1598 socium
1516 1553 1567 1596 ca·

247 1652 321 1696 vere
344 1632 398 1716 qui
419 1632 615 1715 possumus‘l
637 1649 733 1713 quem
756 1630 849 1693 etiam
865 1630 890 1692 si
905 1628 1087 1701 metuimus,
1109 1627 1159 1690 ius
1174 1623 1267 1691 officii
1281 1627 1444 1691 laedimus.
1471 1629 1566 1690 Recte

247 1727 341 1809 igitur
361 1725 497 1788 maiores
519 1743 608 1798 eum,
632 1723 686 1806 qui
709 1723 827 1786 socium
850 1721 1027 1795 fefellisset,
1049 1721 1082 1783 in
1104 1722 1242 1786 virorum
1264 1721 1420 1785 bonorum
1434 1741 1565 1785 numero

247 1839 313 1882 non
333 1825 484 1903 putarunt
504 1817 614 1881 haberi
635 1823 790 1898 oportere.
834 1812 905 1879 tt7.
932 1817 973 1880 dt
1000 1835 1075 1881 vero
1103 1817 1138 1879 T.
1160 1817 1292 1880 Roscius
1313 1837 1379 1879 non
1400 1836 1498 1880 unum
1520 1812 1566 1878 rei

248 1912 448 1996 pecuniariae
480 1909 598 1976 socium
631 1907 742 1974 fefellit
777 1944 819 1958 -
850 1911 935 1996 quod
965 1911 1088 1974 tametsi
1116 1929 1210 1993 grave
1239 1919 1302 1985 est,
1333 1919 1437 1974 tamen
1460 1909 1604 1993 aliquolt

248 2005 342 2068 modo
364 2025 459 2088 posse
479 2004 554 2068 terri
575 2004 699 2068 videtur
719 2037 777 2079 -,
799 2025 909 2069 verum
923 2024 1037 2067 novem
1051 2004 1196 2068 homines
1210 2005 1463 2079 honestissimos,
1485 2006 1568 2078 eius·
1671 2012 1702 2061 ·t'

249 2099 326 2176 dem
342 2099 497 2174 muneris,
517 2099 697 2183 legationis,
731 2095 823 2163 officii
844 2096 1127 2181 mandatorumque
1148 2099 1251 2184 socios
1272 2098 1412 2174 induxit,
1434 2098 1568 2181 decepit,
1624 2113 1663 2200 4³
1688 2094 1729 2128 ’Μ

250 2193 403 2269 destituit,
432 2192 618 2258 adversariis
646 2192 790 2268 tradidit,
823 2192 908 2256 omni
934 2190 1045 2254 fraude
1067 2198 1098 2254 et
1125 2189 1257 2274 perfidia
1276 2191 1398 2256 fefellit.
1443 2192 1506 2268 Qui
1528 2191 1568 2254 de

249 2289 315 2352 eius
337 2288 455 2352 scelere
476 2288 630 2371 suspicari
650 2287 729 2350 nihil
750 2292 934 2370 potuerunt,
957 2284 1077 2348 socium
1099 2281 1193 2348 cilicii
1213 2294 1355 2349 metuere
1369 2305 1434 2349 non
1450 2285 1568 2349 debue-

248 2390 334 2456 runt,
364 2382 432 2445 eius
460 2383 608 2446 malitiam
636 2402 702 2445 non
729 2382 892 2456 viderunt,
925 2379 1059 2442 orationi
1079 2398 1180 2443 vanae
1203 2378 1413 2443 crediderunt.
1456 2380 1606 2464 ltaqucrt

247 2495 330 2538 nunc
361 2475 408 2538 illi
438 2475 581 2540 homines
612 2476 825 2540 honestissimi
852 2481 983 2559 propter
1009 2473 1099 2537 istius
1126 2473 1255 2537 insidias
1285 2495 1398 2558 parum
1418 2482 1569 2559 putantur

247 2570 329 2634 cauti
356 2569 542 2654 providique
569 2569 684 2634 sivisse:
717 2570 795 2644 iste,
826 2571 881 2655 qui
902 2569 990 2632 initio
1011 2567 1153 2651 proditor
1173 2566 1250 2642 luit,
1283 2566 1397 2632 deinde
1419 2568 1566 2653 perfuga,

248 2665 302 2749 qui
332 2664 434 2747 primo
465 2665 621 2728 sociorum
648 2663 779 2727 conside
806 2662 993 2728 adversariis
1022 2661 1209 2737 enuntiavit,
1243 2660 1357 2726 deinde
1387 2663 1567 2727 societatem

248 2779 319 2822 cum
338 2758 415 2843 ipsis
437 2759 622 2822 adversariis
645 2759 731 2832 coiit,
758 2765 854 2821 terret
874 2756 967 2819 etiam
988 2774 1048 2818 nos
1069 2775 1106 2819 ac
1128 2756 1276 2831 minatur,
1299 2757 1398 2820 tribus
1420 2756 1567 2841 praediis,

247 2852 308 2922 hoc
329 2861 391 2928 est,
418 2854 564 2937 praemiis
597 2852 723 2916 sceleris
755 2861 894 2916 ornatus.
936 2851 973 2912 ln
1004 2849 1158 2913 eiusmodi
1185 2851 1262 2925 vita,
1291 2850 1429 2929 iudices,
1456 2851 1491 2915 in
1518 2850 1567 2916 his
1576 2865 1606 2918 rt
1689 2840 1719 2934 ᾖ

149 2957 155 2964 “
247 2953 293 3008 tot
313 2947 472 3030 tantisque
494 2942 617 3030 llagitiis
638 2947 700 3010 hoc
722 2966 851 3031 quoque
873 2939 1076 3018 maleficium,
1105 2942 1146 3006 de
1169 2965 1232 3028 quo
1255 2943 1405 3010 iudicium
1427 2954 1490 3023 est,
1519 2967 1569 3010 re-

247 3040 383 3124 perietis.
426 3036 498 3102 ll8.
520 3041 643 3104 Etenim
667 3060 819 3125 quaerere
840 3040 884 3102 ita
905 3036 1046 3101 debetisr
1067 3037 1122 3099 ubi
1143 3038 1242 3101 multa
1263 3059 1372 3114 avare,
1393 3041 1493 3106 multa
1514 3061 1570 3106 au·

249 3132 370 3210 dacter,
392 3134 491 3198 multa
511 3134 669 3217 improbe,
700 3135 799 3197 multa
819 3129 987 3216 perfidiose
1008 3131 1090 3195 facta
1110 3131 1271 3209 videbitis,
1299 3134 1342 3196 ihi
1365 3135 1467 3198 scelus
1491 3155 1570 3220 quo·

250 3247 313 3312 que
341 3227 437 3291 latere
465 3229 546 3292 inter
570 3229 625 3292 illa
652 3237 700 3292 tot
720 3229 837 3311 flagitia
857 3233 1008 3312 putatote.
1051 3226 1188 3289 Tametsi
1208 3225 1270 3290 hoc
1292 3226 1420 3311 quidem
1441 3229 1569 3292 minime

247 3323 340 3396 latet,
363 3320 448 3406 quod
470 3323 513 3384 ita
534 3330 714 3406 promptum
737 3331 768 3385 et
788 3321 985 3405 propositum
1008 3326 1071 3394 est,
1100 3327 1135 3383 ut
1165 3339 1229 3382 non
1252 3340 1293 3384 cx
1313 3321 1376 3384 illis
1397 3319 1567 3398 maleficiis,
1577 3340 1607 3388 so

249 3435 331 3499 quae
351 3417 385 3480 in
405 3415 460 3478 illo
482 3424 625 3481 constant
640 3435 726 3492 esse,
748 3417 809 3480 hoc
822 3414 1031 3497 intelligatur,
1053 3433 1163 3479 verum
1178 3435 1220 3479 ex
1232 3414 1295 3479 hoc
1308 3416 1418 3492 etiam,
1440 3416 1569 3500 siquod

249 3717 341 3768 contra
358 3715 462 3768 dicente
479 3717 559 3768 Ravio
575 3717 606 3768 11.
624 3729 651 3782 p.
671 3716 738 3778 iae..
757 3715 830 3781 quod
846 3715 950 3767 adiecto
967 3716 1073 3767 nomine
1089 3715 1186 3767 invidie
1201 3716 1241 3767 rel
1252 3717 1343 3781 augeri
1353 3716 1489 3781 videatur,
1507 3732 1570 3773 cum

250 3806 283 3844 ne
301 3794 415 3844 nominis
432 3792 542 3858 quidem
559 3791 745 3843 communione
761 3792 790 3842 Τ.
809 3793 919 3843 lloscius
936 3794 1086 3842 commotus
1103 3793 1145 3842 sit.
1172 3792 1313 3854 audirem,
1332 3793 1381 3844 nisi
1397 3806 1571 3860 menseque-

249 3872 323 3920 retur
341 3869 366 3919 T.
385 3869 485 3920 lioscius
501 3869 529 3919 et
545 3879 710 3932 praenomen
727 3865 843 3918 abesset.
871 3868 907 3930 (ln
925 3869 944 3918 G
960 3880 1004 3918 vv.
1017 3868 1103 3918 Roscio
1113 3880 1199 3931 usque
1211 3866 1246 3919 ad
1257 3881 1329 3919 ecee
1341 3868 1366 3919 T.
1380 3872 1480 3925 omissa
1490 3878 1570 3937 sunt.)

252 3969 279 3979 -
294 3942 401 4005 paulam
418 3944 503 3994 Gac:
519 3943 652 4004 paululum
668 3944 727 3995 liv.
741 3969 770 3980 -
790 3944 814 3992 t.
832 3943 929 4005 ipsae.
943 3969 970 3978 -
990 3941 1015 3992 2.
1033 3943 1229 4004 aspectuum:
1248 3943 1435 4007 cuneatum
1454 3949 1572 4014 dapacm

250 4017 334 4080 0ac;
352 4032 378 4070 v.
397 4017 432 4068 ad
448 4017 472 4082 5.
491 4018 547 4068 iro.
578 4045 605 4055 -
630 4017 673 4083 cst]
699 4023 734 4068 cst
753 4022 777 4068 et
797 4030 821 4068 c.
842 4045 870 4054 -
893 4018 1003 4068 onmium
1026 4029 1079 4068 om.
1099 4018 1210 4069 Cllsc.
1231 4044 1258 4054 -
1277 4017 1302 4071 l.
1320 4023 1402 4071 caure
1418 4035 1471 4074 om.
1490 4026 1519 4075 G.
1541 4053 1569 4064 -

248 4093 309 4144 mal.
327 4093 423 4144 suumn
438 4093 501 4158 fluat
516 4093 559 4145 ll:
575 4093 638 4157 {tupi
652 4106 687 4143 m.
705 4092 767 4143 uati.
785 4093 879 4144 Ovac
893 4107 899 4154 ;
915 4086 1048 4156 omitcpt
1065 4093 1094 4143 G.
1108 4117 1136 4128 -
1155 4094 1179 4144 o.
1198 4093 1251 4158 iste]
1267 4095 1320 4157 ipsc
1334 4095 1384 4147 ue.
1406 4122 1434 4132 -
1452 4100 1572 4150 contunt-

249 4170 392 4220 oeoeu‘tG.
412 4168 656 4230 —ecscequcu
676 4195 704 4206 -
729 4167 1077 4232 lsepatatJdeputctMl.
1097 4195 1125 4206 —
1148 4169 1305 4232 8.qoiom.
1323 4182 1350 4220 v.
1371 4195 1396 4209 -
1416 4171 1572 4236 sperone

247 4244 330 4309 Meos]
348 4242 417 4295 male
435 4242 543 4308 quidam
556 4256 605 4306 per
620 4243 673 4293 dus
687 4243 803 4307 pondes
819 4239 862 4293 vel
876 4255 924 4304 per
939 4243 992 4292 citu
1003 4243 1150 4307 perfidicam
1167 4257 1194 4295 v.
1212 4243 1306 4295 llandil
1323 4244 1393 4296 lteri.
1410 4248 1453 4299 lv.
1471 4261 1498 4313 p.
1512 4247 1570 4301 llo.

251 4321 279 4369 et
294 4319 436 4384 Nipperdei
454 4319 563 4381 occaect.
583 4318 684 4369 damac.
703 4331 730 4382 p.
749 4316 805 4368 raa.
826 4342 854 4355 -
874 4317 989 4382 laeditur]
1007 4319 1104 4368 dedttw
1115 4321 1144 4370 C.
1160 4345 1187 4356 -
1206 4325 1281 4382 etqua
1294 4321 1391 4371 cuv:
1410 4323 1481 4384 atqui
1491 4324 1569 4376 codd.

249 4390 305 4444 rell.
324 4392 391 4455 noti,
409 4394 488 4445 Oec.
514 4395 573 4444 Non
590 4393 734 4444 assumitur
749 4392 776 4442 h.
794 4390 812 4442 l.
831 4390 1006 4444 conclusionis
1026 4396 1170 4458 propositio
1187 4395 1288 4456 minor,
1310 4394 1359 4446 sed
1376 4410 1475 4450 novum
1492 4412 1572 4464 argu-

250 4470 370 4519 mentum
390 4469 556 4530 adnectitor;
581 4481 608 4519 v.
625 4466 809 4530 Wesenbergii
831 4467 971 4518 Emendate.
998 4468 1092 4520 Tuscul.
1112 4471 1142 4520 ll.
1168 4482 1196 4534 p.
1216 4468 1255 4521 ll.
1276 4493 1303 4506 -
1326 4471 1367 4521 ll.
1385 4472 1520 4524 intumit.
1540 4499 1569 4511 -

252 4541 291 4593 t3.
310 4543 402 4593 maun
418 4542 534 4605 Gilva,
553 4545 642 4606 Parc,
661 4545 676 4593 5
694 4543 771 4593 oxu:
790 4542 883 4592 rodum
898 4555 957 4593 vero
974 4543 1026 4594 Oc.
1046 4570 1075 4580 -
1098 4545 1137 4595 le.
1154 4545 1211 4609 flevi
1226 4545 1345 4605 tttcxv.
1366 4573 1393 4583 -
1411 4559 1499 4598 noceo
1515 4560 1570 4600 om.

251 4617 398 4681 CHSepa.
418 4643 447 4656 -
465 4619 644 4670 iunctissimos
659 4620 778 4671 Gllac:
795 4618 943 4682 fortissimos
958 4619 1012 4669 lv.
1027 4645 1054 4656 -
1074 4620 1114 4670 lt.
1133 4619 1209 4684 officii
1223 4621 1402 4672 mandatorum
1417 4635 1490 4688 susp.
1509 4621 1527 4677 Β
1544 4624 1571 4674 in

251 4704 335 4756 marg.
355 4719 381 4731 -
402 4693 442 4744 ⁴8.
462 4695 546 4745 onmia
561 4707 588 4745 v.
608 4721 636 4732 -
655 4694 695 4745 til.
710 4693 853 4758 pommus]
871 4693 930 4745 lort.
945 4695 1080 4756 comesu.
1101 4721 1128 4732 -
1153 4695 1194 4746 2⁰.
1210 4708 1277 4746 coru
1291 4708 1318 4747 v.
1339 4719 1366 4733 -
1390 4695 1429 4746 tta
1444 4709 1511 4747 natu
1525 4697 1571 4747 lto-

249 4768 328 4820 mtues
344 4768 373 4817 G.
394 4790 421 4804 -
440 4768 569 4820 intuitio
589 4781 643 4820 om.
662 4771 692 4820 G.
713 4795 740 4806 -
760 4768 873 4833 prosuae
891 4770 920 4819 G.
941 4792 969 4805 -
993 4766 1035 4820 23.
1053 4769 1323 4820 cavernosum
1342 4771 1403 4835 ipsis
1418 4786 1472 4824 om.
1491 4775 1521 4824 (i.
1540 4800 1569 4810 -

250 4840 713 4896 el.c0tuac:ccicomi1rv.-
732 4844 809 4896 etiarn
825 4846 878 4896 um
893 4857 938 4895 uos
951 4850 988 4911 ψ.
1004 4868 1031 4881 -
1049 4844 1090 4895 ee.
1104 4850 1209 4896 maias
1224 4846 1357 4897 scetem.
1373 4873 1401 4883 —
1419 4847 1459 4898 27.
1472 4848 1571 4915 mun]

251 4922 316 4969 etv.
337 4944 365 4955 -
383 4918 513 4968 cadmiae
529 4919 557 4969 L.
578 4944 606 4956 -·
624 4919 665 4970 28.
682 4919 795 4971 uidebitis
811 4920 969 4982 GMCllx,
997 4922 1082 4982 Para,
1099 4933 1158 4971 va:
1179 4921 1267 4971 videtis
1283 4922 1337 4972 Oc.
1357 4949 1385 4958 -
1403 4919 1438 4971 tit
1452 4922 1572 4975 trisceles

252 5005 349 5055 quaeue
369 4992 437 5043 coni.
457 4994 563 5046 Ursinus
586 4995 614 5044 ot
634 4996 759 5047 Graevius
781 4996 883 5048 vitiose.
904 5023 932 5033 -
959 4996 1000 5048 29.
1021 4996 1067 5047 illa
1083 4998 1112 5048 G.
1132 5023 1160 5033 -
1184 4997 1283 5059 quiden
1299 5008 1353 5047 om.
1372 4997 1422 5046 iti.
1442 5023 1470 5034 -
1488 4998 1529 5050 30.
1548 5005 1572 5050 et

252 5079 305 5118 om.
324 5069 358 5130 (ὴ
377 5079 409 5117 ac
423 5080 450 5118 v.
470 5093 498 5105 -
517 5067 558 5118 el.
576 5073 688 5120 cocum
704 5071 852 5131 Gllxac:
871 5075 967 5122 cocstct
983 5073 1041 5136 0v,
1060 5071 1139 5125 codd.
1158 5070 1266 5136 rellqui,
1284 5073 1314 5122 ut
1328 5069 1443 5124 videtur.
1471 5071 1511 5125 Cl.
1530 5087 1568 5126 or.

248 5152 276 5209 p.
296 5141 397 5196 Cluent.
417 5142 441 5210 g.
460 5142 519 5197 tol.
536 5157 564 5211 p.
583 5144 663 5197 domo
680 5143 705 5209 3.
724 5145 781 5198 439.
801 5173 830 5184 -
846 5146 870 5198 st
885 5147 944 5212 quid
960 5159 985 5199 a.
