3578 5862
593 456 667 524 os.
687 456 883 524 vu-vru.
909 453 966 541 §t-
989 453 1136 524 le-ae.
1423 489 1427 500 ·
1451 449 1513 516 cor

194 647 265 694 eum
287 628 425 711 deniqne
446 641 504 692 uos
526 647 636 711 agrum
657 629 691 692 P.
705 627 798 694 Rullo
820 627 1034 702 concessisse,
1055 628 1111 712 qui
1132 646 1208 711 ager
1227 628 1296 711 ipse
1317 646 1375 712 per
1393 645 1463 691 sese
1485 633 1517 690 et

194 723 341 786 Sullanae
363 720 572 787 dominationi
593 729 624 785 et
639 721 851 784 Gracchorum
872 719 1033 803 largitioni
1055 721 1229 786 restitisset.
1259 723 1331 785 Non
1353 719 1444 796 dico,
1465 740 1517 784 so·

193 816 257 879 lum
279 817 341 880 hoc
361 818 394 880 in
416 835 450 878 re
472 815 596 899 publica
616 814 751 898 vectigal
773 835 859 889 esse,
883 815 969 898 quod
991 815 1116 879 amissis
1137 813 1207 878 aliis
1221 821 1399 889 remaneat,
1421 815 1518 877 inter·
1596 859 1602 868 .

193 909 296 974 missis
319 929 384 974 non
406 911 626 994 conquiescat,
649 909 681 972 in
704 927 783 991 pace
802 910 919 982 niteat,
940 909 974 972 in
990 906 1075 971 bello
1091 928 1156 972 non
1171 909 1361 983 obsolescat,
1383 907 1516 972 militem

192 1009 359 1078 sustentet,
380 1003 505 1068 hostem
526 1023 593 1066 non
612 1001 824 1085 pertimescat.
859 1002 1080 1066 Praetermitto
1096 1023 1221 1066 ornnem
1243 1001 1325 1066 banc
1340 1003 1541 1066 orationemo

191 1105 223 1160 et
244 1097 386 1162 contioni
414 1116 560 1160 reservo:
589 1094 628 1160 de
656 1095 798 1178 periculo
822 1097 933 1160 salutis
956 1117 992 1161 ac
1013 1096 1168 1162 libertatis
1189 1096 1314 1180 loquor.
1357 1093 1409 1162 22.
1432 1095 1515 1171 Quid

192 1191 277 1256 enim
306 1191 494 1258 existimatis
522 1190 679 1272 integrum
701 1191 791 1254 vobis
813 1191 848 1256 in
868 1212 904 1256 re
925 1190 1055 1274 publica
1074 1190 1143 1254 lore
1165 1191 1275 1255 autin
1296 1189 1517 1256 vestralihcr-

191 1293 254 1349 tate
276 1305 313 1350 ac
334 1285 487 1368 dignitate
509 1283 689 1360 retinenda,
711 1303 783 1349 cum
797 1285 909 1350 Rullus
924 1291 1020 1368 atque
1034 1285 1072 1359 ii,
1094 1304 1177 1370 quos
1193 1284 1292 1348 multo
1307 1284 1407 1366 magis
1421 1303 1516 1368 quam

191 1379 318 1444 Rullum
347 1379 483 1453 timetis,
516 1398 587 1442 cum
615 1379 702 1440 omni
730 1380 891 1462 egentium
911 1386 1022 1461 atque
1051 1379 1269 1462 improborum
1298 1396 1411 1452 manu,
1444 1396 1515 1440 cum

192 1472 338 1536 omnihus
361 1472 477 1556 copiis,
504 1491 575 1536 cum
602 1472 688 1536 omni
711 1480 843 1556 argento
865 1481 897 1538 et
918 1493 996 1538 auro
1021 1473 1162 1556 Capuam
1185 1481 1216 1535 et
1238 1471 1333 1536 urbes
1355 1471 1437 1534 circa
1460 1470 1554 1534 Ca·⁴⁰

192 1585 287 1648 puam
309 1566 520 1648 occuparint?
541 1565 599 1630 llis
614 1585 673 1648 ego
689 1565 799 1642 rebus,
821 1575 926 1651 patres
942 1567 1129 1653 conscripti,
1151 1566 1297 1632 resistam
1313 1565 1517 1630 vehementer

192 1668 288 1744 atque
316 1659 431 1724 acriter
456 1678 562 1742 neque
591 1659 694 1742 patiar
721 1659 868 1724 homines
896 1680 1011 1724 came
1040 1661 1171 1725 consule
1201 1679 1402 1744 expromere,
1435 1678 1517 1742 quae

193 1761 301 1818 contm
321 1773 338 1816 r
358 1775 390 1818 m
411 1751 570 1836 publicam
592 1753 654 1818 ianr
676 1753 731 1816 diu
753 1754 943 1836 cogitarunt.

277 1773 503 1925 ffidltrrastis,
524 1845 632 1921 uuus,
653 1847 857 1912 vehementer
878 1856 910 1911 et
931 1857 964 1912 tu
986 1855 1019 1912 et
1039 1868 1104 1912 non
1125 1847 1206 1912 nulli
1223 1848 1363 1931 collegae
1377 1848 1424 1912 tui
1431 1833 1518 1938 ,lqui

193 1941 342 2025 sperastis
363 1931 553 2006 vds'eontra
574 1941 735 2004 consulem
750 1943 895 2018 veritate,
917 1962 983 2006 non
998 1942 1209 2007 ostentatione
1223 1942 1409 2026 popularem
1423 1949 1555 2023 possetb

192 2037 225 2099 in
246 2034 416 2100 evertenda
438 2054 472 2097 re
493 2033 621 2117 publica
641 2035 812 2119 populares
828 2036 1011 2102 existimari.
1041 2036 1177 2101 Lacesso
1191 2055 1266 2112 vos3
1288 2035 1517 2100 incentionem

192 2149 289 2206 voco;
311 2129 431 2214 populo
453 2130 595 2192 Romano
618 2129 829 2212 disceptatore
855 2130 902 2194 uti
923 2129 1009 2194 volo.
1052 2131 1135 2194 Vlll.
1156 2131 1298 2205 Etenim,
1327 2136 1363 2194 ut
1384 2127 1517 2192 circum·

192 2225 361 2308 spiciamus
383 2222 505 2298 omnia,
528 2241 610 2305 quae
631 2222 752 2306 populo
774 2231 862 2304 grate
883 2230 980 2307 atque
1002 2222 1141 2288 iucunda
1166 2225 1246 2298 sint,
1273 2222 1354 2288 nihil
1376 2229 1440 2286 tem
1462 2241 1518 2305 po·

191 2318 301 2401 pulare
323 2336 418 2402 mam
440 2335 568 2400 pacem,
590 2335 685 2399 quarn
707 2315 925 2392 concordiam,
947 2337 1043 2401 wem
1065 2317 1165 2381 otium
1188 2317 1394 2400 reperiemus.
1425 2315 1519 2378 Solli-

193 2413 286 2476 citam
313 2410 390 2475 mibi
420 2410 580 2474 civitatem
602 2410 801 2493 suspicione,
830 2431 1018 2494 suspensam
1040 2419 1143 2486 metu,
1170 2411 1383 2494 perturbatam
1404 2409 1554 2474 restricto

192 2505 315 2588 legibus
336 2510 368 2567 et
389 2503 589 2568 contionibus
611 2511 643 2566 et
664 2503 874 2568 seditionibus
897 2505 1089 2570 tradidistis:
1120 2524 1209 2587 spem
1238 2504 1390 2588 improbis
1412 2511 1518 2568 osten-

193 2599 296 2674 distis,
318 2599 465 2661 timorcm
486 2595 579 2661 bonis
602 2597 772 2670 iniecistis,
794 2596 890 2662 lidem
904 2598 944 2662 de
965 2599 1052 2674 loro,
1075 2597 1258 2682 dignitatem
1274 2598 1314 2661 de
1335 2619 1369 2661 re
1391 2597 1518 2680 publica

192 2692 373 2757 sustulistis.
416 2687 468 2754 24.
490 2691 557 2754 lloc
585 2698 672 2754 motu
695 2699 791 2774 atque
813 2690 878 2786 hy
893 2693 1129 2775 perturbatione
1150 2692 1328 2755 animorum
1351 2699 1447 2774 atque
1468 2711 1518 2754 re·
1629 2651 1656 2742 d

191 2775 378 2861 rum‚(cum
399 2771 681 2868 popnld'llomano
704 2804 767 2846 vox
796 2793 828 2848 et
856 2781 1186 2886 auctoritas)consulis
1208 2792 1340 2869 repente
1365 2785 1399 2848 in
1421 2785 1517 2849 tantis

190 2868 330 2945 tenebris
338 2872 603 2978 dlluxepit,)cum
626 2877 800 2942 ostenderit
821 2878 902 2942 nihil
923 2899 993 2944 esse
1015 2878 1235 2954 metuendum,
1249 2873 1380 2956 (nullum
1395 2879 1555 2942 exerci-ao
1590 2927 1603 2968 q

192 2981 274 3050 tum,
303 2973 422 3038 nullam
445 2991 587 3046 manum,
616 2972 719 3035 nullas
742 2972 900 3049 colonias,
927 2974 1047 3038 nullam
1069 2973 1286 3037 venditionem
1307 2973 1517 3058 vectigalium,

191 3068 314 3132 nullum
334 3068 504 3150 imperium
525 3086 661 3142 novum,
690 3064 813 3140 nullum
835 3087 968 3151 regnum
991 3068 1215 3144 decemvirale,
1245 3069 1364 3133 nullam
1387 3068 1517 3132 alteram

191 3162 323 3224 Romam
352 3180 458 3243 neque
479 3160 573 3223 aliam
595 3158 703 3222 sedem
724 3159 850 3241 imperii
872 3161 964 3225 nohis
984 3161 1169 3226 consulibus
1187 3139 1517 3254 lumqgmlsummam-
1614 3109 1704 3196 A*

193 3275 255 3338 que
276 3252 536 3336 tranquillitatem
559 3254 646 3335 pacis
673 3260 768 3336 atque
792 3253 864 3328 otii,
895 3255 1084 3331 verendum,
1116 3255 1230 3331 credo,
1260 3256 1352 3320 nobis
1375 3258 1447 3333 erit,
1476 3277 1517 3319 ne

192 3354 296 3410 vestra
316 3347 377 3410 ista
398 3345 562 3429 praeclara
582 3346 635 3407 lex
657 3347 779 3428 agraria
801 3347 901 3429 magis
922 3348 1083 3432 popularis
1100 3369 1170 3413 esse
1185 3349 1339 3414 rideatur.
1370 3347 1554 3426 25.,Cum³⁰

192 3459 269 3504 vero
296 3438 416 3502 scelera
444 3438 649 3504 consiliorum
671 3447 846 3503 vestrorum
872 3438 1081 3526 fraudemque
1103 3442 1182 3525 legis
1205 3449 1237 3506 et
1256 3441 1407 3520 insidias,
1435 3463 1517 3529 quae

193 3533 255 3617 ipsi
275 3531 394 3616 populo
415 3533 557 3596 Romano
578 3551 597 3595 a
617 3532 824 3616 popularibus
846 3532 978 3598 tribunis
1000 3535 1102 3619 plebis
1123 3533 1215 3612 fiant,
1237 3536 1424 3614 ostendero,
1446 3559 1517 3622 per·

193 3629 372 3701 timescam,
394 3625 507 3700 credo,
529 3647 569 3689 ne
591 3625 670 3689 mihi
692 3625 872 3712 nonliceat
893 3635 1004 3692 contra
1024 3649 1081 3692 vos
1104 3631 1137 3692 in
1159 3629 1309 3694 contione
1330 3632 1516 3708 consistere,

193 3720 377 3805 pracsertim
399 3741 471 3784 cum
492 3720 571 3784 mihi
594 3719 803 3786 deliberatum
824 3727 857 3784 et
878 3723 1085 3786 constitutum
1107 3723 1164 3799 sit,
1186 3724 1230 3788 ita
1247 3743 1356 3807 gerere
1371 3727 1517 3791 consule·

193 3823 277 3890 tum,
299 3834 363 3899 quo
385 3834 450 3878 uno
472 3815 567 3877 modo
590 3815 656 3898 geri
678 3815 861 3898 gravitaret
880 3814 1114 3901 liberepotest,
1137 3823 1173 3880 ut
1193 3836 1299 3901 neque
1320 3819 1554 3902 provinciano

193 3929 299 3994 neque
318 3909 473 3972 honorem
495 3914 832 3992 nequcornamcntum
852 3908 984 3998 aliquod
999 3916 1054 3974 aut
1068 3909 1270 3974 commodum
1291 3931 1398 3996 neque
1418 3913 1516 3978 ullam
1637 3903 1655 3986 l

192 4024 274 4078 reru,
298 4022 379 4088 quae
401 4024 420 4067 a
440 4001 568 4066 tribuno
591 4002 693 4086 plebis
714 4001 862 4086 impediri
885 4005 1003 4084 possit,
1025 4006 1222 4089 appetiturus
1245 4005 1315 4068 sim.
1359 4002 1410 4068 26.
1432 4007 1516 4071 llicit

190 4097 448 4182 frequentissimo
480 4104 592 4160 senatu
621 4093 733 4160 consul
761 4095 912 4178 llalendis
933 4097 1086 4161 Ianuariis
1109 4117 1196 4173 sese,
1226 4098 1252 4162 si
1275 4106 1374 4163 status
1395 4099 1448 4163 bic
1469 4101 1514 4163 rei

191 4191 337 4275 publicae
358 4195 484 4254 maneat
505 4209 609 4272 neque
630 4189 760 4274 aliquod
782 4189 946 4273 negotium
968 4192 1139 4268 exstiterit,
1172 4192 1258 4276 quod
1285 4192 1419 4258 honeste
1442 4195 1515 4259 sub-

192 4283 349 4368 terfugere
371 4303 436 4348 non
457 4281 574 4367 possit,
596 4282 630 4346 in
651 4284 847 4367 provinciam
868 4303 933 4349 non
960 4285 1088 4351 iturum.
1132 4285 1184 4350 Sic
1205 4306 1256 4350 me
1278 4286 1312 4349 in
1332 4287 1396 4352 hoc
1416 4288 1552 4372 mugi-tc

257 4551 281 4602 4.
298 4551 326 4602 Ρ.
344 4563 399 4602 om.
417 4552 444 4602 F.
464 4577 491 4588 -
510 4551 535 4602 6.
553 4551 665 4602 cardoni
681 4551 737 4604 EF.
755 4579 782 4589 -
801 4553 840 4616 uc]
858 4558 882 4605 et
897 4555 923 4605 F.
939 4581 966 4590 -
985 4556 1010 4606 7.
1029 4555 1189 4606 memore
1204 4555 1234 4606 E.
1249 4583 1276 4594 -
1295 4557 1320 4608 8.
1338 4553 1512 4618 retineoddF;

191 4627 346 4678 retiuecdsen
360 4625 445 4679 Abi.
465 4652 494 4664 -
512 4627 531 4676 ii
548 4639 601 4678 om.
620 4628 647 4678 F.
661 4653 689 4662 -
709 4629 749 4678 40.
767 4629 837 4680 circo
848 4629 969 4695 Capsum]
986 4632 1056 4682 circo
1071 4644 1128 4682 corn
1144 4631 1179 4691 E;
1197 4631 1266 4681 etrco
1277 4633 1388 4682 Graevio
1406 4633 1514 4682 auctore

191 4701 320 4762 Klotzins3
338 4703 433 4752 &aaa
449 4701 563 4765 Capuam
579 4699 715 4753 Gebhardt
730 4701 747 4753 l.
760 4699 778 4752 l.
796 4705 815 4754 4.
833 4717 860 4768 p.
873 4704 905 4755 ⁴2
916 4717 976 4770 sqq.
996 4704 1034 4757 Gt.
1053 4705 1077 4771 5.
1090 4707 1132 4758 20.
1151 4705 1186 4758 ad
1202 4708 1253 4758 att.
1271 4707 1336 4758 Vlll.
1355 4708 1387 4758 43
1401 4708 1432 4767 Α,
1451 4705 1511 4756 3.-

193 4777 233 4827 44.
250 4777 335 4828 biisF.
350 4803 377 4812 -
396 4775 655 4844 eqolcrpoEFP.-
674 4778 715 4829 43.
733 4777 914 4831 tomEFPF:
933 4793 986 4833 om.
999 4781 1154 4836 alto·
1173 4778 1511 4847 mqiwwtbauredenus:

191 4849 464 4918 coqttcstctFFlbo.
476 4877 505 4890 -
525 4851 565 4904 44.
577 4852 678 4904 Errasti
693 4852 722 4903 E.
735 4877 763 4890 -·
781 4854 821 4905 43.
834 4855 1010 4917 :prodest-
1027 4859 1158 4910 ammte»
1173 4858 1229 4910 EF.
1240 4885 1267 4894 -
1286 4855 1471 4908 mtectettoecm
1482 4853 1512 4904 E.

192 4927 232 4977 47.
246 4927 428 4990 perspiotnmca
440 4927 509 4979 44.-
529 4929 569 4980 48.
582 4929 632 4979 stat
647 4928 707 4979 EF:
725 4934 782 4979 auct
797 4925 948 4981 acto·
968 4931 1008 4981 49.
1025 4932 1231 4996 reppes'eoeull.
1247 4957 1275 4970 -
1293 4931 1334 4982 34.
1353 4925 1515 4979 deditionibus

191 5000 306 5052 EFPA.
320 5001 486 5065 (sedtttootbes
501 5003 554 5054 iem
571 5001 614 5053 ed.
627 5000 741 5067 Aldina.)
759 5031 787 5040 -
805 5002 846 5054 33.
863 5017 915 5054 coc
931 5017 985 5055 om.
1003 5004 1031 5056 F.
1043 5031 1071 5044 -
1089 5005 1129 5057 36.
1147 5004 1244 5067 uuus
1259 5005 1347 5057 EF·
1365 5003 1444 5054 mon
1458 5015 1513 5054 ren

191 5076 225 5128 E:
242 5089 298 5128 ren
312 5075 391 5128 man
406 5075 547 5130 FALFO.
567 5103 596 5116 -
614 5075 1514 5142 se.unt.1ocoos·sr;uct1cs.a;rcrssoorcs.c;xatosce

190 5159 306 5214 Ianuarii
320 5158 352 5226 23
374 5147 410 5216 td.
426 5147 1332 5230 Wra-3a.arqeoerr:attqcrcretsupsrser.1iesraou;
1352 5159 1508 5215 cerlis.
