3648 5888
592 423 666 530 cp.
689 420 907 487 xrs-xm.-
932 416 989 504 ss.
1011 414 1161 484 arr-ra.
1475 415 1538 484 rae

207 596 335 662 dicante
363 613 405 659 ne
438 592 625 658 tenuissima
647 592 776 676 quidem
798 591 937 675 suspicio
960 598 1107 674 acceptae
1129 589 1283 672 pecuniae
1305 590 1433 654 obrem
1455 589 1540 655 iudi-

208 692 343 756 candam
371 689 543 754 constituta
570 689 627 764 sit;
657 685 736 771 quid
765 687 821 762 sit,
851 685 938 770 quod
966 684 1093 749 iudiciis
1114 685 1155 749 ad
1177 682 1372 748 senatorium
1395 682 1539 748 ordinem

207 785 370 850 translatis
392 783 581 867 sublataque
603 781 716 865 populi
738 781 873 845 Romani
896 781 929 842 in
953 797 1213 863 unumquemque
1227 786 1366 842 vestrum
1382 785 1539 861 potestate

209 879 249 955 Q.
273 879 415 943 Calidius
445 877 613 940 damnatus
640 877 758 940 dixerit
788 875 920 940 minoris
949 873 1009 936 Hs
1033 873 1139 936 tricies
1160 873 1356 956 praetorium
1377 872 1540 935 bominem

207 976 343 1038 honeste
357 993 425 1037 non
440 991 535 1055 posse
550 971 712 1045 damnari;
735 971 813 1054 quid
828 970 884 1043 sit,
908 968 995 1051 quod
1009 969 1043 1029 P.
1059 967 1213 1050 Septimio
1229 974 1376 1032 senatore
1391 968 1564 1030 damnatos

210 1067 249 1143 Q.
264 1068 436 1131 Hortensio
458 1074 605 1151 praetore
628 1069 667 1130 de
689 1065 835 1148 pecuniis
854 1060 1042 1146 repetundis
1058 1060 1097 1125 lis
1112 1063 1277 1127 aestimata
1291 1064 1333 1126 sit
1347 1083 1386 1126 eo
1401 1063 1540 1137 nomine,

210 1163 299 1246 quod
320 1162 375 1225 ille
397 1163 438 1225 ob
461 1182 527 1224 rem
549 1161 754 1224 iudicandam
775 1158 944 1242 pecuniam
967 1157 1159 1240 accepisset;
1188 1155 1239 1220 39.
1263 1160 1350 1243 quod
1372 1159 1406 1221 in
1429 1159 1462 1221 C.
1477 1158 1542 1221 lle-

210 1257 341 1331 rennio,
364 1257 452 1340 quod
474 1256 508 1318 in
532 1254 565 1318 C.
586 1254 742 1337 Popillio,
773 1252 990 1352 serrptpribus,
1020 1253 1075 1337 qui
1098 1253 1191 1317 ambo
1213 1256 1380 1337 peculatus
1402 1253 1542 1318 damnati
1645 1234 1671 1348 (J

210 1357 301 1425 sunt,
331 1351 418 1434 quod
446 1351 480 1414 in
507 1351 549 1412 ll.
571 1349 684 1422 Atilio,
716 1348 772 1431 qui
795 1348 835 1410 de
857 1339 1022 1410 maiestate
1043 1348 1210 1412 damnatus
1233 1358 1297 1424 est,
1327 1350 1389 1414 boc
1410 1350 1542 1433 planum

209 1445 327 1508 lactum
356 1454 420 1521 est,
449 1465 504 1509 eos
531 1445 701 1528 pecuniam
731 1442 771 1505 ob
794 1463 860 1504 rem
878 1441 1082 1506 iudicandam
1103 1442 1282 1525 accepisse;
1311 1445 1398 1528 quod
1420 1442 1542 1508 inventi
1552 1454 1579 1500 to

211 1547 286 1604 sunt
309 1547 489 1614 senatores,
520 1539 575 1622 qui
600 1538 632 1601 C.
655 1539 752 1600 Verre
782 1543 928 1620 praetore
950 1535 1071 1597 urbano
1095 1537 1246 1600 sortiente
1269 1537 1392 1601 exirent
1412 1538 1446 1600 in
1469 1556 1542 1599 eum

211 1654 318 1709 reum,
341 1653 437 1718 quem
458 1633 622 1715 incognita
643 1651 739 1695 causa
762 1632 1026 1704 condemnarent;
1055 1629 1144 1713 quod
1165 1631 1313 1696 inventus
1336 1639 1385 1695 est
1405 1638 1542 1704 senator,

212 1729 269 1813 qui
298 1749 370 1791 cum
400 1729 499 1791 iudex
527 1735 626 1800 esset,
655 1728 687 1788 in
711 1726 823 1789 eodem
846 1723 965 1787 iudicio
987 1731 1019 1786 et
1044 1724 1083 1786 ab
1106 1743 1162 1787 reo
1184 1726 1354 1808 pecuniam
1375 1726 1543 1809 acciperet,

214 1844 312 1907 quam
345 1823 504 1886 iudicibus
538 1821 709 1896 divideret,
742 1827 774 1883 et
806 1820 845 1882 ab
878 1824 1080 1892 accusatore,
1116 1826 1151 1883 ut
1184 1838 1273 1883 reum
1306 1819 1542 1884 condemnaret.

212 1915 267 1979 40.
294 1917 362 1980 lam
389 1935 465 1980 vero
488 1935 553 1999 quo
576 1913 671 1977 modo
694 1933 752 1996 ego
779 1913 866 1976 illam
888 1913 1009 1988 labem,
1037 1912 1247 1996 ignominiam
1268 1915 1543 1996 calamitatemque
1554 1925 1581 1972 ts

213 2011 314 2074 totius
337 2011 459 2074 ordinis
473 2011 671 2094 conquerar?
693 2009 754 2071 boc
768 2008 887 2071 sactum
902 2027 971 2070 esse
987 2008 1021 2069 in
1035 2007 1097 2070 bac
1111 2008 1255 2084 civitate,
1278 2029 1351 2073 cum
1365 2006 1543 2072 senatorius

215 2105 294 2168 ordo
317 2104 486 2181 iudicaret,
508 2112 543 2169 ut
564 2104 775 2167 discoloribus
799 2101 898 2184 signis
920 2102 1097 2166 iuratorum
1112 2103 1280 2167 hominum
1295 2103 1472 2168 sententiae
1487 2119 1545 2164 no·

214 2198 372 2262 tarenturl
413 2198 499 2261 Haec
528 2198 636 2262 omnia
662 2217 711 2261 me
734 2196 902 2278 diligenter
924 2215 1098 2279 severeque
1120 2203 1265 2259 acturum
1287 2217 1358 2262 esse
1379 2195 1544 2281 polliceor.

212 2293 297 2356 xlv.
321 2292 394 2368 Quo
422 2311 473 2354 me
501 2292 630 2355 tandem
658 2290 765 2354 animo
786 2289 855 2352 fore
877 2289 1013 2372 putatis,
1040 2289 1067 2352 si
1091 2290 1170 2373 quid
1191 2290 1226 2354 in
1246 2291 1309 2355 hoc
1330 2292 1402 2375 ipso
1424 2287 1544 2352 iudicio

212 2387 402 2450 intellexero
424 2386 519 2450 simili
541 2386 650 2470 aliqua
670 2384 796 2447 ratione
819 2403 889 2447 esse
911 2381 1064 2447 violatum
1094 2390 1191 2467 atquo
1215 2386 1442 2450 commissum?
1473 2397 1583 2447 cumas

214 2481 344 2563 planum
373 2479 477 2543 iacere
500 2479 609 2543 multis
632 2478 767 2542 testibus
796 2478 918 2559 po'ssim
941 2477 974 2541 C.
997 2479 1128 2542 Verrem
1155 2479 1189 2540 in
1219 2480 1328 2544 Sicilia
1356 2481 1464 2545 multis
1490 2499 1546 2542 au-

215 2572 374 2639 dientibus
404 2593 499 2656 saepe
529 2573 668 2647 dixisse,
700 2590 761 2634 use
782 2571 900 2634 babere
920 2571 1083 2635 hominem
1105 2578 1284 2655 potentem,
1316 2576 1408 2640 cuius
1429 2573 1546 2639 fiducia

219 2668 413 2755 provinciam
436 2667 606 2750 spoliaret;
629 2684 734 2749 neque
757 2664 817 2727 sibi
841 2665 901 2727 soli
923 2666 1092 2748 pecuniam
1114 2684 1282 2750 quaerere,
1305 2670 1361 2734 sed
1382 2672 1427 2734 ita
1449 2669 1548 2732 trien-

216 2766 303 2828 nium
324 2764 404 2828 illud
426 2769 594 2846 praeturae
618 2759 794 2822 Siciliensis
817 2759 1021 2823 distributum
1043 2759 1175 2836 babere,
1197 2769 1234 2824 ut
1255 2783 1362 2828 secum
1383 2765 1546 2847 praeclare

216 2850 272 2941 agi
289 2858 423 2931 diceret,
454 2857 481 2920 si
502 2856 599 2918 unius
622 2853 697 2917 anni
723 2859 890 2938 quaestum
912 2854 945 2916 in
967 2873 1034 2916 rem
1056 2874 1146 2918 suam
1168 2864 1383 2935 converteret,
1412 2860 1584 2924 alterumat
1674 2890 1679 2905 ·

214 2953 362 3037 patronis
385 2959 417 3015 ct
438 2950 660 3014 defensoribus
682 2949 835 3024 traderet,
856 2951 985 3011 tertium
1006 2948 1098 3012 illum
1120 2951 1314 3016 uberrimum
1329 2954 1548 3037 quaestuosis-

215 3050 396 3132 simumque
427 3066 546 3110 annum
571 3051 674 3107 totum
694 3042 855 3106 iudicibus
876 3049 1083 3106 reservaret.»
1129 3040 1180 3107 44.
1201 3045 1251 3110 Ex
1273 3064 1338 3130 quo
1360 3047 1439 3110 mibi
1459 3047 1549 3112 venit

213 3146 248 3208 in
269 3150 408 3208 mentem
429 3141 510 3204 illud
533 3139 657 3212 dicere,
680 3137 766 3222 quod
788 3136 873 3218 apud
895 3137 945 3199 Μ’.
963 3136 1168 3201 Glabrionem
1190 3159 1301 3222 nuper,
1324 3160 1397 3203 cum
1418 3140 1452 3203 in
1473 3141 1548 3203 reii-

214 3238 337 3302 ciendis
358 3235 519 3299 iudicibus
542 3248 856 3302 commemorassem,
878 3229 1022 3293 intellexi
1036 3231 1243 3296 vehementer
1263 3235 1418 3317 populum
1433 3235 1547 3300 Roma·

214 3353 292 3395 num
314 3329 507 3394 commoveri
519 3323 546 3415 ε(
550 3347 600 3390 me
623 3324 768 3390 arbitrari
789 3322 872 3398 sore,
893 3323 941 3386 uti
964 3323 1110 3388 nationes
1133 3333 1261 3390 exterae
1283 3328 1405 3410 legatos
1426 3332 1467 3396 ad
1489 3341 1584 3415 po-ao

214 3426 327 3509 pulum
347 3426 526 3487 Romanum
547 3421 724 3494 mitterent,
753 3425 789 3483 ut
817 3417 871 3480 tex
892 3416 932 3479 de
954 3418 1099 3500 pecuniis
1121 3421 1306 3503 repetundis
1328 3423 1546 3510 iudiciumque

216 3507 405 3620 tolleretur}
420 3517 448 3580 si
474 3516 558 3579 enim
580 3515 699 3578 iudicia
719 3514 809 3578 nulla
830 3512 909 3587 sint,
940 3519 1063 3576 tantum
1083 3533 1346 3601 unumquemque
1367 3518 1546 3583 ablaturum
1646 3497 1755 3610 *A*

214 3619 345 3699 putant,
374 3615 528 3697 quamum
560 3607 620 3672 sibi
642 3627 679 3672 ac
701 3606 809 3671 liberis
832 3606 898 3670 suis
921 3607 997 3670 satis
1021 3627 1091 3671 esse
1113 3609 1303 3687 arbitretur3
1328 3632 1430 3688 nunc,
1459 3616 1547 3697 quod

216 3706 375 3772 eiusmodi
397 3703 517 3769 iudicia
537 3703 616 3778 sint,
638 3707 766 3765 tantum.
783 3720 1045 3785 unumquemque
1060 3701 1199 3778 auferre,
1221 3712 1377 3787 quantum
1392 3707 1469 3784 sibi,
1490 3728 1548 3792 pa·

216 3803 334 3878 bonis,
356 3798 533 3874 advocatis,
555 3797 712 3881 praetori,
734 3795 895 3862 iudicibus
918 3797 994 3860 satis
1015 3797 1158 3862 buturum
1181 3799 1240 3862 sit:
1262 3800 1324 3864 hoc
1338 3799 1482 3884 proiecto
1498 3801 1584 3864 in-as

216 3892 340 3960 finitum
361 3913 453 3960 esser
476 3913 511 3958 se
532 3892 709 3958 avarissimi
730 3891 870 3955 bominis
894 3891 1060 3974 cupiditati
1083 3893 1279 3958 satisfacere
1301 3914 1407 3978 posse,
1428 3915 1547 3958 nocen-

216 3991 332 4056 tissimi
353 3989 507 4057 rictoriae
527 4008 594 4053 non
614 4008 721 4072 posse.
765 3981 816 4050 43.
846 3985 873 4050 0
896 3988 1174 4053 commemoranda
1195 3989 1316 4054 iudicia
1336 3989 1547 4073 praeclaram-

281 4310 306 4362 3.
327 4307 540 4387 onoma—235:
565 4308 680 4356 oostmm
702 4301 751 4356 dtt.
770 4304 799 4354 0.
821 4328 848 4340 -·
876 4302 901 4356 4.
919 4304 961 4355 HS
977 4305 1059 4356 4444444
1077 4306 1115 4370 4.-
1128 4306 1316 4384 Η84Π4Χ445
1343 4308 1545 4374 HSXXlngg.

216 4391 328 4458 alume
346 4395 389 4446 HS
403 4393 472 4446 XXX
487 4391 570 4455 [4293
588 4389 630 4440 llS
645 4389 714 4440 XXX
727 4387 807 4439 codd.
825 4386 920 4452 pleriq.
935 4416 962 4425 —
981 4389 1005 4440 6.
1020 4403 1048 4453 p.
1062 4405 1085 4441 r.
1100 4396 1219 4454 praetore
1230 4392 1276 4443 ot.
1295 4419 1319 4430 -
1338 4393 1362 4445 8.
1380 4393 1474 4456 Popdto
1486 4393 1547 4445 Gra

216 4470 278 4534 [ες.
295 4472 403 4534 praeter
419 4467 460 4519 ta.
480 4467 513 4517 cl.
531 4463 643 4516 Ellendt.
662 4463 697 4516 ad
714 4464 749 4515 de
766 4465 837 4514 Oret.
856 4463 913 4515 Vol.
931 4466 962 4515 ll.
981 4477 1008 4528 p.
1027 4464 1070 4516 434
1091 4478 1132 4528 sq.
1148 4489 1175 4502 ··
1195 4467 1236 4517 to.
1253 4466 1349 4529 [wtmo
1365 4469 1444 4518 situ
1455 4467 1549 4518 teverti

214 4544 265 4593 dot
276 4544 344 4594 coni.
357 4543 419 4593 sch.
429 4540 507 4607 prob.
518 4538 646 4592 Wesenb.
659 4538 694 4590 ad
706 4541 773 4590 sest.
785 4552 812 4602 p.
823 4537 876 4600 ld,
896 4539 941 4602 qui
953 4541 1034 4591 etiam
1046 4540 1112 4591 inim
1124 4543 1238 4593 laconas
1247 4543 1280 4593 att
1289 4542 1414 4607 postulat,
1426 4543 1472 4594 ubl
1484 4544 1545 4594 sch.

215 4623 251 4669 eat
262 4630 328 4678 om.;
347 4616 412 4669 «sed
428 4619 569 4669 estunam
587 4628 620 4666 ex
636 4612 801 4665 anacolutbis
818 4610 867 4663 illis
883 4626 947 4664 vere
957 4613 1107 4666 Tullianis.»
1126 4617 1171 4667 or.
1191 4643 1219 4654 -
1239 4617 1278 4667 43.
1298 4622 1322 4668 et
1338 4617 1370 4668 ab
1386 4617 1439 4682 reo]
1456 4617 1488 4667 ab
1504 4630 1548 4668 roo

216 4692 278 4744 643
295 4694 357 4757 ng.
375 4693 483 4756 praeter
498 4689 536 4741 la.
547 4687 580 4740 al.
599 4691 636 4742 st.
657 4714 684 4726 -
704 4688 745 4740 tl.
763 4689 939 4740 omdooouret
955 4689 991 4740 33
1002 4704 1019 4751 ς
1030 4691 1117 4754 ngas:
1136 4692 1269 4744 dummoc
1285 4692 1315 4744 0.
1330 4721 1358 4730 -
1376 4694 1418 4745 43.
1437 4705 1482 4756 opo
1492 4705 1546 4742 om.

216 4766 265 4819 dtt.
278 4769 307 4820 0.
320 4793 349 4804 -·
368 4767 409 4818 46.
426 4766 485 4832 arse]
503 4770 538 4817 ast
549 4766 594 4817 ct.
613 4767 641 4816 ln
654 4765 715 4816 Gli
732 4777 791 4827 oasa,
808 4777 893 4826 esaon,
911 4770 947 4816 ost
962 4767 1118 4830 saepissime
1135 4771 1246 4834 propter
1262 4771 1386 4820 notarum
1398 4765 1549 4818 similitudi-

215 4855 280 4894 nem
297 4841 502 4895 oonlnnduntar.
523 4867 551 4878 -
570 4841 611 4891 49.
628 4842 727 4904 putretis
742 4841 762 4891 L
778 4839 806 4890 in
823 4852 907 4904 marg.
927 4839 1000 4891 4384.
1018 4842 1122 4906 Zumpt.
1140 4842 1227 4895 llada
1246 4844 1279 4895 ad
1297 4844 1351 4895 Flu.
1370 4856 1397 4907 p.
1415 4841 1481 4891 273:
1501 4854 1551 4902 pat·

216 4918 271 4969 tetis
287 4916 367 4970 codd.
380 4916 410 4967 0.
426 4941 454 4952 -
471 4916 514 4967 30.
532 4929 590 4966 orcos
602 4915 709 4979 planam
726 4915 805 4977 G35:
823 4927 881 4964 mem
895 4915 1046 4978 praesertim
1058 4916 1095 4979 pl.
1114 4915 1162 4968 dtt.
1176 4920 1205 4970 0.
1226 4946 1255 4956 -
1272 4919 1314 4970 23.
1332 4915 1484 4980 eomottoret
1501 4915 1548 4977 Gt,

215 4992 264 5044 ld.
283 5019 312 5032 -
331 4993 372 5045 36.
390 4991 558 5054 desanortdas
575 4993 607 5042 Gt
621 4992 679 5054 tq:
705 4992 752 5055 des.
771 4990 823 5040 ersis
839 4987 887 5040 dtt.
906 4989 936 5041 0.
957 5014 984 5025 -
1007 4990 1049 5040 28.
1066 4992 1212 5044 reiciundis
1227 5009 1242 5057 ς
1258 4992 1327 5056 4339
1345 4989 1378 5042 al.
1399 5013 1428 5026 -
1447 4987 1488 5039 33.
1507 5002 1547 5038 ων

215 5067 339 5120 bttreotrsr
355 5066 404 5118 dtt.
416 5067 446 5120 0.
458 5093 486 5105 ·-
504 5067 546 5120 33.
560 5069 675 5132 praetori
685 5068 722 5118 Gt
738 5066 789 5118 Ld:
809 5065 937 5129 praetoris
953 5064 985 5116 ut
997 5079 1003 5126 ς
1017 5067 1178 5128 praetoribus
1193 5068 1252 5133 gli)
1269 5067 1303 5119 al.
1324 5091 1352 5106 -
1371 5065 1412 5117 33.
1429 5065 1551 5115 noceatis·

215 5143 272 5194 dost
289 5144 315 5207 S,
332 5141 421 5196 blada.
440 5140 475 5197 de
491 5145 552 5198 Asc.
563 5145 638 5208 ¹App.
657 5155 684 5207 p.
703 5141 744 5194 38.
763 5142 811 5208 0p.
829 5142 849 5193 1.
868 5153 895 5208 p.
908 5140 952 5193 344
971 5143 1180 5197 :oocmttsatmao
1196 5141 1275 5196 codd.
1290 5144 1319 5195 0.

258 5235 349 5289 (trano
362 5234 430 5300 Ml,
1313 5233 1334 5299 9
