3648 5888
309 406 371 478 ttt
471 483 475 492 ,
683 411 725 478 us
746 411 913 484 VERREM
932 409 1057 478 serlo
1078 411 1264 486 SECUNDA

307 601 401 646 resne
427 580 485 646 tibi
512 580 593 648 tanti
613 579 689 656 luit,
716 587 751 646 ut
773 581 842 648 sius
862 580 1029 649 libidinem
1049 583 1215 650 hominum
1236 583 1455 652 innocentium
1475 588 1633 671 inguim

307 674 353 740 lui
381 673 506 740 uelles?
538 673 705 738 ldcircone
734 677 909 741 exercitum
936 684 1033 761 atque
1060 677 1185 742 hostem
1215 677 1434 762 relinquebas,
1466 689 1503 746 ut
1523 689 1580 746 trra
1598 684 1633 748 ri

307 777 340 834 et
370 768 557 834 crudelitate
585 770 678 834 istius
704 769 844 836 bominis
872 771 1100 856 improbissimi
1121 771 1264 854 pericula
1285 773 1493 840 sublevares?
1536 776 1634 853 Quod

177 924 184 941 ,
307 861 393 926 enim
420 882 494 926 eum
521 862 580 927 tibi
609 864 789 946 quaestoris
811 865 845 928 in
865 865 937 928 looo
960 866 1184 940 constitueras,
1218 866 1336 930 idcirco
1358 867 1415 934 tibi
1438 870 1577 934 amicum
1597 871 1633 935 in

158 1021 165 1030 ,
282 963 497 1040 eperpetuum
517 954 587 1020 iore
608 957 750 1041 punitis
780 959 949 1024 Nesciebas
970 958 1010 1023 ab
1025 979 1065 1024 eo
1081 960 1137 1025 Cn.
1153 958 1329 1029 Carbonem
1344 961 1519 1038 consulem,
1540 963 1633 1028 cuius

306 1070 341 1116 re
362 1070 439 1116 vera
460 1058 611 1134 quaestor
630 1050 752 1128 iuerat,
774 1071 840 1116 non
854 1052 950 1117 modo
972 1053 1128 1128 relictum,
1151 1053 1207 1118 sed
1230 1054 1325 1118 etiam
1347 1055 1519 1137 spoliatum
1541 1057 1634 1122 auxi·

305 1143 375 1218 liis,
397 1145 549 1228 pecnnia,
570 1143 690 1209 nelarie
712 1153 930 1230 oppugnatum
947 1153 980 1212 et
993 1147 1181 1230 proditum‘t
1204 1147 1363 1230 Expertus
1378 1149 1475 1232 iqibar
1489 1169 1524 1216 es
1538 1150 1632 1216 istius

305 1235 470 1323 perfidiam
492 1244 574 1316 tum,
596 1259 669 1304 cum
690 1238 814 1323 ipsese
836 1240 877 1304 ad
898 1241 1044 1306 inimicos
1066 1247 1139 1306 tuos
1156 1241 1310 1316 contulit,
1331 1259 1404 1306 cum
1425 1243 1459 1308 in
1481 1251 1512 1308 te
1534 1244 1631 1310 bomo

306 1332 375 1416 ipse
392 1349 512 1396 nocens
528 1333 717 1398 acerrimum
736 1333 954 1399 testimonium
976 1332 1067 1409 dixit,
1089 1353 1162 1400 cum
1182 1335 1323 1400 rationes
1341 1335 1383 1400 ad
1401 1338 1631 1404 aerariumnisi

269 1425 455 1491 indamnato
477 1432 508 1490 te
529 1427 646 1491 reterre
664 1427 779 1492 noluit
821 1428 939 1492 xxxi.
962 1425 1013 1492 78.
1035 1429 1196 1492 Tantaene
1218 1436 1308 1504 tuae,
1330 1430 1460 1505 Verres,
1480 1429 1627 1498 libidines

307 1525 415 1595 erunt,
444 1527 481 1584 ut
508 1541 562 1586 eas
587 1541 702 1606 capere
722 1541 759 1585 ac
780 1523 938 1587 sustinere
960 1541 1026 1586 non
1048 1522 1232 1606 provinciae
1253 1522 1367 1607 populi
1387 1525 1540 1600 Romani,
1567 1545 1631 1590 non

305 1619 450 1692 nationes
472 1623 600 1684 exterae
621 1615 772 1700 possint?
808 1616 899 1679 Tune
914 1615 1001 1700 quod
1014 1615 1149 1690 videris,
1171 1615 1431 1700 quodnudieris‚
1454 1618 1542 1702 qued
1556 1638 1631 1684 con·

306 1712 462 1796 cupieris,
495 1711 583 1797 quod
616 1710 783 1794 cogitaris,
815 1708 878 1774 nisi
907 1709 940 1773 id
967 1709 1008 1774 ad
1031 1717 1142 1774 nutum
1164 1717 1254 1774 tuum
1275 1719 1403 1794 praesto
1424 1711 1537 1788 firerit,
1568 1711 1630 1779 nisi

305 1805 431 1871 libidini
453 1812 527 1870 tuae
549 1803 779 1888 cupiditatique
801 1804 960 1888 paruerit,
983 1803 1193 1868 immittentur
1210 1803 1381 1870 homines?
1402 1805 1631 1890 expugnabun-

269 1900 519 1966 retundemus?
549 1898 693 1963 civitates
722 1917 788 1962 nou
810 1895 905 1961 modo
927 1905 1076 1980 mentae,
1104 1917 1214 1962 rerum
1237 1899 1331 1964 etiam
1353 1901 1514 1966 sociorum
1535 1909 1630 1986 atque

305 1993 478 2060 amicorum
509 1993 549 2060 ad
577 1992 639 2057 ιίιιι
666 1997 763 2076 atque
792 1991 832 2056 ad
853 2009 940 2054 arma
962 1990 1164 2074 confugient,
1193 1999 1230 2056 ut
1249 1991 1289 2056 ab
1310 2013 1344 2058 se
1366 2001 1462 2078 atque
1483 2013 1503 2058 a
1523 1994 1631 2062 liberis

305 2088 372 2157 suis
392 2088 490 2171 legati
509 2085 622 2170 populi
645 2084 779 2149 Romani
801 2085 904 2150 scelus
926 2104 964 2149 ac
984 2084 1150 2148 libidinem
1171 2086 1360 2169 propulsare
1381 2087 1526 2171 possint?
1552 2089 1631 2156 Nam

305 2200 425 2268 quaero
447 2181 504 2246 ebs
526 2188 575 2256 te,
599 2180 868 2244 circumsessusne
889 2179 933 2244 sis
951 2178 1136 2262 Lampsaci3
1157 2181 1339 2262 coeperitne
1353 2182 1499 2260 domum,
1519 2185 1554 2250 in
1568 2206 1631 2270 qus

305 2274 528 2350 deversabare,
556 2273 612 2338 illa
640 2273 809 2338 multitudo
831 2272 1019 2347 incendere;
1050 2272 1252 2338 voluerintne
1273 2274 1414 2358 legatum
1435 2280 1548 2363 populi
1569 2280 1631 2345 ao·
1750 2292 1759 2320 ⁸

154 2379 159 2392 '
267 2370 392 2436 omani
422 2368 608 2434 comburere
638 2367 746 2432 virum
773 2367 991 2450 Lampsaceni.
1033 2367 1156 2451 Negare
1181 2388 1248 2433 non
1269 2377 1371 2453 potes.
1412 2371 1523 2438 Habeo
1546 2374 1630 2440 enim

305 2463 542 2538 testimonium,
565 2461 653 2546 quod
673 2462 760 2546 apud
780 2464 939 2528 Neronem
961 2461 1088 2526 dixisti:
1113 2461 1217 2527 habeo
1247 2484 1327 2548 quas
1355 2466 1396 2529 ad
1423 2469 1559 2534 eundem
1580 2469 1632 2534 lit·

305 2567 388 2624 teras
417 2557 541 2621 misisti.
585 2553 636 2620 79.
658 2556 768 2620 Recita
794 2556 881 2621 huno
908 2558 1014 2640 ipsum
1040 2557 1146 2621 locum
1173 2559 1212 2622 ds
1238 2560 1432 2624 testimonio.
1474 2563 1632 2626 Tssruso·

305 2671 382 2720 usvsr
413 2651 445 2714 C.
469 2652 588 2716 Veners
615 2671 649 2716 ιιι
669 2651 919 2716 Asmurnam.
954 2654 1024 2716 Nos
1050 2671 1156 2718 ιιιιτο
1177 2671 1254 2717 rosr
1276 2671 1310 2718 ιιι
1331 2673 1443 2720 nonan
1465 2696 1474 2718 .
1495 2699 1534 2720 ..
1561 2655 1632 2720 Bel-

247 2769 252 2784 ·
304 2744 414 2810 lumne
446 2745 568 2828 populo
595 2746 739 2810 Romano
766 2746 983 2829 Lampsacena
1005 2746 1115 2810 ciritae
1142 2745 1247 2810 lacere
1269 2747 1467 2814 conabatur?
1497 2747 1631 2816 deficere

165 2899 172 2916 ,
267 2841 346 2908 stab
368 2840 503 2924 imperio
525 2860 563 2905 ac
584 2840 714 2906 nomine
736 2847 846 2922 nostro
867 2840 1021 2906 volebat?
1057 2841 1159 2905 Video
1181 2842 1267 2906 enim
1289 2843 1447 2920 etesiis,
1470 2865 1553 2931 quae
1567 2845 1630 2928 legi

306 2943 339 3000 et
358 2935 481 3010 audivi,
510 2935 675 3019 intelligo:
705 2935 740 2999 in
771 2955 837 3020 qua
864 2934 991 3000 civitate
1013 2953 1078 2998 non
1099 2935 1195 2998 modo
1217 2936 1340 3020 legatus
1361 2939 1473 3022 populi
1496 2941 1630 3006 Romani

306 3030 550 3106 circumsessus,
571 3049 637 3094 non
658 3030 754 3094 modo
777 3029 859 3113 igni,
880 3029 983 3105 ferro,
1005 3049 1119 3105 manu,
1141 3030 1243 3114 copiis
1262 3041 1480 3115 oppugnatus,
1503 3032 1559 3098 sed
1573 3033 1632 3099 eli·

305 3145 370 3210 qua
392 3144 432 3188 ex
452 3131 543 3208 parte
564 3122 701 3192 violatus
724 3125 780 3200 sit,
801 3123 1009 3208 nisipublice
1025 3123 1233 3188 satisfactum
1250 3125 1309 3199 sit,
1332 3125 1362 3188 ci
1377 3124 1496 3190 civitati
1510 3125 1630 3192 bellum

305 3219 404 3284 indici
425 3227 521 3304 atque
543 3217 653 3282 inferri
675 3217 789 3283 solere.
821 3215 873 3282 80.
896 3218 988 3295 Quae
1007 3216 1069 3282 luit
1090 3219 1187 3301 igitur
1207 3237 1318 3293 causa,
1340 3240 1398 3282 cur
1418 3227 1533 3286 cuncta
1554 3221 1632 3286 civi·

267 3322 353 3380 aetas
380 3314 668 3398 Lampsacenorum
696 3311 736 3376 de
765 3313 932 3388 contione,
960 3311 1227 3396 quemadmodum
1249 3318 1317 3375 tute
1338 3313 1467 3388 scribis,
1502 3315 1631 3379 domum

304 3415 391 3475 tuam
413 3408 628 3475 concurrerit‘l
661 3408 711 3471 Tu
733 3407 819 3470 enim
840 3426 946 3490 neque
962 3406 996 3469 in
1018 3406 1143 3482 litteris,
1165 3425 1245 3490 quas
1260 3407 1379 3470 Neroni
1393 3407 1504 3483 mittis,
1525 3427 1631 3491 neque

304 3502 339 3568 in
361 3503 542 3571 testimonio
564 3521 692 3566 causam
713 3502 793 3566 tanti
815 3500 969 3565 tumultus
991 3500 1134 3564 ostendis
1156 3499 1273 3564 ullam:
1300 3500 1466 3584 obsessum
1487 3509 1518 3565 te
1539 3501 1630 3576 dicis,

303 3597 411 3681 ignem
432 3596 581 3672 allatum,
603 3603 761 3662 sarmenta
782 3594 992 3670 circumdata,
1014 3593 1160 3659 lictorem
1181 3599 1271 3659 tuum
1285 3595 1426 3660 occisum
1448 3615 1519 3660 esse
1541 3595 1630 3671 dicis,

304 3691 484 3775 prodeundi
505 3691 563 3756 tibi
585 3690 619 3754 in
640 3690 804 3774 publicum
826 3693 1016 3773 potestatem
1030 3687 1147 3752 iactam
1160 3708 1277 3771 negas:
1300 3708 1428 3754 causam
1441 3689 1537 3754 huius
1551 3690 1630 3758 tanti

266 3784 435 3852 stterroris
464 3785 615 3853 occultes.
657 3786 736 3849 Nam
766 3783 793 3848 si
823 3801 919 3868 quam
945 3781 1083 3846 Rubrius
1104 3783 1253 3846 iniuriam
1275 3803 1335 3848 suo
1357 3783 1486 3848 nomine
1506 3802 1544 3846 ec
1565 3803 1630 3847 non

304 3880 444 3965 impulsu
472 3886 528 3946 tuo
557 3886 589 3944 et
615 3886 670 3946 tua
699 3877 871 3962 cupiditate
891 3875 1037 3952 iecisset,
1065 3876 1105 3940 de
1126 3876 1182 3967 tul,
1196 3877 1321 3941 comitis
1342 3877 1462 3944 iniuria
1483 3885 1631 3962 questum

130 3975 178 4041 -·'.
305 3976 346 4041 ad
373 3982 406 4038 te
433 3975 539 4059 potius
573 3993 668 4058 quam
690 3979 722 4036 te
744 3978 963 4055 oppugnatum
985 3970 1140 4034 venirent.
1167 3969 1263 4044 teum
1284 3970 1397 4054 igitur,
1431 3993 1513 4061 qqqe
1535 3993 1631 4036 causa

305 4069 392 4136 illius
407 4068 561 4134 tumultus
575 4067 690 4143 buerit,
710 4074 807 4132 testes
822 4087 843 4130 a
856 4065 949 4128 nobis
964 4065 1112 4149 producti
1127 4064 1277 4140 dixerint,
1292 4065 1362 4149 ipse
1376 4060 1629 4156 celarit:)(nonne

305 4183 434 4232 causam
451 4163 550 4239 banc,
573 4181 669 4248 quam
683 4181 743 4228 nos
757 4160 994 4246 proposuimus,
1017 4179 1089 4224 cum
1103 4159 1232 4224 illorum
1247 4159 1440 4236 testimonia,
1454 4165 1522 4226 tum
1537 4160 1629 4225 istius

371 4465 396 4516 l‘.
421 4463 579 4519 moeones
599 4463 632 4514 Gt
654 4463 692 4528 (ut
707 4463 750 4514 lv.
769 4462 794 4527 fi.
812 4461 870 4514 llo.
890 4463 917 4513 et
932 4473 1015 4528 saepe
1032 4458 1115 4522 alibi).
1139 4483 1168 4498 -
1193 4456 1219 4510 4.
1243 4457 1271 4510 lc
1290 4457 1343 4509 beo
1360 4457 1422 4521 Gir
1437 4459 1499 4524 lag.
1518 4471 1628 4514 omnes:

305 4540 333 4591 ln
348 4539 430 4591 besan
447 4537 480 4590 al.
499 4539 529 4589 0.
549 4566 577 4576 -
595 4539 621 4589 44.
638 4538 693 4603 {ere
708 4538 813 4602 pense
830 4537 877 4590 Ld.
897 4563 925 4572 -
944 4536 969 4588 6.
985 4536 1070 4601 {wat
1086 4536 1119 4586 Gl
1131 4535 1147 4586 2
1158 4532 1270 4598 eigil:
1288 4533 1337 4597 [ab
1353 4533 1402 4586 dtt.
1421 4535 1450 4586 0.
1471 4561 1498 4570 -
1516 4535 1541 4586 ’4.
1556 4549 1632 4598 pecie-

305 4615 420 4666 ninom.
439 4613 467 4664 1..
488 4640 515 4649 —
534 4613 558 4672 8.
577 4613 670 4676 ipsese
686 4613 789 4674 oisc:
808 4625 834 4663 se
850 4612 984 4663 dtt.0.-
1003 4611 1042 4662 li.
1061 4611 1222 4674 quedcoec„
1240 4609 1481 4672 menone·
1503 4610 1632 4674 leoque

305 4704 324 4742 c
340 4690 382 4742 lib.
400 4690 433 4742 Gl
446 4703 464 4752 ς
478 4686 555 4740 multi
570 4687 638 4740 dit:
656 4693 731 4751 atque
741 4687 783 4740 tit.
797 4687 926 4752 dilgia,
945 4691 1021 4746 atque
1036 4685 1068 4736 ab
1084 4685 1126 4736 444.
1145 4684 1194 4736 dtt.
1207 4685 1236 4735 0.
1251 4711 1279 4722 -
1292 4686 1334 4734 it.
1347 4685 1512 4736 usamentum
1528 4686 1560 4736 cl
1573 4687 1628 4748 ²5³

304 4769 357 4816 test.
376 4768 447 4816 marn
464 4763 512 4814 dtt
531 4765 565 4825 0,
583 4763 889 4828 bemasmerim
905 4767 977 4813 traco
992 4765 1023 4811 A.
1043 4787 1070 4798 -
1088 4761 1130 4812 ti.
1147 4760 1386 4812 renuendam
1401 4772 1455 4812 om.
1474 4761 1545 4812 Gli.
1569 4762 1632 4814 Post

304 4839 488 4892 Artemidonsn
512 4839 546 4892 de
568 4841 627 4893 llot.
646 4839 715 4891 coni.
733 4840 761 4891 l..
781 4841 809 4890 et
828 4852 905 4903 seqq.
925 4838 1109 4890 inseruerunt:
1136 4835 1223 4887 noea
1242 4847 1275 4885 sn
1293 4835 1376 4886 Venis
1395 4835 1483 4886 amite
1499 4837 1534 4888 od
1548 4837 1631 4888 Nero-

304 4929 369 4968 nem.
391 4916 431 4968 Es
447 4927 559 4968 onosma
576 4915 604 4966 0.
619 4915 710 4967 Vsears
724 4927 757 4966 so
774 4915 990 4966 clamoren-
1009 4911 1050 4964 il.
1063 4912 1235 4975 lampacem
1246 4910 1278 4961 Gt
1291 4911 1371 4972 icc,
1382 4910 1461 4963 brus.
1474 4911 1507 4962 ll.
1521 4923 1549 4976 p.
1560 4909 1630 4962 iile

304 4991 438 5053 tannaco
454 4991 674 5054 autlonpsoceot
691 4989 739 5042 dtt.
754 5016 781 5027 -
800 4990 841 5040 it.
859 4986 1220 5052 comminiscensae.
1236 5013 1264 5024 -
1283 4985 1325 5036 34.
1343 4990 1413 5036 tanen
1429 4999 1484 5038 om.
1497 4987 1530 5038 Gt
1541 4987 1591 5047 Ξς.
1601 5013 1628 5024 -·

306 5063 348 5114 at.
365 5067 520 5118 monereris
535 5065 721 5136 (θάψω
740 5064 995 5128 succensuisti,
1014 5060 1290 5116 momentano.
1304 5085 1333 5100 ·-
1352 5059 1394 5114 39.
1411 5059 1627 5125 messuras:

305 5143 359 5194 ttae
375 5141 408 5196 Gi
429 5139 478 5194 dtt.
496 5143 527 5200 0.
