3578 5862
536 461 611 526 on.
633 461 935 525 xxvr-xxvrn.
956 458 1013 543 sc.
1034 456 1179 524 7t-75.
1444 455 1506 524 eoa

189 635 252 704 ret,
275 628 433 693 contrahit
451 628 587 694 frontem
601 663 643 678 -
664 630 873 694 recordamini
894 631 1006 693 faciem
1028 636 1124 713 atquc
1137 628 1209 694 illos
1224 631 1292 694 eius
1307 627 1396 694 fictos
1410 633 1510 696 simu·

188 727 331 806 latosque
358 724 542 799 vultus--,
573 726 717 808 queritur
745 746 779 788 se
807 725 846 788 ab
868 725 1044 809 Oppianico
1066 724 1251 788 destitutum
1272 733 1318 799 ct,
1348 727 1509 808 quiesset

189 826 273 881 totus
295 837 335 879 ex
355 817 466 881 fraude
489 825 521 880 ct
542 818 704 882 mendacio
724 818 826 882 factus
848 821 967 903 quique
991 839 1028 880 ea
1048 817 1141 892 vitia,
1169 839 1250 900 quae
1278 839 1298 882 a
1318 826 1432 882 natura
1452 819 1509 882 ha·

186 911 295 986 bebat,
318 911 411 974 etiam
434 910 657 995 studiosique
679 910 809 976 artificio
833 911 970 997 quodam
992 911 1130 975 malitiae
1149 913 1357 986 condivisset,
1379 913 1508 996 pulchre

186 1012 344 1069 asseverat
365 1025 435 1068 sese
457 1006 496 1068 ab
519 1006 696 1089 Oppianico
720 1007 905 1070 destitutum
927 1014 1023 1089 atque
1044 1006 1104 1069 hoc
1127 1005 1213 1070 addit
1234 1006 1423 1080 testimonii,
1452 1019 1531 1069 suat

186 1098 275 1162 illum
298 1100 472 1173 sententia,
495 1119 567 1164 cum
590 1100 692 1182 palam
717 1120 826 1164 omnes
849 1100 942 1163 laturi
966 1107 1087 1173 essent,
1113 1101 1352 1164 condemnatum
1375 1103 1422 1164 iri.

269 1193 399 1256 XXVII.
423 1189 473 1254 73.
494 1195 637 1256 Manarat
659 1214 762 1257 sermo
785 1195 818 1256 in
840 1194 994 1268 consilio,
1016 1193 1169 1276 pecuniae
1192 1194 1352 1277 quandam
1373 1196 1508 1260 mentio-

185 1308 258 1351 nem
285 1291 368 1350 inter
395 1285 515 1350 iudices
544 1309 612 1351 esse
639 1297 803 1352 versatam.
849 1289 912 1349 Res
935 1306 1039 1372 neque
1062 1294 1125 1350 tam
1145 1286 1249 1351 iuerat
1269 1289 1392 1353 occulta
1413 1311 1507 1374 quam

186 1389 253 1444 erat
279 1380 482 1456 occultanda,
511 1401 615 1466 neque
644 1389 708 1445 mm
738 1390 804 1444 erat
832 1388 940 1464 aperta
964 1401 1058 1465 quam
1081 1381 1295 1463 reipublicae
1318 1403 1508 1468 causaape-

185 1475 303 1538 rienda.
347 1475 383 1536 ln
413 1494 451 1537 ea
472 1475 664 1540 obscuritate
687 1496 723 1540 ac
746 1476 943 1539 dubitatione
966 1475 1107 1538 omnium
1130 1474 1305 1551 Cannutio,
1326 1479 1545 1564 perito—*boto
1638 1523 1662 1552 ι.

186 1569 279 1644 mini,
303 1569 359 1651 qui
382 1569 519 1652 quodam
543 1571 640 1633 odore
663 1571 854 1652 suspicionis
877 1569 1039 1632 Staienum
1062 1576 1244 1653 corruptum
1267 1589 1338 1634 osse
1359 1574 1509 1636 sensisset

185 1683 289 1745 neque
311 1662 386 1724 dum
407 1682 473 1725 rem
494 1664 664 1746 perfectam
681 1665 903 1736 arbitraretur,
926 1663 1046 1746 placuit
1066 1670 1196 1746 repente
1216 1665 1432 1746 pronuntiari:
1454 1668 1509 1729 Dr-

185 1776 318 1819 xsnvur.
350 1755 410 1818 Hic
431 1763 497 1819 tum
512 1757 706 1841 Oppianicus
729 1778 794 1820 non
816 1778 930 1840 magno
952 1776 1048 1840 opero
1068 1751 1243 1842 pertimuit:
1266 1777 1332 1820 rem
1348 1778 1366 1821 a
1381 1760 1509 1824 Staieno

185 1849 355 1932 perlectam
378 1870 447 1912 esse
469 1841 711 1914 arbitrabatur.
733 1847 783 1914 7t.
807 1853 843 1914 ln
865 1852 1031 1914 consilium
1053 1858 1143 1913 erant
1163 1850 1236 1913 ituri
1257 1851 1379 1916 iudices
1400 1873 1508 1915 xxxia:

185 1943 351 2006 sententiis
378 1965 432 2006 xvr
459 1946 616 2008 absolutio
646 1943 757 2008 confici
787 1953 918 2027 poterat.
956 1944 1164 2026 Quadragcna
1184 1945 1273 2008 milia
1293 1965 1455 2010 nummum
1476 1948 1509 2010 in
1520 1961 1547 2006 aa

185 2035 325 2117 singulos
352 2036 473 2102 iudices
502 2039 669 2102 distributa
700 2060 772 2102 cum
800 2059 966 2101 numerum
989 2038 1217 2102 sententiarum
1238 2035 1393 2104 conficere
1415 2039 1510 2104 debe-

184 2127 274 2203 bant,
296 2136 331 2192 ut
352 2131 392 2192 ad
414 2132 574 2195 cumulum
598 2154 654 2216 spe
677 2133 830 2197 maiorum
856 2132 1067 2216 praemiorum
1090 2132 1190 2214 ipsius
1212 2132 1331 2196 Staieni
1353 2135 1511 2198 sententia

185 2223 319 2306 septima
333 2224 455 2288 decima
469 2228 644 2290 accederet.
677 2228 781 2311 Atque
796 2228 890 2290 etiam
905 2246 980 2289 casu
996 2233 1079 2302 tum,
1102 2225 1189 2309 quod
1204 2226 1286 2289 illud
1300 2235 1429 2311 repente
1444 2237 1512 2292 erat

183 2316 317 2391 iactum,
348 2319 495 2383 Staienus
523 2321 593 2402 ipse
626 2341 691 2384 non
713 2322 831 2384 aderat.
866 2320 998 2384 Causam
1021 2321 1131 2384 nescio
1153 2341 1248 2404 quam
1269 2323 1352 2406 apud
1373 2320 1509 2385 iudicem

184 2410 381 2475 defendebat
413 2413 518 2475 Facile
539 2414 600 2476 hoc
622 2415 755 2478 Habitus
777 2414 969 2497 patiebatur,
991 2413 1083 2477 l'acilc
1099 2415 1289 2479 Cannutius:
1312 2411 1345 2478 ¹at
1365 2436 1429 2480 non
1445 2415 1547 2498 Op·ao

183 2505 326 2586 pianicus
347 2525 451 2588 neque
473 2516 627 2590 patronus
650 2510 719 2572 eius
740 2511 775 2570 L.
799 2509 985 2584 Quinctius:
1015 2508 1070 2593 qui
1093 2528 1164 2571 cum
1187 2518 1271 2573 esset
1291 2509 1347 2572 illo
1368 2518 1509 2592 tempore

184 2597 328 2661 tribunus
355 2599 474 2683 plebis,
507 2601 859 2666 conviciumC.1unio
890 2602 986 2664 iudici
1009 2603 1207 2686 quaestionis
1230 2604 1401 2676 maximum
1424 2603 1510 2677 iecit,

182 2700 217 2755 ui
238 2711 277 2754 nc
299 2694 368 2756 sine
390 2693 445 2756 illo
467 2694 499 2756 in
522 2695 689 2758 consilium
712 2697 830 2759 iretur:
864 2715 997 2778 cumque
1020 2697 1050 2758 id
1074 2696 1104 2758 ei
1126 2715 1183 2779 per
1204 2697 1342 2760 viatores
1364 2695 1509 2760 consulto

183 2786 394 2870 negligentius
416 2788 466 2870 agi
486 2788 661 2863 videretur,
683 2791 750 2873 ipse
773 2810 790 2851 e
811 2789 937 2873 publico
953 2789 1126 2852 iudicioad
1147 2793 1303 2871 privabam
1320 2790 1440 2854 Staieni
1461 2789 1510 2852 iu-

183 2881 299 2946 dicium
320 2880 480 2964 proiectus
502 2889 551 2946 est
572 2890 604 2945 et
625 2883 703 2947 illud
723 2904 781 2966 pro
803 2891 957 2968 potestate
978 2884 1094 2947 dimitti
1120 2884 1231 2948 iussit:
1255 2884 1418 2947 Staienum
1441 2883 1548 2965 ipseao

183 2975 221 3038 ad
244 2974 394 3038 subsellia
416 2975 560 3040 adduxit.
603 2976 653 3040 75.
679 2978 886 3061 Consurgitur
907 2978 940 3040 in
962 2979 1145 3068 consilium,
1167 2999 1239 3042 cum
1257 2979 1431 3042 sententias
1446 2978 1511 3060 Op-

182 3067 341 3150 pianicus,
364 3090 447 3153 quae
470 3079 534 3133 tum
557 3077 624 3134 erat
644 3079 800 3154 potestas,
822 3071 927 3154 palam
947 3071 1022 3134 ferri
1037 3073 1120 3136 velle
1142 3071 1292 3146 dixisset,
1313 3080 1349 3135 ut
1364 3073 1510 3136 Staienus

183 3163 263 3224 scire
293 3173 418 3245 posset,
447 3164 524 3246 quid
551 3167 667 3248 cuique
691 3166 867 3230 deberetur.
904 3165 999 3228 Varia
1020 3165 1160 3228 iudicum
1182 3185 1318 3248 genera:
1345 3166 1511 3230 nummarii

184 3255 294 3335 pauci,
317 3257 373 3320 aad
396 3277 507 3320 omnes
529 3259 610 3321 irati.
654 3259 694 3321 Ut
722 3259 778 3342 qui
809 3259 949 3342 accipere
972 3258 1004 3320 in
1028 3279 1138 3343 campo
1161 3266 1356 3322 consuerunt
1376 3259 1417 3322 iis
1439 3277 1512 3321 can·

185 3345 319 3422 didatis,
351 3369 486 3433 quorum
514 3370 659 3415 nummos
689 3372 875 3437 suppressos
903 3371 974 3415 esse
1004 3359 1132 3435 putant,
1165 3351 1376 3414 inimicissimi
1408 3349 1548 3415 solentoo

184 3461 274 3504 esse:
289 3441 334 3505 sic
349 3443 520 3506 eiusmodi
537 3444 658 3508 iudices
673 3445 779 3508 infesti
795 3452 861 3507 tum
876 3464 931 3508 reo
946 3453 1106 3508 venerant.
1130 3444 1234 3508 Ceteri
1249 3443 1510 3508 nocentissimum

184 3545 253 3588 esse
277 3526 525 3603 arbitrabantur,
551 3529 607 3592 sed
634 3531 860 3612 exspectabant
885 3529 1058 3598 sententias
1084 3550 1210 3603 eorum,
1238 3549 1318 3612 quos
1343 3535 1510 3608 corruptos

184 3638 254 3682 esse
275 3619 443 3702 putabant,
465 3629 501 3684 ut
522 3641 563 3685 ex
583 3623 623 3686 iis
644 3625 887 3697 constituerent,
917 3643 936 3688 a
958 3643 1022 3705 quo
1044 3623 1194 3686 iudicium
1217 3627 1398 3705 corruptum
1420 3618 1510 3682 vide-

183 3719 279 3776 retur.
310 3713 456 3778 XXVlll.
470 3715 552 3780 Ecce
569 3717 627 3780 tibi
642 3718 711 3781 eius
728 3717 813 3780 modi
829 3718 969 3792 sortitio,
992 3725 1029 3781 ut
1043 3718 1077 3780 in
1091 3717 1202 3800 primis
1217 3716 1320 3781 Bulbo
1335 3721 1367 3778 et
1382 3714 1509 3777 Staieno

233 3887 256 3940 3.
271 3886 296 3953 a]
309 3887 341 3938 ab
353 3889 441 3942 ΠΜ.
459 3919 486 3926 -
505 3890 529 3942 l.
542 3893 688 3944 condidisset
699 3894 753 3944 ST.
772 3894 842 3943 Fort.
855 3893 981 3944 coadissct.
1001 3892 1040 3944 Cl.
1052 3905 1108 3942 var.
1121 3890 1183 3942 lect.
1196 3905 1224 3956 p.
1237 3891 1294 3942 553.
1307 3904 1333 3940 v.
1347 3890 1387 3940 tt.
1403 3916 1430 3926 -
1449 3890 1473 3938 t.
1486 3901 1512 3938 se

70 4020 76 4028 μ
183 3961 215 4012 ab
232 3961 370 4026 Oppiomm
386 3965 536 4030 destitutum]
554 3967 627 4017 lianc
645 3967 767 4018 eiusdem
784 3965 916 4018 clausulae
934 3969 967 4031 (v.
984 3967 1020 4030 i.)
1038 3969 1221 4033 repetitionem
1240 3965 1361 4018 Ciceroni
1378 3963 1513 4015 abiudioat

184 4037 329 4103 Madvigius
344 4037 455 4103 Appcad.
473 4043 508 4090 od
523 4043 629 4106 dispas
644 4043 748 4093 Ascoaio
765 4055 791 4108 p.
805 4043 833 4092 til
849 4055 927 4106 sq.-
947 4057 998 4093 sesa
1014 4044 1072 4093 ST:
1091 4039 1273 4095 saltatio.
1288 4065 1315 4076 -
1334 4040 1512 4090 ScumSTi'

73 4141 75 4144 ·
184 4111 252 4164 lla:
271 4113 443 4176 cambit).
463 4115 502 4168 Ci.
516 4115 607 4180 §.raa
622 4143 649 4154 -
668 4117 693 4167 8.
711 4117 837 4168 maritata
853 4118 881 4167 L.
897 4145 924 4154 -
943 4119 967 4169 9.
980 4117 1159 4180 opaiuada'l'.
1174 4143 1202 4154 -
1221 4117 1262 4166 tt.
1277 4114 1510 4179 proamauicoa.

184 4187 210 4237 S.
222 4188 348 4250 Victoris,
366 4189 475 4241 Palatini
486 4191 621 4242 sccundus
633 4194 661 4242 ct
671 4195 777 4252 sertus,
795 4193 956 4244 Franctanus
970 4193 1071 4257 primus
1083 4192 1200 4252 Graevii,
1218 4192 1254 4242 0:
1267 4191 1511 4254 proscutionem

182 4261 276 4314 iudicas
288 4266 454 4326 monasticae
471 4263 525 4318 Li.
541 4294 568 4304 -
587 4267 706 4318 maana
716 4265 738 4318 ‘a
748 4269 784 4318 A:
804 4268 896 4318 iudices
911 4281 936 4317 sc
953 4268 978 4318 id
989 4268 1049 4318 actio
1059 4268 1179 4318 diamant
1188 4267 1207 4316 L
1216 4264 1247 4327 2;
1267 4265 1377 4330 [ludices]
1395 4265 1514 4314 dicerunt

183 4347 209 4385 sc
223 4336 251 4385 id
265 4337 326 4389 calls
342 4340 371 4390 0.
391 4340 429 4391 ci.
448 4339 608 4404 Madvigium
624 4340 642 4393 l.
660 4340 677 4393 l.
696 4356 723 4407 p.
741 4341 773 4393 la
791 4354 832 4406 sq.
857 4341 987 4404 (blanca
1003 4340 1120 4396 malebat
1137 4343 1196 4393 Gar.
1209 4341 1234 4392 Ξ.
1253 4339 1312 4392 coll.
1331 4339 1435 4402 Quintil.
1455 4341 1472 4390 l.
1487 4339 1511 4400 a,

183 4407 235 4473 l3.)
255 4437 283 4447 -
303 4412 343 4464 tl.
362 4414 454 4466 iudices
469 4429 503 4466 cx
518 4415 608 4466 XXXII
622 4418 648 4468 S.
662 4444 690 4454 -
710 4419 751 4468 lli.
770 4419 934 4482 quadraturas
950 4418 1022 4468 milia
1037 4431 1167 4468 nummum
1183 4416 1274 4469 FAO:
1293 4416 1343 4466 HS.
1356 4415 1450 4466 mX.
1462 4414 1514 4463 mi-

183 4484 247 4534 libus
261 4499 391 4538 maumam
407 4491 438 4550 S;
457 4491 551 4541 mr.
564 4492 635 4542 eadm
645 4506 775 4543 amomum
785 4493 819 4554 T;
838 4494 1010 4558 qaadrmma
1020 4495 1101 4544 millia
1111 4506 1240 4544 amaccura
1251 4493 1283 4550 1.;
1302 4492 1390 4544 DCLX
1404 4491 1514 4553 quadra-

183 4571 250 4623 gena
262 4559 336 4611 mitia
349 4576 479 4614 amamsaa
489 4566 528 4625 Mt
547 4565 597 4617 HS.
613 4567 784 4631 quadrariam
795 4569 876 4618 mittio
891 4581 1021 4618 aummma
1037 4567 1063 4623 S.
1082 4567 1192 4633 (milibus
1201 4567 1371 4631 quadruamis
1384 4577 1514 4616 ammam

183 4633 333 4686 Priscianus
348 4635 404 4688 Vll.
422 4638 452 4699 6,
469 4639 521 4701 ab.)
542 4665 569 4676 -
598 4641 638 4690 to.
658 4641 795 4692 obustus
810 4644 836 4692 S.
862 4670 889 4679 -
912 4645 952 4694 t8.
971 4644 1045 4706 quod]
1063 4645 1172 4706 mmmm
1189 4644 1241 4693 ST.
1262 4667 1290 4679 —
1309 4644 1350 4692 20.
1372 4640 1515 4691 ..tiabctur

182 4707 258 4772 toclls
274 4709 528 4764 comatisu--otiis
542 4715 668 4765 nonnullis
682 4729 740 4766 sus.
753 4755 758 4767 .
771 4754 777 4767 .
790 4755 795 4768 .
808 4755 815 4768 .
828 4717 863 4781 (5.
876 4717 927 4780 78.)
939 4717 1022 4770 habet
1038 4721 1066 4770 P.
1082 4745 1109 4755 -
1127 4719 1169 4769 tl.
1183 4717 1297 4782 Quiaasu
1313 4715 1445 4766 PSALO
1458 4713 1514 4764 ubi·

184 4795 247 4847 quc.
262 4811 290 4822 -
308 4784 351 4836 illc
367 4788 488 4840 esau:
506 4802 534 4840 co
551 4789 693 4844 racio,
708 4817 735 4828 -
748 4793 790 4843 Si.
803 4793 939 4843 conubium
950 4795 1016 4846 8.-
1034 4794 1075 4846 23.
1093 4795 1179 4845 ittoP:
1197 4792 1310 4852 ActioT3
1329 4790 1514 4852 Stuiasolcum

185 4856 261 4909 solita
280 4863 417 4927 venerate)
434 4865 485 4915 liri
495 4863 540 4919 bi
550 4865 579 4916 0.
604 4893 631 4904 -
656 4866 773 4931 emtore]
791 4867 888 4917 lictores
904 4868 932 4917 F.
948 4894 975 4905 -
993 4867 1035 4919 ii.
1054 4868 1075 4933 s]
1093 4883 1111 4919 a
1121 4864 1146 4920 S.
1161 4893 1188 4904 -
1207 4865 1303 4918 Staiasi
1319 4866 1377 4915 Pet
1393 4864 1432 4914 sic
1449 4875 1515 4912 cou-

185 4934 296 4985 stanter.
315 4935 354 4987 ei.
368 4935 393 5000 8.
406 4939 448 4990 2⁰.
461 4941 503 4992 db.
517 4967 545 4978 -
562 4941 605 4992 28.
622 4943 699 5005 possit
715 4939 781 5006 'quod
797 4943 886 5004 cuium
902 4943 998 4994 dabam
1013 4944 1069 4994 ST.
1083 4969 1111 4978 -
1129 4943 1171 4994 29.
1192 4943 1221 4992 Ut
1238 4942 1382 5004 qsci--rco
1396 4941 1516 4988 osacrmd

187 5007 360 5068 Quintilianus
376 5013 408 5066 V.
427 5015 473 5078 tt,
492 5016 533 5066 ἤ.
554 5043 581 5053 -
608 5017 637 5067 llt
653 5019 719 5068 mia
735 5019 778 5082 qai
794 5031 857 5068 cum
874 5017 917 5068 ed.
936 5018 1036 5068 luntina
1055 5015 1109 5069 aa.
1135 5044 1163 5055 —
1186 5018 1365 5068 cmmuoersast
1380 5009 1465 5064 sni.
1487 5037 1513 5046 -

187 5081 228 5133 St.
240 5088 449 5151 amentissisas'l'3
466 5092 692 5144 amantissimae
702 5091 730 5147 S.
745 5119 772 5130 -
785 5093 826 5143 32.
840 5093 1016 5156 cospectabaat
1031 5093 1176 5143 PSTLO:
1195 5090 1339 5154 mamaea
1352 5083 1447 5145 aad&
1464 5095 1518 5146 mo·

186 5156 279 5211 roboat
289 5161 316 5212 F.
331 5162 503 5228 (marmium
513 5167 552 5230 P.)
568 5193 594 5203 —
614 5167 655 5219 33.
667 5169 761 5222 csssi’:
779 5179 833 5220 om.
846 5164 975 5220 ascio.
987 5193 1014 5206 ·-
1032 5169 1133 5220 aura.
1149 5195 1177 5207 -
1195 5167 1236 5220 3l.
1248 5164 1346 5218 masao
1359 5161 1408 5225 {uit
1424 5158 1515 5212 oasa.
