3578 5862
584 437 657 502 ca».
679 405 862 503 rur-u.
890 435 947 521 ss.
969 432 1117 503 ar-ar.
1453 435 1515 502 oea

194 607 256 671 tuit
277 606 309 670 C.
332 605 492 671 Rabirium
515 607 691 671 desciscere
713 607 953 693 erepublica?
980 628 1045 671 non
1067 628 1247 692 comparere
1269 610 1303 672 in
1323 610 1379 674 illa
1399 620 1518 675 armata

193 699 395 763 multitudine
410 700 590 765 bonorum?
613 703 778 766 consulum
793 703 862 765 roci
877 710 972 787 atque
987 703 1121 786 imperio
1136 723 1200 766 non
1216 703 1365 768 obediret
1393 701 1445 769 Ἠ.
1463 707 1519 768 at-

194 793 250 878 qui
271 795 415 858 videmus
444 794 524 859 baec
551 796 586 858 in
616 816 721 860 rerum
749 805 860 860 natura
890 797 951 861 tria
975 796 1089 873 fuisse,
1118 805 1152 861 ut
1181 805 1328 862 anteum
1350 799 1517 862 Saturnino

194 894 279 951 esset
299 896 355 951 aut
375 909 447 952 cum
469 889 562 953 bonis
584 898 639 954 aut
659 891 783 956 lateret.
827 893 938 956 Latere
970 893 1078 956 mortis
1101 901 1168 956 erat
1187 892 1286 956 instar
1307 892 1518 977 turpissimae,

194 1001 266 1043 cum
288 982 470 1046 Saturnino¹
483 1003 554 1047 esse
575 983 690 1048 luroris
713 993 745 1050 et
766 975 1029 1071 sceleris,(virtus
1051 993 1083 1048 et
1103 985 1252 1050 honestas
1275 994 1307 1051 et
1326 986 1429 1070 pudor
1446 1001 1541 1052 cume

195 1075 380 1140 consulibus
404 1097 474 1142 esse
496 1078 643 1174 cogebat)
681 1079 749 1142 Hoc
771 1088 805 1143 tu
827 1081 924 1162 igitur
944 1080 977 1142 in
1000 1081 1119 1143 crimen
1141 1100 1251 1156 vocas,
1279 1081 1365 1164 quod
1387 1103 1459 1146 cum
1479 1084 1518 1146 iis
1629 1073 1715 1167 ,Aa

193 1169 291 1233 luerit
314 1169 347 1234 C.
369 1171 533 1248 Rabirius,
564 1193 644 1256 quos
672 1173 905 1237 amentissimus
929 1172 1044 1238 fuisset
1071 1176 1097 1238 si
1119 1183 1347 1258 oppugnasset,
1375 1177 1520 1261 turpissi-

194 1282 282 1338 mus,
305 1265 331 1329 si
353 1266 556 1348 reliquisset?
598 1267 654 1329 IX.
676 1269 717 1330 at
739 1267 772 1330 C.
794 1268 968 1343 Decianus,
990 1269 1030 1331 de
1046 1275 1159 1353 quotu
1174 1287 1268 1352 saepe
1284 1290 1518 1348 commemoras,

194 1356 284 1440 quia,
316 1380 387 1423 cum
415 1360 578 1425 hominem
607 1362 754 1425 omnibus
783 1362 940 1444 insignem
968 1363 1052 1425 notis
1075 1362 1295 1446 turpitudinis,
1324 1366 1357 1428 P.
1379 1366 1518 1458 Rispium,
1666 1353 1707 1454 s

194 1463 357 1521 accusaret
378 1474 502 1518 summo
524 1456 630 1519 studio
652 1456 806 1520 bonorum
832 1457 988 1530 omnium,
1017 1457 1108 1541 queri
1130 1464 1179 1519 est
1199 1477 1295 1522 ausus
1316 1460 1350 1522 in
1371 1462 1558 1526 contioneto

195 1551 235 1613 de
267 1555 368 1613 morte
402 1549 580 1624 Saturnini,
615 1551 840 1614 condemnatus
874 1559 936 1614 est:
975 1556 1007 1613 et
1036 1551 1111 1614 Sex.
1142 1551 1260 1627 Titius,
1296 1553 1381 1636 quod
1410 1553 1521 1617 babuit

195 1643 367 1725 imaginem
388 1643 424 1705 L.
449 1643 611 1707 Saturnini
633 1644 719 1707 domi
741 1663 835 1718 suae,
857 1644 1084 1708 condemnatus
1106 1652 1163 1708 est.
1194 1645 1377 1711 Statuerunt
1398 1650 1521 1732 equites

194 1737 328 1799 Romani
348 1737 403 1800 illo
426 1736 545 1800 iudicio
567 1738 745 1822 improbum
768 1739 870 1801 civem
892 1759 961 1802 asse
984 1744 1016 1801 et
1037 1759 1101 1802 non
1122 1739 1322 1804 retinendum
1336 1742 1370 1806 in
1385 1743 1520 1818 civitate,

194 1832 249 1914 qui
270 1830 426 1906 bominis,
460 1831 610 1895 hostilem
632 1833 666 1895 in
696 1832 825 1897 modum
853 1833 1010 1908 seditiosi,
1041 1835 1177 1917 imagine
1205 1841 1261 1897 aut
1288 1844 1421 1900 mortem
1451 1839 1520 1902 cius

192 1925 393 2002 honestaret,
431 1934 486 1988 aut
516 1926 674 1990 desideria
702 1928 917 2010 imperitorum
952 1927 1170 1992 misericordia
1205 1925 1430 2006 commoveret,
1466 1939 1559 1996 auto

194 2038 284 2082 suam
312 2019 506 2102 significaret
532 2021 703 2085 imitandae
731 2021 943 2103 improbitatis
969 2022 1175 2087 voluntatem.
1224 2019 1276 2086 25.
1306 2024 1416 2110 Itaque
1442 2027 1519 2091 mibi

194 2114 309 2177 mirum
324 2112 458 2189 videtur,
480 2114 566 2178 unde
580 2115 661 2179 hanc
675 2121 721 2190 tu,
743 2116 893 2190 Labiene,
914 2116 1094 2199 imaginem,
1116 2135 1210 2200 quam
1224 2117 1332 2194 babes,
1349 2120 1519 2185 inveneris.

192 2207 273 2270 llam
296 2207 369 2270 Sex.
393 2209 477 2272 Titio
500 2209 664 2283 damnato,
687 2211 741 2293 qui
764 2209 855 2272 istam
875 2210 994 2273 babere
1016 2212 1155 2287 auderet,
1177 2211 1325 2276 inventus
1347 2221 1396 2277 est
1416 2234 1519 2279 nemo.

194 2301 287 2377 Quod
308 2307 343 2365 tu
366 2302 393 2365 si
416 2302 560 2367 audisses
582 2311 638 2366 aut
659 2305 684 2366 si
705 2323 764 2386 per
784 2310 918 2367 aetatem
942 2306 1021 2368 scire
1043 2306 1218 2390 potuisses,
1248 2325 1420 2391 numquam
1448 2329 1522 2394 pro·

193 2394 278 2458 iecto
306 2396 397 2460 istam
425 2397 609 2479 imaginem,
645 2418 727 2481 quae
754 2397 841 2460 domi
875 2399 976 2481 posita
997 2406 1118 2482 pestem
1148 2406 1244 2486 atqua
1270 2401 1419 2465 exsilium
1447 2404 1559 2467 Semo

195 2491 280 2553 Titio
303 2491 481 2566 attulisset,
502 2493 535 2554 in
550 2499 650 2556 rostra
665 2499 760 2576 atque
775 2491 810 2554 in
823 2493 1002 2556 contionem
1017 2493 1196 2568 attulisses,
1212 2513 1271 2556 nec
1286 2501 1356 2558 tuas
1370 2502 1521 2581 umquam

193 2583 333 2649 rationes
355 2585 396 2649 ad
418 2605 474 2651 eos
496 2585 644 2668 scopulos
666 2587 861 2669 appulisses,
883 2587 922 2650 ad
945 2606 1026 2670 quos
1049 2587 1122 2649 Sex.
1145 2587 1220 2651 Titii
1240 2587 1388 2652 aillictam
1410 2609 1521 2654 narem

194 2683 226 2740 et
253 2677 285 2739 in
315 2677 430 2760 quibus
465 2679 497 2742 C.
519 2679 649 2742 Deciani
678 2679 877 2763 naufragium
906 2680 1105 2746 fortunarum
1132 2681 1268 2746 videres.
1318 2684 1380 2747 Sed
1410 2685 1444 2748 in
1471 2685 1522 2748 bis

193 2771 288 2835 rebus
311 2774 458 2837 omnibus
479 2774 693 2858 imprudentia
714 2774 841 2838 laberis.
879 2776 1013 2840 Causam
1029 2775 1113 2838 cuim
1128 2777 1295 2861 suscepisti
1309 2779 1521 2863 antiquiorem

195 2867 346 2930 memoria
378 2875 452 2931 tua:
490 2888 573 2952 quae
603 2888 697 2932 causa
723 2876 796 2932 aute
825 2877 948 2933 mortua
975 2878 1038 2946 est,
1072 2889 1167 2954 quam
1197 2877 1230 2933 tu
1257 2879 1349 2936 uatus
1377 2893 1427 2936 es:
1459 2885 1559 2957 quate

194 2960 228 3021 in
250 2979 344 3024 causa
365 2966 434 3024 tute
455 2961 598 3044 proiecto
620 2960 754 3038 luisses,
776 2965 803 3026 si
825 2984 883 3048 per
904 2971 1038 3029 aetatem
1059 2984 1130 3028 esse
1152 2965 1328 3049 potuisses,
1358 2986 1427 3030 eam
1450 2989 1522 3031 cau·

195 3073 261 3117 sam
283 3056 315 3118 in
336 3055 490 3119 iudicium
512 3076 615 3120 vocas.
658 3053 710 3120 26·
737 3059 785 3120 An
808 3079 872 3122 non
894 3059 1062 3142 intelligis,
1089 3059 1241 3142 primurn,
1271 3081 1353 3144 quos
1375 3061 1521 3125 homines

195 3155 227 3209 et
247 3148 359 3230 quales
380 3148 465 3212 viros
487 3155 629 3213 mortuos
651 3154 764 3214 summi
794 3153 922 3215 sceleris
951 3157 1087 3236 arguas‘t
1119 3152 1252 3229 deinde,
1282 3163 1361 3238 quot
1388 3175 1429 3218 ex
1460 3155 1521 3238 bis,

194 3243 250 3325 qui
270 3242 398 3318 vivunt,
421 3243 532 3307 eodem
555 3245 685 3307 crimine
707 3246 739 3307 in
762 3265 919 3308 summum
941 3246 1117 3329 periculum
1131 3247 1243 3332 capitis
1258 3252 1419 3313 arcessas?
1441 3251 1519 3312 Nam

193 3337 221 3399 si
245 3336 279 3398 C.
300 3336 447 3400 Rabirius
467 3336 611 3400 fraudem
633 3337 797 3421 capitalem
818 3338 965 3413 admisit,
998 3339 1085 3423 quod
1112 3360 1197 3404 arma
1226 3349 1335 3406 contra
1355 3344 1391 3405 L.
1413 3343 1558 3408 Satur-so

194 3429 306 3494 ninum
328 3428 418 3505 tulit,
447 3431 522 3495 huic
553 3430 683 3514 quidem
711 3432 822 3494 afferet
842 3432 981 3516 aliquam
1003 3433 1257 3516 deprecationem
1280 3437 1412 3519 periculi
1433 3445 1520 3504 aetas

193 3524 265 3598 illa,
297 3543 361 3608 qua
388 3530 457 3586 tum
484 3522 561 3587 init:
593 3524 631 3600 Q.
657 3543 733 3588 vero
763 3524 925 3600 Catulum,
953 3533 1076 3610 patrem
1104 3517 1279 3603 buius,(in
1307 3550 1372 3614 quo
1399 3551 1521 3596 summa
1624 3493 1671 3608 a(

194 3618 368 3701 sapientia,
401 3618 519 3682 eximia
546 3618 663 3693 virtus,
700 3619 868 3701 singularis
897 3620 1076 3686 humanitas
1103 3618 1192 3704 ipit)
1217 3623 1258 3686 bl.
1287 3623 1438 3688 Scaurum
1466 3626 1521 3716 illa

193 3714 363 3797 gravitate,
389 3712 446 3804 illo
478 3713 628 3788 consilio,
657 3711 713 3802 illa
740 3712 928 3795 prudentia,
958 3715 1039 3778 duos
1060 3715 1199 3791 Mucios,
1228 3717 1264 3780 L.
1287 3718 1450 3796 Crassum,
1478 3723 1519 3785 ld.
1607 3699 1675 3745 'm

193 3807 380 3882 Antonium,
410 3806 465 3895 qui
496 3815 562 3871 tum
590 3813 680 3870 extra
705 3807 825 3871 urbem·
845 3829 916 3871 cum
944 3808 1102 3891 praesidio
1128 3808 1204 3882 iuit,
1236 3829 1370 3896 quorum
1400 3813 1432 3876 in
1459 3812 1558 3878 baete
1643 3800 1662 3868 2⁸

194 3902 319 3965 civitate
340 3901 435 3984 longe
457 3902 594 3964 maxima
616 3900 749 3964 consilia
770 3909 866 3985 atque
887 3902 1016 3984 ingenia
1036 3902 1178 3978 luerunt,
1200 3910 1322 3968 ceteros
1335 3908 1404 3990 pari
1418 3906 1521 3990 digni·

194 4004 258 4060 tate
280 3996 456 4080 praeditos,
479 3994 628 4086 custodes
651 3995 942 4079 gubernatoresque
963 3995 1008 4059 rai
1031 3997 1191 4078 publicae,
1214 4002 1369 4082 quemad
1391 4000 1520 4065 modum

195 4098 335 4154 manuos
358 4081 587 4154 defendemus?
620 4085 671 4152 27.
694 4088 779 4165 Quid
802 4088 842 4152 de
864 4089 927 4153 illis
947 4089 1180 4156 honestissimis
1190 4092 1267 4156 viris
1281 4101 1377 4176 atqua
1391 4095 1521 4179 optimis
1571 4114 1573 4125 ¹
1622 4087 1628 4096 ’

194 4185 332 4260 civibus,
354 4184 514 4267 equitibus
536 4184 702 4258 Romanis,
725 4182 880 4259 dicemus,
907 4185 963 4268 qui
985 4190 1052 4248 tum
1074 4205 1138 4248 una
1159 4206 1231 4249 cum
1252 4193 1365 4251 senatu
1387 4188 1520 4253 salutem

259 4473 285 4524 t.
302 4473 357 4524 ooct
373 4471 447 4536 Slg:
469 4484 527 4522 occe
544 4471 559 4522 5
577 4473 678 4523 Oxouu.
698 4475 724 4523 et
741 4471 796 4524 rell.
816 4475 893 4537 lagg.
915 4501 942 4508 —
962 4474 986 4525 6.
1005 4475 1042 4525 tis
1058 4474 1142 4536 adk;
1165 4475 1220 4526 tsi.
1241 4502 1267 4512 -
1288 4477 1327 4526 44.
1345 4477 1523 4528 emdaaaatau

132 4587 134 4592 .
194 4553 217 4599 et
235 4547 297 4612 lom.
315 4550 357 4612 est)
374 4548 386 4599 4
393 4545 417 4598 44
429 4560 460 4608 n;
480 4546 540 4597 tort,
559 4551 582 4596 ct
599 4545 751 4598 delendum.
767 4575 794 4585 -
808 4548 848 4599 44.
867 4549 976 4614 tmogtuc
992 4548 1035 4600 ed.
1054 4548 1147 4601 aldina
1158 4549 1234 4600 ⁴5⁴9:
1252 4549 1519 4615 tmeptoeracoddf-

195 4623 236 4674 46.
254 4623 403 4672 {masadam
419 4623 436 4672 S
454 4617 512 4672 etl
530 4622 593 4672 Oxr.
614 4647 641 4658 -
661 4621 702 4672 tr.
721 4635 797 4684 qaam
818 4629 845 4674 ta
864 4625 939 4676 tabes
959 4627 1012 4677 mei
1034 4628 1141 4692 practer
1157 4625 1174 4676 l.
1195 4653 1222 4662 -
1241 4627 1283 4677 20.
1304 4627 1410 4678 centua
1431 4627 1522 4677 nescio

195 4699 239 4762 qul
258 4696 329 4762 apud
345 4697 490 4748 Manutlum
507 4699 534 4747 ct
545 4697 697 4747 Torrentius
714 4698 739 4749 lu
757 4711 841 4762 marg.
856 4725 884 4736 -
898 4701 938 4750 tt.
950 4701 1079 4768 tanquam]
1097 4702 1201 4763 taquam
1211 4701 1238 4751 S.
1253 4725 1280 4737 -
1294 4700 1422 4765 auduus]
1439 4701 1524 4751 attulit

195 4772 323 4823 balterus.
335 4798 362 4808 -
373 4773 414 4822 25.
427 4769 548 4822 asidam:
567 4784 629 4823 asca
641 4773 732 4823 ceteri.
746 4795 772 4808 -
787 4787 839 4836 queo
850 4774 877 4822 ta
887 4787 966 4826 causa
977 4780 1027 4827 tuta
1033 4776 1146 4840 prosecta
1155 4775 1251 4838 muas,
1269 4775 1346 4840 siper
1355 4780 1463 4827 atatem
1473 4787 1524 4825 csse

193 4847 326 4910 pottdases,
350 4860 407 4898 cam
422 4859 479 4898 caan
495 4847 522 4897 trs
539 4847 658 4898 tudtctam
673 4861 761 4910 cocos,
779 4863 830 4899 aco
846 4849 962 4915 4444444944
978 4853 1030 4901 etc.
1049 4852 1199 4918 suspicatur
1214 4852 1311 4904 Rarius
1330 4853 1389 4904 Vua.
1407 4851 1471 4902 lectt
1489 4851 1520 4900 ll.

195 4939 222 4990 p.
235 4925 292 4976 464.
307 4951 335 4960 -
347 4926 389 4977 27.
407 4924 527 4989 intellegis
543 4937 568 4975 n.
583 4949 611 4962 -
624 4923 666 4976 28.
684 4927 750 4989 qaod
766 4926 792 4976 S.
806 4950 833 4960 —
848 4939 881 4976 aar
895 4925 933 4974 tis
949 4925 1029 4976 Set‘l
1041 4927 1134 4992 lagg:
1153 4927 1227 4978 cette
1244 4925 1387 4991 aghilu,
1404 4927 1434 4974 ut
1449 4924 1522 4975 vidc-

196 5003 253 5062 tur,
266 5001 362 5051 atto.
376 5027 404 5036 -
417 5001 459 5052 29.
470 5000 609 5064 periccdm
619 5001 708 5065 capttta
718 5002 787 5052 mei:
801 4999 891 5064 capua
896 5000 1037 5063 meduan
1048 5001 1105 5053 LO.
1119 5028 1146 5038 -
1160 5015 1275 5053 acccrsm
1285 5003 1310 5052 S.
1326 5027 1353 5037 -
1367 5001 1408 5050 34.
1420 5001 1523 5064 offerret

195 5073 318 5127 Slkmn
337 5077 365 5125 et
385 5088 402 5139 g
419 5087 505 5138 corr.;
522 5077 597 5140 affut
612 5074 731 5127 (4444-
746 5075 787 5127 34.
805 5075 893 5126 ttloto
909 5073 1108 5140 quoslinmg.
1125 5075 1217 5130 lamb.
1237 5074 1320 5128 -3t.
1336 5075 1429 5128 Mutua
1444 5075 1470 5126 s.
1492 5103 1518 5112 -

196 5148 237 5200 38.
255 5150 362 5215 opaoau
377 5147 438 5202 lln.
