3642 5862
449 458 518 523 nu.
538 459 576 522 v.
611 457 684 522 co.
705 456 957 524 unu-mv.
986 454 1043 540 ss.
1065 451 1251 520 rra-uo.
1447 449 1509 519 n:

189 627 425 711 pertimescunt.
462 627 593 715 ludique
614 626 721 692 ierunt
740 627 828 691 illam
843 627 1039 692 clementiam
1054 627 1394 711 mansuetudinemque
1407 627 1508 691 nostri

187 721 312 805 imperii
331 727 450 785 unum
470 723 505 784 in
527 721 744 786 crudelitatem
766 721 1090 806 inhumanitatemque
1113 741 1182 786 esse
1205 740 1405 798 conversam,
1434 742 1510 785 con·

188 815 330 880 damnari
351 821 399 878 tot
419 814 566 879 homiues
587 835 652 878 uuo
674 824 816 898 tempore
844 816 933 878 nullo
960 816 1105 891 ommiue,
1134 814 1351 879 defensionem
1380 835 1509 881 suorum

186 907 343 972 hortorum
363 917 541 992 praetorem
564 909 743 992 improbum
765 929 806 974 ex
827 909 1046 992 indignissima
1068 917 1167 973 morte
1182 910 1397 974 innocentium
1413 931 1510 993 quae-

186 1023 266 1066 rere.
302 1001 388 1065 Nihil
410 1002 485 1066 addi
508 1005 570 1067 iam
590 1003 730 1078 videtur,
752 1003 885 1078 iudices,
907 1004 947 1066 ad
967 1004 1050 1067 hanc
1071 1003 1319 1086 improbitatem,
1340 1006 1533 1068 amentiamo

188 1095 472 1180 crudelitatemque
498 1118 606 1180 posse:
644 1104 676 1160 et
703 1105 788 1160 recte
822 1097 902 1160 nihil
931 1097 1065 1160 videtur.
1116 1099 1194 1160 Nam
1221 1096 1248 1160 si
1277 1117 1349 1161 cum
1377 1099 1511 1163 aliorum

188 1192 388 1276 improbitate
411 1199 518 1265 certet,
540 1191 634 1274 louge
656 1211 766 1254 omues
788 1192 984 1275 multumque
1007 1191 1175 1276 superavit.
1213 1184 1284 1252 tto.
1307 1193 1421 1256 Secum
1443 1195 1511 1277 ipse

187 1293 301 1350 certat:
330 1286 363 1349 id
389 1287 472 1368 agit,
500 1294 536 1349 ut
563 1307 689 1369 semper
718 1287 864 1370 superius
893 1306 984 1348 suum
1007 1285 1127 1349 facinus
1149 1304 1233 1348 novo
1256 1285 1375 1350 scelere
1397 1288 1510 1352 vincat.

187 1381 375 1444 Phalacrum
397 1379 639 1462 Centuripinum
662 1373 802 1444 dineram
825 1387 993 1463 exceptum
1022 1399 1091 1442 esse
1112 1400 1132 1442 a
1155 1380 1339 1454 Cleomene,
1368 1381 1455 1466 quod
1477 1383 1511 1444 iu

188 1472 257 1536 eius
279 1471 475 1556 quadriremi
498 1473 685 1537 Cleomenes
706 1481 815 1538 vectus
838 1480 936 1536 esset:
966 1481 1071 1536 444444
1100 1473 1177 1557 quia
1206 1474 1410 1556 pertimuemt
1436 1476 1548 1543 ado-ro

188 1567 325 1642 lescens,
355 1566 442 1650 quod
473 1568 605 1630 eandem
634 1589 723 1632 suam
746 1587 871 1631 causam
893 1567 1022 1632 videbat
1042 1588 1128 1642 esse,
1159 1587 1254 1651 quam
1283 1568 1426 1645 illorum,
1456 1571 1512 1654 qui

187 1661 375 1725 innocentes
402 1661 564 1745 peribant,
594 1662 718 1726 accedit
742 1662 782 1725 ad
803 1661 966 1725 hominem
988 1661 1217 1726 Timarchides:
1246 1681 1266 1726 a
1288 1664 1391 1727 securi
1418 1673 1513 1748 negat

188 1775 258 1818 esse
281 1755 310 1818 ei
332 1755 525 1838 periculum:
554 1756 651 1839 virgis
678 1777 718 1819 ne
747 1757 946 1830 caederetur,
974 1764 1083 1820 monet
1111 1765 1147 1819 ut
1175 1763 1292 1820 caveat.
1334 1760 1382 1822 Ne
1403 1760 1511 1834 multa,

187 1849 291 1931 ipsum
314 1847 420 1912 dicere
442 1849 675 1914 adolescentem
699 1851 832 1914 audistis
854 1871 888 1914 se
910 1851 951 1914 ob
972 1850 1058 1914 huuc
1079 1859 1198 1915 metum
1210 1852 1377 1935 pecuniam
1392 1855 1513 1918 Timar·

187 1942 273 2005 chidi
304 1963 499 2008 numerasse.
548 1940 620 2008 dl7.
648 1947 744 2010 Levia
770 1944 849 2007 haec
871 1952 945 2008 sunt
966 1945 999 2008 in
1021 1944 1082 2008 hoc
1102 1966 1169 2009 reo.
1212 1949 1331 2010 hictum
1352 1947 1549 2031 virgarumrt
1613 2015 1624 2036 ο

186 2037 365 2102 navarchus
390 2038 605 2104 nobilissimae
627 2040 764 2104 civitatis
784 2040 888 2123 pretio
909 2040 1060 2115 redemit:
1081 2040 1256 2106 humanum
1270 2047 1333 2104 est:
1356 2042 1449 2118 alius,
1470 2062 1511 2107 ne

189 2132 470 2210 condemnaretur,
492 2135 658 2217 pecuniam
680 2134 782 2208 dedit3
805 2133 966 2198 usitatum.
1010 2137 1081 2199 Non
1102 2135 1172 2199 vult
1191 2136 1330 2219 populna
1351 2137 1511 2201 Romanus

187 2225 339 2290 obsoletis
362 2227 546 2290 criminibus
568 2228 708 2290 accusari
730 2229 874 2291 Verrem:
897 2249 980 2293 nova
1001 2231 1151 2313 postulat,
1173 2229 1317 2293 inaudita
1339 2229 1511 2294 desiderat:

186 2341 252 2384 non
276 2319 316 2384 de
337 2327 482 2404 praetore
505 2319 642 2395 Siciliae,
664 2322 720 2385 sed
743 2321 782 2384 de
797 2321 918 2385 nefario
933 2329 1066 2407 tyranno
1079 2325 1149 2388 lieri
1165 2324 1318 2388 iudicium
1333 2326 1511 2389 arbitratur.

187 2414 281 2478 XLV.
310 2413 521 2478 Includnntur
549 2415 583 2476 in
605 2435 763 2480 carcerem
791 2415 1008 2482 condemnati:
1040 2418 1230 2502 supplicium
1254 2420 1457 2483 constituitur
1477 2419 1549 2489 inec

187 2507 279 2570 illos:
313 2509 448 2572 sumitur
478 2509 517 2573 de
546 2512 671 2575 miseris
698 2511 883 2596 parentibus
912 2511 1155 2576 navarchorum:
1187 2512 1398 2596 prohibentur
1423 2515 1511 2577 adire

187 2600 227 2663 ad
247 2601 350 2665 lilios:
374 2603 584 2687 prohibentur
604 2606 711 2668 liberis
734 2607 799 2670 suis
821 2607 926 2669 cibum
948 2606 1160 2690 vestitumque
1180 2605 1274 2670 ferre.
1310 2603 1381 2670 448.
1390 2595 1529 2672 (Patres)

186 2694 237 2767 hi,
259 2715 341 2779 qnos
364 2685 664 2774 videtis,l‘iacebaut
684 2699 717 2761 iu
739 2700 846 2763 limine
868 2707 1047 2784 matresque
1068 2700 1201 2764 miserae
1222 2703 1451 2784 pernoctabant
1471 2702 1511 2766 ad

188 2787 304 2852 ostium
326 2791 470 2866 carceris,
493 2792 533 2855 ab
555 2801 697 2857 extremo
720 2801 890 2877 conspectu
906 2794 1038 2857 liberum
1053 2777 1223 2904 exclusae)
1235 2814 1317 2880 quae
1331 2795 1410 2860 nihil
1425 2791 1519 2860 aliud'

253 2974 277 3023 4.
295 2975 396 3040 44444444
411 2977 495 3039 fouet
506 2977 540 3026 V:
560 2977 655 3040 tadlqnt
671 2977 754 3040 seruat
771 2976 807 3027 443
825 2975 883 3040 (sed
897 2975 944 3026 hd.
961 2977 1096 3042 fecerum:
1115 2991 1168 3028 om.
1182 2976 1259 3028 colcu
1271 2977 1335 3029 dett.
1348 2981 1377 3030 0.
1392 3007 1419 3016 -
1433 2981 1513 3032 costra·

187 3062 241 3101 om.
259 3051 289 3102 V.
309 3079 336 3088 -
356 3052 381 3102 4.
400 3057 497 3102 tontum
513 3053 541 3101 tn
560 3053 583 3103 a
601 3054 633 3102 Gt
654 3053 715 3103 bd:
741 3053 768 3101 44
785 3057 882 3101 tactam
898 3052 921 3101 V
944 3053 1003 3115 (Br.)
1028 3052 1092 3102 dett.
1111 3053 1144 3112 0:
1171 3053 1198 3103 44
1214 3065 1267 3104 om.
1287 3055 1332 3104 Ga.
1353 3082 1380 3092 -
1398 3056 1513 3108 4444444-

187 3129 310 3189 totcmqoa
330 3125 376 3177 R3.
399 3124 615 3191 (tuhuumottotem
634 3128 851 3189 cradetttotemqac
866 3125 953 3190 Lght.)
974 3154 1001 3162 -
1019 3129 1154 3178 4444444444
1176 3128 1221 3180 443.
1241 3156 1269 3165 -
1288 3129 1312 3179 3.
1330 3143 1435 3182 maaca
1454 3132 1513 3195 sacr·

186 3205 272 3252 mmm
288 3201 308 3251 a
324 3215 365 3266 pr.
383 3214 420 3254 m.
440 3200 509 3262 (add.
528 3216 564 3252 oo
579 3215 639 3267 sup.
657 3199 701 3252 liu.
720 3215 757 3252 m.
775 3202 823 3264 4.);
841 3215 946 3251 morum
961 3203 1121 3265 fortmromsu
1138 3203 1184 3252 G3.
1199 3229 1227 3239 -
1245 3203 1270 3254 4.
1288 3203 1420 3267 inprobum
1436 3206 1467 3256 V.
1483 3233 1510 3244 -

186 3275 345 3325 lucoccctom
356 3275 402 3326 443.
422 3277 462 3328 ct.
475 3277 499 3342 5.
515 3277 570 3328 tta.
585 3304 612 3312 -
626 3279 650 3328 5.
670 3281 697 3329 44
713 3277 737 3327 4.
756 3278 823 3340 topr.
842 3277 904 3326 RV.
920 3303 948 3312 -
961 3277 986 3325 6.
1004 3281 1028 3327 44
1042 3281 1108 3327 recte
1123 3291 1150 3326 4.
1161 3277 1212 3326 444.
1230 3277 1292 3328 Eru.
1306 3281 1381 3330 uncis
1392 3278 1510 3340 inclusit;

188 3351 215 3401 at
230 3364 256 3402 v.
274 3349 360 3404 lladv.
378 3364 406 3417 p.
425 3351 482 3402 snt.
503 3380 530 3390 -
549 3365 610 3402 4444
626 3365 679 3404 om.
698 3352 730 3401 V.
749 3379 777 3389 -
794 3352 816 3401 44
832 3350 898 3414 cum]
915 3351 977 3400 :teat
993 3350 1024 3400 V.
1049 3351 1110 3414 thr.)
1129 3376 1157 3388 ·-
1176 3350 1285 3402 44444444
1300 3351 1383 3403 habet
1398 3353 1435 3416 V,
1458 3366 1512 3406 non

185 3426 302 3490 44444444,
325 3428 356 3478 44
372 3427 414 3478 444
429 3425 501 3491 apud
518 3427 630 3489 blatum,
649 3427 695 3492 qui
712 3427 754 3478 est
770 3438 845 3477 error
860 3425 966 3490 typogr.
984 3424 1027 3476 ed.
1047 3427 1119 3476 Grut.
1137 3428 1166 3476 et
1182 3428 1275 3477 Graev.
1294 3453 1321 3464 -
1341 3427 1365 3478 7.
1384 3441 1513 3490 4444444444

186 3503 293 3554 muttum
307 3503 341 3554 V.
354 3527 382 3538 -
395 3503 522 3564 4444444444
538 3502 587 3555 4434
605 3501 766 3566 4444444444
784 3499 855 3566 (su),
874 3500 938 3552 dett.
958 3502 987 3553 0.
1002 3527 1029 3538 -
1042 3515 1125 3553 mcum
1137 3501 1171 3550 V:
1189 3503 1231 3552 sed
1244 3517 1300 3553 4444
1311 3503 1362 3564 Β3;
1379 3504 1422 3556 aad
1432 3517 1514 3554 444444

188 3577 253 3630 dett.
272 3578 306 3638 ὓς
331 3577 374 3628 aad
389 3590 447 3628 4444
462 3591 543 3630 secum
559 3578 611 3640 lpse
626 3582 703 3629 certet
723 3577 782 3628 cod.
800 3578 856 3630 Urs.
875 3577 904 3642 (4)
923 3603 951 3612 -
971 3577 995 3627 a.
1013 3577 1163 3627 Pholoenan
1178 3577 1200 3627 Β
1216 3578 1297 3642 ngas:
1323 3577 1460 3630 Fclomaau
1474 3579 1512 3640 V,

187 3655 341 3720 4444444444
356 3653 376 3706 0
394 3654 422 3705 et
437 3653 503 3705 dett.
518 3681 545 3691 —
558 3655 593 3706 od
604 3653 659 3718 (444)
671 3654 834 3707 cucumae
844 3651 950 3714 444444.
965 3678 992 3688 -
1006 3651 1468 3708 40444444444444444444444144.
1483 3679 1511 3692 -

187 3740 266 3792 444444
282 3743 342 3791 44444
357 3737 402 3789 ns.
420 3765 447 3775 -
462 3739 502 3789 44.
520 3752 577 3790 eom
592 3751 665 3790 44444
678 3739 707 3788 4.
722 3765 749 3775 -
761 3737 801 3788 th.
820 3735 915 3786 4444444
930 3735 965 3786 od
980 3735 1094 3787 hembil
1107 3735 1222 3799 ngit:
1241 3736 1276 3786 od
1290 3735 1356 3789 4444.
1374 3752 1428 3800 444.
1446 3739 1512 3792 (4444.

188 3816 218 3868 0.
239 3841 266 3852 -
285 3815 326 3866 43.
345 3825 396 3866 4444
411 3813 442 3878 aa]
460 3813 499 3865 sic
515 3812 537 3862 V
559 3811 601 3876 ((44
618 3826 672 3878 quo
688 3814 773 3864 444444
790 3810 895 3874 erravit)
914 3812 941 3861 et
958 3809 1062 3871 Quintil.
1081 3810 1123 3861 lx.
1142 3809 1167 3872 3,
1186 3811 1243 3861 44.;
1265 3825 1315 3863 4444
1330 3826 1349 3863 4
1364 3815 1400 3875 ll:
1422 3828 1472 3867 4444
1487 3821 1515 3866 44

188 3891 239 3954 (43;
265 3890 288 3945 et
303 3903 354 3942 4444
370 3890 435 3941 dett.
454 3888 483 3938 Q.
504 3915 532 3925 -
550 3892 648 3938 4444444
668 3888 733 3939 dett.
753 3913 780 3924 ·-
801 3885 841 3938 44.
859 3899 884 3936 44
900 3899 954 3937 om.
972 3887 1004 3937 V.
1029 3885 1091 3949 (br.)
1111 3912 1138 3922 -
1156 3889 1250 3937 4444444
1265 3887 1302 3937 ns
1318 3889 1355 3937 V:
1381 3889 1515 3955 otrqonm

186 3971 280 4018 4444444
296 3964 361 4017 dett.
379 3966 409 4016 0.
425 3991 452 4002 —-
466 3965 507 4016 44.
526 3965 587 4014 haec
603 3969 660 4015 44444
675 3961 767 4016 444444
782 3963 812 4014 4;
831 3967 888 4013 aaut
902 3963 963 4012 4444
979 3962 1002 4012 V
1019 3962 1089 4025 (Ba),
1108 3960 1173 4012 dett.
1192 3961 1280 4022 Quint.
1297 3961 1362 4014 Vlll.
1380 3963 1405 4026 4,
1424 3965 1464 4016 ao.
1483 3966 1513 4018 0.

187 4043 217 4092 Iu
234 4042 281 4094 4.(4.
299 4055 353 4094 om.
369 4041 504 4106 4444444444
514 4067 552 4078 --
562 4041 777 4092 concerneretur.
798 4064 825 4074 -
839 4051 882 4088 roc
899 4037 935 4089 443
951 4037 988 4086 V:
1005 4049 1049 4087 roo
1064 4037 1173 4088 44444444
1188 4035 1253 4087 dett.
1272 4036 1301 4088 0.
1316 4061 1344 4073 -
1357 4043 1424 4089 matu
1440 4040 1468 4091 Β.
1484 4067 1512 4079 —-

188 4117 229 4168 46.
247 4117 416 4170 4444444444444
433 4118 520 4178 Qulnt.
539 4114 556 4166 l.
574 4115 592 4166 l.
611 4118 638 4166 et
653 4116 695 4166 lx.
714 4116 739 4177 2,
757 4114 799 4164 44.
817 4113 853 4176 V,
877 4111 957 4164 dett:
983 4113 1055 4163 bomo
1070 4112 1244 4163 4444444444444
1259 4113 1293 4170 44;
1318 4112 1390 4164 boum
1405 4113 1513 4167 nobiliss.

187 4205 299 4244 44444444
310 4191 387 4243 codd.
400 4190 506 4250 Laurb.;
522 4191 546 4240 4.
558 4189 750 4241 achitum
761 4189 794 4240 (44
809 4190 832 4239 h.
853 4189 919 4238 ilinc
931 4186 965 4239 de
977 4188 1094 4239 Memmii
1109 4189 1177 4239 coni.
1190 4185 1347 4239 Lambinus:
1365 4189 1437 4240 bouso
1446 4191 1516 4242 4444-

188 4267 294 4318 44444444
308 4279 369 4318 aroc
384 4267 500 4327 4444444444,
519 4264 578 4316 coll.
598 4267 629 4316 ll.
648 4265 672 4331 5.
693 4264 760 4326 tot..
779 4261 851 4328 quod
868 4263 949 4314 etiam
966 4263 993 4313 in
1010 4260 1026 4312 4
1043 4277 1104 4314 esse
1123 4263 1233 4315 traditur
1249 4263 1276 4314 iu
1294 4277 1375 4328 marg.
1395 4265 1467 4318 4434.
1483 4293 1511 4303 -

187 4343 325 4393 tucamur:
340 4347 375 4394 444
391 4343 413 4393 Β
428 4343 461 4393 Gt
479 4343 495 4392 4
512 4337 528 4389 λ
544 4341 576 4391 V.
595 4341 680 4401 Quint.
699 4340 764 4390 4444.
782 4337 807 4400 4,
827 4338 882 4388 lh:
902 4343 937 4388 444
952 4351 1006 4389 om.
1026 4339 1100 4402 dett,
1120 4339 1206 4400 Quint.
1225 4339 1267 4389 lh.
1285 4339 1310 4399 2,
1328 4341 1369 4390 44.
1383 4366 1411 4376 -
1430 4341 1469 4404 oe]
1485 4345 1514 4391 ut

188 4417 234 4468 nc.
249 4441 276 4454 -·
288 4417 328 4468 t'l.
346 4417 465 4467 4444444444
481 4413 574 4480 44444
589 4416 626 4466 tto
642 4421 695 4466 4444
706 4415 739 4465 o:
754 4413 794 4477 tl:
812 4413 931 4462 4444444444
946 4417 982 4464 est
998 4414 1019 4462 V
1038 4415 1108 4477 (444.),
1128 4413 1192 4464 dett.
1212 4414 1300 4474 Quint.
1312 4413 1377 4464 Vlll.
1390 4413 1414 4474 4,
1428 4415 1468 4466 49.
1483 4441 1510 4451 -

187 4492 251 4543 votat
266 4491 313 4554 443,
331 4494 422 4544 uatum
440 4505 473 4542 ex
487 4492 552 4552 uolt:
569 4491 622 4541 4444
638 4492 681 4542 444
695 4491 723 4541 44
740 4490 762 4538 V
779 4488 850 4550 (Bu),
869 4487 946 4550 dett,
965 4489 1052 4548 Quint.
1065 4489 1107 4539 lx.
1121 4488 1145 4550 4,
1158 4489 1198 4538 444.
1213 4515 1240 4524 -
1254 4488 1294 4539 tt.
1307 4488 1430 4540 4444444444
1441 4491 1469 4542 Β.
1482 4517 1509 4528 -

190 4567 230 4618 ll.
248 4567 346 4630 neforto
362 4566 399 4618 443
416 4564 432 4616 4
448 4568 485 4617 V:
511 4566 679 4617 4444444444
700 4564 765 4616 dett.
784 4563 813 4612 0.
833 4588 860 4598 —
879 4563 921 4614 20.
939 4563 967 4612 tu
987 4563 1121 4629 carcerare]
1149 4563 1247 4614 Tuetur
1262 4561 1333 4614 hanc
1353 4565 1513 4629 scripturam

189 4641 270 4694 etiam
285 4643 360 4693 Serv.
377 4641 411 4692 ad
429 4641 521 4705 Georg.
539 4641 571 4692 ll.
589 4641 630 4690 46.
659 4641 689 4690 In
705 4639 736 4689 V.
754 4639 895 4700 incertum,
913 4638 940 4688 44
955 4652 1057 4690 cos-cm
1072 4653 1106 4691 an
1123 4639 1150 4688 44
1165 4651 1292 4690 carcerem
1307 4637 1417 4702 legatur.
1446 4641 1511 4690 Mire

189 4719 274 4767 toturn
290 4717 317 4767 h.
329 4715 347 4768 l.
365 4715 525 4768 coniecturis
541 4717 651 4767 44444444
665 4713 736 4765 Baka
751 4727 779 4778 p.
792 4713 824 4766 l8
836 4727 877 4778 sq.
891 4739 918 4749 —
932 4714 972 4764 44.
991 4714 1053 4779 44444]
1072 4713 1264 4767 nobscuratum
1281 4717 1323 4767 est
1338 4714 1390 4765 hoc
1406 4727 1466 4767 voc.
1484 4717 1511 4766 in

189 4791 248 4843 cod.
268 4792 300 4853 V,
318 4805 370 4844 nec
386 4793 450 4845 satis
465 4791 552 4854 video,
570 4793 660 4842 utrum
676 4790 711 4841 sit
725 4789 781 4838 44444
795 4801 830 4839 au
845 4800 912 4839 ecs.»
930 4790 989 4841 Mar.
1008 4789 1132 4855 [brunnio
1149 4790 1235 4854 potius
1250 4803 1292 4841 444
1306 4787 1419 4850 videtur,
1438 4789 1511 4854 quod

189 4865 224 4917 ad
239 4879 265 4916 v.
284 4866 339 4918 44444
354 4868 398 4918 vix
414 4869 528 4933 spatium
545 4865 688 4933 suppetat]
707 4891 734 4902 -
751 4864 913 4927 4444444444
933 4876 988 4915 om.
1006 4865 1071 4916 dett.
1091 4891 1118 4902 -
1136 4865 1178 4916 44.
1196 4866 1230 4915 od
1244 4865 1310 4930 (44444
1330 4863 1366 4915 us
1382 4859 1399 4912 λ
1415 4862 1450 4912 V:
1476 4865 1511 4915 444

186 4941 251 5008 (4444
266 4953 323 4992 suos
339 4940 404 4993 dett.
424 4967 452 4978 -
469 4942 521 4992 4444
536 4940 618 4992 liberte
632 4942 699 4991 Nou.
717 4953 744 5006 p.
763 4939 820 4991 3443.
836 4965 864 4974 -
881 4938 949 4989 44444
963 4939 1031 5004 [erro
1045 4939 1076 5000 V,
1095 4939 1159 4990 dett.
1177 4940 1211 4990 a:
1226 4939 1287 4990 vide
1303 4939 1370 4990 Non.
1384 4963 1411 4974 -
1423 4937 1464 4992 2³.
1482 4939 1510 4990 44

188 5018 272 5070 4444444
286 5018 340 5082 ipso
357 5018 387 5069 V.
409 5045 436 5056 -
453 5017 543 5069 4444444
563 5018 585 5068 n
600 5015 631 5067 V.
656 5015 716 5080 (444.)
735 5043 764 5055 -
782 5014 824 5080 od]
841 5019 899 5066 4444
913 5014 945 5066 4.
965 5039 994 5052 -
1012 5013 1053 5066 44.
1070 5014 1176 5065 44444444
1191 5015 1221 5066 ll.
1242 5041 1270 5052 -
1286 5018 1417 5076 conspecto
1432 5012 1468 5063 443
1485 5012 1508 5061 4

189 5093 247 5158 (aad
261 5093 290 5145 V·
300 5094 479 5161 compacaret:
496 5093 628 5158 4444444444
644 5091 709 5143 dett.
728 5093 758 5144 0.
774 5117 799 5132 ·
814 5089 918 5142 44444444
934 5089 971 5141 443
987 5089 1070 5154 ngas:
1088 5089 1222 5141 4444444444
1238 5089 1270 5152 4,
1289 5089 1353 5142 dett.
1372 5087 1411 5141 Cl.
1424 5086 1505 5144 Klotz.

188 5169 277 5237 suppl.
295 5169 331 5223 ad
346 5172 424 5225 Tmo.
441 5184 469 5240 p.
486 5169 545 5226 444.
564 5195 593 5210 -·
610 5167 674 5220 44444
687 5167 719 5221 V.

230 5259 396 5316 444444
1255 5254 1297 5324 47
1409 5281 1413 5290 ·
