3642 5862
556 447 610 512 An
631 447 782 514 LIBRUM
803 449 827 511 Ι.
849 448 1146 514 AGCUSATIONIS.
1443 447 1504 512 tte

198 593 380 646 dubitandum.
393 621 420 632 -
440 595 480 648 44.
498 596 568 648 iiirun
581 598 712 649 Voconiun
722 599 779 650 sine
793 599 965 663 praenomine
976 597 1058 650 hebet
1068 597 1098 648 V.
1119 597 1168 662 (sio
1178 597 1231 648 iem
1242 597 1339 656 444444,
1357 596 1406 648 sed
1417 599 1506 649 omisit

197 677 338 731 lectionem
354 678 547 744 discrepantem
565 681 684 734 editionis
701 685 788 733 cerat.
806 683 833 733 in
849 682 939 733 adnot.
957 681 1071 746 4444444.)
1091 709 1118 722 -
1143 682 1184 734 20.
1202 683 1229 732 ie
1244 683 1275 732 iis
1289 682 1350 744 ipsis
1365 680 1447 734 hehet
1462 682 1503 744 29,

198 763 382 827 centesimis,
399 767 430 816 nt
445 767 486 816 est
503 764 573 830 epod
589 767 748 832 Zumptium.
767 793 794 804 -·
812 768 854 818 22.
872 767 991 818 omorio
1007 767 1048 818 29.

261 861 321 913 peg.
340 848 397 902 463.
415 861 441 899 v.
459 848 484 900 4.
503 851 563 912 prud
577 851 600 901 ei
616 851 648 900 29
665 849 736 903 44444
754 865 786 902 ex
802 853 880 915 4433.
900 877 928 888 -
947 852 971 903 6.
990 851 1023 903 44.
1043 852 1133 902 Gaium
1144 852 1176 902 ll.
1195 849 1219 915 ἓ.
1236 851 1294 902 226.
1307 877 1334 886 -
1353 850 1378 901 8.
1397 855 1449 913 444.
1461 851 1506 900 444

198 932 253 996 (444)
271 932 353 1004 hehet
367 934 399 995 V,
418 946 470 984 non
487 935 566 996 44344.
586 934 631 998 (Er
648 936 725 999 legg.
744 935 778 986 ed
794 934 935 986 lectionem
951 937 1022 997 44444
1038 933 1100 986 nihil
1117 936 1276 1000 exscriptum
1294 935 1354 999 est.)
1367 961 1394 970 -
1414 935 1438 985 9.
1453 935 1506 984 edi-

197 1017 283 1080 4444444]
300 1018 432 1069 (44444449.
446 1044 473 1054 -
493 1019 533 1068 42.
550 1018 615 1070 Anni
631 1019 676 1080 29,
694 1021 724 1070 44
734 1017 766 1070 V.
780 1045 807 1054 -
824 1019 864 1070 43.
876 1021 1055 1082 mermnuriop.
1069 1021 1122 1082 (sic)
1139 1018 1310 1070 hebetetism
1321 1019 1352 1070 V.
1366 1045 1394 1055 ·-
1413 1017 1453 1070 44.
1465 1021 1507 1069 ie·

197 1106 283 1152 444444
301 1107 336 1153 eet
351 1103 373 1153 V
399 1103 452 1166 (444
472 1115 540 1152 nove
561 1100 656 1165 lectio).
676 1129 703 1138 -
732 1103 771 1154 46·.
790 1104 879 1168 canen]
900 1103 1028 1156 CAVSAii
1040 1108 1044 1163 1
1058 1103 1107 1154 Sis
1123 1104 1153 1155 V.
1172 1129 1200 1139 -
1223 1104 1262 1154 47.
1280 1103 1391 1154 ΔΝΝΕΑ
1407 1104 1429 1153 V
1446 1103 1507 1167 (non

198 1185 323 1250 ΔΝΔΕΔ).
335 1213 362 1222 -
381 1186 422 1240 48.
439 1187 492 1238 lom
508 1185 637 1247 hehetV;
654 1187 693 1238 444
708 1187 761 1238 ione
776 1187 818 1238 29.
833 1214 859 1224 —
878 1188 919 1239 24.
938 1190 978 1239 eui
994 1189 1055 1239 44444
1070 1202 1120 1238 uon
1137 1187 1244 1252 4444444
1262 1188 1311 1251 (est
1327 1201 1395 1239 nove
1410 1185 1506 1250 lectio).

202 1299 228 1307 -
242 1271 284 1322 22.
302 1276 446 1322 4444444444
461 1272 575 1322 uirorum
590 1271 631 1322 29.
641 1299 668 1308 -
685 1271 727 1323 23.
746 1285 779 1322 eu
794 1272 914 1322 Sicilierei
931 1272 1011 1324 hebet
1028 1274 1107 1324 etiam
1118 1273 1149 1334 V,
1168 1285 1328 1337 quemquem
1344 1273 1426 1324 lleius
1443 1285 1509 1322 con-

199 1355 307 1406 trarium
318 1354 390 1406 dicit.
405 1381 433 1393 -
450 1355 492 1408 24.
512 1355 570 1406 «4444
586 1361 614 1406 tn
624 1356 701 1420 4433.
713 1359 820 1420 praeter
829 1355 886 1407 42.·
905 1357 948 1408 Sic
964 1369 1013 1408 nos
1029 1358 1056 1408 in
1072 1356 1175 1415 ednot.;
1195 1368 1256 1407 nem
1271 1356 1341 1422 apud
1352 1359 1379 1407 Z.
1393 1358 1509 1407 erratum

200 1441 250 1490 est.
268 1467 297 1475 -
314 1440 356 1490 24.
373 1440 401 1489 in
417 1453 448 1490 eo
464 1440 544 1490 etiem
560 1439 596 1489 V:
614 1440 641 1490 iu
657 1453 714 1490 enm
729 1440 761 1491 29
779 1439 821 1505 ((44
839 1454 892 1505 quo
908 1441 936 1492 Z.
955 1441 1042 1506 44444).

264 1536 324 1589 peg.
343 1522 400 1575 464.
418 1537 444 1574 v.
463 1525 487 1574 7.
505 1523 638 1588 44414429.
658 1550 685 1558 -
705 1524 745 1575 40.
763 1525 926 1576 4444444444
941 1525 972 1576 V.
992 1553 1019 1562 -
1045 1527 1084 1576 44.
1104 1525 1255 1576 decedentem
1270 1526 1292 1575 V
1309 1527 1458 1576 correctum
1476 1535 1509 1574 ex

199 1608 371 1671 (444444444444.
391 1634 418 1644 -
439 1609 479 1658 47.
497 1607 587 1658 bonurn
602 1608 633 1658 V.
653 1635 680 1644 -
699 1609 740 1660 20.
759 1610 916 1660 counituirun
931 1610 974 1672 est]
991 1610 1115 1660 coustituit
1130 1609 1153 1658 V
1170 1621 1207 1660 m.
1224 1621 1265 1674 pr.
1285 1636 1313 1646 -
1331 1609 1372 1660 28.
1391 1609 1510 1659 4444444444

199 1691 231 1740 29
249 1694 276 1742 44
291 1693 307 1742 4
324 1691 366 1742 elii
381 1693 459 1756 4433.
480 1719 508 1728 -
526 1692 567 1744 32.
585 1707 635 1743 nen
651 1697 749 1744 4444444
764 1707 815 1744 nou
830 1694 882 1758 iepe
897 1693 930 1744 29
941 1707 967 1759 p.
982 1721 1009 1730 -
1028 1693 1068 1746 33.
1083 1707 1134 1758 pro
1147 1694 1271 1757 prudeiine
1284 1693 1438 1759 4444444444
1454 1691 1508 1756 (444)

198 1775 328 1838 [nutum
341 1777 509 1827 4444444444
525 1776 565 1826 29.

265 1873 326 1925 peg.
345 1859 401 1912 464.
418 1873 445 1911 v.
463 1860 488 1912 4.
506 1859 628 1912 Preelero
640 1872 702 1911 cum
712 1861 861 1913 prisciano:
880 1861 1147 1926 quidodprueicreru3
1166 1862 1200 1914 44.
1213 1861 1278 1914 inire
1291 1861 1315 1926 5.
1328 1860 1385 1912 424.
1404 1862 1439 1926 (ρ.
1453 1861 1509 1922 idi,

200 1943 251 2007 40.)
273 1957 300 2009 p.
318 1945 395 1996 llosc.
411 1947 472 1995 itm.
491 1943 515 2008 5.
533 1943 574 1996 92.
593 1958 619 2009 p.
638 1946 715 1996 44444.
735 1947 809 1997 Com.
828 1945 853 2010 5.
871 1945 912 1998 34.
936 1973 963 1982 -
988 1948 1012 1997 e.
1030 1947 1119 2011 nonne]
1135 1947 1234 1997 nomine
1248 1948 1327 2010 4433.
1345 1947 1452 2010 praeter
1468 1945 1509 1996 29.

203 2054 230 2063 -
249 2028 274 2078 9.
293 2028 431 2094 nundinetur
447 2031 519 2079 reete
536 2028 568 2078 29
586 2030 613 2079 44
629 2027 674 2089 42;
696 2041 758 2080 nom
775 2029 895 2081 diversus
912 2031 954 2081 444
968 2029 1041 2081 locus
1058 2032 1180 2096 superior
1195 2042 1221 2081 v.
1240 2030 1264 2081 3.
1284 2056 1312 2066 -
1331 2030 1371 2080 43,
1389 2042 1440 2080 non
1456 2042 1509 2080 om.

200 2112 233 2162 29
251 2125 277 2177 p.
297 2139 324 2148 -
350 2112 390 2163 46.
408 2111 496 2163 Verbo
513 2111 552 2163 sic
568 2112 751 2180 distinguenda
769 2126 884 2166 censeo:
913 2115 977 2177 Quid
992 2129 1058 2166 nunc
1074 2116 1157 2166 dicum
1171 2115 1293 2166 nereidem
1307 2125 1428 2175 (4444444
1443 2113 1467 2164 4.
1482 2125 1510 2176 p.

202 2209 228 2246 o.
246 2196 372 2247 ediuiese?
396 2198 454 2247 Non
476 2197 547 2247 enim
568 2199 657 2247 oretor
673 2210 703 2248 se
720 2196 840 2248 debltere
860 2198 896 2248 444
911 2197 975 2263 quid
992 2211 1062 2250 nunc
1079 2198 1161 2259 dicet,
1185 2197 1234 2250 sed
1251 2197 1371 2250 sibinen
1387 2209 1454 2263 opus
1471 2198 1512 2246 vi-

202 2280 259 2330 deri
281 2280 372 2332 dicere
387 2279 439 2331 hoc
455 2280 590 2331 neminem
606 2283 698 2345 postea
716 2281 838 2333 edixisse.
864 2281 939 2334 ldem
954 2281 1081 2334 intellexit
1096 2283 1166 2335 4444
1183 2281 1200 2335 l.
1218 2282 1236 2334 4.
1253 2296 1280 2348 p.
1300 2283 1355 2334 492.
1381 2284 1412 2332 ln
1432 2293 1512 2332 versu

201 2367 291 2415 eutem
307 2366 426 2429 proximo
443 2376 505 2415 enm
522 2365 604 2416 Prisc.
616 2365 688 2415 ratde
698 2365 742 2416 444
753 2371 788 2416 444
802 2366 895 2416 mirum
905 2366 1035 2430 preelero.
1054 2366 1135 2431 (vaide
1150 2368 1241 2419 44444444
1255 2367 1347 2418 curetur
1364 2353 1525 2432 suspicctnr‘

201 2447 280 2510 Balce,
299 2451 327 2498 et
337 2461 362 2499 v.
376 2448 416 2499 49.
428 2448 470 2499 iiio
480 2449 618 2512 eapiieprc
628 2449 670 2498 iiio
681 2447 812 2514 444444.)-
827 2450 867 2502 30.
880 2450 971 2516 iered]
983 2451 1178 2504 444444444οά04
1188 2451 1220 2503 29
1231 2465 1292 2516 p.-
1312 2452 1352 2502 34.
1366 2451 1428 2503 edici
1439 2453 1511 2501 recte

202 2533 229 2584 in
245 2533 277 2584 29
288 2531 393 2584 videtur
404 2532 508 2584 deesse.
522 2557 549 2568 -
569 2533 609 2584 32.
628 2531 730 2583 dinem
745 2533 786 2586 29.
802 2561 829 2570 -
847 2533 888 2586 34.
907 2539 985 2586 totum
1000 2549 1086 2586 conen
1102 2549 1156 2587 om.
1168 2535 1200 2586 29
1217 2536 1280 2600 (non
1296 2537 1398 2586 mnium
1414 2537 1510 2599 toturn).

266 2629 326 2682 peg.
345 2617 402 2668 466.
420 2631 447 2668 v.
462 2617 487 2668 8.
506 2631 537 2668 44
552 2618 646 2682 referto
662 2616 744 2668 hebet
759 2618 838 2670 etium
849 2618 880 2679 V,
899 2620 962 2670 item
974 2621 1051 2684 4433.
1064 2633 1158 2672 omnes
1174 2623 1282 2685 praeter
1292 2619 1333 2671 42.
1346 2647 1375 2655 -
1394 2601 1434 2670 42.
1449 2633 1512 2682 pro-

200 2702 286 2752 4444444
301 2701 343 2752 29.
364 2729 391 2738 -
416 2701 455 2754 it.
475 2701 592 2766 [44344444
607 2702 638 2764 V,
661 2702 689 2752 et
710 2701 807 2752 deinde
829 2702 1031 2753 44444444444444
1047 2717 1082 2754 m.
1101 2718 1142 2769 pr.
1162 2728 1190 2740 -
1210 2703 1250 2754 46.
1269 2703 1461 2764 remuneror,
1484 2706 1515 2753 ut

201 2786 244 2837 est
260 2786 287 2838 in
302 2786 333 2847 V,
352 2786 432 2837 etiem
449 2787 527 2850 4433.
546 2799 639 2838 omnes
656 2789 762 2852 praeter
778 2785 818 2836 42.
840 2813 867 2823 -
894 2788 934 2838 il.
954 2787 1076 2851 3444444444
1091 2790 1169 2852 4433.
1188 2801 1281 2840 omnes
1299 2790 1407 2854 praeter
1422 2785 1463 2839 42,
1483 2813 1510 2822 -

203 2871 244 2921 49.
261 2875 314 2921 nun
325 2883 379 2923 om.
391 2871 414 2922 V
425 2868 593 2933 grossamque
608 2869 718 2921 redolet.
734 2897 761 2908 -·
779 2871 820 2922 24.
833 2871 976 2922 contioneV
993 2873 1020 2922 et
1036 2873 1075 2923 444
1090 2871 1202 2936 ubique,
1221 2885 1383 2937 quemquam
1394 2873 1475 2923 licius
1488 2873 1515 2922 et

202 2955 247 3006 hle
258 2956 322 3007 etin
333 2954 389 3006 44444
401 2954 464 3006 44444
476 2952 568 3006 4444444
578 2955 738 3019 scriptur-em
747 2955 833 3006 444444
843 2955 933 3006 hebet.
944 2981 971 2991 -
986 2955 1027 3007 32.
1039 2957 1164 3021 memque]
1179 2957 1281 3020 44443444
1290 2957 1322 3008 29
1334 2959 1361 3008 44
1371 2956 1415 3016 42;
1428 2955 1516 3018 quidue

202 3037 259 3090 rell.
273 3040 352 3104 4433.
367 3041 474 3105 praeter
484 3039 509 3090 6.
525 3063 552 3076 -
571 3037 612 3090 34.
625 3040 739 3089 docum
749 3038 771 3087 V
783 3040 855 3100 (num
866 3037 967 3103 syllebe
977 3053 1007 3091 re
1018 3042 1139 3105 punctete
1151 3041 1196 3103 sit,
1215 3039 1332 3104 dignosci
1343 3054 1396 3092 non
1408 3041 1513 3106 potest).

268 3136 329 3189 peg.
348 3123 405 3175 td'i.
422 3138 448 3175 v.
461 3125 486 3174 2.
508 3123 677 3180 4444414444
694 3123 761 3186 (eret
777 3123 802 3172 in
820 3122 879 3174 cod.
897 3122 982 3174 littere
1000 3126 1061 3188 post
1075 3124 1107 3186 Δ,
1131 3137 1200 3190 quee
1213 3137 1266 3176 non
1282 3125 1336 3175 iem
1351 3122 1402 3188 legi
1419 3126 1514 3189 potest,

202 3207 235 3258 ut
251 3207 401 3259 emendatio
417 3209 528 3260 Ernestli
545 3212 653 3269 celeret,
672 3219 740 3270 quoe
758 3218 851 3257 omnes
862 3207 978 3257 veritatis
996 3219 1120 3259 numeros
1136 3207 1231 3270 hebet,
1249 3209 1354 3272 egregie
1365 3207 1516 3259 confirmari

204 3291 343 3355 videntur).
364 3319 390 3329 -
409 3306 466 3357 epo,
485 3291 557 3357 quod
574 3291 650 3342 deest
666 3289 857 3354 epudliluinm,
875 3289 957 3341 hehet
966 3290 998 3342 V.
1012 3317 1038 3327 -
1056 3289 1081 3343 4.
1101 3292 1172 3354 orit
1188 3291 1278 3354 QVAM
1287 3291 1318 3344 V.
1333 3318 1360 3328 -
1378 3293 1426 3341 4444
1442 3297 1518 3342 44444-

203 3381 286 3427 mente
299 3381 408 3440 peirorio
425 3377 457 3426 29
473 3390 500 3441 p.
520 3403 547 3412 -
573 3377 598 3427 9.
616 3375 658 3426 444
670 3387 754 3438 poene
769 3379 804 3426 444
819 3373 842 3424 V
860 3375 914 3435 (444
930 3387 998 3425 noro
1013 3373 1114 3438 lectio).
1135 3403 1163 3412 —
1186 3376 1227 3426 44.
1250 3377 1293 3438 qui
1308 3376 1336 3425 44
1350 3375 1468 3436 mcertis,
1489 3379 1518 3426 ut

206 3461 290 3514 444444
307 3460 402 3523 edidit,
420 3458 515 3524 legitur
531 3462 558 3511 in
573 3459 605 3510 V.
625 3485 652 3494 —
672 3459 712 3510 42.
731 3472 749 3509 o
765 3470 819 3509 om.
836 3458 868 3508 29
885 3459 913 3508 44
928 3459 944 3509 e
960 3456 1003 3509 olii
1019 3460 1097 3523 4433.
1117 3485 1144 3494 -
1163 3457 1326 3510 tereremus
1341 3459 1424 3510 Melus
1441 3472 1473 3510 ex
1484 3458 1516 3522 V,

206 3544 255 3597 sed
272 3545 403 3598 Brunnlus
419 3543 523 3596 dubitet
537 3544 572 3596 de
588 3541 674 3595 littere
691 3542 714 3594 4.
734 3567 761 3578 -
779 3543 820 3593 24.
838 3543 917 3592 edicit
932 3542 964 3594 29
981 3555 1007 3608 p.
1027 3567 1055 3580 -
1074 3542 1115 3593 23.
1133 3543 1228 3606 Sulpici
1242 3543 1279 3594 V:
1299 3543 1391 3606 Suipiti
1406 3543 1421 3593 l
1438 3543 1516 3607 4433.

207 3630 272 3681 (4444.
291 3656 319 3666 -
339 3630 379 3682 34.
397 3630 473 3694 ligere
488 3630 519 3691 V,
542 3630 572 3680 nt
587 3626 700 3680 videtur.
719 3653 746 3664 -
771 3625 812 3679 34.
829 3627 955 3692 4434444444
975 3625 1076 3680 hebent
1091 3629 1132 3680 27.
1149 3628 1182 3680 29
1199 3630 1227 3679 et
1242 3627 1274 3680 42
1291 3640 1361 3679 corr.
1381 3655 1409 3666 -
1433 3626 1474 3680 34.
1492 3628 1520 3678 in

207 3728 312 3766 4444444
327 3715 477 3778 morinum
493 3712 547 3780 (444)
565 3715 596 3765 V.

272 3811 332 3866 peg.
351 3800 408 3852 463.
434 3813 459 3851 v.
477 3799 502 3851 2.
524 3798 638 3864 gratiore
658 3801 820 3848 contenderet
840 3796 863 3847 V
885 3798 939 3860 (est
959 3809 1027 3848 nove
1047 3794 1125 3848 lectio
1145 3809 1273 3862 vereque,
1297 3797 1328 3848 ut
1347 3795 1470 3860 videtur).
1491 3822 1517 3833 ·-
1578 3786 1584 3798 '

208 3887 234 3937 e.
252 3883 350 3936 4444444
365 3885 397 3935 V.
416 3911 443 3920 -
464 3885 488 3936 6.
506 3883 595 3934 444444
610 3884 642 3934 V.
657 3909 684 3918 -
703 3882 728 3933 9.
746 3883 775 3933 4.
794 3883 855 3932 4444
871 3882 960 3946 443444
975 3881 1057 3933 hebet
1072 3883 1103 3933 V.
1117 3908 1144 3918 -
1164 3882 1204 3933 40.
1223 3881 1300 3933 obest
1317 3881 1404 3932 Verres
1419 3880 1476 3932 eV.
1491 3908 1519 3918 -

209 3970 250 4021 42.
267 3969 380 4020 uicem
394 3969 426 4032 V,
444 3969 494 4020 sed
510 3981 572 4020 cnm
588 3981 614 4018 ne
631 3979 748 4032 supere.
768 3992 795 4002 -
816 3965 856 4018 44.
875 3967 938 4029 QVO
951 3973 956 4027 1
971 3966 1014 4016 444
1029 3967 1060 4017 V.
1075 3992 1101 4002 -
1122 3966 1162 4017 46.
1180 3965 1269 4017 4444444
1280 3965 1380 4029 perurit
1395 3978 1428 4016 ex
1442 3967 1520 4030 legg.

209 4051 280 4105 solns
297 4055 329 4105 29
345 4052 435 4105 hehet.
460 4079 487 4088 -
512 4054 552 4104 44.
571 4053 704 4102 dieeerdum
725 4051 750 4101 6.
769 4049 801 4102 42
818 4047 937 4114 (reliquit
960 4050 1106 4114 (tuendum).
1131 4075 1158 4086 -
1181 4050 1234 4101 4444
1250 4050 1336 4101 ordine
1351 4051 1449 4102 4444444
1464 4050 1480 4099 6
1497 4054 1523 4100 44

209 4137 259 4190 42;
277 4137 330 4189 ioco
345 4138 444 4190 4444444
459 4139 505 4198 29;
523 4137 576 4188 ioco
591 4137 691 4187 nemim
706 4135 793 4186 ordine
808 4132 864 4185 rell.
884 4135 962 4199 4433.
981 4161 1008 4170 -
1033 4135 1074 4186 re.
1092 4134 1214 4186 (4444444444
1229 4136 1309 4186 etiem
1324 4135 1352 4186 in
1368 4133 1400 4185 29
1416 4148 1444 4200 p.
1463 4145 1523 4185 esse

209 4222 345 4288 Zumptins
362 4224 408 4274 eut
424 4223 517 4275 nesciit
533 4222 578 4272 eut
595 4231 808 4272 commemorare
825 4217 922 4270 oblitus
939 4220 989 4270 est.
1008 4245 1035 4256 -
1053 4220 1095 4270 24.
1110 4219 1269 4284 proferentur
1279 4217 1312 4270 42
1322 4221 1350 4270 44
1360 4219 1376 4269 e
1387 4216 1446 4270 olli:
1460 4231 1526 4282 pro-

208 4305 324 4369 teruntur
334 4308 363 4370 t;
379 4307 543 4372 proferentur
553 4307 595 4359 24.
607 4305 649 4356 29.
664 4331 691 4342 -
709 4303 751 4354 23.
764 4303 839 4354 notite
853 4303 936 4367 444444
947 4303 979 4353 V.
993 4327 1020 4340 -
1038 4301 1079 4355 24.
1094 4306 1123 4367 Q.
1138 4304 1211 4356 Titini
1222 4317 1275 4356 om.
1288 4303 1329 4356 42.
1341 4328 1368 4338 -
1387 4304 1428 4354 29.
1441 4302 1523 4354 verbe

209 4403 275 4453 3444
292 4391 362 4442 l'edii
377 4394 405 4444 ln
420 4393 443 4443 V
459 4393 583 4458 punctete
601 4403 661 4443 esse
679 4390 713 4453 iv.
726 4387 825 4450 adnot.)
842 4389 973 4439 Brunnins
990 4386 1135 4440 sevidisse
1152 4390 1239 4452 neget.
1254 4413 1281 4424 -·
1300 4387 1412 4438 deludit
1428 4388 1525 4450 3444444

209 4473 293 4526 hehet
308 4476 340 4540 V,
358 4489 412 4528 non
429 4477 505 4540 Tudi,
523 4477 605 4527 nteit
621 4474 712 4528 444444.
733 4497 760 4508 -
785 4471 826 4523 34.
844 4472 971 4524 lemnum
985 4471 1142 4524 eorumne
1157 4472 1179 4522 V
1195 4472 1246 4537 (444
1262 4485 1331 4523 novo
1346 4469 1438 4534 lectio,
1456 4483 1525 4535 quoe

210 4559 294 4624 444344
311 4561 435 4612 convenit
449 4575 493 4612 vv.
511 4559 685 4626 sequentibus
701 4559 816 4608 44444444
831 4555 970 4619 toronen).

275 4656 335 4711 peg.
355 4645 411 4697 469.
429 4658 455 4697 v.
468 4646 494 4696 l.
513 4647 554 4697 est
564 4645 591 4696 ln
602 4644 639 4695 V:
659 4641 862 4694 4444444044.
875 4639 989 4702 SVLLA,
1007 4643 1036 4691 44
1047 4641 1208 4706 conspicitur
1218 4639 1313 4692 ductus
1324 4639 1433 4704 quidem
1444 4651 1526 4704 super

210 4729 312 4795 Dpost
327 4727 478 4782 litteremd
496 4729 621 4794 (signnm,
643 4728 751 4793 opinor,
770 4726 960 4777 terminationis
976 4725 1036 4788 cru).
1063 4723 1240 4776 confirmetur
1259 4723 1336 4789 igitnr
1356 4723 1526 4788 palimpsesto

212 4814 362 4866 emendare
379 4827 412 4866 ox
427 4814 490 4880 443.
508 4813 540 4866 44
556 4813 646 4880 pero.
665 4838 694 4849 -
712 4812 737 4863 r.
756 4811 828 4862 seue
844 4811 887 4862 nro
903 4808 985 4861 nanee
1000 4809 1042 4862 m.
1057 4835 1085 4846 -
1104 4810 1145 4860 rc.
1162 4809 1282 4860 444444
1296 4808 1526 4859 mouentem
1627 4791 1628 4800 ’

210 4899 252 4952 29.
266 4924 293 4935 -
313 4897 355 4952 24.
373 4897 483 4951 Rabonio
499 4911 532 4950 ex
548 4899 626 4961 legg.
639 4895 712 4948 44444
728 4895 761 4948 46
776 4894 881 4948 ridetur
897 4893 1010 4956 hebere,
1028 4895 1055 4946 ln
1071 4892 1180 4959 reliquie
1197 4892 1374 4955 estlluionio,
1392 4890 1524 4952 04444444,

211 4982 338 5036 04444444.
355 4985 454 5036 Veram
470 4982 596 5046 formem,
614 4981 750 5047 quem-hic
765 4979 838 5033 solus
848 4980 881 5031 29
892 4979 1019 5041 servarit,
1038 4977 1243 5030 hobetVetiem
1254 4977 1279 5043 3.
1293 4977 1350 5029 reo.
1364 5003 1392 5014 -
1410 4975 1451 5026 32.
1464 4988 1526 5025 cun-

211 5069 305 5122 n'clerut
321 5081 376 5122 om.
394 5069 472 5134 4433.
489 5067 597 5135 praeter
611 5067 654 5120 29.
677 5093 705 5104 -
728 5065 768 5120 33.
785 5066 848 5118 uidit
862 5065 904 5118 29.
924 5090 952 5102 -
976 5062 1017 5116 34.
1035 5075 1068 5119 eu
1083 5063 1143 5127 ipeie
1157 5063 1199 5115 29.
1219 5088 1246 5100 ·-
1265 5061 1307 5113 34.
1325 5061 1396 5126 prees]
1412 5059 1478 5122 cuod
1492 5059 1525 5110 29

211 5165 240 5218 p.
259 5181 287 5192 -
305 5150 621 5220 armunensem.

252 5248 342 5298 cremo
355 5243 422 5294 444
1269 5235 1314 5310 20
1338 5323 1341 5330 ,
