3648 5888
563 452 1247 542 nn.1.cn.x1-xn1.§§.aa-3A
1509 449 1566 517 444

245 633 285 697 441
313 635 492 716 praetorem
521 631 618 694 alium
647 629 835 714 iudicesque
863 629 943 714 41444
969 629 1159 692 veniremus.
1168 619 1254 690 03t.
1282 623 1401 690 Hoc
1375 646 1403 689 44
1425 643 1484 708 ego
1506 644 1572 687 non
1677 616 1692 678 ι’·

243 727 409 803 4441444444,
439 727 464 790 44
487 746 625 790 menon
647 745 758 806 omnes
780 725 848 788 noti
870 724 1037 808 ignotique
1059 723 1257 787 monuissent
1279 720 1312 783 id
1334 720 1402 804 agi,
1431 719 1464 783 id
1486 718 1573 826 cogi·
1697 714 1700 722 ’

244 821 320 897 tari,
342 823 377 885 in
399 841 437 885 eo
460 821 633 896 elaborari,
655 826 762 882 utres
785 820 818 881 44
840 818 919 883 411441
943 828 1067 903 tempus
1083 818 1283 882 reiiceretur:
1289 815 1420 926 (credo,
1444 813 1470 877 si
1493 811 1572 876 meis

242 916 364 980 horis
355 937 389 978 rn
411 915 590 980 accusando
613 915 660 978 uti
682 913 873 990 voluissem,
895 933 1036 990 vererer,
1058 934 1098 977 44
1120 912 1198 976 mibi
1221 911 1354 975 crimina
1374 929 1440 973 non
1456 927 1574 991 suppe-

244 1017 362 1086 terent,
389 1030 430 1073 ne
453 1009 554 1072 oratio
577 1009 718 1083 deesset,
747 1027 788 1070 ne
810 1029 874 1072 vox
895 1009 1045 1091 viresque
1067 1001 1258 1091 deficerent)
1278 1025 1336 1080 ne,
1359 1024 1455 1089 quem
1477 1016 1598 1066 nemos
1662 997 1732 1078 ἃ

243 1106 346 1189 prima
367 1104 492 1169 actione
515 1102 687 1167 defendere
710 1121 806 1164 ausus
829 1111 931 1178 esset,
954 1122 1026 1165 eum
1049 1121 1108 1183 ego
1127 1101 1177 1163 bis
1189 1119 1338 1163 accusare
1353 1118 1420 1161 non
1434 1117 1573 1182 possem.

242 1201 309 1283 Ego
332 1221 437 1264 meum
460 1199 629 1262 consilium
644 1214 717 1260 cum
733 1195 910 1268 iudicibus,
930 1203 998 1258 tum
1012 1193 1134 1278 populo
1149 1195 1292 1256 Romano
1307 1191 1456 1276 probavir
1478 1211 1573 1254 nemo

243 1301 308 1370 est,
331 1293 388 1378 qui
410 1292 473 1356 alia
495 1292 618 1355 ratione
639 1290 773 1353 istorum
795 1289 932 1352 iniuriae
954 1295 1050 1371 atque
1072 1287 1288 1371 impudentiae
1303 1286 1447 1369 potuisse
1463 1284 1574 1350 obsisti

243 1387 423 1452 arbitretur.
466 1385 592 1449 Etenim
616 1403 679 1468 qua
701 1382 835 1446 stultitia
856 1381 1002 1457 fuissem,
1027 1381 1070 1457 si,
1094 1402 1189 1467 quam
1212 1381 1296 1444 diem
1318 1381 1374 1465 qui
1396 1382 1492 1444 istum
1514 1379 1575 1444 eri-

244 1483 399 1564 piendum
419 1481 625 1544 redemerunt
645 1478 678 1539 in
702 1476 850 1540 cautione
871 1476 1035 1551 viderunt,
1064 1497 1136 1539 cum
1165 1475 1209 1539 ita
1231 1483 1395 1551 caverent,
1427 1475 1480 1538 <tsi
1501 1482 1612 1560 postto

244 1575 404 1640 Kalendas
433 1575 501 1638 Ian.
531 1573 565 1634 in
588 1570 758 1635 consilinm
780 1571 917 1646 iretur»,
946 1571 980 1634 in
1003 1590 1072 1634 eam
1095 1570 1180 1634 diem
1202 1591 1276 1653 ego,
1306 1590 1377 1633 cum
1398 1570 1576 1652 potuissem

244 1671 361 1742 uitare,
385 1667 587 1733 incidisseml
631 1661 894 1729 attenuemus
917 1666 1068 1748 temporis
1091 1665 1176 1740 4444,
1200 1664 1286 1749 quod
1308 1663 1447 1726 mihiad
1469 1665 1577 1728 dicen·

244 1763 320 1827 dum
344 1763 454 1837 datur,
485 1762 637 1846 quoniam
667 1761 700 1823 in
722 1760 828 1823 animo
851 1766 899 1823 est
921 1779 1049 1823 causam
1072 1778 1198 1822 omnem
1221 1777 1397 1841 exponere,
1430 1759 1577 1823 habenda

244 1859 326 1920 ratio
356 1863 406 1920 est
433 1856 611 1939 diligenter.
654 1854 725 1916 Xll.
753 1854 864 1939 ltaque
891 1853 1029 1961 primum
1052 1853 1142 1916 illum
1165 1859 1271 1916 actum
1291 1853 1384 1916 444444
1405 1853 1489 1916 vitae
1511 1855 1577 1915 tur'·

246 1951 415 2046 pissimum
444 1956 477 2012 ct
504 1947 785 2033 flagitiosissimum
813 1946 1071 2030 praetermittam.
1114 1947 1223 2010 Nihil'
1229 1968 1248 2011 a
1278 1969 1329 2011 me
1360 1948 1399 2010 dc
1421 1947 1615 2031 pueritiaers
1691 1933 1711 1988 3

247 2067 323 2110 4444
346 2044 475 2129 flagitiis
497 2044 620 2118 audiet,
642 2041 722 2106 nibil
744 2061 785 2104 ex
806 2041 892 2105 illa'
883 2061 1009 2124 impura
1030 2041 1246 2105 adolescentia
1268 2062 1343 2118 sua3
1366 2061 1448 2125 quae
1472 2041 1577 2125 qualis

245 2139 356 2214 fuerit,
378 2144 434 2202 aut
455 2136 642 2200 meministis
665 2141 721 2198 aut
742 2155 783 2198 ex
806 2156 862 2211 eo,
886 2156 981 2220 quem
1003 2137 1052 2199 sui
1075 2135 1272 2199 simillimum
1293 2135 1465 2220 produxit,
1487 2157 1578 2201 reco-

247 2251 399 2316 gnoscere
420 2232 565 2315 potestis.
602 2229 717 2294 Omnia
738 2229 936 2313 praeteribo,
959 2249 1043 2315 quae
1057 2229 1135 2292 mibi
1149 2231 1257 2313 turpia
1271 2231 1359 2295 dictu
1373 2230 1576 2307 videbuntur,

246 2347 353 2412 neque
380 2325 483 2390 solum
513 2325 593 2411 quid
619 2325 716 2389 istum
744 2324 870 2400 audire,
897 2345 1009 2390 444444
1038 2325 1132 2388 etiam
1155 2325 1233 2409 quid
1255 2345 1305 2389 me
1328 2326 1440 2390 deceat
1461 2327 1578 2403 dicere,

247 2420 466 2485 considerabo.
508 2421 592 2496 Vos,
616 2436 755 2504 quaeso,
785 2418 857 2482 date
877 2418 940 2483 hoc
962 2426 995 2482 et
1016 2418 1181 2482 concedite
1203 2419 1319 2502 pudori
1342 2440 1432 2496 meo,
1461 2427 1498 2484 ut
1520 2415 1616 2484 ali-to

249 2536 344 2602 quam
365 2523 486 2601 partem
508 2516 547 2579 dc
568 2514 661 2578 istius
684 2513 884 2598 impudentia
905 2513 1038 2577 reticere
1052 2513 1183 2597 possim.
1220 2510 1271 2577 33.
1287 2514 1389 2578 Omne
1404 2515 1485 2578 illud
1500 2523 1579 2582 tem·

246 2631 323 2694 pus,
346 2611 432 2695 quod
453 2610 530 2684 fuit,
553 2616 726 2694 antequam
749 2609 808 2672 iste
831 2608 870 2671 ad
886 2608 1087 2690 magistratus
1107 2627 1239 2692 remque
1258 2609 1418 2692 publicam
1434 2611 1578 2686 accessit,

245 2704 360 2769 habeat
380 2725 439 2788 per
460 2725 511 2768 me
535 2705 674 2768 solutum
696 2724 734 2767 ac
755 2704 899 2766 liberum.
944 2701 1083 2766 Silcatur
1104 2702 1144 2764 de
1166 2703 1331 2766 nocturnis
1353 2703 1423 2766 eius
1445 2703 1579 2767 baccha-

246 2799 387 2862 tionibus
409 2819 446 2863 ac
462 2798 597 2881 vigiliis3
619 2798 788 2874 lenonum,
811 2798 1003 2873 aleatorum,
1027 2795 1253 2906 perductorum
1268 2797 1357 2860 nulla
1371 2797 1492 2861 mentio
1506 2794 1577 2874 fiat;

247 2875 574 2976 damna,(dedecora,
597 2913 753 2986 quaeres
776 2893 874 2975 patris
898 2893 977 2967 4444,
1000 2891 1112 2979 44444
1103 2911 1205 2974 rpsrus
1219 2891 1361 2978 pertulit
1376 2901 1577 2976 practerean-
1563 2903 1617 2955 -tu
1664 2889 1774 2966 ..322
1794 2885 1816 2940 -3'

245 2979 478 3098 tur;)lucretur
499 2986 617 3050 indicia
638 2971 754 3051 veteris
776 2987 941 3063 infamiae;
964 2973 1105 3070 patiatur
1127 2986 1196 3048 4444
1210 2987 1276 3050 vita
1293 2986 1418 3071 reliqua
1432 2979 1579 3052 mebanc

245 3089 367 3145 tantam
395 3081 549 3145 iacturam
579 3083 748 3146 criminum
775 3081 890 3146 facere.
944 3077 995 3143 34.
1030 3081 1189 3156 Quaestor
1219 3079 1275 3144 Cn.
1296 3081 1422 3162 Papirio
1454 3082 1579 3146 consuli

248 3175 337 3240 fuisti
359 3175 475 3240 abhinc
497 3197 597 3240 annos
620 3177 887 3262 quattuordecim.
919 3177 969 3240 Ex
991 3195 1029 3239 ea
1051 3177 1102 3238 die
1125 3175 1269 3239 adhunc
1291 3175 1376 3238 diem
1398 3195 1481 3259 quae
1501 3176 1580 3240 feci-

248 3273 305 3346 sti,
328 3271 362 3333 44
384 3270 538 3334 iudicium
560 3291 651 3334 voco.
695 3271 783 3334 Hora
811 3271 900 3334 nulla
921 3290 1022 3335 vacua
1043 3269 1187 3345 atarto,
1218 3271 1354 3344 scelere,
1383 3271 1579 3346 crudelitate,

247 3366 369 3449 flagitio
397 3365 584 3448 reperietur.
626 3365 668 3428 Hi
698 3371 773 3428 sunt
800 3366 875 3428 4444
904 3365 1083 3447 consumpti
1113 3365 1147 3428 44
1169 3371 1341 3448 quaestura
1366 3371 1399 3428 et
1419 3364 1618 3448 legatioueto
1707 3359 1745 3430 f<

247 3459 387 3522 Asiatica
415 3467 448 3522 et
473 3466 623 3543 practura
649 3460 771 3523 urbana
794 3467 826 3522 et
854 3467 1003 3542 practura
1025 3457 1195 3522 Siciliensi.
1238 3459 1345 3535 Quare
1367 3456 1446 3558 baec
1468 3459 1580 3522 eadem
1691 3488 1724 3546 4

126 3627 132 3642 ·
249 3553 310 3617 erit
332 3551 563 3637 quadripartita
584 3552 766 3617 distributio
789 3553 888 3617 444444
910 3552 1124 3616 accusationis
1145 3572 1246 3616 meae.

333 3649 420 3711 Xlll.
451 3648 610 3724 Quaestor
632 3667 672 3711 ex
693 3653 821 3712 senatus
838 3647 985 3711 consulto
1007 3647 1204 3729 provinciam
1226 3648 1356 3711 sortitus
1379 3666 1434 3711 es:
1465 3645 1582 3729 obtigit

248 3745 306 3808 tibi
328 3741 522 3816 consularis,
551 3750 588 3806 ut
609 3763 681 3806 cum
702 3744 834 3807 consule
858 3741 914 3806 Cn.
936 3741 1079 3806 Carbone
1107 3762 1194 3806 esses
1221 3762 1357 3827 eamque
1383 3741 1581 3826 provinciam

249 3838 419 3903 obtineres.
463 3839 540 3902 Erat
561 3844 628 3901 tum
651 3838 807 3902 dissensio
831 3836 966 3911 civium3
989 3837 1028 3900 de
1051 3857 1116 3921 qua
1136 3838 1218 3901 nibil
1235 3859 1307 3901 sum
1319 3838 1479 3916 dicturus,
1501 3841 1619 3926 quidtt

250 3935 368 3998 sentire
391 3931 677 3996 debuerisrunum
698 3931 761 3995 boc
783 3931 872 4006 dico,
895 3932 929 3994 in
952 3930 1109 3995 eiusmodi
1131 3937 1274 4015 tempore
1289 3952 1325 3996 ac
1341 3939 1426 3998 sorte
1442 3942 1581 3998 statuere

249 4036 282 4092 te
304 4027 469 4102 debuisse,
491 4032 599 4089 utrum
620 4027 732 4089 malles
755 4026 874 4090 sentire
895 4032 991 4110 atquc
1014 4026 1194 4090 defendere.
1227 4028 1328 4091 Carbo
1350 4029 1487 4112 graviter
1500 4029 1582 4093 fere-

249 4121 304 4187 bat
324 4122 386 4187 sibi
409 4127 612 4207 quaestorem
641 4121 793 4204 obtigisse
819 4121 982 4184 hominem
1004 4120 1157 4204 singulari
1180 4121 1308 4186 luxuria
1328 4131 1426 4208 atque
1447 4125 1581 4202 inertia;

251 4224 483 4281 verumtamen
505 4216 639 4280 ornabat
660 4236 734 4280 eum
754 4211 919 4279 beneficiis
941 4211 1121 4301 officiisque
1143 4216 1301 4281 omuibus.
1329 4219 1376 4282 Ne
1399 4217 1582 4283 4144444444-

315 4443 339 4494 l.
357 4443 419 4494 baec
435 4442 456 4493 rt
473 4441 521 4493 dtt.
539 4455 620 4494 nonu.
642 4469 670 4480 -
694 4441 721 4494 3.
737 4443 764 4492 44
781 4455 809 4493 44
825 4441 952 4493 elaborari
969 4441 1048 4504 63ςτ
1074 4441 1102 4492 444
1117 4455 1146 4493 cc
1162 4440 1277 4492 laborari
1293 4441 1341 4494 dtt.
1360 4443 1389 4494 0.
1414 4442 1454 4507 (ts
1470 4442 1584 4494 4444444444

249 4515 295 4582 Lg.
309 4515 366 4580 Ae.;
384 4517 411 4569 u
427 4517 554 4569 4444444444·
570 4519 614 4582 Lg.
628 4515 669 4569 29.
694 4519 729 4568 At
745 4516 778 4568 cf.
796 4516 821 4582 g.
839 4519 864 4570 1.
882 4517 995 4567 Divinat.
1015 4517 1040 4582 5.
1058 4515 1109 4580 39.)
1128 4545 1156 4554 -
1180 4519 1205 4568 c.
1223 4531 1254 4568 uc
1275 4529 1315 4569 mc
1330 4532 1382 4570 com
1398 4520 1426 4570 L.
1452 4522 1487 4572 At
1503 4519 1536 4571 ct.
1554 4533 1581 4585 p.

254 4593 358 4654 Qutnct.
377 4593 401 4658 fi.
415 4592 440 4645 A.
460 4617 488 4644 -r
508 4594 533 4644 6.
546 4594 635 4656 priora
651 4593 748 4644 cottone
763 4596 793 4644 A.
809 4619 836 4628 -
855 4592 879 4642 t.
898 4605 955 4642 cam
970 4592 1022 4642 tad.
1043 4592 1120 4652 cer:
1139 4591 1261 4642 tuditibus
1277 4593 1309 4644 64
1331 4592 1379 4644 dtt.
1393 4595 1422 4646 0.
1441 4623 1469 4632 —
1488 4595 1512 4646 9.
1531 4594 1583 4659 pet]

249 4666 308 4729 4444,
327 4667 371 4731 qut
385 4669 417 4718 A.
437 4693 465 4703 -
484 4668 525 4719 to.
543 4669 652 4739 4444444444
664 4667 742 4730 Gap:
759 4668 864 4734 ftcptttts
877 4666 1032 4730 peccatisque
1050 4665 1098 4716 dtt.
1117 4666 1147 4717 0.
1175 4666 1240 4717 «Est
1256 4665 1309 4718 boc
1325 4680 1410 4719 unum
1427 4683 1460 4720 ex
1475 4669 1583 4721 infinitis

252 4739 381 4806 exemplis
405 4743 635 4807 interpretamenti
659 4756 710 4808 per
734 4741 890 4808 particulam
913 4741 1046 4802 adiuncti3
1073 4742 1151 4792 4444444
1174 4742 1247 4793 enim
1263 4740 1330 4794 lenis
1346 4745 1388 4796 est
1403 4743 1472 4795 baec
1488 4755 1540 4794 vox
1556 4745 1584 4793 et

250 4815 367 4881 vulgaris
390 4819 453 4882 post
476 4831 556 4882 grave
578 4819 606 4870 et
627 4819 766 4885 proprium
789 4818 950 4882 flagitiorum
966 4829 1091 4870 nomen.»
1124 4817 1211 4871 1414414.
1230 4817 1264 4870 de
1280 4820 1341 4871 Asc.
1360 4823 1427 4884 App.
1445 4832 1472 4883 p.
1492 4817 1533 4868 33.
1552 4845 1581 4855 -

253 4892 294 4944 47.
312 4905 346 4942 cc·
361 4891 408 4942 isto
424 4893 455 4942 A.
470 4919 498 4930 -
516 4892 558 4945 24.
572 4895 731 4956 perditonem
746 4893 785 4945 1.(1
793 4893 888 4958 Lgl2.;
902 4894 1085 4956 productorum
1096 4893 1124 4945 L.
1139 4919 1167 4931 —
1185 4895 1226 4946 26.
1244 4896 1354 4958 patietur
1370 4896 1438 4948 coni.
1457 4891 1581 4956 Schuetz,

249 4967 349 5030 patitur
370 4964 537 5019 arellius-
565 4969 606 5020 27.
628 4970 723 5021 4444444444
740 4971 777 5022 Gt
796 4967 849 5021 al:
870 4969 968 5020 curuato
985 4970 1031 5020 Gt.
1057 4971 1203 5035 Utrumque
1224 4973 1358 5024 memorat
1372 4972 1403 5021 A.
1421 4969 1475 5020 Cos.
1494 4969 1531 5019 st.
1552 4995 1581 5005 -

253 5041 294 5092 ³2.
311 5041 497 5106 quadripertita
512 5057 538 5104 ς.
558 5069 586 5079 -
604 5042 644 5094 33.
663 5049 699 5094 cat
715 5045 760 5095 Gt.
782 5071 809 5081 -
828 5043 869 5094 39.
888 5044 1002 5110 ornabat]
1019 5045 1159 5097 4444444444
1175 5047 1208 5097 64
1220 5047 1245 5098 1.
1268 5072 1296 5085 -
1314 5045 1449 5110 officiisque
1465 5057 1519 5096 om.
1532 5043 1580 5095 dtt.

253 5117 283 5167 0.
303 5143 332 5156 -
349 5131 394 5170 vor
409 5123 507 5170 44444444
522 5117 591 5170 coni.
604 5117 749 5175 Lambinus
765 5119 823 5171 sine
839 5131 934 5182 oausa3
954 5119 987 5172 ct.
1006 5134 1045 5173 or.
1063 5135 1091 5188 p.
1107 5123 1185 5175 noso.
1197 5124 1257 5173 Am.
1276 5120 1301 5186 ἕ.
1313 5122 1354 5174 20.
1372 5120 1464 5186 ibique
1480 5119 1584 5172 Buech-

253 5205 357 5246 nerum.
