3610 5860
312 409 375 478 480
519 455 522 464 ·
716 415 867 484 ORATIO
888 416 967 484 PRO
989 417 1026 484 A.
1050 418 1221 487 dandum

312 580 336 636 u
352 599 378 620 ε
394 584 505 636 codices
522 596 625 638 omnes.

311 669 333 720 R
350 683 376 706 -.-
393 658 494 725 Reliqui
511 659 618 712 eodiees
634 661 741 726 praeter
757 675 820 725 eos,
840 674 907 727 quos
924 662 1017 727 quovis
1034 661 1094 717 loeo
1111 666 1335 718 enumeravimus.

310 743 330 794 Α
350 761 376 781 =
393 735 477 789 Editio
494 737 655 788 Aseensiana
671 737 758 802 prima
774 752 799 788 a.
818 738 891 800 4544.

310 817 330 868 L
348 837 374 857 =
391 812 475 865 Editio
493 810 662 863 Lambininna
679 825 703 863 a.
723 812 797 864 4466.

309 889 328 946 2
348 907 374 928 =
392 887 519 953 Repetitio
536 887 705 939 Lambiniana
722 902 746 938 4.
766 887 839 940 insi.

309 965 330 1015 0
348 987 373 1006 ·=
391 962 475 1014 Editio
492 959 620 1013 Oreiiiana
640 963 754 1028 priora.
773 962 845 1014 4846.

310 1041 369 1091 Gar.
385 1040 411 1090 4.
430 1054 455 1074 =
475 1038 561 1089 Curae
577 1037 711 1090 secundae
728 1039 807 1103 Gasp.
825 1038 956 1089 Garatonii
973 1038 1097 1092 ineditae.

373 1124 506 1187 integram
522 1121 678 1174 varietatem
694 1121 800 1173 exhibui
823 1121 945 1174 codicum
966 1123 1054 1186 PET,
1077 1123 1222 1176 editionum
1238 1125 1352 1180 4440.
1383 1129 1405 1178 Α
1422 1127 1543 1180 codicum
1560 1129 1630 1182 Oxo-

308 1197 440 1250 niensinm
455 1197 602 1261 mentione,
621 1199 719 1263 quippe
737 1197 782 1262 qui
799 1199 887 1249 minus
904 1197 1043 1262 diiigenter
1059 1201 1165 1252 excussi
1181 1203 1255 1264 sunt,
1274 1200 1393 1254 consulto
1410 1203 1532 1256 abstinui.

391 1414 415 1478 Ι.
438 1409 468 1478 4.
491 1413 542 1490 si,
564 1411 772 1497 quantumin
794 1434 868 1496 agro
889 1414 1033 1500 lorisque
1056 1417 1189 1481 desertis
1210 1417 1343 1483 audacia
1363 1427 1483 1505 potest,
1504 1429 1625 1486 tantum

306 1509 340 1575 in
361 1508 432 1573 iorn
454 1515 549 1592 atque
571 1507 605 1569 in
626 1505 751 1570 iudiciis
773 1507 967 1591 impudentia
987 1510 1121 1585 valeret,
1151 1531 1216 1574 non
1243 1511 1349 1576 minus
1371 1516 1510 1578 nuncin
1532 1536 1626 1581 eausa

306 1605 434 1669 eederet
453 1603 490 1666 A.
514 1601 647 1665 Caecina
670 1601 742 1662 Sex.
764 1600 890 1666 Aebutii
912 1602 1143 1685 impudentiae,
1166 1611 1349 1688 quamtum
1371 1607 1405 1669 in
1426 1608 1626 1673 4444444444

305 1699 401 1762 444444
427 1695 590 1762 audaciae.
629 1695 745 1758 Verum
774 1701 806 1757 et
832 1694 911 1758 iilud
934 1695 1124 1760 considerati
1145 1698 1283 1761 hominis
1306 1720 1375 1764 esse
1397 1705 1534 1784 putavit,
1563 1724 1626 1787 qua

281 1795 345 1858 ude
367 1816 401 1858 re
423 1792 491 1857 iure
513 1791 681 1875 disceptari
702 1794 876 1874 oporteret,
898 1789 993 1852 444444
1014 1809 1080 1852 444
1095 1791 1295 1867 4444444444,
1319 1801 1351 1856 44
1370 1793 1431 1858 hoe
1446 1798 1624 1872 constantis,

305 1889 434 1973 quicum
465 1886 497 1950 vi
529 1894 562 1950 et
587 1883 681 1948 armis
710 1891 829 1947 4444444
846 1877 1027 1959 noluisset,
1061 1903 1134 1947 eum
1162 1885 1230 1949 iure
1258 1885 1440 1970 indicioque
1468 1910 1624 1974 superare.

304 1979 336 2046 2.
357 1984 402 2046 An
423 1980 500 2045 mihi
523 1977 649 2064 quidem
672 1998 743 2042 eum
764 1976 869 2040 audax
890 1977 1059 2060 praecipue
1079 1977 1179 2042 444444
1197 1979 1321 2042 videtur
1335 1980 1486 2046 Aebutius
1501 1985 1535 2046 in
1550 2005 1624 2048 oon·

304 2075 455 2142 vorandis
476 2072 657 2137 hominibus
679 2078 712 2136 et
732 2068 906 2145 armandis,
935 2077 1002 2133 tum
1029 2071 1198 2155 impudens
1219 2073 1253 2135 iu
1274 2073 1407 2150 iudicio,
1435 2097 1500 2139 non
1522 2076 1623 2140 solum

305 2171 391 2255 quod
413 2172 448 2235 in
469 2167 621 2233 indicium
642 2167 751 2231 venire
773 2185 869 2230 ausus
890 2170 939 2227 est
952 2197 993 2211 -
1015 2185 1088 2230 nam
1109 2165 1142 2228 id
1165 2165 1313 2248 quidem,
1335 2169 1460 2232 tametsi
1481 2170 1623 2254 improbe

267 2265 340 2330 4644
361 2265 395 2329 44
416 2269 524 2350 aperta
544 2283 595 2339 re,
617 2269 722 2326 tumen
744 2260 865 2325 malitia
886 2265 935 2324 444
956 2260 1019 2323 iam
1040 2260 1191 2323 usitatum
1212 2294 1271 2337 -,
1293 2261 1350 2324 sed
1373 2262 1458 2346 quod
1480 2284 1546 2327 nou
1565 2264 1624 2327 du-

302 2361 416 2426 hiavit
434 2359 468 2422 id
489 2359 609 2442 ipsum,
632 2358 717 2442 quod
739 2355 896 2440 arguitur,
918 2353 1079 2430 confiteri3
1100 2353 1162 2416 nisi
1184 2353 1266 2419 44444
1280 2354 1340 2418 444
1354 2357 1484 2420 rationis
1499 2356 1623 2421 habuitr

303 2455 470 2540 quoniam,
498 2453 527 2517 si
554 2450 637 2514 44444
657 2451 705 2514 vis
728 2455 812 2515 esset
833 2447 987 2522 moribus,
1015 2447 1161 2531 superior
1180 2449 1213 2512 iu
1235 2448 1437 2532 possessione
1457 2451 1622 2516 retinenda

303 2569 369 2612 nou
389 2547 519 2622 44444444,
542 2545 617 2630 quia
639 2553 749 2610 eontra
770 2544 821 2606 ius
836 2562 1019 2624 moremque
1041 2540 1123 2605 44444
1145 2543 1203 2618 444,
1224 2543 1261 2606 A.
1278 2541 1444 2608 Caecinam
1461 2564 1531 2608 curn
1546 2545 1622 2608 ami·

303 2645 349 2707 eis
371 2649 456 2707 metu
479 2639 679 2724 perterritum
700 2635 897 2721 profugisse:
919 2655 1004 2698 nuno
1019 2656 1146 2718 quoque
1168 2636 1202 2700 in
1224 2635 1360 2710 iudicio,
1383 2637 1411 2699 si
1425 2655 1520 2700 eausa
1534 2656 1621 2700 more

266 2737 509 2821 tiinstitutoqua
532 2732 673 2798 omnium
695 2728 896 2804 defendatur,
925 2749 982 2791 nos
1008 2729 1173 2792 inferiores
1195 2731 1229 2792 in
1250 2729 1373 2811 agendo
1395 2749 1461 2792 non
1481 2729 1620 2808 futuros3

301 2834 353 2898 sin
374 2852 393 2896 a
414 2826 640 2895 consuetudine
660 2824 843 2898 recedatur,
865 2840 914 2897 se,
937 2841 1001 2906 qun
1023 2822 1238 2906 impudentius
1261 2823 1377 2904 egerit,
1397 2822 1459 2888 hoo
1481 2827 1621 2908 superin-

300 2948 367 2992 rem
388 2925 611 2989 discessurum.
642 2917 740 2994 Quasi
753 2937 828 2981 vero
849 2923 904 2980 aut
917 2915 1002 2978 idem
1017 2917 1117 2998 possit
1130 2917 1163 2978 in
1178 2915 1299 2980 iudicio
1314 2915 1513 2999 improbitas,
1536 2918 1621 3000 quod

300 3023 336 3087 in
364 3021 396 3087 ri
423 3013 631 3089 confidentia,
663 3018 717 3075 aut
747 3030 805 3096 nos
832 3028 898 3072 non
926 3027 964 3072 eo
994 3008 1144 3073 libentius
1165 3017 1232 3072 tum
1253 3008 1402 3074 44444444
1425 3013 1620 3086 cesserimus,

303 3136 368 3204 quo
390 3133 474 3177 nune
495 3106 710 3192 impudentiae
728 3103 852 3168 44444444
868 3103 1102 3168 obsisteremus.
1134 3099 1164 3164 3.
1180 3104 1290 3186 ltaque
1305 3103 1398 3188 longe
1413 3103 1476 3168 4444
1489 3105 1620 3179 ratione,

262 3213 555 3293 toreeuperatores,
585 3201 624 3266 ad
646 3198 800 3284 agendam
821 3217 948 3261 eausam
968 3197 1029 3261 hac
1049 3197 1173 3261 notione
1195 3197 1288 3260 venio
1319 3205 1416 3280 atque
1448 3197 1539 3260 initio
1567 3219 1621 3262 ve·

299 3323 417 3370 ueram.
453 3301 533 3362 Tum
561 3295 646 3358 enim
672 3298 799 3356 nostrae
829 3310 942 3356 causae
970 3311 1042 3376 spes
1064 3300 1131 3355 erat
1158 3291 1260 3375 posita
1281 3291 1315 3355 in
1335 3290 1519 3356 defensione
1540 3311 1619 3367 mea,

298 3419 382 3465 nuno
411 3397 446 3460 in
473 3388 671 3456 confessione
700 3385 888 3460 adversarii3
915 3392 982 3449 tum
1010 3385 1043 3447 in
1072 3385 1202 3459 nostris,
1231 3405 1413 3448 nudavere
1439 3385 1473 3447 in
1494 3385 1620 3449 iliorum

297 3491 446 3560 testibus:
476 3485 516 3551 de
539 3482 655 3568 quihus
678 3497 736 3564 ego
758 3487 850 3544 antea
871 3477 1068 3554 laborabam,
1097 3498 1158 3554 ne,
1187 3479 1213 3542 si
1238 3478 1374 3561 improbi
1397 3485 1521 3554 essent,
1547 3478 1620 3543 falsi

362 3716 386 3766 4.
409 3712 438 3764 Si
459 3702 714 3774 prauum-sessu
736 3701 860 3752 44444444
880 3701 1052 3763 Quintilianus
1072 3701 1114 3752 44.
1133 3700 1164 3762 3,
1182 3700 1234 3763 80,
1255 3699 1348 3766 Aquila
1369 3702 1501 3754 itomauns
1523 3702 1547 3768 5.
1566 3703 1616 3764 44.,

297 3793 441 3845 Martianus
458 3782 564 3852 capelia
580 3782 612 3832 V.
630 3779 654 3845 5.
667 3779 724 3831 647.
738 3804 766 3815 -
785 3778 813 3828 444
828 3777 898 3840 noris
913 3793 943 3844 y,
962 3777 1112 3828 Martianus.
1127 3801 1154 3813 -
1172 3777 1198 3827 4.
1216 3781 1291 3839 etqua
1305 3777 1333 3827 ta
1348 3777 1437 3826 444444
1448 3777 1468 3828 Ε
1480 3776 1618 3840 (Freundso

297 3867 387 3930 testei;
406 3870 481 3928 44444
495 3858 595 3912 tudiciis
611 3870 667 3926 ay,
686 3850 871 3915 Quintilianum
888 3852 1035 3914 iudiciisque
1050 3852 1200 3904 Martianus.
1215 3877 1243 3886 -
1260 3851 1436 3914 inpudentiuT
1453 3852 1488 3914 (44
1504 3852 1543 3901 444
1559 3849 1619 3915 pie-

296 3941 429 4005 rumque).
449 3964 477 3974 —
494 3948 561 3986 4444
576 3933 641 3994 ΕΤ,
659 3926 846 3992 Quintilianus,
866 3924 973 3990 Aquila,
996 3926 1151 3986 Martianus,
1175 3925 1224 3977 LO
1235 3939 1241 3974 ε
1261 3938 1314 3975 om.
1332 3926 1382 3977 444
1391 3923 1418 3978 b.
1439 3953 1466 3964 -
1491 3925 1519 3974 in
1540 3938 1619 3976 rausa

297 4030 349 4068 om.
362 4012 454 4079 Aquila
467 4014 494 4062 44
504 4009 656 4062 Martianus.
674 4004 757 4055 iidem
768 3998 851 4053 verba
863 4003 901 4054 444
915 4002 1107 4065 transponunt:
1123 4000 1201 4051 Aulus
1211 3999 1320 4052 0444444
1333 3999 1436 4051 esdod.
1450 4025 1477 4036 -
1497 3999 1521 4050 3.
1534 3999 1619 4049 oecion

295 4087 374 4152 Εαβ
389 4088 562 4154 pierumque;
580 4083 603 4134 V
619 4083 645 4133 et
661 4082 683 4131 A
699 4078 809 4142 ubique.
829 4103 857 4113 -
880 4075 962 4127 444444
978 4076 1026 4126 ΕΤ
1050 4075 1091 4138 (44.
1110 4074 1134 4138 5.
1152 4074 1176 4126 4.
1195 4074 1237 4126 44.
1255 4074 1296 4125 44.
1314 4075 1382 4137 44.);
1407 4075 1472 4126 abuti
1487 4089 1521 4135 ας
1539 4073 1617 4123 Eburi

294 4167 451 4224 iiartianns3
468 4160 552 4212 Ebutii
567 4154 659 4221 Aquila
677 4158 704 4206 et
719 4158 741 4205 A
756 4152 866 4216 ubique.
886 4177 913 4186 -
930 4151 1090 4213 inpudentiae
1105 4151 1162 4202 ΕΤ.
1185 4177 1212 4187 -
1231 4163 1308 4212 orsam
1324 4149 1384 4215 tum]
1402 4153 1525 4210 quemme
1540 4147 1616 4198 ETG

294 4255 336 4293 44
354 4243 403 4306 (pr.
421 4238 469 4302 44.)
486 4233 534 4297 αβ
550 4235 578 4286 44
593 4235 624 4284 A.
644 4259 673 4269 -
689 4229 809 4294 faciunda
825 4228 860 4289 E,
878 4225 983 4290 Aquila,
1008 4227 1161 4278 Martianus:
1186 4225 1303 4288 fouenda
1318 4225 1339 4276 R
1356 4224 1399 4287 (44
1415 4225 1436 4274 Τ
1451 4225 1541 4274 tamen
1558 4220 1617 4272 44444

294 4315 451 4378 Harlessius)
463 4308 577 4365 Anto.
587 4335 614 4346 -
628 4309 654 4358 b.
666 4303 799 4367 4444444444
810 4302 948 4352 Graevius:
966 4302 1120 4364 4444444444
1134 4299 1254 4363 (testibus
1266 4300 1375 4350 Graevio
1393 4301 1420 4350 et
1431 4295 1567 4359 Freundio)
1580 4298 1613 4356 T;

294 4391 417 4442 4444444444
433 4382 577 4439 444440.
602 4379 641 4432 Ci.
658 4380 734 4431 Verr.
752 4379 848 4428 Aecus.
867 4376 898 4426 44.
918 4377 960 4438 itt,
979 4376 1019 4427 38.
1038 4389 1064 4440 p.
1082 4374 1170 4426 Plane.
1183 4374 1230 4434 36,
1248 4375 1289 4424 84.
1308 4373 1342 4424 44
1359 4373 1432 4424 0464.
1445 4375 1465 4424 i.
1479 4375 1518 4434 44,
1531 4371 1572 4423 34.
1585 4399 1632 4422 -.

294 4467 319 4517 ⁷.
337 4463 401 4529 mm]
420 4465 468 4526 que
482 4461 516 4517 ii:
540 4470 614 4521 4444
629 4454 661 4514 b;
687 4467 763 4517 quon
780 4454 826 4516 (sic
843 4452 958 4516 semper)
975 4452 1007 4512 T;
1032 4449 1123 4513 quomo
1136 4464 1170 4508 ας
1189 4450 1309 4512 quamdo
1326 4450 1355 4498 4.
1383 4447 1422 4499 ci.
1440 4461 1466 4499 v.
1486 4449 1525 4497 44.
1545 4447 1569 4511 5.
1588 4447 1612 4497 6.

294 4542 335 4593 46.
353 4540 394 4592 36.
412 4538 453 4589 80.
468 4537 508 4588 84.
524 4535 565 4585 88.
580 4557 607 4568 -
627 4530 668 4581 40.
685 4529 798 4580 malitiae
814 4527 860 4577 Th.
873 4527 1030 4578 Mommsen.
1044 4553 1071 4562 -
1085 4539 1133 4588 peso
1143 4538 1194 4576 noo
1204 4524 1232 4574 Τ.
1248 4551 1274 4560 -
1295 4525 1335 4574 44.
1348 4523 1474 4589 quonum]
1486 4535 1560 4586 quom
1571 4535 1613 4586 ep

292 4618 342 4681 qt;
360 4627 417 4664 eum
433 4625 474 4680 ay
491 4612 563 4667 etA;
581 4605 700 4670 44444Τ,
718 4602 839 4665 quomodo
856 4602 909 4652 Gir.
930 4629 957 4638 -
974 4603 1013 4652 oia
1027 4615 1077 4651 444
1093 4605 1153 4650 esset
1168 4611 1230 4650 4444
1246 4599 1346 4650 iuntina
1363 4596 1389 4653 4.
1405 4625 1433 4634 -
1452 4599 1493 4649 ia.
1509 4598 1539 4648 A.
1558 4609 1610 4646 om.

292 4692 321 4742 T.
335 4715 362 4725 -
380 4689 421 4739 46.
439 4681 556 4747 mutum]
576 4681 715 4732 4444444444
731 4679 760 4729 ut
776 4676 809 4727 de
821 4678 890 4740 Lege
907 4689 963 4740 agr.
974 4677 1000 4737 4,
1013 4678 1037 4727 4.
1054 4673 1188 4740 [dedomo
1205 4674 1229 4737 g.
1242 4673 1282 4724 46.
1296 4687 1322 4738 p.
1335 4674 1444 4724 btureua
1462 4673 1485 4737 S.
1499 4675 1523 4723 4.
1541 4671 1613 4722 Divi-

292 4766 346 4816 nat.
358 4764 385 4814 in
397 4759 492 4814 caecil.
506 4757 530 4822 5.
541 4756 576 4821 4.]
589 4755 678 4806 neseio
690 4753 765 4804 ouius
777 4753 845 4802 noni.
863 4749 916 4800 Sed
927 4749 959 4800 ei.
972 4751 998 4801 in
1012 4751 1084 4802 Verr.
1102 4753 1159 4802 Act.
1173 4752 1192 4801 4.
1212 4750 1236 4813 S.
1250 4751 1290 4800 44.
1309 4749 1413 4814 [Aecus.
1430 4751 1472 4800 444.
1491 4749 1515 4813 g.
1528 4747 1611 4812 iia]-

292 4839 337 4890 04.
352 4837 556 4901 *defenduntur
570 4843 615 4880 ons
630 4827 755 4892 insertoris
770 4827 798 4877 T.
814 4854 841 4863 -
860 4827 951 4877 44444
966 4839 980 4877 4
995 4827 1168 4878 4444444444
1184 4823 1345 4890 4444444
1362 4827 1389 4875 44
1404 4822 1467 4882 44;
1483 4825 1536 4874 siue
1551 4835 1612 4872 coo-

290 4911 417 4964 uetudine
434 4912 497 4968 TG3
523 4906 575 4957 sios
591 4918 609 4956 a
623 4903 797 4955 conaerentes
812 4916 841 4951 α.
862 4900 912 4966 (sio
927 4915 946 4952 4
960 4903 1131 4952 coauwiodioe
1147 4901 1286 4959 aeirmt.)
1304 4928 1331 4938 -
1356 4901 1396 4951 ii.
1414 4901 1612 4950 dboeuessunuo

292 4986 431 5052 (Treundio
442 4982 519 5045 teste)
531 4981 560 5032 E.
573 5007 601 5018 -
614 4981 679 5032 idern
691 4979 770 5042 possit
779 4979 807 5028 iu
818 4977 911 5028 iudicio
922 4977 983 5028 ET:
1001 4977 1028 5027 in
1038 4978 1129 5028 issdieio
1143 4978 1220 5042 possit
1235 4977 1300 5028 46444
1310 4974 1453 5030 uibus.
1462 5001 1489 5012 -
1500 4975 1612 5038 probitas

291 5062 321 5112 T.
336 5087 364 5099 -
382 5061 422 5112 i8.
434 5063 481 5110 eut
494 5070 540 5109 uos
553 5071 604 5108 4444
620 5056 712 5108 ETO:
731 5059 776 5106 aut
790 5067 841 5104 444
858 5053 920 5117 (444.
933 5051 984 5117 ons)
1001 5051 1085 5105 uus.
1100 5079 1127 5089 -
1147 5053 1187 5104 49.
1204 5053 1362 5116 inpudoratus
1376 5053 1405 5104 T.
1421 5078 1447 5087 -
1466 5050 1507 5102 44.
1524 5049 1612 5100 emitis

291 5133 310 5187 b
328 5136 376 5202 444.
394 5134 441 5200 m.)
457 5145 501 5202 py
517 5133 545 5185 et
559 5134 590 5185 A.
