3644 5874
388 468 539 533 ORATIO
561 467 639 532 PRO
662 467 696 531 L.
719 463 885 532 Munera
908 462 984 528 Car.
998 461 1106 524 1-11.
1127 456 1184 546 55.
1199 455 1301 522 t-3.
1441 454 1502 522 ‘itt

171 659 261 703 ⁴nam
275 638 436 726 consulem
450 639 638 713 renuntiavi,
654 645 688 701 ut
701 656 739 701 ea
753 656 803 700 res
818 633 905 708 mibi,
920 631 993 696 fidei
1013 630 1274 714 magistratuique
1289 649 1370 716 mep,
1384 629 1504 715 populo
1632 627 1649 664 ³

187 732 336 818 plebique
358 733 516 798 Romanae
536 734 618 796 bene
639 741 734 816 atque
754 730 889 794 feliciter
902 729 1060 791 eveniret:
1083 725 1193 789 eadem
1207 725 1371 808 precorah
1387 725 1505 790 eisdem

187 827 237 889 dis
264 827 493 890 immortalibus
520 827 561 890 ob
586 826 727 889 eiusdem
748 822 886 887 bominis
908 820 1106 884 consulatum
1126 839 1190 882 una
1212 840 1283 881 cum
1304 819 1403 884 salute
1425 821 1507 884 obti-

186 921 341 995 uendum,
363 929 396 984 et
417 929 452 984 ut
473 929 595 986 vestrae
617 929 738 982 mentes
759 927 855 1002 atque
881 915 1056 980 sententiae
1077 933 1148 976 cum
1170 911 1279 996 populi
1300 913 1432 978 Romani
1452 934 1507 978 vo·

186 1014 361 1078 luctatibus
383 1016 604 1099 suffragiisque
627 1015 840 1086 consentiant,
863 1031 962 1095 eaque
982 1029 1033 1073 res
1055 1007 1142 1072 vobis
1163 1006 1347 1090 populoque
1365 1008 1531 1071 Romanoa

187 1129 315 1191 pacem,
338 1110 615 1194 tranquillitatem,
637 1109 736 1171 otium
760 1105 1026 1187 concordiamque
1048 1102 1164 1166 alferat.
1201 1101 1296 1176 Quod
1318 1102 1345 1164 si
1367 1101 1421 1164 illa
1444 1103 1507 1164 sol·

187 1205 301 1267 lemnis
314 1205 513 1268 comitiorum
535 1203 676 1286 precatio
690 1200 907 1265 consularibus
921 1197 1071 1281 auspiciis
1085 1201 1266 1260 consecrata
1279 1203 1400 1258 tantam
1413 1195 1508 1260 babet

188 1302 220 1362 in
243 1321 277 1364 se
298 1301 361 1363 rim
384 1306 417 1362 et
436 1297 639 1381 religionem,
669 1301 816 1380 quantam
847 1291 1059 1377 reipublicae
1082 1290 1218 1372 dignitas
1239 1291 1395 1373 postulat,
1423 1291 1507 1354 idem

188 1413 247 1475 ego
275 1413 344 1456 sum
371 1399 516 1476 precatus
544 1401 581 1454 ut
601 1391 648 1454 eis
670 1409 798 1474 quoque
820 1386 1016 1460 bominibus,
1046 1383 1160 1467 quibus
1182 1383 1233 1447 hic
1255 1385 1435 1449 consulatue
1457 1406 1507 1448 me

188 1497 320 1568 rogante
342 1486 433 1550 datus
455 1494 553 1560 esset,
576 1505 613 1549 ea
626 1506 677 1548 res
691 1484 795 1548 fauste
808 1482 945 1546 feliciter
958 1498 1173 1564 prospereque
1187 1479 1338 1542 eveniret
1372 1475 1401 1542 2.
1418 1480 1508 1556 Quae
1518 1503 1545 1547 ro

189 1603 259 1645 cum
282 1584 325 1645 ita
348 1582 427 1656 sint,
457 1579 593 1654 iudices,
622 1587 653 1642 et
678 1598 749 1642 cum
772 1577 876 1640 omnis
898 1575 1029 1638 deorum
1050 1573 1272 1636 immortalium
1295 1581 1434 1657 potestas
1455 1587 1509 1641 aut

190 1675 340 1738 translata
362 1677 404 1738 sit
424 1676 464 1738 ad
487 1695 544 1738 vos
566 1683 621 1738 aut
642 1680 726 1736 certe
748 1670 976 1736 communicata
997 1667 1178 1742 vobiscum,
1200 1666 1284 1730 idem
1306 1671 1416 1734 consul
1436 1691 1508 1735 eum

190 1780 312 1835 vestrae
339 1767 413 1834 fidei
435 1769 651 1843 commendat,
682 1767 737 1851 qui
763 1773 856 1828 antea
879 1764 927 1828 dis
948 1760 1177 1824 immortalibus
1199 1763 1447 1844 commendavita
1474 1777 1510 1832 ut

190 1865 332 1927 eiusdem
352 1864 490 1927 hominis
510 1883 588 1927 voce
611 1870 641 1925 et
662 1861 840 1924 declaratus
862 1858 971 1922 consul
986 1864 1019 1920 ot
1032 1855 1182 1919 defensus
1198 1855 1385 1922 beneficium
1399 1861 1509 1944 populi

190 1959 321 2021 Romani
350 1979 422 2022 cum
452 1964 558 2021 vestra
584 1964 678 2041 atque
700 1955 842 2018 omnium
864 1953 979 2017 civium
1002 1951 1102 2014 salute
1124 1957 1256 2014 tueatur.
1299 1953 1340 2014 Et
1360 1955 1548 2036 quoniamae

189 2051 223 2113 in
250 2053 311 2114 hcc
341 2049 446 2115 officio
461 2051 615 2136 (studium
643 2069 731 2113 meae
760 2048 953 2112 defensionis
966 2045 1021 2132 lab
1044 2044 1278 2108 accusatoribus
1290 2049 1395 2131 datque
1418 2051 1510 2113 etiam

190 2145 261 2227 ipsa
289 2147 447 2228 susceptio
477 2165 591 2210 causae
620 2143 813 2227 reprehensa
835 2147 909 2236 est,)
926 2149 1095 2223 antequam
1116 2158 1174 2221 pro
1196 2139 1231 2200 L.
1253 2141 1385 2204 Murena
1406 2142 1512 2207 dicere
1646 2201 1649 2210 .

192 2239 341 2316 instituo,
369 2260 426 2324 pro
456 2259 505 2302 me
533 2241 605 2322 ipso
631 2259 732 2321 pauca
754 2235 871 2310 dicam3
902 2255 968 2300 nou
990 2254 1054 2318 quo
1077 2233 1154 2296 mibi
1175 2231 1281 2316 potior
1301 2234 1362 2298 boe
1383 2235 1511 2320 quidem
1580 2244 1697 2316 (riv

191 2332 224 2393 in
253 2341 395 2416 tempore
423 2335 464 2399 sit
491 2333 587 2397 officii
616 2332 678 2396 mei
704 2352 799 2416 quam
825 2331 959 2394 huiusce
980 2327 1089 2392 salutis
1111 2326 1273 2403 defensio,
1307 2329 1363 2393 sed
1383 2339 1420 2392 ut
1441 2351 1511 2394 meo

190 2424 272 2489 facto
295 2429 386 2491 vobis
407 2429 540 2511 probato
562 2430 680 2490 maiore
696 2425 880 2490 auctoritate
894 2423 934 2486 ab
951 2423 1046 2487 buius
1059 2421 1196 2497 bonore,
1217 2422 1300 2487 fama
1313 2422 1511 2509 fortunisque
1521 2443 1549 2492 so

192 2521 340 2586 omnibus
361 2522 560 2586 inimicorum
582 2522 720 2604 impetus
740 2518 925 2603 propulsare
946 2517 1075 2602 possim.

277 2617 317 2678 Μ.
338 2612 368 2677 3.
397 2618 438 2678 Et
458 2619 593 2701 primum
615 2617 656 2678 Μ.
680 2616 808 2687 Catoni,
835 2613 931 2676 vitam
953 2613 992 2676 ad
1015 2619 1130 2675 certam
1152 2613 1281 2677 rationis
1304 2635 1442 2680 normam
1466 2617 1513 2679 di-

193 2712 307 2793 rigenti
335 2719 368 2776 et
395 2711 644 2794 diligentissima.
665 2707 872 2794 perpendenti
902 2715 1060 2772 momenta
1085 2703 1261 2771 officiorum
1283 2711 1442 2785 omnium,
1474 2713 1513 2774 de

194 2804 301 2869 oficio
324 2825 394 2869 meo
416 2805 628 2888 respondebo.
671 2807 771 2887 Negat
800 2802 897 2866 luisse
919 2810 1039 2866 rectum
1062 2801 1153 2876 Cato,
1175 2823 1225 2865 me
1247 2811 1279 2866 et
1299 2804 1461 2868 consulem
1483 2813 1515 2870 et

194 2900 272 2982 legis
293 2899 429 2964 ambitus
451 2899 584 2963 latorem
606 2908 637 2962 et
659 2907 721 2962 tam
745 2917 854 2962 severe
875 2905 965 2980 gesto
986 2895 1152 2960 consulatu
1175 2917 1301 2961 causam
1315 2899 1350 2961 L.
1364 2899 1552 2966 Murenaeaa

193 2992 357 3073 attingere.
392 2993 489 3056 Cuius
510 2994 716 3076 reprehensio
739 3012 789 3056 me
807 2992 1010 3056 vehementer
1024 2998 1144 3064 movet,
1167 3011 1230 3054 nou
1245 2993 1399 3058 solumne
1413 2993 1514 3069 vobis,

194 3083 330 3158 iudices,
353 3087 468 3170 quibus
489 3088 626 3151 maxime
649 3088 766 3161 debeo,
789 3085 1014 3151 verumetiam
1036 3093 1072 3148 ut
1092 3085 1152 3167 ipsi
1176 3084 1302 3161 Catoni,
1329 3087 1513 3168 gravissimo
1628 3081 1664 3190 s

193 3186 289 3262 atque
310 3181 511 3263 integerrimo
533 3183 618 3256 viro,
640 3183 792 3246 rationem
814 3180 888 3243 lacti
911 3181 972 3243 mei
993 3178 1134 3261 probem.
1170 3180 1195 3241 A
1220 3199 1285 3263 quo
1308 3169 1451 3258 taudem,
1472 3184 1514 3246 Μ.

195 3273 287 3347 Cato,
317 3285 364 3338 est
393 3275 526 3358 aequius
549 3275 711 3340 consulem
733 3273 860 3338 defendi
882 3293 977 3358 quam
999 3294 1018 3337 a
1040 3272 1193 3336 consulet
1223 3274 1304 3350 Quis
1325 3275 1403 3339 mibi
1425 3276 1458 3338 iu
1479 3298 1513 3339 re

195 3368 321 3448 publica
342 3377 446 3452 potest
461 3378 516 3433 aut
530 3371 625 3432 debet
645 3389 715 3432 esse
737 3367 936 3432 coniunctior
950 3387 1045 3449 quam
1067 3367 1111 3439 is,
1134 3367 1184 3429 cai
1205 3387 1257 3429 res
1278 3367 1404 3450 publica
1423 3390 1443 3432 a
1464 3391 1513 3432 me
1523 3389 1552 3434 ao

194 3462 217 3540 †
238 3481 301 3524 uua
321 3461 455 3524 traditur
476 3462 676 3536 sustinenda,
698 3463 819 3544 magnis
835 3463 913 3524 meis
927 3460 1088 3524 laboribus
1104 3469 1136 3523 et
1150 3461 1300 3545 periculis
1320 3468 1513 3527 sustentata?

195 3555 286 3630 Quod
309 3553 336 3618 si
357 3555 392 3618 ia
414 3555 454 3619 iis
475 3557 569 3621 rebus
588 3556 790 3640 repetendis,
813 3575 895 3638 quae
909 3555 1047 3638 mancipi
1062 3561 1150 3629 sant,
1173 3555 1201 3617 is
1215 3555 1392 3638 periculum
1406 3556 1513 3620 iudicii

193 3656 353 3731 praestare
374 3649 484 3725 debet,
507 3651 563 3735 qui
586 3671 619 3714 se
642 3671 727 3714 nexu
749 3649 914 3732 obligavit,
936 3648 1078 3734 profecto
1100 3649 1194 3713 etiam
1216 3649 1333 3713 rectius
1347 3649 1380 3712 in
1395 3650 1513 3714 iudicio

194 3743 334 3807 consulis
356 3743 511 3826 designati
533 3746 560 3808 is
582 3745 782 3828 potissimum
806 3739 957 3828 [cousul],
989 3743 1043 3828 qui
1065 3742 1227 3807 consulem
1249 3742 1436 3820 declaravit,
1458 3765 1514 3809 au-

260 4052 284 4101 t.
306 4051 379 4113 mia,
399 4053 458 4116 ptdet
478 4053 686 4116 magnamque
704 4051 863 4104 Lambinus:
889 4051 963 4102 micbi
981 4053 1042 4116 fides
1059 4051 1270 4116 manicatasque
1286 4053 1323 4110 G;
1349 4052 1410 4102 miii
1428 4054 1513 4118 mapi-

193 4125 471 4187 reconvertere.
491 4126 675 4178 «Contvarro
692 4127 726 4178 de
744 4129 772 4178 L.
791 4128 819 4177 L.
839 4127 869 4187 V,
888 4129 912 4177 9.
932 4127 982 4190 [vt.
1003 4127 1027 4191 5.
1046 4125 1086 4178 87.
1106 4123 1203 4190 ticeli]
1221 4127 1296 4178 Ennii
1311 4128 1406 4191 pagan
1426 4141 1451 4192 p.
1471 4129 1511 4179 39.

195 4198 250 4250 Col.
272 4201 387 4250 Arutzen
409 4201 443 4252 ad
462 4201 525 4252 Ptin.
546 4203 637 4266 Pecep.
656 4214 715 4267 pag.
734 4202 808 4253 aaa.-
826 4203 927 4253 Onsesr.
947 4226 974 4235 —
999 4201 1024 4251 2.
1043 4201 1076 4250 cb
1091 4202 1181 4251 eisdem
1197 4201 1233 4252 T:
1260 4201 1292 4251 ab
1311 4202 1398 4252 iisdem
1420 4203 1512 4265 Eldv,

194 4275 226 4324 ab
241 4277 289 4326 iiia
307 4278 338 4327 o.
360 4301 387 4312 —
410 4275 434 4326 3.
453 4275 530 4338 optim
548 4278 604 4327 Gv.
619 4303 646 4312 -
664 4275 689 4328 i.
706 4275 833 4327 ootmucte
849 4275 902 4325 Tv.
918 4301 943 4310 -
963 4277 1147 4326 accumulent
1162 4277 1217 4327 Tv.
1239 4303 1266 4314 -
1293 4277 1318 4328 6.
1336 4278 1436 4342 adserat
1452 4279 1511 4330 liti.

196 4377 223 4388 -
250 4351 275 4404 8.
297 4350 408 4414 postulet
428 4363 481 4400 om.
501 4352 530 4401 G.
556 4375 582 4386 —
610 4353 650 4402 to.
668 4364 762 4415 rogere
780 4353 813 4411 ῦς
834 4355 953 4414 repetere
973 4352 1171 4403 Mommsenius.
1191 4379 1218 4388 -
1247 4351 1287 4402 tt.
1306 4354 1418 4403 onmiwn
1434 4353 1463 4404 C.
1485 4379 1511 4390 -

194 4427 235 4477 ti.
253 4427 318 4476 wari
333 4439 387 4476 om.
406 4425 434 4476 T.
456 4451 483 4462 -
501 4427 565 4488 eam]
584 4425 983 4486 escuignecourt·
1002 4426 1043 4476 ta.
1062 4428 1105 4489 qui
1121 4423 1240 4476 codices:
1259 4427 1411 4490 cumeani.
1424 4427 1454 4477 C.
1467 4427 1515 4476 Be-

195 4501 278 4553 neelrs
296 4502 323 4551 in
338 4501 413 4551 lectt.
434 4501 494 4550 iuti.
513 4515 539 4566 p.
553 4500 593 4552 43.
610 4527 636 4538 -
656 4502 696 4552 t8.
714 4515 764 4552 aon
780 4501 847 4562 quod
862 4500 955 4551 Lamb.
971 4527 997 4536 —-
1017 4501 1057 4552 Μ).
1076 4501 1109 4551 ab
1125 4501 1225 4552 bateaco
1240 4511 1277 4566 ψ.
1292 4528 1318 4537 -
1338 4503 1379 4553 at.
1397 4504 1515 4566 mudum

194 4591 222 4636 χ.
243 4603 270 4612 -
289 4577 330 4627 id.
349 4575 456 4626 melica
471 4575 532 4639 lagia
548 4575 577 4625 E.
598 4601 626 4612 -
644 4577 767 4626 maenaa
782 4576 808 4626 Μ
825 4587 860 4625 m.
880 4587 919 4638 pr.
941 4600 968 4611 -
985 4575 1027 4626 26.
1044 4589 1085 4626 nae
1101 4588 1155 4632 em.
1169 4577 1226 4628 ΟΕ.
1241 4602 1268 4610 -
1287 4577 1328 4627 29,
1347 4583 1382 4627 eat
1397 4590 1473 4640 cquae
1483 4579 1512 4626 G.

196 4677 223 4686 -
243 4649 283 4701 3⁰.
301 4663 340 4700 ane
356 4663 410 4701 om.
429 4650 493 4708 EC;
511 4662 551 4699 me
567 4655 590 4699 et
606 4663 631 4700 v.
652 4677 679 4686 —
699 4651 739 4701 3t.
758 4663 812 4700 aaa
829 4650 1015 4712 ΕθΜνχψ,
1034 4651 1048 4702 3
1066 4653 1153 4700 Para:
1175 4663 1225 4700 oco
1241 4651 1300 4700 Par.
1319 4651 1343 4702 7.
1363 4655 1390 4703 et
1405 4654 1440 4714 0;
1462 4667 1515 4703 oue

194 4725 246 4774 del.
265 4725 376 4774 censeat
391 4724 453 4775 Em.
473 4727 499 4774 et
515 4725 636 4786 Scbtitz.;
655 4726 709 4776 tem
724 4727 792 4776 coni.
811 4723 937 4784 Klotzius3
956 4724 1083 4788 equidem
1099 4725 1234 4789 suspicor:
1251 4731 1351 4778 coacta.
1370 4727 1409 4779 Cl.
1423 4729 1456 4778 ad
1474 4741 1513 4779 or,

194 4811 243 4862 pro
258 4797 354 4849 Archia
371 4797 395 4861 5.
407 4798 432 4848 i,
447 4825 475 4836 -
494 4798 534 4850 32.
553 4801 580 4850 ic
595 4800 633 4850 bia
648 4801 711 4852 mei.
726 4826 753 4836 -
771 4799 891 4862 mancipii
908 4799 990 4859 Txv.
1005 4825 1032 4836 -
1051 4799 1091 4850 33.
1110 4797 1221 4862 magere
1236 4797 1303 4850 debet
1318 4815 1344 4851 v.
1358 4826 1387 4839 —
1405 4800 1446 4854 dl.
1459 4817 1516 4853 con-

194 4871 300 4933 sultaque
316 4874 347 4922 G.
367 4897 394 4908 -
417 4874 502 4924 coarat
520 4871 663 4926 delendum
687 4888 748 4927 esse
766 4875 899 4940 perspexit
915 4872 1060 4937 Madvigius
1076 4875 1103 4925 in
1119 4874 1229 4936 Appecd.
1247 4875 1302 4926 ait.
1321 4877 1355 4926 cd
1371 4877 1467 4940 Disput.
1487 4879 1516 4927 de

196 4949 225 5008 Q.
241 4947 345 4996 decocto
365 4958 425 5010 pag.
443 4949 485 5000 eo.
513 4949 596 5000 «Cum
619 4950 641 4999 ir
658 4951 812 5014 potissimam
833 4947 918 4999 conati
934 4948 1044 5007 dicitur,
1068 4960 1120 4998 uon
1137 4947 1164 4998 id
1181 4948 1354 5011 significatur,
1378 4949 1515 5002 consulem

195 5023 301 5085 praeter
318 5023 423 5073 ceteros
439 5021 584 5074 defendere
601 5023 717 5086 debere,
736 5023 784 5076 sed
800 5023 865 5073 baec
881 5021 1018 5074 consulem
1034 5025 1142 5088 praeter
1152 5021 1277 5085 alterum,
1296 5021 1369 5087 quod
1384 5024 1515 5089 ineptissi-

195 5107 270 5148 mum
286 5099 340 5158 est;
359 5109 447 5161 acque
465 5100 535 5150 euim
552 5099 703 5164 quaeritur,
721 5111 785 5151 num
801 5099 846 5148 hic
861 5095 967 5159 consul,
985 5095 1033 5148 sed
1051 5109 1115 5148 aum
1132 5095 1224 5150 consul
1240 5096 1355 5150 ambitus
1370 5109 1449 5150 reum
1465 5098 1515 5149 de·

194 5171 304 5225 tendere
320 5170 442 5226 debeata
