3638 5868
460 424 532 490 no.
553 423 608 489 m.
632 421 711 491 on.
732 418 972 530 xorqxoru.
999 419 1057 508 ii·
1078 351 1268 488 aia-aio.
1473 411 1536 484 aas

218 593 305 656 dices
335 585 596 686 comprobationi
617 593 661 658 ita
689 594 730 658 M.
752 594 882 658 Antonii
910 594 1058 677 exemplo
1079 593 1171 656 istius
1194 591 1359 656 audaciam
1380 588 1536 654 defendis.
1635 548 1742 633 'A‘

218 686 313 751 XCil.
328 681 400 750 444.
414 720 456 736 -
470 688 512 750 iit
532 687 618 751 idem
638 687 714 752 iecit
734 688 897 753 Sacerdos.
911 721 953 736 -
967 688 1135 752 Hominem
1149 687 1353 751 innocentem
1368 691 1400 748 et
1414 701 1537 747 summa

216 780 385 863 prudentia
409 781 588 864 praeditum
614 781 776 858 nominas3
807 782 863 846 sed
886 791 952 846 tum
974 783 1059 845 idem
1079 781 1193 845 iecisse
1215 780 1276 844 erit
1296 777 1536 850 existimandus,

215 875 243 939 si
264 874 377 938 eodem
398 875 532 938 oonsilio
553 875 673 939 iecerit.
716 880 795 939 Nam
823 896 921 962 genus
949 875 1176 940 aestimationis
1206 875 1310 958 ipsum
1333 893 1353 937 a
1373 892 1424 936 me
1444 892 1536 935 num·

215 989 311 1054 quam
333 973 381 1032 est
401 967 644 1053 reprehensum,
668 971 722 1032 sed
746 970 813 1034 eius
835 971 979 1055 aequitas
1000 977 1158 1033 aratorum
1182 968 1348 1032 commodo
1370 973 1402 1030 et
1424 965 1560 1030 volun-s

216 1071 279 1128 tate
307 1062 524 1146 perpenditur.
567 1063 639 1126 Non
667 1069 772 1147 potest
793 1064 982 1148 reprehendi
1004 1063 1070 1126 ulla
1090 1063 1285 1137 aestimatio,
1318 1079 1399 1146 quae
1421 1057 1538 1123 aratori

215 1177 280 1222 uon
309 1157 404 1221 modo
434 1156 634 1220 incommoda
662 1164 813 1232 nonest,
843 1157 1017 1222 sedetiam
1038 1164 1126 1240 grata
1148 1166 1204 1222 esi.
1249 1153 1418 1229 Sacerdos,
1446 1159 1483 1214 ui
1503 1151 1538 1212 in

215 1251 410 1337 provinciam
432 1248 534 1324 venit,
555 1249 748 1314 frumentum
770 1253 803 1314 in
825 1250 937 1315 cellam
959 1253 1135 1334 imperavit.
1180 1251 1257 1314 Cum
1280 1255 1364 1314 esset
1385 1253 1458 1310 ante
1480 1264 1539 1308 no·

213 1366 288 1410 vum
309 1345 406 1410 tritici
429 1343 552 1406 modius
575 1343 713 1407 denariis
736 1345 897 1428 quinque,
924 1345 1107 1429 petiverunt
1127 1345 1166 1407 ab
1189 1362 1229 1407 eo
1251 1344 1408 1417 civitates,
1429 1347 1466 1403 ut
1486 1357 1539 1401 ae-

215 1441 364 1504 stimaret.
407 1437 582 1501 Remissior
610 1437 773 1522 aliquanto
802 1439 871 1502 cius
898 1438 959 1502 iuit
979 1439 1156 1503 aestimatio
1179 1456 1275 1523 quam
1296 1454 1437 1501 annona:
1464 1443 1575 1498 narnia

214 1533 392 1598 aestimarit
420 1531 556 1596 denariis
586 1533 639 1596 lli.
682 1533 780 1596 Vides
806 1533 938 1597 eandem
961 1533 1213 1597 aestimationem
1234 1538 1365 1616 propter
1385 1527 1539 1611 temporis

215 1625 506 1691 dissimilitudinem
535 1625 568 1688 in
591 1625 647 1689 illo
670 1626 773 1690 laudis
795 1647 922 1691 causam
947 1626 1081 1701 habere,
1109 1627 1144 1689 in
1170 1634 1202 1689 te
1232 1625 1389 1699 criminis,
1419 1624 1452 1686 in
1480 1621 1538 1684 illo

213 1717 376 1796 beneficii,
399 1721 433 1783 in
455 1727 487 1782 te
509 1719 655 1783 iniuriae.
699 1715 734 1782 ai
741 1717 770 1784 5.
792 1721 912 1784 Eodem
933 1730 1076 1803 tempore
1091 1721 1250 1784 Antonius
1273 1716 1411 1782 denariis
1427 1716 1471 1778 lll
1486 1733 1539 1779 ae·

214 1815 354 1880 elimavit
373 1821 448 1898 post
468 1833 603 1876 messem
626 1833 747 1878 summa
768 1815 801 1877 in
822 1814 957 1889 vilitate,
992 1834 1063 1877 oum
1085 1822 1225 1879 aratores
1247 1813 1440 1877 frumentum
1462 1811 1538 1874 dare

214 1909 310 1992 gratis
339 1908 478 1971 mallent.
521 1909 562 1969 Et
594 1907 698 1972 aiebat
727 1930 762 1972 se
783 1908 936 1972 tantidem
959 1908 1158 1983 aestimasse,
1191 1907 1301 1992 quanti
1325 1906 1537 1981 Sacerdotem,
1547 1909 1576 1962 it

212 2022 317 2086 neque
349 2003 578 2077 mentiebatur;
608 2003 664 2065 sed
690 2003 801 2067 eadem
830 2003 1051 2066 aestimatione
1079 2002 1160 2066 alter
1187 2002 1367 2066 sublevarat
1387 2006 1539 2074 aratores,

211 2096 292 2159 alter
313 2103 477 2160 everterat.
522 2097 616 2174 Quod
638 2096 700 2160 nisi
722 2097 825 2160 omnis
845 2095 997 2159 frumenti
1018 2096 1100 2160 ratio
1123 2115 1164 2158 ex
1185 2095 1379 2179 temporibus
1401 2099 1485 2157 essct
1506 2097 1540 2156 et

211 2209 354 2266 annona,
377 2210 442 2253 non
466 2208 506 2253 ex
528 2209 660 2253 numero
683 2208 787 2275 neque
810 2210 851 2253 ex
873 2208 996 2253 summa
1018 2190 1258 2265 consideranda,
1279 2207 1452 2273 numquam
1474 2194 1537 2251 tam

211 2284 290 2370 graii
311 2283 346 2346 hi
369 2283 594 2368 sesquimodii,
626 2285 665 2360 Q.
687 2284 854 2360 Hortensi,
879 2283 1031 2358 fuissent,
1055 2305 1136 2367 quos
1158 2291 1193 2347 iu
1217 2303 1288 2347 oum
1310 2284 1349 2346 ad
1371 2301 1538 2347 mensurae

210 2384 274 2441 tam
297 2378 445 2460 exiguam
466 2377 622 2442 rationem
643 2377 764 2460 populo
786 2378 929 2441 Romano
951 2379 986 2440 in
1009 2379 1114 2461 capita
1135 2378 1375 2460 descripsisses,
1397 2376 1576 2459 gratissi-aii

211 2491 297 2534 mum
319 2471 466 2534 omnibus
488 2469 602 2533 iecisti.
640 2471 759 2535 Caritas
782 2471 868 2534 enim
890 2491 1034 2536 annonae
1057 2471 1208 2547 faciebat,
1230 2480 1266 2534 ut
1280 2471 1379 2545 istuc,
1403 2469 1489 2553 quod
1503 2487 1537 2532 re

210 2586 343 2650 parrum
364 2564 543 2640 videbatur,
565 2573 709 2648 tempore
731 2585 880 2648 magnum
894 2565 1064 2629 videretur.
1096 2567 1185 2629 Idem
1205 2567 1289 2629 istuc
1311 2564 1338 2627 si
1361 2565 1394 2626 in
1415 2561 1538 2625 vilitate

210 2661 331 2744 populo
354 2660 495 2722 Romano
518 2658 625 2741 largiri
646 2657 821 2733 voluisses,
851 2658 991 2722 derisum
1013 2667 1103 2723 tuum
1124 2657 1314 2724 heneficium
1336 2663 1421 2722 esset
1441 2664 1538 2740 atque

212 2759 437 2836 contemptum.
480 2752 594 2816 xciii.
624 2748 696 2816 aio.
724 2753 798 2816 Noli
823 2753 919 2836 igitur
940 2752 1044 2816 dicere
1067 2755 1163 2818 isium
1184 2755 1269 2818 idem
1290 2753 1421 2827 iecisse,
1451 2751 1538 2836 quod

212 2849 432 2921 Sacerdotem,
467 2847 619 2930 quoniam
646 2867 712 2911 non
741 2848 853 2911 eodem
881 2855 1024 2930 tempore
1053 2869 1160 2933 nequo
1187 2848 1282 2912 simili
1304 2847 1380 2912 lecit
1401 2859 1575 2912 annonast

209 2942 314 3006 Dicito
343 2941 469 3024 potius,
500 2941 652 3024 quoniam
681 2940 778 3005 habes
800 2946 963 3005 auctorem
985 2942 1155 3019 idoneum,
1185 2944 1273 3027 quod
1293 2942 1451 3006 Antonius
1471 2959 1537 3004 uuo

208 3036 347 3099 adventu
369 3042 401 3099 ct
420 3035 475 3098 vix
497 3034 667 3098 menstruis
691 3036 818 3100 cibariis
839 3035 968 3110 iecerit,
990 3036 1024 3098 id
1043 3035 1140 3100 istum
1155 3034 1398 3120 pertriennium
1412 3034 1537 3108 iecisse,
1623 3043 1624 3048 ’

211 3136 242 3192 et
261 3128 354 3192 istius
376 3128 589 3193 innocentiam
611 3130 653 3192 ii.
675 3130 806 3193 Antonii
826 3129 911 3193 lacto
933 3137 1029 3214 atque
1051 3133 1239 3196 auctoritate
1255 3128 1429 3193 defendite.
1457 3130 1538 3191 Nam

211 3223 250 3285 de
273 3223 371 3286 Sexto
394 3223 523 3306 quidem
546 3223 729 3297 Peducaeo,
751 3222 924 3306 fortissimo
948 3231 1044 3307 atque
1066 3224 1326 3288 innocentissimo
1348 3222 1436 3298 viro,
1459 3221 1538 3309 quid

210 3314 342 3379 dicetis‘i
365 3316 404 3378 de
427 3335 491 3401 quo
515 3317 587 3402 quis
610 3336 762 3402 umquam
783 3323 888 3380 arator
910 3324 1042 3402 questus
1066 3320 1135 3381 esti
1156 3326 1212 3382 aut
1233 3319 1307 3402 quie
1327 3335 1393 3380 non
1414 3317 1455 3380 ad
1476 3315 1575 3382 hocas

211 3634 258 3684 iii:
277 3647 335 3684 cum
350 3638 450 3684 seratam
462 3633 618 3696 populosque
633 3635 662 3684 ii.
677 3647 767 3696 paceio
782 3634 997 3698 comprobaverint
1012 3634 1115 3700 legitur.
1142 3637 1233 3700 itaque
1249 3635 1342 3688 iudices
1353 3634 1537 3701 explicandum

210 3710 339 3762 arbitror:
357 3710 431 3772 orosi
447 3710 539 3760 iudices
554 3711 581 3759 in
597 3723 676 3760 causo
690 3710 726 3761 ili.
744 3711 845 3761 Antonii
860 3713 976 3762 sedentes.
1006 3709 1111 3762 Codicis
1127 3710 1196 3774 4344
1213 3711 1373 3776 scripturam
1390 3711 1537 3776 azumpiio

210 3789 347 3851 receptam
361 3787 505 3850 propterea
522 3784 657 3849 improbo,
680 3785 753 3850 qnod
775 3787 830 3836 tres
851 3785 910 3836 iliae
927 3789 1072 3850 potestates
1090 3785 1151 3837 alibi
1167 3787 1207 3838 sic
1222 3788 1328 3838 iunctae
1344 3800 1399 3839 non
1416 3800 1538 3839 comme·

209 3863 355 3913 moraniur.
370 3859 410 3924 [V,
429 3863 459 3910 ut
468 3861 583 3910 Bruanio
596 3859 710 3920 videtur,
723 3861 762 3912 sic
773 3859 869 3910 hebet:
887 3861 1032 3913 SENATVS
1046 3862 1186 3912 POPVLVS
1200 3863 1267 3913 IVD.
1281 3863 1535 3924 CONPROBARINV3

210 3937 330 3988 tirmaiur
355 3936 432 4001 igitur
453 3934 531 3986 lectio
553 3949 569 3986 a
589 3937 709 4001 Zumptio
726 3950 759 3988 er
782 3938 842 3988 cod.
861 3938 922 4002 Lag.
941 3933 973 3988 44
994 3937 1123 4002 recepta]
1144 3964 1171 3974 -
1191 3937 1215 3988 i.
1233 3939 1269 3988 is.
1286 3937 1355 4005 Acii
1371 3951 1537 4004 praenomen

209 4013 311 4078 primus
328 4025 361 4062 er
378 4013 409 4062 N.
428 4012 530 4076 recepti
546 4011 636 4076 steph.
657 4012 700 4076 iii.
718 4012 809 4063 Anioni
824 4013 865 4076 V.)
889 4040 916 4049 -
943 4013 967 4063 4.
987 4013 1021 4062 od
1037 4012 1102 4062 idern
1118 4012 1149 4062 V.
1174 4040 1201 4049 -
1229 4013 1255 4064 0.
1274 4013 1397 4065 Socerdm
1412 4011 1446 4064 al.
1465 4011 1536 4077 apud

210 4086 302 4139 lamb.
320 4085 346 4136 in
364 4097 448 4150 marg.
469 4083 540 4137 itai.
563 4114 590 4123 -
609 4086 632 4137 3.
652 4091 735 4138 tomen
752 4088 816 4137 iden
832 4086 914 4151 4344;
937 4091 965 4138 ia
980 4089 1045 4139 idern
1061 4089 1203 4140 Martianus
1221 4087 1328 4154 Capella
1344 4103 1370 4154 p.
1390 4089 1446 4141 iai.
1465 4091 1536 4140 Groi.

211 4161 245 4226 (p.
264 4161 319 4213 446.
338 4160 381 4212 ed.
399 4161 493 4225 ilopp.l
514 4188 541 4197 -
568 4161 756 4212 emisiwnoodos
772 4163 800 4212 et
817 4161 912 4212 deinde
928 4162 1036 4226 [comnis
1051 4164 1082 4214 V.
1103 4165 1164 4229 (Er.)
1183 4193 1211 4202 -
1238 4165 1262 4215 t.
1280 4165 1326 4216 iiio
1342 4171 1402 4216 aest.
1420 4179 1458 4228 φ;
1484 4165 1538 4214 ulio

210 4236 369 4286 eaisiumsiio
386 4237 416 4286 V.
436 4236 497 4300 (tir.)
525 4262 552 4271 -
579 4237 603 4286 i.
622 4251 673 4287 coo
694 4239 754 4288 anie
776 4238 849 4287 modo
867 4250 920 4288 om.
940 4237 1004 4290 deii.
1023 4240 1101 4303 Legg.
1129 4266 1158 4277 -
1185 4240 1209 4289 9.
1228 4239 1470 4305 memoratoque]
1494 4241 1541 4290 XV

210 4308 279 4373 4344
297 4309 405 4373 (proli,
425 4311 441 4360 i.
456 4323 479 4360 e.
499 4309 623 4372 denariis,
644 4312 693 4377 V);
712 4314 813 4362 denaris
828 4326 889 4362 nom
906 4313 960 4377 (sic)
972 4314 1009 4374 V;
1027 4313 1111 4364 SSXV
1123 4311 1167 4364 vel
1183 4313 1281 4364 HSXV
1294 4314 1372 4367 codd.
1391 4314 1495 4379 reliqui.
1510 4343 1535 4354 -

207 4385 332 4447 petierunt
348 4382 380 4432 od
396 4398 424 4435 eo
441 4385 501 4448 (non
518 4387 609 4450 eodem)
627 4388 739 4437 deitates
754 4393 782 4437 ui
798 4393 949 4440 ceeimoarei
964 4388 996 4440 V.
1023 4413 1051 4426 ·-
1079 4391 1119 4440 iu.
1138 4403 1254 4440 anooncw
1269 4389 1539 4454 iginiisonnosom

210 4459 241 4516 V,
260 4458 308 4508 sed
326 4471 352 4506 m
369 4463 508 4524 expuncta.
524 4487 549 4496 —
571 4461 611 4512 ii.
625 4463 773 4528 aestimauit]
790 4463 929 4514 aestimatio
940 4464 971 4514 V.
987 4491 1014 4501 -
1034 4465 1134 4514 demtis
1149 4465 1185 4515 ill
1199 4465 1236 4524 V3
1254 4465 1284 4516 X.
1296 4467 1334 4517 lil
1346 4465 1416 4531 4344
1427 4469 1462 4528 N,
1481 4466 1537 4527 allis

209 4533 248 4585 iii
261 4532 342 4597 4349;
360 4533 418 4584 ΧΙΙΙ
433 4534 448 4584 6
465 4535 543 4598 lagg.
562 4535 627 4586 dett.
645 4565 672 4575 -
692 4537 731 4587 i3.
750 4539 867 4604 tempore]
881 4537 923 4601 ῥῗ.
941 4539 1010 4604 4349
1022 4538 1066 4598 44;
1085 4545 1194 4603 tenpore
1207 4542 1370 4603 praeteriti
1388 4543 1486 4606 [iteoe‘i
1503 4540 1537 4592 de

209 4611 288 4673 4ιι33.
307 4607 348 4659 49.
367 4607 407 4659 44.
426 4613 498 4661 cerie
516 4610 587 4674 opud
604 4613 754 4677 Zumptium
772 4618 889 4665 erratum
907 4616 965 4677 est].
986 4641 1013 4652 —·
1041 4615 1096 4664 den.
1114 4615 1158 4680 iii]
1174 4615 1203 4666 Χ.
1217 4615 1259 4666 iii.
1277 4615 1360 4680 4344;
1378 4618 1415 4668 ill
1429 4618 1548 4684 denariis·

210 4685 275 4737 Oet
290 4681 379 4747 vulgo.
401 4711 427 4721 -
455 4684 494 4737 ii.
512 4687 619 4736 utilitate
636 4688 713 4752 4344.
735 4715 762 4724 -
788 4691 871 4754 aratis
887 4691 949 4741 dore
965 4688 1029 4740 deti.
1050 4717 1077 4727 -
1100 4691 1140 4740 io.
1158 4691 1261 4742 malleat
1276 4691 1394 4756 4344φι
1412 4691 1539 4742 molebant

209 4758 267 4813 rell.
285 4760 314 4809 0.
335 4787 363 4796 -
391 4761 430 4811 iu.
449 4762 536 4812 eadem
553 4763 635 4826 4344ε
660 4765 747 4815 eaden
761 4765 812 4816 isio
827 4763 883 4816 rell.
903 4766 932 4817 0.
954 4793 979 4803 -
1006 4765 1045 4816 ii.
1064 4765 1138 4831 qaod]
1160 4767 1221 4830 quio
1236 4767 1314 4832 4344.
1336 4793 1363 4804 -
1386 4781 1420 4817 ec
1436 4779 1538 4816 annoso

209 4836 287 4902 4344.
309 4862 336 4872 —
363 4836 404 4887 49.
422 4837 503 4902 proiit
518 4836 626 4904 (motuis
641 4839 682 4904 29)
699 4841 860 4904 acrpuanodii
875 4841 945 4906 4349
957 4839 988 4892 44
1006 4841 1161 4906 (mossiacdii
1177 4843 1192 4893 6
1209 4844 1289 4908 4433.
1307 4841 1374 4908 rell.)
1394 4871 1421 4880 -
1440 4841 1538 4905 4414-

210 4913 244 4962 cit
258 4917 287 4963 ot
302 4911 368 4962 istud
385 4909 461 4974 4344.
483 4939 510 4950 -
532 4925 561 4963 re
577 4927 630 4964 om.
649 4913 730 4966 idem.
751 4941 778 4953 -
803 4917 844 4968 44.
860 4929 972 4978 paruom
988 4916 1070 4980 4349;
1091 4930 1186 4980 pamm
1203 4915 1244 4969 ia.
1265 4945 1293 4955 -
1310 4919 1409 4968 videtur·
1423 4917 1493 4981 4349
1505 4914 1537 4967 44

210 4987 270 5038 ΑΒ.
290 4987 378 5051 [llecie
396 4985 507 5054 utiquo]
534 5014 561 5022 —
587 4991 661 5052 iernp.
678 5003 712 5040 m.
730 4991 810 5042 uider.
829 5003 882 5041 orn.
901 4991 979 5055 4344.
1002 5018 1027 5028 -
1048 4991 1111 5042 irinc
1126 4993 1154 5042 in
1168 4992 1276 5042 utilitate
1292 4992 1372 5043 idem.
1394 5019 1421 5029 -
1439 4991 1480 5041 45.
1493 5003 1537 5041 eo-

210 5063 265 5113 dem
281 5062 368 5128 igin:
386 5077 415 5114 eo
430 5061 488 5115 rell.
508 5092 536 5105 -
554 5064 632 5115 simile
648 5064 725 5130 4344.
747 5093 774 5103 -
793 5078 895 5116 oannem
914 5064 981 5129 4344
993 5067 1029 5116 N:
1048 5079 1115 5116 oneo
1132 5064 1186 5117 rell
1206 5093 1233 5103 -
1252 5067 1292 5118 44.
1311 5065 1342 5131 ei]
1359 5077 1392 5116 ec
1407 5064 1485 5131 4344.
1506 5091 1534 5106 -
1647 5099 1651 5108 ·

208 5137 300 5192 dions
315 5138 397 5192 idem.
418 5167 445 5180 -
463 5139 504 5192 48.
522 5139 674 5193 lascessitus
689 5139 771 5192 idem.
792 5167 820 5180 -
838 5139 879 5192 iiii.
897 5141 982 5194 dicetis
998 5139 1027 5204 i,
1045 5141 1083 5196 N:
1102 5141 1184 5194 dicitis
1198 5141 1256 5196 reii.
