3648 5888
268 397 309 464 74
584 404 736 472 ORATIO
757 410 838 526 PRO
858 411 897 489 Q.
918 412 1066 479 ROSCIO
1089 413 1285 480 COMOEDO

267 572 349 638 ieret
369 577 507 654 tabulae
535 580 677 663 proferet
697 601 769 646 snas
792 601 921 666 quoque
942 585 1086 649 Roscius.
1127 585 1197 648 Erit
1224 585 1259 647 in
1279 583 1366 648 illius
1388 585 1503 650 tabulis
1524 585 1587 652 hoc

268 689 402 746 nomen,
431 680 464 736 at
490 675 522 738 in
551 675 647 740 buius
669 696 734 739 non
757 676 826 739 erit.
869 673 899 740 2.
923 678 986 742 Cur
1005 679 1114 763 potius
1136 679 1221 743 illius
1245 700 1341 764 quam
1361 680 1457 744 huius
1480 684 1588 746 crede-

268 768 343 827 turi
365 797 408 814 -·
429 768 615 852 Scripsisset
634 770 705 846 ille,
728 771 755 834 si
778 788 844 833 non
865 770 953 835 iussu
974 773 1071 837 buius
1086 794 1261 856 expensum
1283 774 1433 838 tulisset?
1453 809 1495 824 -
1516 778 1588 840 Non

268 858 448 942 scripsisset
467 862 536 939 hic,
559 864 646 948 qnod
668 865 727 928 sibi
750 883 925 947 expensum
940 867 1014 930 leni
1029 868 1195 932 iussisset?
1227 872 1307 933 Nam
1321 870 1588 953 quemadmodum

242 959 359 1036 tturpe
382 963 431 1019 est
451 958 605 1035 scribere,
635 962 722 1045 quod
743 984 809 1030 non
832 961 999 1038 debeatur,
1028 963 1073 1026 sic
1100 963 1280 1046 improbum
1302 972 1436 1028 estnon
1459 965 1588 1040 referre,

265 1049 353 1130 quod
375 1050 501 1116 debeas.
543 1054 654 1139 Aeque
677 1058 762 1148 enim
785 1060 912 1126 tabulae
935 1057 1187 1122 condemnantur
1208 1059 1293 1135 eius,
1314 1060 1371 1143 qui
1390 1079 1501 1122 verum
1522 1079 1589 1123 non

263 1143 403 1218 rettulit,
426 1147 564 1222 eteius,
588 1150 643 1234 qui
664 1149 779 1215 falsum
802 1153 996 1239 perscripsit.
1033 1153 1095 1215 Sed
1118 1172 1176 1235 ego
1198 1154 1291 1237 eopia
1305 1161 1338 1219 et
1351 1154 1500 1219 facultate
1515 1173 1589 1218 cau-

263 1254 317 1298 sae
349 1236 485 1304 confisus
513 1242 586 1306 vida
614 1265 679 1329 quo
708 1251 902 1331 progrediar.
957 1248 991 1311 Si
1023 1247 1146 1311 tabulas
1178 1247 1211 1312 C.
1240 1249 1380 1312 Fannius
1413 1250 1535 1332 accepti
1556 1255 1589 1312 et

262 1333 395 1413 expensi
423 1335 543 1417 profert
570 1359 661 1416 suas,
691 1341 725 1404 in
755 1363 845 1408 suam
866 1364 933 1408 rem
955 1362 1013 1406 suo
1039 1342 1192 1406 arbitratu
1214 1343 1363 1426 scriptas,
1395 1363 1460 1428 quo
1482 1343 1587 1406 minus

223 1429 436 1492 sesecundum
457 1431 546 1495 illum
568 1434 732 1512 iudicetis,
761 1460 825 1502 non
847 1459 970 1503 recuso.
1021 1435 1050 1500 3.
1074 1437 1153 1512 Quis
1174 1437 1236 1500 hoc
1258 1436 1356 1500 trater
1376 1437 1483 1511 fratri,
1515 1437 1587 1520 quie

261 1538 376 1601 parens
397 1520 462 1587 filio
485 1527 609 1604 tribuit,
632 1537 685 1606 ut,
709 1535 934 1619 quodcumque
956 1533 1149 1608 rettulisset,
1172 1533 1205 1595 id
1227 1539 1331 1595 ratum
1352 1531 1505 1595 baberet?
1527 1533 1588 1594 lta-

261 1619 328 1675 tum
349 1615 478 1683 habebit
499 1623 643 1688 Roscius.
677 1627 795 1691 Proser.
831 1628 925 1704 Quod
940 1627 995 1690 tibi
1015 1627 1111 1689 fuerit
1124 1645 1328 1709 persuasum,
1348 1625 1424 1689 huic
1440 1626 1501 1688 crit
1516 1634 1590 1708 per-¹

262 1729 407 1786 suasum;
443 1716 529 1798 quod
561 1718 618 1781 tibi
651 1719 748 1784 fuerit
777 1723 961 1806 probatum,
993 1720 1068 1783 huic
1091 1720 1152 1782 erit
1171 1719 1350 1802 probatum.
1393 1719 1492 1782 Paulo
1513 1726 1587 1782 ante

262 1803 304 1866 Μ.
332 1805 532 1890 Perpennae,
563 1814 596 1877 P.
621 1815 738 1879 Saturii
771 1817 895 1881 tabulas
928 1814 1154 1899 poscebamus:
1186 1832 1271 1876 nunc
1302 1821 1390 1888 tuas,
1425 1813 1457 1876 C.
1486 1813 1586 1875 Fanni

225 1908 253 1955 44
264 1896 418 1977 Chaerea,
441 1905 540 1970 solius
564 1909 743 1991 flagitamus
768 1919 817 1987 et,
842 1909 1033 1996 quominus
1056 1908 1231 1969 secundum
1253 1926 1306 1970 eas
1329 1906 1368 1969 lis
1391 1907 1499 1981 detur,
1522 1925 1588 1969 non

262 2011 454 2061 recusamus.
498 1997 528 2064 l.
559 2003 645 2079 Quid
667 2006 712 2068 ita
732 2027 797 2070 non
819 2005 967 2089 proteret
988 2035 1029 2048 -
1059 2001 1129 2063 Non
1153 1997 1279 2064 conficit
1300 2001 1451 2064 tabulasi
1487 2001 1586 2064 lmmo

263 2085 516 2171 diligentissime.
548 2098 620 2159 Non
642 2098 739 2162 refert
759 2119 857 2182 parva
879 2097 1010 2162 nomina
1031 2096 1063 2157 in
1079 2095 1230 2157 codicesi
1261 2095 1362 2158 immo
1378 2115 1488 2158 omnes
1503 2114 1589 2158 sum-

262 2201 338 2245 mas.
372 2186 456 2250 Leve
479 2195 511 2251 et
532 2197 628 2253 tenue
649 2192 712 2255 hoc
733 2195 871 2256 numeni
905 2188 963 2250 fle
980 2208 1108 2250 cccrooo
1130 2196 1213 2251 sunt.
1243 2188 1413 2264 Quomodo
1429 2188 1485 2252 tibi
1500 2195 1589 2252 tanta

261 2281 398 2361 pecunia
420 2283 674 2349 extraordinaria
695 2286 797 2349 iacet‘i
820 2285 982 2370 quomodo
1005 2283 1065 2347 HS
1089 2299 1216 2343 cocrooo
1239 2283 1273 2345 in
1295 2283 1405 2346 codice
1419 2284 1541 2367 accepti
1557 2290 1589 2346 et

223 2382 253 2432 44
262 2374 394 2456 expensi
422 2395 488 2439 non
516 2382 615 2442 sunti
658 2380 719 2442 Pro
751 2382 784 2445 di
810 2379 1022 2453 immortales,
1054 2399 1165 2441 essene
1195 2397 1389 2463 quemquam
1418 2385 1506 2442 tanta
1532 2397 1588 2440 au·

262 2468 353 2532 dacia
373 2471 568 2551 praeditum,
594 2475 668 2558 qui,
692 2478 779 2557 quod
802 2496 919 2540 nomen
941 2475 1057 2538 reterre
1079 2472 1113 2534 iu
1135 2471 1258 2535 tabulas
1281 2472 1406 2544 timeat,
1426 2471 1460 2534 id
1479 2479 1588 2554 petere

261 2563 393 2638 audeat,
417 2565 504 2647 quod
525 2566 561 2629 in
582 2569 725 2632 codicem
747 2570 905 2633 iniuratus
926 2570 1044 2633 referre
1059 2566 1179 2640 uoluit,
1201 2565 1233 2628 id
1251 2566 1356 2630 iurare
1371 2567 1404 2629 in
1419 2567 1507 2631 litem
1522 2586 1588 2630 nou

262 2655 402 2732 dubitet,
434 2661 522 2743 quod
553 2662 613 2725 sibi
641 2664 778 2747 probare
807 2686 871 2728 non
899 2664 1016 2748 possit,
1049 2664 1081 2726 id
1103 2663 1294 2746 persuadere
1317 2665 1409 2728 alteri
1433 2665 1586 2728 conetur!

261 2749 301 2812 11.
324 2749 354 2813 5.
376 2753 516 2816 Nimium
539 2756 601 2820 cito
625 2759 670 2822 ait
692 2780 741 2822 me
763 2760 923 2842 indignari
946 2759 984 2821 de
1006 2758 1137 2821 tabulis:
1165 2777 1230 2821 non
1250 2757 1367 2822 habere
1391 2780 1425 2823 se
1445 2760 1508 2823 hoc
1529 2780 1588 2825 no-

222 2853 334 2910 nmen
356 2847 389 2908 in
412 2848 554 2912 codicem
576 2854 698 2935 accepti
721 2861 753 2916 et
774 2855 906 2938 expensi
921 2853 1056 2915 relatum
1070 2850 1254 2928 confitetur,
1277 2854 1381 2918 sedin
1397 2855 1586 2919 adversariis
1611 2926 1614 2932 ,

261 2947 369 3024 patere
398 2945 572 3010 contendit.
616 2947 723 3030 Usque
753 2967 833 3010 eone
863 2956 893 3011 te
921 2947 1026 3029 diligis
1048 2954 1081 3009 et
1102 2944 1266 3030 magnifice
1289 2948 1522 3032 circumspicis,
1551 2956 1589 3013 ut

260 3037 430 3120 pecuniam
451 3057 517 3101 non
539 3060 579 3104 ex
601 3041 665 3103 tuis
688 3040 820 3115 tabulis,
842 3042 898 3106 sed
920 3061 961 3104 ex
976 3041 1164 3105 adversariis
1187 3033 1298 3124 petas'l
1331 3041 1431 3105 Suum
1445 3043 1588 3105 codicem

261 3131 351 3195 testis
374 3131 446 3195 loco
468 3135 601 3198 recitare
632 3136 831 3218 arrogantiae
853 3143 918 3199 est:
941 3155 1070 3199 suarum
1088 3136 1356 3220 perscriptionum
1370 3142 1403 3198 et
1422 3135 1588 3198 liturarum

224 3287 228 3296 ,
245 3225 442 3290 ¹adversaria
456 3227 600 3312 proferre
617 3249 681 3292 non
697 3231 835 3292 amentia
850 3233 921 3293 esti
944 3228 974 3292 6.
992 3229 1087 3305 Quod
1103 3229 1129 3291 si
1147 3230 1279 3292 eandem
1294 3229 1369 3303 vim,
1392 3229 1587 3312 diligentiam

224 3321 546 3406 etauctoritatemque
574 3323 693 3386 habent
721 3324 903 3388 adversaria
925 3343 1020 3408 quam
1042 3322 1184 3397 tabulae,
1213 3323 1290 3406 quid
1311 3323 1424 3386 attinet
1445 3324 1588 3387 codicem

262 3413 443 3490 instituere,
467 3416 684 3493 conscribere,
700 3417 844 3481 ordinem
860 3436 1064 3491 conservare,
1088 3417 1259 3480 memoriae
1274 3418 1398 3480 tradere
1412 3417 1587 3481 litterarum

261 3513 474 3574 retunsona
520 3511 582 3574 Sed
605 3512 649 3587 si,
679 3512 767 3596 qnod
789 3512 978 3576 adversariis
999 3510 1080 3574 nibil
1100 3511 1274 3585 oredimus,
1303 3510 1422 3572 idcirco
1445 3510 1587 3574 codicem

264 3630 328 3646 m

326 3706 351 3756 4.
368 3705 418 3756 tte
430 3706 456 3756 F.
471 3732 499 3742 -
518 3706 543 3756 4.
556 3709 584 3756 at
598 3706 671 3756 4444444
681 3708 779 3758 omissa
790 3707 985 3772 praepositione
997 3704 1099 3766 atiFG
1109 3706 1134 3757 ll
1151 3708 1179 3756 et
1188 3708 1219 3758 A.
1237 3705 1395 3758 Emendavit
1404 3707 1433 3756 P.
1445 3705 1584 3757 blenutius.

265 3806 291 3817 —
311 3793 388 3841 pacm
401 3781 482 3846 Auito]
498 3795 574 3844 poam
589 3783 661 3832 butan
667 3781 757 3832 mbulis
772 3782 801 3833 1..
817 3809 844 3818 -
863 3781 1005 3832 medentur
1020 3781 1145 3844 scripsisse
1155 3777 1202 3841 αβ
1212 3781 1228 3832 F
1239 3782 1293 3832 Gbl
1310 3784 1341 3842 A,
1353 3779 1512 3831 cradernffl
1527 3781 1588 3830 ecsi-

256 3857 345 3918 psisset
355 3855 457 3908 Aldine.
475 3857 632 3908 Emendavit
642 3857 782 3909 Manutius.
797 3855 835 3907 Cl.
845 3869 901 3906 var.
914 3854 974 3906 lect.
986 3869 1013 3921 p.
1024 3857 1064 3906 75.
1077 3870 1102 3905 v.
1114 3857 1138 3906 4.
1159 3879 1186 3892 -
1200 3855 1225 3905 3.
1243 3857 1272 3918 a]
1289 3870 1314 3906 se
1331 3871 1359 3906 α.
1375 3881 1402 3890 -
1420 3856 1500 3906 iurata
1510 3858 1540 3907 A.
1556 3881 1584 3893 -

260 3931 353 3981 tulisset
364 3956 401 3970 -·
411 3945 546 3995 masuam
557 3947 610 3984 om.
625 3935 653 3983 G.
669 3957 697 3970 ·-
710 3933 734 3985 4.
748 3934 800 3996 bic,
820 3933 886 3996 quod
896 3959 910 3969 -
921 3958 936 3969 -
945 3932 1008 3997 terri
1023 3931 1130 3982 aneos
1141 3943 1194 3982 om.
1207 3929 1261 3991 ltu
1278 3933 1305 3982 et
1312 3933 1343 3982 A.
1358 3957 1385 3966 -
1403 3931 1470 3994 serre
1480 3933 1588 3984 instead

259 4005 287 4056 in
303 4004 380 4056 litura
397 4023 429 4070 a,
447 4009 514 4073 sem
528 4009 633 4060 etnim
644 4009 673 4058 G.
689 4035 716 4046 -
735 4009 759 4058 9.
775 4009 886 4072 profero
901 4008 929 4058 L.
944 4035 971 4044 -
991 4007 1031 4058 40.
1043 4006 1123 4069 illua]
1140 4007 1198 4058 titas
1212 4008 1329 4058 Muretus
1346 4007 1373 4057 et
1389 4007 1474 4059 limini
1492 4007 1585 4059 codex.

261 4080 299 4132 Cl.
318 4080 343 4146 fl.
356 4081 396 4134 44.
409 4084 450 4134 lb.
470 4109 496 4122 -
524 4084 564 4135 44.
582 4085 692 4136 Poenae.
709 4083 796 4148 Profer
811 4095 864 4134 cm.
879 4097 906 4134 α.
920 4111 948 4120 -
968 4083 1006 4134 aa.
1022 4082 1100 4147 puato
1116 4087 1174 4132 oste
1186 4083 1221 4134 ll.
1234 4084 1377 4146 Perpessus
1386 4083 1412 4134 P.
1426 4083 1524 4134 8444444
1534 4081 1585 4134 tab.

259 4153 293 4218 βε
309 4157 389 4221 pardo
405 4163 464 4210 eote
473 4161 509 4211 n.
519 4159 644 4222 repom
653 4159 681 4210 P.
694 4159 792 4210 Saturi
802 4157 853 4209 tab.
866 4173 894 4222 a,
909 4159 988 4222 poulo
1004 4165 1062 4209 cote
1072 4160 1107 4210 ll.
1120 4159 1245 4222 Perpeam
1256 4159 1282 4208 P.
1296 4157 1394 4208 Statori
1405 4159 1455 4210 tcb.
1469 4161 1499 4220 G,
1508 4159 1587 4221 poulo

260 4236 318 4283 uoto
333 4233 369 4284 lt.
383 4239 519 4296 popeooet
530 4249 559 4298 p.
577 4234 659 4284 catut
675 4233 725 4284 tab.
738 4235 775 4296 ll,
796 4233 873 4297 paulo
890 4238 948 4284 cote
963 4235 998 4285 44.
1012 4235 1154 4297 Perpessus
1168 4234 1195 4285 P.
1214 4234 1302 4284 setosa
1318 4233 1369 4284 tab.
1381 4236 1417 4297 A,
1432 4235 1511 4299 paulo
1527 4239 1585 4286 oote

260 4309 297 4360 ld.
314 4309 443 4371 Perpenna
458 4310 484 4360 P.
502 4309 590 4360 Saturi
610 4309 709 4360 tabulas
723 4307 816 4360 Aldina
842 4313 869 4362 et
885 4311 1072 4374 Cratendriua,
1093 4312 1171 4376 ponto
1187 4317 1247 4362 nota
1263 4325 1280 4362 a
1295 4312 1331 4363 u.
1348 4312 1477 4372 Popm
1491 4311 1518 4361 P.
1537 4309 1588 4360 So-

260 4384 312 4435 teri
327 4383 426 4435 tabutas
442 4397 504 4435 curn
522 4385 651 4448 Naugerio
668 4383 699 4446 4,
718 4385 797 4446 paulo
811 4391 882 4448 acto,
906 4387 933 4438 C.
953 4388 1019 4449 Piso,
1036 4389 1073 4438 ll.
1092 4389 1232 4451 Pomona,
1255 4389 1283 4440 P.
1301 4386 1432 4438 84444444
1447 4385 1588 4449 cracem
1665 4411 1673 4428 ·

259 4459 357 4510 tabutas
373 4460 408 4523 L,
430 4461 508 4511 Paulo
529 4465 588 4511 astte
608 4461 645 4511 n.
663 4461 803 4523 rosamo
825 4463 851 4512 P.
870 4462 968 4512 Sctaoti
984 4462 1081 4513 tabulru
1097 4464 1131 4523 0,
1154 4465 1181 4515 P.
1199 4468 1268 4522 onte,
1285 4463 1473 4524 Properas,
1491 4461 1518 4511 P.
1536 4459 1587 4510 Sc·

259 4535 321 4586 tosti
336 4535 434 4588 tobtdaa
444 4535 526 4587 Klotz.
540 4536 582 4587 ed.
598 4534 641 4586 alt.
660 4537 699 4586 De
717 4537 846 4601 scriptura
862 4537 991 4600 meana
1007 4537 1040 4588 ct.
1059 4539 1141 4588 lnscr.
1154 4535 1232 4587 Orell.
1245 4537 1302 4587 4469.
1320 4533 1418 4588 liitscbl
1435 4535 1464 4586 de
1475 4535 1587 4586 miliario

259 4610 396 4674 Popillium
412 4624 438 4676 p.
456 4611 497 4663 48.
519 4639 546 4649 ··
565 4611 605 4662 44.
623 4610 694 4662 ebera
711 4609 804 4672 adit,
822 4611 923 4662 choreae
933 4613 964 4662 A.
983 4612 1138 4664 vocativum
1148 4612 1262 4663 restituit
1273 4612 1411 4662 Manutius.
1426 4637 1454 4647 -
1472 4611 1514 4667 46.
1530 4625 1587 4662 coo·

258 4685 316 4751 tecit
331 4687 389 4736 αθ.
405 4711 432 4724 ·-
451 4686 492 4737 44.
512 4687 555 4737 «L.
574 4687 601 4736 ta
616 4687 738 4738 coenam
751 4699 804 4751 mg.
817 4685 844 4740 4.
860 4715 888 4725 -
906 4687 985 4737 mnata
995 4689 1025 4738 A.
1041 4715 1068 4726 —-
1088 4688 1127 4738 te.
1143 4688 1232 4738 ccclnr
1242 4686 1341 4751 ubique
1353 4688 1473 4750 athA,
1492 4687 1588 4738 cchur

261 4763 395 4827 (deinceps
412 4760 510 4828 ccplur)
526 4759 556 4822 β.
576 4788 604 4798 -
630 4767 695 4812 suot.
714 4762 848 4826 Quomodo]
872 4767 931 4826 pact
945 4767 1004 4812 suot
1019 4763 1141 4824 quomodo
1157 4777 1185 4812 a.
1206 4789 1233 4800 -
1251 4763 1292 4813 40.
1311 4775 1361 4814 ease
1377 4775 1430 4814 om.
1450 4777 1478 4812 α.
1498 4789 1526 4798 -
1543 4763 1583 4814 44.

259 4835 418 4899 wamel?
435 4838 528 4888 GllA.
547 4836 683 4901 (iniuratus
698 4837 751 4888 iam
768 4836 879 4902 Aldina.)
899 4863 927 4874 -
947 4837 1020 4888 «tort.
1038 4838 1114 4888 notit»
1132 4849 1185 4899 mg.
1204 4835 1231 4890 O.
1258 4836 1296 4888 Cf.
1315 4836 1418 4901 iladvig
1434 4836 1467 4886 ad
1481 4836 1535 4888 cic.
1552 4835 1586 4886 de

260 4914 333 4965 Finn.
351 4925 378 4977 p.
396 4911 446 4964 ate
463 4925 504 4976 sq.
525 4939 553 4950 —
578 4912 620 4964 44.
642 4913 687 4977 cit]
712 4918 757 4964 aut
778 4911 840 4974 tibi.
860 4940 888 4949 —
915 4913 1037 4977 indepare
1057 4915 1087 4963 A.
1115 4910 1254 4976 (indipiscet
1279 4913 1360 4964 etiam
1381 4910 1538 4975 aaron.)
1557 4935 1585 4948 -

260 4987 470 5040 25.coceso1.:
496 4987 579 5038 codice
595 5000 658 5038 cum
675 4986 748 5038 libris
764 4987 850 5042 Ate.
874 4988 914 5040 Ci.
933 4988 957 5052 S.
976 4990 999 5039 9.
1020 5014 1047 5022 -
1066 4989 1106 5038 44.
1125 4986 1167 5037 sed
1183 4989 1335 5040 advesariis
1351 4991 1415 5050 GA,
1438 4990 1480 5040 ced
1496 4989 1588 5039 aduo-

260 5065 326 5116 carit
341 5062 430 5126 adit.
458 5063 614 5116 Emendavit
633 5062 785 5115 Lambinus.
802 5093 829 5101 -
847 5063 888 5116 48.
907 5063 1059 5131 coopertio
1074 5067 1108 5114 ast
1124 5073 1177 5126 mg.
1190 5061 1217 5117 t.
1232 5090 1260 5099 -
1277 5063 1319 5115 49.
1337 5065 1461 5116 omuino
1476 5068 1511 5115 est
1525 5061 1589 5113 lilo-

261 5140 328 5194 tzius
345 5139 388 5194 ed.
401 5139 446 5196 alt.
461 5167 489 5180 -
507 5141 548 5198 44.
567 5141 680 5196 odiam
695 5151 796 5194 saum
811 5139 846 5193 u.
