3684 5862
610 444 683 512 cn.
704 443 919 512 arv-xm.
946 441 1004 530 44.
1026 439 1175 512 44-44.
1510 435 1546 507 u

229 621 317 683 une
337 613 417 679 vitia
436 613 556 680 luerint
576 615 611 679 in
632 616 730 680 unico
750 612 837 693 lilio,
861 637 960 701 quare
981 617 1009 680 is
1030 617 1113 700 patri
1135 614 1328 703 displiceret
1369 617 1411 678 At
1430 615 1553 701 perspi·

230 733 326 777 cuum
347 718 397 776 est
416 711 539 776 nullum
560 711 672 776 fuisse.
705 714 797 776 Pater
810 711 909 796 igitur
922 731 1046 786 amens,
1069 711 1124 795 qui
1140 711 1260 776 odisset
1274 731 1347 775 enm
1362 711 1432 774 sine
1447 729 1553 784 causa,

229 828 325 894 quem
356 809 562 890 procrearat?
605 809 647 870 At
673 807 702 870 is
731 806 860 892 quidem
887 805 949 869 luit
978 805 1118 870 omnium
1141 806 1427 870 constantissimus.
1468 805 1553 886 Ergo

229 904 311 968 illud
332 903 396 967 iam
416 902 621 986 perspicuum
644 900 787 986 profecto
811 909 875 977 est,
903 901 931 965 si
952 919 1058 986 neque
1079 921 1187 965 amens
1209 908 1300 984 pater
1320 920 1425 986 neque
1447 897 1554 982 perdi-

229 1005 281 1062 tus
312 994 399 1061 filius
429 995 542 1070 inerit,
574 1015 680 1081 neque
704 997 771 1060 odii
800 1014 928 1060 causam
956 997 1038 1080 patri
1069 1015 1110 1058 ne
1156 1015 1174 1058 e
1204 995 1333 1058 sceleris
1354 991 1421 1058 lilio
1442 995 1592 1062 1414444

130 1077 133 1084 ’
229 1093 298 1157 XV.
321 1076 387 1177 la(
393 1092 525 1166 Nescio,
547 1092 670 1176 inquit,
693 1111 775 1178 quae
798 1110 894 1155 causa
915 1089 981 1153 odii
1002 1089 1115 1154 luerit:
1146 1088 1245 1154 finisse
1268 1089 1379 1153 odium
1399 1087 1554 1172 intelligo,
1622 1091 1714 1188 ,Αἰ

229 1188 307 1272 quia
327 1196 437 1263 antea,
467 1207 539 1250 cum
562 1186 643 1250 duos
666 1182 749 1249 lilios
770 1186 916 1260 haberet,
944 1184 1036 1248 illum
1064 1183 1215 1259 alterum,
1244 1184 1300 1268 qni
1322 1191 1467 1248 mortuus
1489 1189 1555 1257 est,

230 1301 339 1347 secum
368 1283 455 1346 omni
483 1289 628 1364 tempore
658 1281 785 1344 volebat
812 1299 895 1355 esse,
927 1279 1013 1343 hunc
1035 1279 1069 1341 in
1096 1279 1228 1362 praedia
1248 1278 1368 1342 rustica
1388 1278 1555 1361 relegarat.

231 1375 326 1454 Quod
353 1377 471 1440 Erucio
504 1375 670 1440 accidebat
697 1375 731 1437 in
760 1374 843 1438 mala
864 1375 1096 1458 nugatoriaque
1117 1374 1339 1448 accusatione,
1370 1372 1456 1436 idem
1478 1371 1555 1435 milri

228 1493 291 1536 usu
312 1471 456 1536 venitin
478 1489 575 1534 eausa
597 1470 729 1551 optima.
771 1469 846 1544 llle,
876 1469 1037 1553 quomodo
1061 1470 1180 1532 crimen
1203 1468 1458 1532 commenticium
1480 1485 1594 1535 con-le

229 1563 381 1640 firmaret,
414 1585 480 1629 non
508 1563 707 1628 inveniebat:
738 1583 813 1647 ego,
845 1584 897 1628 res
918 1571 983 1628 tam
1004 1564 1089 1629 leves
1112 1584 1177 1648 qua
1197 1565 1321 1627 ratione
1342 1558 1496 1625 infirmem
1518 1581 1556 1624 ae

230 1661 370 1736 diluam,
390 1659 530 1743 reperire
552 1677 618 1722 non
639 1679 781 1743 possum.
824 1653 875 1721 43.
899 1658 984 1735 Quid
1005 1659 1070 1734 ais,
1093 1658 1212 1722 Eruci‘l
1244 1660 1305 1721 Tot
1325 1655 1470 1741 praedia,
1491 1661 1557 1718 tam

229 1755 379 1840 pulchra,
407 1761 473 1817 tam
500 1751 664 1818 fructuosa
693 1753 766 1817 Sex.
789 1753 923 1818 Roscius
950 1749 1016 1816 lilio
1039 1773 1099 1817 suo
1121 1752 1326 1836 relegationis
1347 1772 1385 1815 ac
1406 1748 1557 1835 supplicii

229 1849 332 1934 gratia
353 1847 487 1912 colenda
508 1867 545 1912 ac
568 1848 686 1911 tuenda
706 1847 905 1912 tradiderat?
949 1847 1059 1923 Quid?
1086 1849 1149 1912 hoe
1176 1854 1284 1932 patres
1315 1846 1469 1921 familias,
1500 1844 1556 1929 qui

230 1944 349 2009 liberos
370 1941 503 2016 habant,
525 1942 710 2026 praesertim
731 1942 877 2005 homines
898 1940 986 2006 illius
1008 1942 1149 2020 ordinis,
1173 1963 1214 2006 ex
1228 1941 1410 2026 municipiis
1424 1941 1558 2004 rustica-
1567 1955 1596 2005 44

230 2039 300 2113 nis,
328 2056 436 2100 nonne
458 2037 692 2119 optatissimum
713 2035 775 2098 sihi
795 2043 911 2119 putant
931 2055 1020 2112 esse,
1048 2033 1132 2102 filios
1154 2057 1231 2102 suos
1253 2037 1300 2100 rei
1321 2034 1470 2100 familiari
1492 2055 1558 2100 ma·

230 2133 317 2198 xime
338 2131 456 2195 servire
478 2138 511 2194 et
540 2130 574 2193 in
596 2130 736 2212 praediis
758 2128 901 2194 colendis
924 2149 1040 2214 operae
1062 2133 1237 2216 plurimum
1259 2131 1422 2216 studiique
1444 2149 1559 2193 consu·

229 2227 342 2292 merel
386 2220 438 2287 44.
463 2225 514 2286 An
540 2223 724 2288 amandarat
748 2223 834 2287 hunc
862 2225 923 2300 sic,
953 2232 990 2289 ut
1012 2232 1097 2290 esset
1123 2225 1158 2290 in
1179 2245 1256 2310 agro
1278 2246 1316 2290 ac
1336 2222 1557 2289 tantummode

230 2322 368 2386 aleretur
393 2319 434 2383 ad
460 2317 591 2382 villam?
623 2325 659 2381 ut
687 2317 863 2383 commodis
892 2321 1040 2383 omnibus
1062 2323 1205 2383 careret?
1242 2320 1352 2396 Quid‘l
1384 2319 1412 2382 si
1434 2322 1559 2381 constat

227 2417 314 2480 hunc
334 2433 401 2478 non
422 2413 518 2478 modo
541 2412 683 2477 colendis
705 2414 844 2497 praediis
858 2413 1054 2497 praefuisse,
1077 2415 1133 2478 sed
1148 2415 1242 2478 certis
1256 2414 1364 2477 lundis
1378 2420 1468 2498 patre
1482 2413 1595 2476 viroso

227 2508 291 2574 frui
313 2509 444 2573 solitum
466 2527 554 2583 esse,
576 2513 723 2572 tamenne
743 2507 856 2571 haece
875 2515 906 2572 te
919 2508 985 2573 vita
999 2508 1159 2572 rusticana
1172 2509 1324 2592 relegatio
1339 2515 1435 2594 atque
1450 2527 1558 2572 aman·

229 2606 316 2672 datio
338 2603 578 2689 appellabitur?
621 2601 735 2677 Vides,
759 2603 872 2677 Eruci,
895 2610 1049 2687 quamam
1071 2603 1166 2667 distet
1187 2603 1419 2687 argumentatio
1441 2610 1496 2668 tua
1517 2601 1557 2665 als

228 2721 263 2765 re
284 2701 354 2784 ipsa
374 2706 472 2783 atque
493 2717 513 2761 a
533 2697 676 2762 veritate.
721 2697 816 2773 Quod
844 2697 1076 2762 consuetudine
1102 2705 1209 2781 patres
1236 2698 1375 2774 iaciunt,
1409 2696 1443 2760 id
1466 2696 1558 2781 qnasi

228 2813 347 2859 nomam
374 2791 600 2874 reprehendis3
630 2791 718 2875 quod
743 2791 967 2856 benevolentia
987 2789 1039 2867 lit,
1067 2792 1101 2855 id
1122 2793 1199 2857 odio
1221 2793 1340 2859 lactum
1363 2792 1557 2868 criminaris3

229 2886 317 2974 quod
345 2885 478 2950 honoris
509 2905 604 2950 causa
632 2892 723 2969 pater
752 2882 818 2950 lilio
848 2906 906 2950 suo
930 2887 1103 2962 concessit,
1138 2887 1171 2950 id
1195 2907 1267 2952 eum
1289 2887 1439 2973 supplicii
1462 2897 1595 2952 causati

228 2983 343 3047 iecisse
364 2980 455 3045 dicis.
498 2976 550 3043 l5.
572 2983 684 3065 Neque
705 2981 785 3044 haec
806 2990 842 3046 tu
862 3002 928 3046 non
950 2982 1116 3066 intelligis,
1140 2982 1322 3068 sedesque
1345 2984 1487 3068 eoquod
1509 3003 1558 3046 ar·

229 3096 309 3162 guas
329 3097 396 3141 non
415 3075 533 3151 hahes,
565 3083 602 3139 ut
623 3096 689 3139 non
711 3077 807 3139 modo
830 3076 886 3139 tibi
910 3083 1021 3141 contra
1040 3097 1100 3141 nos
1123 3077 1294 3143 dicendum
1314 3085 1425 3161 putes,
1446 3098 1557 3143 verum

229 3171 324 3236 etiam
347 3175 457 3235 contra
476 3191 584 3234 rerum
605 3177 751 3237 naturam
773 3177 948 3255 contraque
971 3172 1235 3238 consuetudinem
1252 3173 1418 3238 hominum
1434 3179 1558 3238 coutra-

230 3286 293 3351 4444
316 3266 487 3349 opiniones
509 3266 660 3329 omnium.

314 3361 398 3424 xvi.
419 3362 461 3423 At
482 3361 585 3435 enim,
608 3380 681 3423 cum
703 3359 784 3423 dnos
805 3354 888 3422 filios
909 3359 1058 3438 haberet,
1081 3362 1215 3427 alterum
1237 3382 1256 3427 a
1277 3383 1312 3426 44
1333 3382 1399 3428 non
1420 3362 1596 3427 dimitte-tc

230 3457 302 3530 bat,
323 3454 459 3518 alterum
479 3454 546 3517 ruri
560 3473 631 3518 esse
652 3454 841 3538 patiebatur.
876 3454 1021 3532 Quaeso,
1044 3457 1156 3534 Eruci,
1178 3457 1291 3540 utlaoc
1306 3457 1340 3521 in
1354 3458 1472 3522 honam
1485 3477 1558 3542 par-

230 3559 295 3616 tem
316 3549 472 3632 accipian
494 3569 560 3613 non
583 3549 669 3613 enim
690 3548 904 3632 exprobrandi
926 3569 1039 3627 causa,
1061 3552 1120 3616 sed
1142 3551 1365 3618 commonendi
1389 3552 1489 3638 gratia
1510 3551 1559 3615 di·

230 3663 310 3710 cam.
352 3637 405 3706 46.
435 3642 468 3706 Si
490 3643 548 3707 tihi
568 3642 698 3707 fortuma
717 3663 783 3707 non
806 3641 908 3721 dedit,
941 3650 978 3709 ut
998 3651 1088 3729 patre
1111 3653 1197 3711 certo
1219 3665 1401 3722 nascerere,
1429 3665 1470 3711 cx
1491 3665 1557 3730 quo

296 3898 321 3948 4.
338 3895 486 3962 Maste.
507 3921 534 3932 -
552 3894 682 3961 adorti.
703 3921 730 3933 -
749 3895 774 3946 3.
791 3901 1049 3959 prememorata-
1067 3898 1093 3950 4.
1110 3903 1216 3951 estem
1236 3901 1265 3950 G.
1285 3901 1556 3967 -perpdulla-

231 3973 417 4038 414444444-
435 3971 910 4036 8.rotopocerctv;ratopocsto.-
929 3972 953 4024 9.
971 3973 1420 4039 4444444444-4444441414-
1438 3978 1559 4029 444444-

229 4048 369 4100 cssats'ta'um
383 4048 492 4100 11444.
508 4073 533 4086 -
553 4047 594 4098 44.
613 4059 666 4109 pua
681 4048 888 4110 4444444444Μῖ,
907 4059 958 4099 va.
973 4077 1001 4086 -
1019 4050 1061 4100 li.
1080 4051 1140 4114 pald
1156 4051 1249 4115 sper.
1264 4075 1291 4088 -·
1311 4052 1351 4103 43.
1368 4052 1421 4119 pllio
1436 4067 1481 4105 suo
1501 4065 1556 4106 om.

232 4125 290 4184 0⁵3
307 4135 353 4174 sao
368 4135 422 4173 om.
441 4122 472 4173 11.
493 4148 522 4160 -
540 4121 580 4174 44.
599 4135 632 4172 oc
647 4122 748 4188 444444]
765 4129 789 4175 et
804 4125 931 4175 manda
941 4125 1079 4189 Agroetius
1095 4139 1123 4192 p.
1134 4125 1200 4177 8818
1212 4128 1241 4177 P.
1260 4153 1290 4164 -
1309 4127 1389 4191 puta?
1404 4128 1450 4178 loc
1462 4127 1502 4194 p.]
1519 4129 1559 4181 slc

229 4199 316 4252 lladv.
334 4197 511 4266 interpunxit:
529 4198 590 4261 psa
605 4196 672 4247 loc?
691 4198 778 4249 Patres
791 4199 854 4263 [aaa.
866 4197 955 4264 vulgo.
975 4223 1004 4238 -
1019 4206 1108 4264 patrm
1123 4201 1235 4266 [44444444
1250 4203 1308 4267 lv,
1327 4203 1398 4254 Crat.
1412 4215 1504 4269 margo
1522 4204 1556 4269 (v.

230 4275 255 4341 5.
273 4273 340 4339 tal:
361 4289 389 4339 p.
412 4273 525 4339 1444441444
547 4271 627 4325 oodd.
645 4274 715 4335 noti,
738 4275 769 4324 44
789 4278 831 4326 est
848 4275 872 4339 s.
891 4275 948 4327 444.
968 4299 996 4314 ··
1020 4277 1061 4329 48.
1080 4278 1123 4344 osa]
1147 4289 1178 4328 oc
1194 4280 1223 4329 (4.
1244 4305 1272 4316 -
1291 4280 1441 4332 onomat
1456 4281 1507 4332 418.
1528 4307 1556 4318 -

230 4351 361 4416 ccluttl.
381 4349 631 4416 -48444444441
652 4350 903 4402 444444441144444.
924 4377 951 4388 -
976 4351 1056 4415 pseu?
1076 4354 1107 4416 a]
1128 4354 1215 4416 pudet
1236 4354 1298 4406 soh.
1319 4357 1559 4410 -444444444

228 4427 282 4477 etto
295 4425 427 4476 4444444444
440 4423 499 4490 rat]
516 4424 556 4476 sio
567 4424 663 4490 scripsi
674 4437 707 4476 ex
717 4425 835 4489 vestigiis
846 4424 986 4477 codicum:
1003 4427 1064 4478 4444
1074 4442 1093 4479 c
1103 4427 1190 4480 taoltc
1200 4433 1223 4480 st
1232 4431 1353 4482 4444441.
1366 4431 1432 4493 lla,
1450 4435 1508 4484 Par.
1519 4435 1556 4494 9.;

228 4503 288 4552 lucc
307 4505 399 4552 4444444
417 4501 472 4551 otta
487 4505 512 4551 et
526 4506 590 4551 nm.
608 4513 632 4550 r.
651 4501 712 4561 (lv,
736 4499 844 4564 eeu,
870 4503 907 4552 St.
925 4502 1004 4564 vict,
1022 4501 1075 4554 Pal.
1095 4505 1118 4554 4.
1138 4504 1174 4568 3.,
1192 4505 1251 4556 Par.
1269 4506 1294 4557 4.
1312 4505 1354 4564 4.;
1379 4506 1440 4557 doec
1461 4512 1557 4560 cucata

227 4577 282 4628 4444
297 4580 321 4627 et
335 4580 398 4628 4444.
415 4590 439 4625 r.
457 4573 536 4640 vulgo
553 4577 582 4627 44
597 4576 631 4636 0;
653 4574 714 4625 14444
730 4587 748 4625 a
763 4580 787 4626 te
802 4581 900 4628 cucata
914 4577 1360 4646 4144444444441.(44444.444ρ.;
1383 4581 1444 4632 14444
1460 4587 1556 4635 casata

226 4655 281 4704 otto
301 4663 320 4701 4
339 4654 363 4700 tc
383 4656 446 4701 sam.
467 4651 513 4700 rel.
533 4650 601 4702 conl.
621 4651 650 4702 0.
669 4649 704 4703 lli.
722 4649 864 4703 Muellerus
888 4651 1030 4718 (8414444444.
1049 4653 1123 4706 4834.
1140 4668 1168 4721 p.
1186 4653 1264 4720 314).
1300 4655 1376 4716 Quod
1399 4670 1449 4722 ego
1465 4659 1555 4723 posul,

227 4729 371 4794 propterea
394 4723 521 4790 praetuli,
547 4724 619 4790 qnod
644 4729 740 4776 4444444
763 4727 790 4777 14
812 4725 883 4779 44114
907 4727 967 4780 cod.
986 4729 1124 4780 inventum
1141 4732 1192 4782 444.
1217 4732 1273 4783 Neo
1289 4735 1555 4798 praetermittendum

228 4805 284 4865 est,
302 4800 411 4852 inlerius
426 4800 469 4852 bis
485 4799 536 4864 legi
553 4801 594 4866 55.
612 4798 653 4853 48.
672 4802 712 4853 14.
730 4802 826 4854 mutim
840 4803 909 4866 utto,
927 4817 982 4856 non
1000 4806 1131 4856 4444444444
1145 4819 1170 4857 c.
1199 4806 1237 4858 cl.
1256 4810 1336 4860 etiam
1353 4810 1378 4874 9.
1391 4809 1432 4862 46.
1446 4812 1512 4862 extr.
1525 4837 1551 4849 -

228 4876 371 4930 ammadotio
387 4875 467 4927 (illi.
488 4901 515 4912 -
539 4877 580 4928 23.
603 4881 679 4940 capos
697 4878 803 4928 44444444
819 4878 913 4941 Gllv,
939 4879 999 4931 lert.
1017 4883 1100 4932 recte.
1121 4905 1149 4918 ·-
1176 4880 1504 4937 illamentatum.
1525 4911 1553 4921 -

227 4954 270 5005 84.
287 4965 333 5003 acc
346 4951 399 5017 4414
415 4964 447 5012 r;
466 4948 564 5002 delevit
578 4965 624 5003 acc
639 4953 757 5017 iladvig3
775 4965 802 5004 r.
815 4953 911 5018 opusc.
925 4955 945 5005 1.
962 4968 989 5021 p.
1005 4956 1061 5009 444.
1077 4985 1104 4996 -
1127 4957 1169 5010 ae.
1187 4959 1254 5022 quod
1269 4972 1365 5024 epicos
1380 4960 1469 5022 RLv,
1488 4959 1550 5011 Ern.

228 5027 313 5080 conl:
336 5027 398 5089 paud
417 5039 514 5091 cupam
536 5028 675 5080 GllOac.
705 5029 744 5080 cl.
763 5027 947 5094 Wesenbergii
969 5032 1071 5085 Emosd.
1091 5033 1140 5086 Cic.
1159 5035 1229 5098 aput.
1251 5046 1278 5100 p.
1297 5034 1337 5086 44.
1358 5061 1387 5072 -
1405 5035 1446 5086 88.
1465 5039 1555 5087 ccam

228 5101 520 5158 ω444444344448..-
539 5101 724 5157 34444444.
742 5118 768 5156 v.
788 5129 817 5142 -
836 5103 878 5156 31.
895 5117 997 5160 rarcv.
1018 5135 1046 5147 -
1064 5109 1105 5162 dt.
1123 5110 1259 5163 salmom.
1276 5111 1348 5164 G.-
1366 5109 1555 5163 eae-cs

228 5177 973 5245 dummaaumuacoesassonmcortoe.
