3578 5862
326 413 387 484 646
697 417 751 484 ΒΕ
773 415 878 482 tuus
900 417 1077 484 AGRARIA
1098 417 1218 482 LIBER
1238 417 1278 480 Π.

327 589 602 663 machinabantur,
632 587 660 650 si
680 587 771 651 vobis
794 588 942 651 exomni
971 587 1092 672 populo
1115 586 1276 670 deligendi
1296 593 1445 670 potestas
1476 590 1585 648 esset
1608 583 1693 656 data,

328 702 548 767 quaecumque
569 701 619 745 res
643 681 796 764 esset,fin
819 701 884 766 qua
903 677 999 756 fides,
1026 680 1203 763 integritas,
1225 681 1340 755 virtus,
1362 679 1566 744 auctoritas
1592 695 1694 760 quae-

141 785 208 895 ffl
327 767 471 868 regetur)
489 795 544 838 vos
566 795 634 838 eam
657 775 726 839 sine
748 775 944 839 dubitatione
964 775 1004 840 ad
1020 776 1075 838 Cn.
1089 775 1275 858 Pompeium
1289 775 1478 859 principem
1498 772 1692 836 delaturos.

160 869 188 898 ’“
327 871 470 944 Etenim,
500 889 594 952 quem
618 888 715 933 unum
742 887 782 931 ex
804 870 924 932 cunctis
946 868 1162 952 delegissetis,
1188 876 1223 931 ut
1244 889 1317 932 eum
1339 867 1509 931 omnibus
1537 864 1693 928 omnium

303 966 468 1049 agentium
489 963 580 1026 bellis
602 970 687 1026 terra
704 964 846 1047 marique
868 963 1115 1046 praeponeretis,
1139 970 1221 1026 certe
1238 963 1271 1025 in
1286 961 1487 1026 decemviris
1505 958 1692 1031 faciendis,

329 1061 395 1123 sive
417 1055 494 1121 fides
515 1057 685 1120 haberetur
707 1056 773 1120 sive
796 1057 916 1131 honos,
938 1063 970 1121 et
991 1057 1143 1120 committi
1164 1057 1237 1120 huic
1258 1057 1377 1140 optime
1392 1063 1424 1118 et
1439 1053 1579 1118 ornari
1603 1053 1691 1115 hunc

151 1161 224 1276 (ix
327 1151 497 1216 iustissime
518 1170 614 1234 posse
636 1150 863 1234 intelligebant.
907 1143 1439 1238 24.1taque(excipiturbaolege
1470 1167 1553 1212 non
1575 1146 1690 1210 adole·

175 1236 192 1254 ⁸
329 1246 466 1319 scentia,
487 1264 553 1307 non
575 1243 750 1326 legitimum
772 1244 902 1328 aliquod
923 1246 1199 1329 impedimentum,
1227 1265 1290 1308 non
1313 1251 1481 1327 potestas,
1519 1261 1599 1306 non
1624 1259 1690 1303 ma-

328 1339 476 1422 gistratus
505 1325 681 1422 ullus)aliis
705 1337 839 1420 negotiis
864 1335 911 1421 [ao
933 1335 1068 1422 legibus]
1090 1338 1273 1424 impeditum
1303 1359 1376 1402 reus
1399 1338 1587 1422 denique,
1620 1355 1686 1418 quo

292 1434 432 1497 lominus
455 1433 616 1496 decemvir
635 1431 705 1495 lieri
725 1434 842 1517 possit,
864 1451 928 1496 non
951 1433 1121 1516 excipitur:
1145 1433 1200 1496 Cn.
1222 1434 1392 1517 Pompeius
1414 1430 1622 1514 excipitur,
1646 1445 1685 1489 ne

328 1547 399 1590 cum
421 1529 454 1589 P.
476 1527 587 1600 Rullo,
609 1533 699 1590 taceo
720 1527 760 1589 de
782 1529 909 1601 ceteris,
932 1527 1091 1589 decemvir
1111 1524 1179 1590 lieri
1202 1529 1312 1610 possit
1347 1530 1575 1590 Praesentem
1596 1523 1683 1585 enim

327 1619 470 1704 profiteri
491 1620 595 1694 iubet,
618 1619 705 1704 quod
728 1619 814 1683 nulla
836 1620 898 1685 alia
919 1623 952 1684 in
974 1620 1044 1703 lege
1065 1641 1215 1706 umquam
1236 1621 1311 1695 mit,
1341 1641 1382 1684 ne
1404 1621 1437 1682 in
1459 1621 1512 1682 iis
1540 1615 1682 1700 quidem

328 1713 575 1796 magistratibus,
598 1735 734 1798 quorum
757 1722 861 1778 certus
884 1715 962 1778 ordo
985 1724 1049 1789 est,
1081 1737 1136 1790 ue,
1167 1718 1193 1779 si
1215 1723 1344 1800 accepta
1364 1715 1417 1778 lex
1439 1721 1559 1789 esset,
1584 1709 1678 1774 illum

328 1807 387 1871 sibi
411 1806 565 1890 collegam
587 1807 808 1872 adscriberetis
830 1810 992 1874 custodem
1015 1830 1052 1873 ac
1073 1811 1229 1875 vindicem
1251 1809 1466 1893 cupiditatum.

291 1918 320 1964 45
412 1902 453 1964 Χ.
476 1901 552 1977 Η44,
583 1901 732 1987 quoniam
763 1901 857 1966 video
887 1923 943 1967 vos
973 1904 1111 1968 hominis
1134 1904 1286 1986 dignitate
1308 1910 1340 1965 et
1360 1902 1572 1966 contumelia
1597 1899 1675 1982 legis

329 2015 399 2060 esse
431 2003 622 2071 commotos,
653 1995 812 2059 renovabo
843 1996 940 2073 illud,
969 1997 1053 2081 quod
1083 1997 1173 2062 initio
1197 1997 1279 2071 dixi,
1308 2016 1438 2079 regnum
1460 1992 1675 2078 comparari,

328 2090 502 2154 libertatem
533 2098 668 2155 vestram
690 2090 750 2153 hac
775 2091 845 2174 lege
866 2091 1009 2156 funditus
1032 2093 1111 2156 tolli.
1154 2089 1205 2154 95.
1227 2093 1276 2155 dn
1298 2112 1355 2154 vos
1377 2091 1469 2154 aliter
1495 2086 1671 2152 existima·

327 2184 423 2258 batis,
451 2205 521 2247 cum
551 2184 591 2248 ad
622 2185 729 2248 omnia
750 2193 854 2248 vestra
875 2187 968 2269 pauci
989 2186 1134 2250 homines
1159 2180 1362 2270 [cupiditatis]
1386 2183 1501 2247 oculos
1528 2178 1671 2244 adiecis-

328 2285 417 2352 sent,
439 2298 504 2340 non
526 2298 581 2342 eos
602 2280 634 2342 in
657 2279 766 2363 primis
788 2278 820 2340 id
852 2289 994 2356 acturos,
1022 2288 1057 2344 ut
1079 2300 1119 2343 ex
1140 2281 1227 2343 omni
1247 2279 1391 2343 custodia
1411 2285 1546 2340 vestrae
1571 2273 1667 2336 liber-

290 2373 416 2448 rotatis,
440 2372 589 2436 exomni
612 2381 788 2457 potestate,
816 2375 995 2449 curatione,
1021 2374 1195 2457 patrocinio
1218 2381 1392 2436 vestrorum
1414 2367 1667 2434 commodorum

329 2466 385 2530 Cn.
407 2467 575 2552 Pompeius
603 2466 839 2551 depelleretur?
871 2467 1027 2531 Viderunt
1055 2475 1087 2530 et
1112 2467 1235 2542 vident,
1269 2468 1297 2530 si
1324 2487 1381 2552 per
1405 2461 1661 2548 imprudentiam

326 2568 480 2634 vestram,
509 2561 733 2644 negligentiam
762 2580 880 2634 meam,
910 2561 1013 2644 legem
1041 2563 1234 2646 incognitam
1261 2560 1462 2644 acceperitis,
1495 2557 1574 2620 fore
1617 2551 1661 2615 uti

327 2661 440 2737 postea
470 2654 605 2737 cognitis
627 2654 767 2728 insidiis,
796 2674 867 2717 cum
897 2654 1092 2718 decemviros
1123 2657 1256 2730 creetis,
1289 2663 1355 2718 tum
1387 2652 1472 2717 vitiis
1506 2647 1658 2714 omnibus
1742 2677 1743 2684 ³

329 2755 361 2811 et
382 2747 555 2812 sceleribus
576 2747 656 2830 legis
679 2747 734 2810 Cn.
756 2748 900 2831 Pompeii
920 2749 1112 2832 praesidium
1128 2750 1350 2835 opponendum
1374 2748 1502 2831 putetis.
1532 2746 1578 2808 Et
1599 2741 1658 2804 hoo

290 2856 459 2926 etparvum
481 2848 700 2925 argumentum
722 2841 813 2905 vobis
836 2842 911 2917 erit,
932 2863 951 2906 a
974 2843 1066 2906 certis
1087 2844 1271 2908 hominibus
1292 2843 1545 2906 dominationem
1569 2843 1655 2922 pote-
1740 2821 1743 2958 4

329 2942 504 3020 etatemque
533 2937 671 2999 omnium
701 2955 806 2999 rerum
836 2937 962 3020 quaeri,
991 2957 1062 3001 oum
1088 2939 1221 3001 videatis
1253 2959 1340 3012 eum,
1369 2956 1463 3020 quem
1487 2930 1655 2998 custodem

326 3029 626 3094 vestraelibertatis
647 3026 714 3092 iore
735 3029 880 3105 videant,
902 3041 1066 3115 expertem
1087 3033 1155 3096 fieri
1180 3032 1363 3116 dignitatis?
1740 3017 1743 3120 l

412 3119 463 3184 66.
493 3123 679 3207 Cognoscite
713 3144 813 3199 nuno,
847 3145 928 3210 quae
956 3133 1095 3210 potestas
1127 3127 1311 3191 decemviris
1341 3134 1372 3189 et
1401 3129 1521 3209 quanta
1552 3121 1652 3182 detur.
1742 3121 1743 3128 ³

327 3217 465 3282 Primum
487 3217 558 3299 lege
580 3219 698 3282 curiata
713 3217 908 3283 decemviros
933 3229 1033 3284 ornat.
1070 3221 1133 3284 lam
1156 3222 1217 3286 boc
1239 3220 1415 3284 inauditum
1431 3225 1462 3280 et
1483 3217 1583 3300 plane
1599 3231 1651 3275 no-
1741 3217 1743 3298 4

290 3328 411 3388 savum,
434 3319 469 3374 ut
490 3313 519 3375 ei
542 3313 661 3376 curiata
675 3314 745 3396 lege
762 3317 959 3397 magistratus
974 3314 1075 3390 detur,
1098 3316 1146 3378 oui
1170 3315 1266 3378 nullis
1289 3314 1424 3377 comitiis
1446 3319 1520 3375 ante
1536 3311 1582 3374 sit
1598 3305 1650 3368 da·

326 3415 386 3470 tus.
423 3408 500 3469 Eam
522 3406 624 3489 legem
646 3408 685 3470 ab
707 3428 745 3470 eo
767 3416 928 3490 praetore,
952 3410 1006 3492 qui
1030 3411 1069 3473 sit
1089 3409 1208 3494 primus
1230 3407 1348 3481 lactus,
1378 3404 1453 3470 ferri
1475 3406 1577 3468 iubet
1612 3401 1648 3462 At
1742 3428 1743 3446 ¹

326 3523 391 3584 quo
414 3499 533 3563 modo?
565 3500 606 3563 Ut
625 3502 647 3563 ii
670 3501 914 3566 decemviratum
935 3503 1087 3578 habeant,
1110 3524 1190 3588 quos
1212 3504 1302 3586 plebs
1318 3500 1539 3584 designaverit.
1564 3493 1648 3560 Obli-

326 3604 376 3658 tus
409 3602 458 3658 est
495 3595 600 3658 nullos
629 3615 649 3659 a
675 3595 768 3679 plebe
796 3595 964 3678 designari.
1012 3597 1052 3659 Et
1078 3598 1105 3661 is
1141 3597 1249 3661 orbem
1278 3604 1432 3659 terrarum
1462 3589 1648 3672 constringit

326 3690 417 3753 novis
437 3689 575 3772 legibus,
597 3689 672 3774 qui,
695 3689 782 3773 quod
804 3689 836 3752 in
859 3689 1000 3753 secundo
1021 3693 1123 3774 capite
1146 3692 1297 3774 scriptum
1320 3697 1384 3764 est,
1415 3708 1479 3752 non
1505 3682 1647 3751 meminit

393 3999 417 4046 4.
435 3997 552 4060 diligendi
569 3997 595 4046 F.
617 4022 641 4031 -
663 3997 686 4046 6.
705 3996 820 4056 morique
836 3996 896 4046 ET:
916 4002 939 4046 44
954 3998 1022 4046 mari
1040 3997 1085 4048 Fa
1096 3999 1113 4048 4.
1124 3995 1178 4051 40.
1194 4021 1221 4032 -
1238 3995 1358 4059 [44444444
1374 4007 1427 4046 om.
1446 3997 1472 4046 F.
1487 4021 1513 4031 -
1533 3997 1558 4047 6.
1576 3988 1644 4053 bacol

327 4073 383 4121 4444
400 4075 429 4122 Α.
445 4097 471 4106 -
491 4072 514 4122 7.
534 4070 593 4135 iege]
611 4071 663 4135 laps
676 4075 786 4132 potestas
802 4072 819 4121 F
837 4073 864 4121 et
881 4085 950 4122 corr.
963 4073 992 4123 E.
1016 4100 1043 4109 -
1062 4075 1086 4124 8.
1105 4073 1295 4136 inpedimentum
1311 4072 1340 4122 E.
1354 4096 1382 4107 -
1401 4072 1425 4121 9.
1444 4085 1475 4121 oc
1490 4071 1583 4136 lapibus
1593 4079 1641 4120 om.

328 4146 358 4196 E.
379 4174 406 4182 -
425 4146 490 4212 4444]
506 4160 558 4196 aaa
573 4159 631 4195 reus
647 4159 709 4197 cum
727 4145 882 4198 Lauredano
901 4147 954 4202 La.
975 4175 1001 4183 —
1023 4149 1061 4198 40.
1079 4163 1129 4198 noa
1146 4147 1316 4209 accipitur„
1325 4147 1381 4211 peri
1394 4147 1472 4209 possit
1486 4147 1575 4197 EFP:
1593 4155 1641 4195 om.

328 4220 441 4276 Gst'.
462 4248 489 4258 -
508 4221 640 4287 4444444]
664 4221 819 4273 amens.
839 4249 867 4259 -
886 4223 926 4272 43.
945 4224 1054 4274 tanos:
1081 4223 1174 4278 444444
1200 4219 1397 4274 intanto
1426 4249 1452 4258 -
1480 4221 1640 4284 4444444444.

327 4297 357 4348 E.
376 4323 403 4332 —
428 4296 468 4348 43.
487 4301 536 4357 est,
559 4308 591 4346 no
605 4297 627 4346 si
643 4297 677 4346 a:
701 4301 736 4346 444
751 4297 803 4347 sim
819 4297 907 4352 arm
930 4303 973 4347 444.
1000 4297 1108 4348 Timebat
1123 4298 1199 4358 mim,
1223 4297 1350 4358 Pompeiis
1373 4311 1404 4347 ae
1420 4299 1441 4346 si
1457 4299 1563 4358 adesset,
1585 4294 1642 4361 ferri

327 4387 378 4423 noa
395 4376 487 4435 posset:
509 4376 555 4421 cat
569 4385 601 4422 ac
616 4372 639 4422 si
655 4385 687 4422 ex
704 4371 782 4422 foeda
799 4370 998 4436 interpolatione
1017 4373 1139 4436 Hervagii
1158 4373 1189 4434 (a.
1209 4371 1294 4434 4634.)
1312 4369 1366 4422 Li.
1390 4373 1463 4424 Coni.
1481 4373 1643 4431 Wesenberg

328 4446 418 4497 ador.
437 4459 462 4510 p.
481 4446 566 4496 Sestio
584 4459 610 4509 p.
628 4447 652 4498 6.
675 4473 702 4481 -
730 4445 770 4497 44.
790 4447 991 4498 asscriberetisll
1015 4449 1049 4511 444
1070 4450 1109 4499 444
1126 4461 1233 4512 semper
1252 4449 1279 4498 in
1297 4449 1347 4498 hac
1364 4447 1492 4511 oratione)
1510 4451 1536 4500 F.
1557 4479 1584 4489 -
1606 4445 1639 4510 44]

327 4527 351 4572 44
367 4523 393 4572 F.
414 4548 441 4557 -
463 4520 503 4570 47.
521 4521 632 4584 funditus
648 4521 785 4572 libertatem
800 4527 909 4572 vestram
924 4523 971 4572 444
988 4523 1039 4586 tepc
1056 4525 1084 4574 E.
1106 4551 1132 4560 -
1161 4524 1200 4574 t8.
1219 4523 1361 4585 cupiditatis
1377 4535 1430 4574 om.
1449 4525 1484 4586 E,
1510 4525 1559 4576 sed
1575 4537 1641 4576 mar-

327 4598 379 4661 gini
400 4596 561 4660 adscriptum
583 4598 632 4647 est.
662 4621 689 4633 ·-
717 4597 756 4648 49.
774 4611 824 4647 coa
845 4611 885 4647 eos
905 4599 931 4648 id
951 4599 1066 4661 inprimis
1087 4600 1118 4660 F;
1145 4613 1194 4648 coa
1215 4599 1305 4662 primis
1325 4599 1351 4649 id
1374 4600 1436 4662 (orn.
1455 4613 1495 4651 cos
1515 4601 1552 4666 in)
1568 4602 1595 4652 Ε.
1615 4623 1636 4636 -

327 4673 368 4723 aa.
387 4673 474 4722 creetis
489 4671 655 4737 Wesenberg
672 4673 715 4736 (ad
731 4686 770 4723 or.
790 4687 817 4738 p.
836 4675 920 4724 Sestio
938 4689 963 4739 p.
978 4675 1041 4736 48.);
1060 4675 1178 4725 4444444444
1193 4675 1308 4736 EFPO;
1327 4676 1442 4726 crearitis
1457 4689 1517 4728 cum
1530 4678 1573 4728 ed.
1585 4679 1640 4727 lun·

328 4750 381 4800 tina
399 4745 457 4809 lasst
482 4747 597 4798 crepidis
618 4749 717 4812 Ussing.
740 4741 770 4784 ²-
791 4748 832 4800 al.
848 4751 947 4812 pompei
964 4751 990 4799 F.
1011 4777 1037 4786 -
1061 4749 1229 4812 obpoacndam
1245 4751 1274 4801 E.
1295 4775 1321 4784 —
1348 4751 1389 4800 25.
1405 4763 1499 4812 panim
1515 4753 1597 4804 EFP.
1614 4775 1637 4785 -

327 4825 369 4874 as.
388 4837 434 4886 4444
450 4825 561 4874 mantiam
578 4837 630 4875 om.
645 4825 673 4875 Ε.
688 4851 715 4860 -
735 4825 775 4874 29.
794 4837 885 4874 novum
902 4825 934 4874 E:
954 4825 1065 4883 cocal‘;
1084 4836 1147 4874 coco
1162 4838 1231 4874 more
1247 4823 1360 4878 4440,
1380 4851 1406 4861 -
1425 4825 1465 4876 30.
1482 4831 1511 4876 at
1526 4823 1639 4877 ei--cai

328 4901 360 4950 L:
378 4899 415 4950 4444
426 4925 464 4936 --
475 4901 515 4950 otti
531 4900 608 4950 EFA
619 4900 652 4958 03
670 4901 755 4950 otiu
767 4899 809 4961 qui
826 4911 887 4950 cum
900 4899 942 4950 ed.
955 4901 1057 4951 Iuntina
1069 4897 1095 4952 4.
1110 4926 1136 4935 -
1156 4899 1197 4949 34.
1213 4899 1338 4964 praetore]
1351 4905 1470 4962 praetore
1483 4901 1509 4952 Ρ.
1522 4903 1550 4952 li.
1562 4901 1607 4952 EF
1614 4901 1637 4950 P.

329 5001 356 5010 -
373 4975 445 5039 [4444]
465 4977 521 5040 fleri
536 4976 620 5027 EFP.
640 4999 668 5010 —
695 4975 735 5025 34.
754 4975 781 5040 ii]
805 4977 870 5026 eiP.
893 5001 919 5010 —
947 4973 987 5024 33.
1005 4973 1093 5036 444444]
1110 4975 1137 5022 ai
1152 4974 1208 5024 ilios
1224 4975 1252 5024 F..
1274 5001 1301 5011 -
1326 4975 1358 5024 ab
1371 4975 1441 5037 44444
1458 4989 1520 5026 cum
1537 4971 1639 5027 Ernesti

328 5051 417 5114 operis
433 5051 454 5101 0
471 5054 499 5101 et
514 5049 637 5102 Klotzius.
657 5077 684 5086 -
706 5051 840 5115 dmipnari.
858 5053 891 5102 nt
906 5051 936 5112 is]
954 5049 1115 5113 designaretis
1131 5049 1191 5108 EF;
1218 5050 1378 5114 desipiam-etis
1397 5050 1418 5101 44
1438 5052 1466 5102 Ρ.
1493 5077 1521 5088 -
1547 5050 1586 5103 34.
1604 5046 1639 5114 pti

329 5126 396 5192 qaod
411 5125 566 5177 Lambinus:
585 5125 703 5188 4444444444
718 5125 835 5186 Em,
854 5127 898 5190 pai
914 5125 973 5192 qaid
989 5137 1050 5176 cum
1068 5124 1110 5176 ed.
1130 5123 1221 5176 Aldina
1239 5122 1293 5182 Li.
1501 5149 1504 5156 .
