3684 5862
287 450 328 519 bt
578 450 731 516 ORATIO
754 450 834 516 PRO
856 449 947 516 SEX.
967 448 1116 518 ROSCIO
1138 449 1321 516 AMERINO

285 624 412 686 illorum
432 623 514 688 sorte
536 622 743 699 dubitabitur,
765 623 977 687 convincatur.
1021 620 1106 698 Quid
1126 621 1271 697 tandem,
1305 639 1442 704 quaeso,
1463 618 1608 684 iudices?

286 737 363 780 nnm
395 727 449 782 aut
477 717 532 781 ille
562 717 674 782 lanista
702 718 830 782 omnino
859 719 922 782 iam
951 717 1096 801 agladio
1118 717 1287 779 recessisse
1307 712 1448 791 videtur,
1482 721 1537 777 aut
1556 713 1608 776 hic

287 812 459 898 discipulus
480 813 629 896 magistro
650 812 805 876 tantulum
825 812 864 875 de
879 821 946 877 arte
961 810 1158 875 concedere?
1190 811 1251 873 Par
1268 815 1315 872 est
1329 807 1474 884 40044444,
1498 807 1607 871 similis

285 908 484 993 improbitas,
507 906 618 970 eadem
638 905 848 989 impudentia,
871 907 996 988 gemina
1017 904 1158 968 audacia.

263 999 278 1051 4
370 1003 452 1066 XLl.
485 997 557 1063 449.
589 1002 730 1077 Etenim,
763 1001 913 1085 quoniam
944 995 1039 1063 fidem
1061 998 1201 1081 magistri
1222 997 1397 1081 cognostis,
1429 997 1608 1080 cognoscite

179 1127 181 1130 ·
286 1117 370 1161 nunc
391 1096 537 1179 discipuli
558 1097 758 1180 aequitatem.
794 1095 867 1157 Dixi
888 1095 950 1157 iam
972 1102 1082 1169 antea,
1105 1111 1333 1176 saepenumero
1348 1091 1524 1175 postulatos
1538 1111 1607 1156 esse

286 1191 326 1254 ab
353 1191 420 1254 istis
449 1189 528 1253 duos
558 1209 666 1253 servos
695 1189 728 1252 in
750 1190 983 1273 quaestionem:
1015 1196 1049 1250 tu
1079 1206 1218 1270 semper,
1251 1188 1287 1248 Τ.
1309 1186 1418 1262 Rosci,
1448 1187 1608 1250 recusasti.

287 1286 414 1360 Quaero
436 1285 491 1348 abs
513 1292 564 1346 te:
597 1285 677 1358 iine,
708 1283 763 1368 qui
783 1283 1002 1366 postulabant,
1034 1282 1155 1364 indigni
1177 1288 1280 1355 erant,
1306 1280 1360 1365 qui
1381 1281 1608 1364 impetrarent?

285 1399 328 1442 an
348 1381 375 1443 is
397 1388 428 1444 te
451 1398 515 1442 non
536 1379 767 1452 commonebat,
790 1397 849 1461 pro
872 1397 936 1462 quo
957 1377 1184 1460 postulabant?
1207 1397 1248 1439 an
1269 1397 1320 1439 res
1342 1377 1411 1458 ipsa
1431 1377 1487 1440 tibi
1500 1377 1609 1460 iniqua

250 1479 278 1526 ⁴⁰
286 1473 477 1538 videbaturt
518 1473 722 1537 Postulabant
754 1472 899 1535 homines
929 1470 1115 1534 nobilissimi
1144 1478 1239 1555 atque
1271 1470 1462 1553 integerrimi
1483 1478 1609 1532 nostrae

287 1568 434 1644 civitatis,
461 1587 542 1653 quos
570 1568 631 1629 iam
659 1575 752 1630 antea
773 1565 948 1642 nominavi3
962 1643 966 1652 Ι
979 1565 1033 1650 qui
1054 1565 1098 1628 ita
1118 1565 1265 1630 vixerunt
1286 1565 1429 1649 talesque
1450 1585 1470 1628 a
1489 1563 1608 1648 populo

286 1664 427 1726 Romano
449 1669 615 1746 putantur,
637 1668 687 1736 ut,
711 1659 865 1746 quidquid
888 1659 1040 1735 dicerent,
1069 1680 1164 1723 nemo
1187 1667 1284 1735 esset,
1307 1659 1448 1743 quinon
1471 1676 1609 1742 aequum

286 1764 421 1842 putaret.
464 1756 669 1820 Postulabant
695 1763 800 1818 autem
829 1774 887 1838 pro
916 1754 1044 1817 homine
1072 1755 1246 1818 miserrimo
1269 1761 1364 1838 atque
1385 1752 1608 1826 infelicissimo,

287 1850 343 1936 qui
364 1851 414 1914 vel
437 1851 506 1934 ipse
529 1870 598 1914 sese
619 1851 653 1912 in
675 1849 846 1912 cruciatum
869 1848 936 1912 dari
957 1855 1102 1930 cuperet,
1125 1848 1199 1911 dum
1224 1848 1262 1910 de
1283 1849 1382 1932 patris
1396 1856 1496 1911 morte
1511 1865 1609 1930 quae·

249 1951 418 2009 tbreretur.
461 1947 522 2009 Res
556 1965 651 2029 porro
678 1944 734 2006 abs
763 1950 794 2006 te
823 1943 976 2006 eiusmodi
1006 1941 1240 2027 postulabatur,
1273 1950 1309 2005 ut
1329 1941 1407 2005 nihil
1428 1945 1608 2015 interesset,

287 2048 391 2103 utrum
414 2060 483 2104 eam
506 2061 573 2104 rem
594 2057 777 2113 recusares,
801 2057 842 2100 an
864 2037 904 2100 de
926 2031 1079 2100 maleficio
1102 2032 1294 2100 confiterere.
1339 2032 1409 2100 420.
1433 2035 1522 2110 Quae
1538 2053 1608 2096 cum

240 2181 241 2186 η
287 2135 331 2199 ita
352 2138 431 2212 sint,
454 2154 574 2220 quaero
596 2133 652 2196 abs
674 2140 721 2207 te,
744 2151 840 2216 quam
862 2131 903 2194 ob
925 2151 1052 2194 causam
1073 2131 1237 2194 recusaris.
1276 2130 1353 2194 Cum
1369 2129 1521 2194 occiditur
1536 2129 1608 2191 Sex.

286 2225 435 2306 Roscius,
457 2228 573 2293 ibidem
595 2228 732 2291 luerunt.
776 2227 891 2290 Servos
912 2227 1016 2309 ipsos,
1045 2224 1131 2308 quod
1153 2224 1194 2287 ad
1215 2245 1266 2288 me
1287 2225 1412 2301 attinet,
1434 2245 1538 2310 neque
1560 2244 1610 2288 ar-

288 2344 350 2407 guo
378 2344 484 2410 neque
512 2342 633 2407 purgo:
668 2318 754 2405 quod
782 2319 911 2385 avobis
933 2318 1110 2403 oppugnari
1131 2319 1241 2395 video,
1274 2340 1315 2383 ne
1336 2321 1370 2382 in
1392 2320 1609 2404 quaestionem

248 2418 417 2494 abdentur,
440 2418 649 2502 suspiciosum
671 2422 737 2491 est;
760 2414 846 2500 quod
867 2434 942 2480 vero
965 2413 1049 2498 apud
1065 2433 1122 2479 vos
1142 2415 1228 2497 ipsos
1242 2415 1274 2477 in
1288 2414 1410 2478 honore
1424 2421 1511 2478 40440
1526 2420 1610 2488 sunt,

286 2514 428 2597 profecto
451 2531 580 2578 necesse
602 2517 650 2574 est
672 2511 770 2573 sciant
792 2509 923 2594 aliquid,
946 2507 1043 2593 quod,
1066 2508 1091 2571 si
1113 2507 1266 2583 dixerint,
1289 2509 1499 2592 perniciosum
1520 2508 1609 2571 robis

286 2607 426 2670 buturum
449 2607 498 2671 sit.
534 2607 595 2668 «ln
617 2604 760 2669 dominos
783 2604 893 2689 quaeri
914 2603 955 2666 de
977 2604 1075 2667 servis
1096 2602 1239 2686 iniquum
1255 2610 1331 2666 est.»
1365 2601 1443 2684 Jgibt
1457 2623 1497 2666 ne
1513 2621 1611 2686 quae·

287 2703 386 2778 ritur3
410 2703 483 2765 Sex.
506 2703 589 2764 enim
611 2700 743 2762 Roscius
764 2719 837 2762 reus
860 2706 916 2761 est.
951 2700 1062 2782 Neque
1085 2699 1186 2771 enim,
1209 2718 1280 2760 cum
1302 2697 1342 2760 de
1363 2695 1424 2760 boc
1439 2697 1609 2781 quaeritur,

286 2797 321 2860 iu
340 2797 476 2860 (40404404
496 2795 671 2878 quaesitum
694 2814 751 2858 ros
773 2793 856 2856 enim
879 2792 1027 2868 dominos,
1045 2811 1116 2856 esse
1138 2791 1248 2855 dicitis.
1283 2790 1381 2854 «Cum
1405 2791 1608 2876 Chrysogono

250 2900 392 2956 assunt.»
425 2891 473 2954 lta
494 2890 605 2955 credo:
635 2889 744 2953 litteris
775 2907 884 2952 eorum
906 2893 937 2950 et
957 2886 1132 2950 urbanitate
1155 2884 1378 2970 Chrysogonus
1401 2884 1541 2960 ducitur,
1574 2887 1610 2944 ut

338 3156 362 3206 4.
373 3153 475 3205 tumtun
485 3165 512 3204 c:
525 3152 663 3206 6044404444
674 3153 777 3213 444444,
791 3149 890 3214 4044,
900 3147 1104 3208 codd.Gmteri;
1116 3147 1138 3196 si
1149 3160 1198 3210 auo
1209 3147 1349 3198 4044404040
1360 3143 1607 3198 conitluilielmius.

290 3255 318 3268 -
332 3230 484 3282 dubitabitur
499 3231 591 3282 Mra:
610 3228 739 3278 dubitatur
750 3227 798 3277 GC
809 3226 858 3287 Ηχ
868 3239 925 3277 4.-
939 3226 964 3275 4.
977 3238 995 3275 a
1005 3223 1090 3288 040440
1100 3225 1226 3274 recussu
1236 3222 1340 3286 iladvig
1351 3223 1405 3287 (Op.
1419 3223 1439 3272 l.
1452 3234 1479 3286 p.
1493 3219 1573 3283 titt:
1592 3231 1610 3269 a

286 3307 428 3374 gladiatore
444 3305 540 3356 ausisse
556 3304 657 3366 cdxx,
677 3301 754 3355 codd.
770 3302 852 3364 Grut,
872 3303 941 3352 Gva
951 3313 983 3361 c;
1002 3299 1171 3364 0040440400
1185 3297 1388 3356 caudunum
1406 3295 1536 3348 Manutius
1548 3307 1610 3350 con-

288 3384 365 3436 iecit:
393 3397 410 3433 a
425 3381 572 3447 0404404040
588 3381 684 3430 ausisse
691 3396 701 3437 ,·
715 3379 820 3429 Hotom.
833 3391 839 3426 ε
866 3390 885 3427 a
899 3376 990 3440 pisatiis
1005 3376 1143 3437 recessisse,
1166 3375 1252 3423 Garat.
1271 3373 1310 3422 4.;
1338 3385 1355 3423 0
1371 3371 1526 3436 gladiatoria
1543 3369 1606 3434 (scil.

287 3461 352 3525 arte)
369 3459 503 3510 4000444440.
517 3481 546 3493 -
564 3455 589 3505 4.
608 3459 653 3504 aut
668 3454 708 3504 440
719 3452 790 3514 seh„
809 3454 839 3502 nt
849 3452 878 3502 C.
892 3451 1041 3515 Stephanus
1053 3451 1080 3500 in
1092 3449 1192 3512 corrig.
1206 3461 1232 3512 p.
1245 3447 1302 3498 463.
1316 3448 1444 3497 00440044;
1464 3451 1508 3497 004
1524 3447 1605 3508 unt,

287 3545 351 3602 χψ,
369 3539 453 3594 Para,
472 3531 610 3590 40000,
628 3534 657 3579 04
671 3529 740 3586 444;
760 3531 804 3577 aut
820 3527 911 3586 44444,
929 3531 975 3575 out
989 3525 1036 3574 biis
1050 3527 1087 3585 G3
1106 3529 1151 3574 aut
1167 3521 1385 3585 isteOetvulgo,
1403 3522 1504 3574 incerta
1521 3525 1610 3572 aucto-

286 3613 373 3662 ritate.
391 3605 562 3667 Restitutio,
581 3604 706 3669 quoniam
718 3613 847 3666 praesens
858 3601 962 3652 absenti
975 3600 1127 3665 opponitur;
1146 3612 1171 3648 v.
1183 3599 1206 3662 g.
1218 3599 1258 3649 44.
1273 3599 1299 3648 04
1310 3596 1372 3648 adn.
1385 3610 1475 3648 meam
1487 3596 1520 3646 ad
1531 3596 1607 3646 verr.

287 3688 329 3739 tv.
343 3687 367 3751 4.
378 3686 418 3738 tt.
431 3698 458 3749 p.
469 3681 501 3734 68
513 3679 556 3731 ed.
570 3681 639 3744 Lips.
658 3678 735 3729 Haud
751 3689 812 3728 raro
823 3678 913 3727 autem
924 3676 963 3725 440
974 3677 1001 3726 04
1011 3676 1032 3724 is
1044 3674 1153 3724 contusa
1165 3673 1346 3731 inveniuntur;
1363 3685 1390 3722 v.
1404 3685 1484 3737 supra
1496 3671 1559 3737 §.27
1572 3671 1607 3721 in.

288 3766 316 3816 et
326 3760 445 3814 Ellendtii
462 3756 518 3809 lud.
536 3754 571 3806 ad
588 3756 642 3806 Cic.
656 3753 690 3805 de
708 3756 778 3804 orat.
790 3753 810 3802 1.
829 3764 855 3816 p.
869 3751 927 3802 488.
947 3751 1043 3800 Contra
1061 3747 1085 3812 Β.
1099 3749 1139 3799 46.
1157 3748 1196 3798 440
1213 3749 1239 3797 in
1255 3747 1277 3796 is
1293 3747 1478 3810 corrigendum
1494 3745 1607 3798 videtur.

290 3865 317 3875 -
336 3837 360 3889 3.
379 3832 507 3896 discipulis
522 3831 602 3882 Gbli.
622 3856 650 3866 —
669 3833 768 3880 4004004
784 3841 811 3878 c.
826 3851 855 3863 -
874 3827 899 3876 b.
917 3825 1040 3888 capuanis
1055 3836 1110 3873 ac:
1129 3823 1254 3888 cognoscis
1265 3823 1300 3878 G;
1318 3823 1461 3886 0000040444
1477 3823 1564 3882 itxv.
1579 3847 1607 3857 -

288 3915 313 3964 6.
331 3920 507 3974 menemus
524 3917 577 3955 om.
589 3918 616 3955 v.
631 3930 658 3939 —
677 3903 702 3955 8.
721 3903 771 3954 tine
786 3915 844 3953 ac:
861 3901 927 3951 biine
939 3901 974 3960 G;
992 3899 1048 3949 bins
1064 3899 1123 3950 biv.
1138 3922 1166 3934 -
1184 3897 1209 3948 9.
1227 3899 1283 3948 isto
1293 3897 1456 3960 Heusinger:
1473 3899 1518 3949 ists
1528 3894 1606 3947 codd.

288 3989 318 4038 0.
338 4011 366 4021 -
393 3997 429 4035 an
450 3994 493 4033 res
507 4007 523 4019 -
533 4005 547 4017 -
561 3979 722 4042 postulabant
746 3991 799 4030 om.
822 3979 852 4028 G.
878 4003 905 4011 —
933 3975 974 4026 44.
998 3973 1150 4038 nobilissimi]
1174 3972 1334 4023 tenutissimi
1356 3973 1426 4022 Crat.
1450 3984 1551 4036 margo.
1579 3997 1606 4007 -

289 4061 329 4114 44.
348 4060 416 4126 darn]
433 4057 564 4108 44000040
581 4068 655 4121 susp.
673 4054 767 4106 Lemb.
782 4081 809 4090 —
829 4053 869 4103 46.
889 4064 953 4114 quas
969 4063 1026 4101 0004
1041 4049 1078 4100 ita
1094 4049 1143 4099 sint
1158 4061 1212 4099 om.
1231 4050 1260 4099 G.
1276 4073 1304 4083 -
1323 4047 1362 4097 44.
1381 4046 1445 4112 uim]
1463 4049 1522 4099 dun
1538 4045 1606 4097 coni.

288 4136 395 4196 Matth.;
420 4137 447 4185 at
463 4147 488 4182 v.
507 4143 549 4196 ep.
568 4130 602 4182 ad
618 4131 670 4181 444.
688 4131 719 4180 ii.
738 4130 783 4192 46,
801 4130 836 4191 6.,
855 4139 937 4191 quem
953 4124 1042 4177 locum
1060 4122 1208 4175 Frendenb.
1227 4136 1253 4188 p.
1267 4122 1306 4172 44.
1325 4119 1442 4173 contulit.
1459 4147 1489 4160 -
1508 4121 1548 4172 49.
1566 4134 1609 4184 op·

285 4211 398 4278 pugnari
414 4211 517 4262 Gilva
527 4222 559 4269 c,
577 4209 661 4270 Pam,
680 4204 753 4268 Pali,
772 4206 851 4255 Oxx.:
870 4203 915 4253 boc
928 4201 1042 4266 pugnari
1058 4201 1106 4250 LO
1124 4213 1157 4248 ex
1173 4201 1255 4262 Naug.
1269 4195 1336 4247 coni.
1356 4197 1450 4247 «itecte
1464 4197 1609 4260 Naugerius

288 4290 334 4340 400
351 4285 478 4351 popinam
500 4298 527 4334 v.
547 4283 570 4348 ἕ.
590 4283 614 4333 8.
639 4281 660 4332 si
681 4282 727 4332 400
742 4284 873 4345 pugnatur
888 4283 916 4328 ut
933 4278 985 4328 cet.
1012 4276 1071 4327 Scio
1088 4273 1214 4338 equidem
1230 4273 1303 4334 reete
1320 4270 1372 4321 dict
1387 4283 1442 4321 rem
1457 4271 1608 4334 0000044044,

289 4365 319 4414 44
335 4376 362 4428 p.
381 4363 434 4424 Lig.
454 4359 478 4424 5.
492 4356 544 4420 44.,
563 4358 591 4408 04
607 4357 749 4422 oppupnari
766 4353 886 4407 absolute
903 4353 965 4419 poni
983 4364 1075 4417 posse,
1095 4351 1124 4400 ut
1139 4363 1166 4415 p.
1179 4351 1256 4399 Rosc.
1274 4348 1333 4397 4444.
1353 4345 1377 4410 5.
1395 4344 1468 4404 tib.;
1487 4344 1544 4407 sed,
1562 4344 1609 4395 nbi

290 4440 390 4491 dictum
407 4437 441 4489 sit
456 4434 599 4498 oppugnari
614 4446 659 4494 ne,
682 4433 799 4483 nescio.»
822 4431 982 4482 Wnsnunnao
998 4427 1112 4478 0440400.
1131 4425 1166 4474 ad
1181 4423 1321 4474 Sestiacum
1336 4435 1365 4486 p.
1382 4421 1407 4471 4.
1425 4420 1481 4470 not.
1499 4421 1523 4470 4.
1555 4421 1610 4470 Nec

289 4513 412 4578 superior
426 4509 501 4561 locus
519 4508 544 4573 5.
563 4509 587 4559 8.
605 4506 683 4573 plane
701 4505 792 4558 similis
811 4508 866 4568 044,
885 4507 912 4560 04
927 4503 1032 4554 videtur
1048 4513 1143 4566 perse
1160 4498 1302 4562 oppugnari
1316 4510 1348 4547 ns
1364 4495 1427 4546 terri
1442 4495 1470 4546 h.
1483 4493 1500 4545 l.
1518 4507 1607 4560 posse,

290 4601 352 4640 cnm
373 4585 446 4638 idem
467 4585 502 4636 sit
523 4583 596 4648 quod
614 4583 767 4648 repugnari,
791 4580 882 4632 obsisti.
903 4607 930 4618 -
952 4579 994 4629 44.
1017 4581 1045 4628 04
1060 4591 1091 4628 ne
1108 4572 1246 4638 000044ον]
1266 4573 1304 4623 440
1321 4569 1450 4622 mendose
1468 4569 1557 4632 codd,
1581 4570 1610 4619 ut

288 4664 406 4725 videtur,
425 4671 518 4712 omnes
536 4658 639 4724 (4044044
655 4659 723 4721 Gli,
741 4661 824 4718 Pam..
843 4655 949 4718 i0xx.‚
967 4653 1040 4717 vat:
1058 4665 1124 4703 anne
1141 4663 1228 4713 quaer.
1248 4661 1277 4708 c;
1296 4651 1389 4697 utnon
1405 4659 1491 4709 puaer.
1504 4644 1609 4695 Buech-

289 4754 355 4800 ner;
373 4741 402 4790 at
416 4747 448 4786 ne
464 4734 595 4798 04004400
610 4735 709 4797 quidm
724 4731 797 4782 Klotz
815 4732 862 4796 (t);
885 4730 943 4783 4044.
961 4729 1030 4780 tane
1046 4723 1211 4790 0000044004,
1234 4723 1251 4773 i.
1270 4736 1295 4773 e.
1313 4734 1426 4772 4404040
1443 4721 1470 4770 44
1487 4718 1609 4770 dominos

290 4813 468 4883 quaeritura»
493 4836 520 4846 -
547 4809 588 4861 43.
610 4810 670 4860 Sec.
692 4809 757 4860 enim
773 4833 789 4845 -
803 4833 819 4845 -
835 4809 865 4858 de
884 4807 929 4857 400
949 4805 1080 4869 quaritur
1101 4813 1154 4852 om.
1174 4801 1203 4851 G.
1224 4825 1252 4834 -
1277 4797 1422 4861 00004404,
1447 4796 1475 4846 tn
1499 4794 1610 4845 dominos

289 4889 430 4958 0000444444]
454 4887 493 4938 440
517 4883 595 4936 codd.
620 4881 744 4936 lacunam
769 4881 927 4948 explendam
951 4879 1057 4946 putavi:
1083 4889 1127 4927 vv.
1149 4877 1177 4925 in
1198 4875 1263 4925 6004.
1282 4871 1413 4936 pacantur
1429 4885 1444 4922 a
1461 4869 1540 4922 codd.
1558 4868 1609 4918 ab·

290 4969 360 5022 sunt.
386 4963 532 5028 Madvigius
549 4961 640 5022 acute,
658 4960 689 5008 ut
704 4955 783 5019 40404,
801 4959 886 5008 totum
902 4955 991 5007 locum
1008 4954 1047 5006 sic
1060 4950 1209 5003 constituit:
1227 4948 1258 5000 44
1272 4960 1351 5011 nepus
1366 4947 1394 4997 in
1408 4961 1452 4998 uos
1462 4946 1607 5011 0040444οη

290 5045 350 5096 ssu.
369 5041 435 5094 00404
449 5036 551 5090 Roscius
565 5047 623 5085 rsus
639 5038 688 5094 est;
704 5045 783 5096 00000
798 5037 834 5084 est
848 5033 963 5094 40400000
979 5031 1009 5080 da
1023 5028 1069 5078 400
1084 5025 1188 5090 quassu
1203 5037 1247 5075 cos
1263 5025 1328 5076 enim
1338 5022 1449 5074 dmntnos
1458 5034 1508 5073 essa
1518 5019 1606 5071 dicitis

293 5146 320 5155 —
338 5116 380 5170 44.
397 5127 442 5167 004
456 5114 522 5166 enim
538 5111 650 5162 40044004
665 5109 698 5172 (i,
716 5108 732 5159 4
748 5111 832 5171 Part..
850 5106 866 5157 6
883 5107 957 5171 0440,
974 5117 1009 5158 r:
1030 5116 1076 5156 aas
1091 5115 1149 5154 0040
1164 5101 1276 5153 dammas
1291 5101 1350 5152 Par.
1368 5097 1408 5160 e.;
1429 5110 1474 5150 uos
1489 5109 1546 5149 0044
1562 5096 1608 5146 do-

290 5195 359 5246 40400
374 5191 439 5257 440,
457 5189 528 5244 cns.
545 5197 651 5252 marg03
667 5195 712 5237 uos
727 5183 838 5237 40044004
853 5193 878 5234 0.
