3642 5868
495 431 564 496 nn.
586 432 611 496 1.
641 431 716 497 cn».
736 430 962 498 nvrn-nx.
991 427 1047 514 pp.
1069 425 1264 496 teo-rae.
1481 426 1544 494 444

218 603 287 684 ipse
314 600 431 666 multos
458 619 559 665 annos
581 609 665 666 esset
686 602 720 665 in
741 600 906 677 sordibus,
933 602 1030 684 paulo
1058 607 1164 666 tamen
1192 599 1367 666 obsoletius
1393 602 1544 666 restitum

218 694 349 759 videret
371 695 504 781 (ltaque
526 698 600 772 tibi,
621 695 789 771 Hortensi,
811 715 878 759 non
898 697 984 760 illins
1007 702 1093 760 aetas
1115 697 1171 762 sed
1194 715 1308 771 causa,
1329 699 1542 762 convestitus

218 788 275 852 sed
294 788 424 852 fortuna
443 790 608 874 popularis
629 777 814 893 videbatur)
839 808 945 874 neque
973 798 1003 853 te
1025 799 1089 854 4444
1110 790 1346 866 commovebat,
1379 791 1466 875 quod
1488 790 1542 854 ille
1625 789 1706 876 „Q

218 903 290 948 cum
313 890 387 967 toga
407 893 587 968 praetexta,
610 875 815 969 quan‘squod
838 885 907 947 sine
927 883 1016 947 bulla
1037 891 1175 948 venerat.
1204 886 1359 948 tVestitus
1381 885 1465 947 enim
1487 904 1543 947 ne·
1637 866 1669 898 Α

217 978 333 1040 minem
356 979 573 1043 commovebat
593 981 636 1052 is,
667 998 762 1063 quem
788 977 834 1040 illi
860 997 928 1040 mos
951 984 984 1040 et
1004 979 1052 1040 ius
1073 979 1276 1061 ingenuitatis
1298 977 1412 1060 dabat.)
1447 978 1566 1054 Quodn
1634 993 1707 1072 ς’

217 1079 436 1134 ornamentum
464 1073 617 1155 pueritiae
648 1081 739 1155 pater
764 1071 911 1146 dederat,
944 1070 1096 1134 indicium
1118 1080 1214 1156 atque
1235 1072 1357 1154 insigne
1378 1072 1542 1147 fortunae,

216 1164 277 1227 boc
298 1164 338 1227 ab
366 1165 428 1229 isto
458 1166 620 1249 praedone
642 1174 785 1248 ereptum
807 1185 877 1228 esse
899 1165 1036 1248 graviter
1056 1175 1123 1228 tum
1146 1174 1178 1228 et
1198 1166 1311 1230 acerbe
1330 1165 1475 1230 homines
1496 1165 1543 1232 ie·

216 1259 335 1324 rebant
379 1255 451 1322 453.
473 1262 585 1344 Neque
607 1267 697 1323 erant
717 1260 791 1322 illae
812 1259 959 1323 lacrimae
981 1259 1151 1342 populares
1173 1261 1273 1341 magis
1289 1279 1384 1342 4444444
1404 1267 1542 1334 nostrae,

216 1373 312 1437 qnam
334 1359 424 1430 tuae,
448 1353 487 1429 Q.
509 1355 674 1430 Hortensi,
696 1374 792 1437 quam
810 1353 942 1427 borum,
965 1354 1020 1437 qui
1036 1353 1224 1416 sententiam
1238 1353 1331 1415 laturi
1346 1362 1436 1427 sunt,
1458 1353 1541 1428 ideo,

216 1448 301 1531 quod
323 1450 500 1512 communis
522 1455 571 1512 est
590 1467 700 1523 causa,
722 1466 888 1512 commune
903 1447 1097 1530 periculum:
1119 1447 1279 1511 communi
1294 1447 1453 1530 praesidio
1469 1447 1578 1518 4444444
1674 1472 1685 1515 .·

214 1537 578 1627 improbitas'tamquam
589 1543 720 1626 aliquod
735 1527 916 1605 incendium
927 1540 1189 1630 restinguendum
1199 1547 1257 1604 est.
1279 1541 1440 1604 Habemus
1455 1541 1539 1605 enim
1665 1547 1682 1635 '⁹

214 1635 332 1700 liberos
352 1657 485 1720 parvos:
515 1639 669 1701 incertum
691 1645 756 1712 est,
779 1655 874 1719 quam
896 1636 992 1718 longa
1011 1636 1165 1719 cuiusque
1185 1643 1329 1699 nostrum
1351 1637 1415 1701 rita
1434 1637 1541 1700 lutura
1662 1636 1674 1652 ‘

215 1725 462 1810 sit:(consnlere
476 1732 538 1796 vivi
561 1751 598 1794 ac
612 1732 793 1815 prospicere
821 1730 989 1804 debemus,
1011 1729 1189 1793 utiliorum
1203 1728 1342 1793 solitudo
1359 1739 1390 1794 et
1404 1732 1541 1814 pueritia
1579 1798 1590 1826 N

217 1845 313 1909 quam
334 1825 514 1890 firmissimo
535 1825 693 1908 praesidio
714 1825 836 1916 munita
857 1817 924 1908 sit.)
950 1824 1029 1900 Quis
1052 1831 1101 1887 est
1121 1825 1222 1899 enim,
1253 1819 1315 1908 qui'
1338 1825 1420 1888 tueri
1440 1825 1542 1906 possit
1636 1879 1650 1889 .

214 1918 350 1982 liberum
371 1927 551 1983 nostrorum
572 1919 740 2003 pueritiam
762 1926 871 1982 contra
891 1918 1124 2000 inprobitatem
1146 1919 1409 2000 magistratuum?
1431 1919 1541 1994 Mater,
1551 1939 1579 1990 444

215 2013 322 2076 credo.
359 2014 487 2077 Scilicet
508 2033 622 2096 magno
643 2013 802 2096 praesidio
822 2012 885 2076 init
898 2013 1021 2076 Anniae
1043 2012 1185 2096 pupillae
1199 2019 1316 2087 mater,
1337 2012 1541 2104 femina-pri·

215 2107 334 2171 maria:
356 2109 461 2171 minus
481 2107 537 2170 illa
558 2108 635 2171 deos
656 2106 865 2191 hominesque
887 2107 1075 2191 implorante
1096 2108 1156 2170 iste
1179 2105 1292 2170 intanti
1313 2108 1541 2207 pupillqgglor·
1666 2071 1692 2191 Ᾰ

212 2208 307 2264 tunae
329 2201 447 2285 patrias
470 2199 596 2264 ademit
630 2201 805 2264 Tutoresne
827 2199 1022 2265 defendenti
1038 2193 1052 2266 l
1059 2199 1209 2264 Perfacile
1231 2219 1306 2264 vero
1334 2202 1421 2284 apud
1449 2203 1541 2267 istius

211 2294 299 2358 modi
321 2303 515 2377 praetorem,
536 2315 556 2358 a
578 2315 643 2380 quo
665 2295 707 2358 bl.
730 2295 871 2359 Marcelli
892 2297 1005 2359 tutoris
1025 2295 1059 2358 in
1080 2313 1177 2359 causa
1197 2295 1313 2379 pupilli
1325 2295 1409 2360 Iunii
1424 2303 1456 2360 et
1471 2315 1542 2362 ora·

210 2387 257 2450 tio
279 2394 311 2450 et
332 2388 479 2452 voluntas
502 2397 534 2452 et
555 2391 724 2453 auctoritas
745 2389 1009 2482 repudiatasest)
1549 2411 1579 2460 44
1618 2387 1631 2398 “

296 2483 378 2544 le.
399 2477 472 2546 454.
503 2482 692 2558 Quaerimus
715 2485 825 2560 etiam,
855 2485 932 2569 quid
957 2485 1018 2549 iste
1040 2485 1074 2548 in
1096 2483 1207 2548 ultima
1227 2482 1382 2568 Phrygia,
1407 2483 1485 2568 quid
1506 2483 1540 2548 in

212 2578 361 2639 extremis
376 2577 581 2661 Pamphyliae
602 2580 744 2661 partibus
766 2578 894 2656 lecerit,
916 2580 1020 2665 qualis
1041 2579 1180 2642 inbelle
1203 2577 1400 2662 praedonum
1420 2578 1541 2662 praedo

212 2671 282 2753 ipse
301 2671 414 2746 luerit,
437 2673 492 2755 qui
513 2674 546 2735 in
568 2673 638 2736 loro
659 2673 769 2757 populi
785 2674 919 2737 Romani
939 2675 1043 2756 pirata
1063 2672 1202 2736 nefarius
1221 2673 1422 2754 reperiatur?
1443 2672 1542 2736 Dubi-

213 2771 334 2840 tamas,
357 2763 436 2848 quid
457 2766 516 2830 iste
538 2767 574 2828 iu
594 2767 734 2830 bostium
756 2767 874 2850 praeda
895 2769 1025 2832 molitus
1047 2769 1103 2843 sit,
1129 2767 1185 2852 qui
1205 2767 1370 2832 manubias
1391 2767 1451 2832 sibi
1471 2775 1541 2832 tan·

212 2866 260 2923 tas
282 2879 323 2923 ex
352 2860 388 2924 L.
410 2860 529 2924 bletelli
558 2862 715 2926 manubiis
744 2861 870 2937 lecerit,
903 2864 960 2946 qui
982 2863 1101 2926 maiore
1123 2861 1259 2945 pecunia
1280 2869 1431 2946 quattuor
1452 2863 1578 2933 colu-se

210 2973 301 3018 mnas
323 2954 533 3030 dealbandas,
555 2975 651 3039 444444
673 2955 726 3019 ille
748 2975 858 3018 omnes
873 2953 1085 3020 aedificandas
1099 2955 1276 3020 locaverit?
1299 2956 1539 3040 Exspectcmns,

212 3047 290 3129 qnid
323 3047 431 3111 dicant
463 3067 504 3111 ex
533 3049 642 3112 Sicilia
669 3052 790 3113 testes?
834 3049 914 3125 Quis
935 3069 1087 3135 umquam
1108 3049 1262 3132 templum
1282 3049 1361 3114 illud
1383 3051 1539 3135 adspexit,

211 3141 290 3226 quin
311 3143 462 3206 avaritiae
482 3151 572 3220 tuae,
601 3143 681 3228 qoin
702 3143 854 3216 iniuriae,
878 3143 957 3226 quin
979 3145 1130 3207 andaciae
1151 3145 1241 3208 testis
1264 3147 1374 3208 essett
1418 3144 1498 3220 Quis
1520 3165 1540 3209 a

209 3238 300 3319 signo
314 3237 479 3301 Vertumni
499 3239 532 3300 in
554 3237 672 3301 circum
693 3237 867 3300 maximum
882 3239 985 3313 venit,
1008 3240 1087 3323 quin
1107 3239 1135 3302 is
1157 3259 1222 3302 uno
1238 3258 1368 3322 quoque
1382 3239 1482 3322 gradu
1499 3239 1539 3304 de

209 3331 341 3394 avaritia
370 3338 426 3394 tua
457 3334 738 3394 commoneretur?
772 3349 869 3414 quam
898 3337 934 3394 tn
963 3333 1046 3396 viam
1076 3332 1261 3396 tbensarum
1283 3339 1379 3415 atque
1401 3352 1577 3416 pompacso

210 3425 365 3489 eiusmodi
386 3427 535 3510 exegisti,
557 3432 593 3488 ut
616 3419 674 3508 [tu]
696 3425 766 3507 ipse
787 3424 843 3487 illa
863 3424 909 3489 ire
931 3445 995 3489 non
1017 3425 1146 3489 audeas.
1178 3427 1224 3490 Te
1245 3432 1335 3509 putet
1356 3426 1537 3510 quisqam,

209 3539 281 3584 cum
303 3519 454 3584 abitalia
480 3520 561 3583 freto
591 3519 750 3584 diiunctus
778 3539 880 3595 esses,
910 3519 1005 3584 sociis
1032 3526 1241 3604 temperasse,
1268 3519 1325 3604 qai
1346 3519 1457 3584 aedem
1479 3520 1539 3586 Ca·

208 3615 302 3678 storis
330 3621 444 3678 testem
473 3612 629 3678 fumorum
654 3622 781 3678 tuorum
810 3633 879 3678 esse
901 3613 1056 3690 volueris,
1085 3634 1182 3699 444444
1208 3613 1349 3698 populns
1377 3615 1537 3682 Romanus

209 3707 368 3793 qnotidie,
389 3707 510 3772 iudices
533 3709 628 3770 etiam
650 3715 734 3783 tum,
756 3727 829 3772 cum
850 3707 891 3772 de
912 3715 944 3771 te
965 3711 1155 3772 sententiam
1175 3708 1296 3784 terent,
1317 3709 1495 3775 ridebunt?

292 3801 359 3866 LX.
381 3797 453 3865 455.
475 3802 580 3886 Atque
603 3802 697 3866 etiam
718 3801 871 3866 iudicium
891 3802 927 3866 in
948 3809 1096 3885 praetura
1114 3802 1277 3887 publicum
1291 3807 1450 3884 exercuit3
1472 3824 1575 3878 nonae

274 4022 298 4072 4.
316 4024 377 4072 sent
391 4017 431 4068 V:
450 4021 486 4070 444
502 4019 547 4069 ett.
566 4017 595 4068 0.
610 4039 639 4056 -·
657 4018 683 4068 2.
700 4017 751 4078 444]
768 4021 803 4068 sot
820 4017 868 4080 (sic
884 4017 965 4068 etiam
981 4016 1056 4082 44444)
1074 4015 1105 4068 V.
1121 4044 1149 4055 -
1167 4016 1192 4069 3.
1211 4022 1235 4069 ts
1250 4018 1313 4084 4444]
1330 4023 1413 4072 4444444
1428 4021 1464 4082 V,
1483 4027 1537 4074 4444

208 4101 232 4151 44
248 4096 328 4149 illota.
349 4119 377 4134 -·
394 4092 572 4146 4444404444.
593 4117 620 4132 -·
644 4094 669 4144 44.
687 4090 869 4143 commeat.
890 4117 918 4128 -
941 4092 965 4142 4.
983 4090 1170 4156 laevigat:
1194 4105 1247 4144 om.
1271 4093 1320 4144 dtt.
1338 4095 1368 4146 0.
1389 4123 1417 4133 -
1435 4097 1459 4148 8.
1478 4097 1537 4148 44444

207 4169 246 4223 t:
272 4172 320 4223 tus
339 4173 384 4222 444.
404 4170 432 4222 0.
454 4195 482 4208 -
511 4169 550 4220 44.
571 4168 795 4232 compossuerat
816 4166 1002 4218 merimannus
1025 4166 1060 4218 ad
1083 4168 1187 4218 Lucret.
1205 4181 1234 4234 p.
1252 4169 1309 4232 se.;
1335 4173 1537 4238 4444444444

206 4248 239 4299 stt
254 4248 290 4308 V;
315 4245 492 4310 monastertio
511 4247 546 4294 444
565 4245 611 4294 444.
630 4243 660 4294 0.
688 4241 722 4293 cl.
741 4243 857 4306 interpp.
881 4241 915 4292 ad
938 4244 1005 4294 orat.
1023 4256 1050 4307 p.
1068 4241 1119 4306 teg.
1138 4244 1207 4295 4444.
1225 4246 1250 4306 0,
1268 4246 1309 4295 44.
1327 4244 1422 4298 salust.
1441 4247 1534 4314 lcagm.

206 4335 234 4388 p.
252 4321 309 4373 944.
328 4321 416 4372 Corte.
436 4347 465 4360 ·-
487 4318 528 4370 49.
546 4319 664 4382 44444444
679 4322 792 4368 4444444444
808 4315 910 4380 leia
933 4317 976 4381 (ct.
994 4319 1090 4383 Zumpt
1104 4317 1199 4380 Addl:
1225 4323 1304 4370 44444.
1322 4321 1419 4384 4444444.
1437 4322 1486 4374 dtt.
1505 4324 1534 4375 0.

209 4421 237 4436 -
256 4397 297 4448 40.
312 4398 454 4460 4444444444
469 4393 627 4457 4444349444
644 4395 770 4457 promen
785 4391 834 4444 (444.
855 4415 883 4428 -
902 4394 943 4443 44.
961 4392 1066 4444 44044444
1081 4397 1159 4444 44444.
1179 4394 1260 4445 Prisc.
1278 4395 1299 4445 1.
1317 4407 1344 4460 p.
1362 4395 1420 4448 ³07.
1438 4395 1534 4461 vulgo:

205 4477 284 4522 444444.
302 4472 407 4522 44044444
424 4473 451 4522 t..
479 4495 507 4508 -
535 4471 575 4523 48.
599 4471 727 4534 4444444444
750 4470 819 4520 coni.
838 4468 924 4521 Madv.
942 4470 1009 4534 App.
1031 4483 1058 4534 p.
1076 4467 1117 4520 49.
1141 4467 1219 4534 prob.
1243 4469 1354 4535 Zumpt:
1382 4471 1537 4534 defenderent

206 4545 286 4598 codd.
304 4547 333 4596 0.
354 4573 381 4584 -
407 4547 449 4597 94.
467 4548 612 4607 4444444444
632 4547 714 4598 Prisc.
731 4547 763 4596 ll.
782 4557 809 4609 p.
828 4544 894 4596 4494
916 4557 1063 4607 quaererem
1085 4542 1165 4596 codd.
1190 4570 1218 4580 -
1242 4544 1283 4597 23.
1302 4545 1354 4608 ipre
1378 4559 1432 4598 om.
1451 4547 1534 4598 Prisc.

207 4623 250 4674 ed.
268 4623 323 4684 44.,
341 4621 390 4673 sed
406 4619 489 4672 babet
505 4621 565 4673 cod.
584 4623 653 4674 bion.
673 4647 701 4658 -
722 4621 764 4672 96.
782 4621 873 4672 locarit
889 4621 969 4672 Prisc.
988 4621 1019 4672 44.
1037 4633 1065 4684 p.
1084 4621 1140 4670 440.
1162 4643 1189 4656 -
1208 4625 1380 4683 mactante
1396 4621 1464 4673 coni.
1483 4623 1535 4674 lle-

206 4696 255 4749 444.
276 4723 301 4737 -
328 4697 369 4748 29.
390 4697 630 4750 vesanissima:
651 4697 752 4750 Veram
768 4695 851 4759 44494
872 4696 1000 4746 Vortumni
1016 4695 1047 4746 A.
1067 4721 1095 4732 -
1113 4708 1261 4760 4444444444
1278 4693 1368 4759 codd,
1385 4697 1482 4748 Prisc:
1508 4695 1536 4746 44

206 4785 355 4836 4444444444
366 4774 427 4836 post
437 4772 537 4823 Victor.
554 4774 583 4824 0.
604 4774 680 4834 (Port.
694 4773 755 4836 quio
765 4772 792 4822 444
802 4783 853 4822 aso
864 4784 888 4834 q.
907 4770 940 4822 ct.
953 4785 979 4820 v.
989 4771 1030 4824 28.
1044 4769 1136 4834 444444.)
1148 4797 1176 4808 -
1189 4769 1231 4822 00,
1245 4775 1441 4822 4444444444
1452 4771 1533 4822 Prisc.

208 4847 277 4911 agla
293 4845 389 4909 vulgo:
411 4852 606 4898 4444444444
621 4847 699 4900 codd.
718 4845 812 4912 pleriq.
833 4871 861 4882 -
885 4859 962 4909 444444
984 4851 1037 4896 4444
1053 4847 1121 4898 coni.
1139 4847 1199 4898 ilot.
1217 4845 1295 4912 prob.
1314 4847 1383 4898 Bake
1401 4845 1436 4898 ad
1453 4847 1532 4910 berg.

207 4937 234 4989 p.
253 4923 309 4974 499.
331 4949 358 4960 -
377 4920 417 4974 34.
437 4921 482 4987 [as]
499 4936 553 4974 om.
571 4924 653 4975 Prisc.
673 4949 700 4960 ·-
720 4923 761 4974 34.
780 4922 904 4972 4444444444
919 4922 1004 4986 ngas:
1024 4923 1159 4974 4444444444
1175 4923 1221 4973 ctt.
1239 4922 1269 4973 0.
1289 4947 1317 4958 -
1339 4919 1379 4972 33.
1395 4921 1458 4984 pert.
1476 4923 1534 4970 444-

206 5011 266 5050 44444
282 4997 379 5050 Prisc:
397 5001 464 5047 44444.
481 4998 543 5061 part.
562 4996 640 5050 codd.
652 4993 716 5050 noti.
731 5025 759 5034 -
774 4997 902 5060 populili.
921 4997 989 5062 4449
1007 4998 1034 5048 et
1045 4996 1093 5048 dtt.
1106 4997 1188 5048 Prisc.
1202 5023 1230 5034 -
1249 4995 1290 5048 34.
1308 4995 1440 5046 4444444444
1451 4995 1532 5046 Prisc.

209 5099 239 5112 -·
256 5071 336 5137 [444444
356 5071 390 5123 de
408 5073 476 5123 coni.
495 5073 602 5122 Graec:
627 5073 722 5137 44444444
742 5072 823 5123 Prisc.
841 5070 920 5121 codd.
939 5072 968 5124 0.
989 5097 1015 5112 -·
1039 5069 1156 5124 4444444444
1170 5070 1250 5136 4499,
1268 5071 1323 5122 tres
1339 5067 1398 5120 alii:
1423 5069 1535 5122 4444444444

208 5147 290 5201 Prisc.
308 5148 343 5210 03
361 5147 477 5200 4444444444
492 5148 538 5199 ctt.
559 5171 587 5184 -
606 5146 648 5198 34.
665 5147 737 5210 44444·
752 5145 813 5200 eod.
831 5147 888 5200 Urs.
