3610 5860
447 451 520 520 cn.
534 452 691 520 rx-xr.
713 449 771 538 ti·
786 447 934 520 ro-aa.
958 448 1107 539 [v-un
1123 448 1251 538 4-4]
1445 447 1507 516 :co

268 625 316 691 Dr
345 643 475 692 camma
502 642 639 691 marro.
679 625 728 690 Da
750 644 852 690 annno
873 626 1112 690 Vocorrmnrn.
1151 625 1200 688 Dn
1222 641 1436 689 omrosrmorm
1457 643 1509 688 nr·

185 739 364 788 annuorum

267 816 309 878 x.
324 810 375 878 44.
393 811 457 900 [Vl.
472 809 536 897 lt]
559 813 600 878 At
612 813 673 878 lroc
688 814 770 879 Galli
786 795 957 899 negant-i
966 810 1007 875 dt
1020 813 1099 877 ratio
1113 832 1218 876 rerum
1233 818 1265 877 et
1278 813 1327 876 vis
1342 831 1509 896 argumen-

184 915 288 976 torum
310 909 452 992 coarguit
476 942 519 956 —
539 908 646 972 Potest
666 911 762 992 igitur
783 908 916 973 testibus
937 906 1035 971 iudex
1056 927 1122 970 non
1144 906 1294 971 crederet
1315 940 1356 954 -
1379 907 1509 989 Cupidis

183 1012 216 1069 et
234 1003 323 1068 iratis
345 935 566 1067 et‘coniuratis
589 1009 621 1066 et
641 1004 680 1066 ah
701 1003 852 1086 religione
867 1001 994 1065 remotis
1009 1021 1074 1064 nen
1089 999 1190 1064 solum
1204 1007 1321 1084 potest,
1343 1000 1399 1065 sed
1415 1002 1533 1064 etiamn

183 1099 287 1164 debet.
320 1097 445 1161 Etenim
467 1097 510 1172 si,
533 1098 608 1181 quia
630 1097 713 1160 Galli
736 1097 858 1171 dicunt,
884 1094 1001 1157 idcirco
1024 1095 1066 1156 Μ.
1087 1091 1238 1158 Fonteius
1259 1115 1377 1158 nocens
1400 1093 1511 1158 existi-

182 1192 317 1258 mandus
340 1199 404 1265 est,
428 1190 504 1275 quid
525 1189 602 1255 mihi
625 1211 703 1275 opus
725 1196 774 1254 est
788 1191 929 1272 sapiente
945 1187 1075 1250 iudicet
1098 1187 1175 1271 quid
1191 1207 1295 1273 aequo
1310 1189 1509 1273 quaesitore?

184 1285 263 1371 quid
285 1291 408 1348 oratore
430 1303 496 1348 non
518 1283 637 1347 stulto‘l
660 1283 771 1347 dicunt
793 1284 878 1346 enim
899 1280 1001 1344 Galli:
1023 1300 1139 1363 negare
1161 1302 1225 1345 non
1245 1303 1422 1365 possumus.
1451 1283 1511 1345 llic

457 910 465 928 N

453 955 461 972 0

1 1425 2 1434 .
74 1389 77 1392 '
183 1382 210 1444 si
237 1378 397 1462 ingeniosi
428 1383 460 1442 et
487 1377 578 1460 periti
609 1383 639 1440 et
664 1378 759 1461 aequi
788 1375 903 1440 iudicis
933 1375 990 1438 has
1011 1382 1115 1458 partes
1138 1395 1208 1439 esse
1231 1375 1432 1451 existimatis,
1460 1380 1511 1450 ut,

184 1473 333 1558 quoniam
358 1471 486 1556 quidem
508 1476 607 1534 testes
628 1471 751 1545 dicunt,
773 1469 843 1532 sine
865 1467 931 1532 ulla
953 1468 1147 1532 dubitatione
1163 1469 1356 1533 credendum
1377 1470 1431 1545 sit,
1455 1470 1547 1534 Salo

182 1567 231 1631 lus
257 1567 327 1651 ipsa
354 1566 494 1630 virorum
523 1564 649 1628 fortium
675 1563 887 1628 innocentiam
916 1563 996 1652 tueri
1025 1582 1089 1626 non
1120 1569 1243 1646 potest:
1271 1563 1322 1626 sin
1351 1570 1456 1626 autem
1477 1563 1511 1627 in

182 1663 276 1726 rebus
308 1659 485 1724 iudicandis
513 1678 578 1722 non
609 1658 772 1722 minimam
793 1663 916 1740 partem
937 1657 977 1720 ad
998 1677 1093 1720 unam
1121 1678 1280 1742 quamque
1306 1676 1373 1720 rem
1402 1655 1512 1721 existi·

183 1755 330 1819 mandam
358 1759 581 1837 momentoque
609 1773 665 1818 suo
695 1750 929 1838 ponderandam
957 1750 1146 1835 sapientiam
1167 1751 1303 1827 iudicis,
1334 1750 1438 1815 ridete
1470 1770 1511 1813 ne

186 1848 286 1912 multo
307 1853 430 1911 vestrae
452 1847 586 1912 maiores
608 1848 834 1931 gravioresque
863 1851 967 1929 partes
990 1845 1053 1908 sint
1073 1844 1113 1908 ad
1136 1844 1333 1928 cogitandum
1356 1863 1449 1927 quam
1471 1844 1512 1908 ad

189 1941 359 2007 dicendum
387 1959 487 2004 meae.
530 1938 582 2006 22.
607 1937 681 2026 [44]
704 1943 783 2006 Mihi
805 1940 889 2004 enim
912 1958 1036 2021 semper
1056 1959 1119 2003 una
1142 1959 1269 2023 quaque
1298 1938 1338 2003 de
1366 1958 1401 2003 re
1423 1939 1511 2002 testis
1521 1957 1549 2004 ro

184 2056 250 2102 non
272 2035 376 2100 solum
397 2035 513 2110 semel,
542 2055 653 2100 verum
675 2036 770 2099 etiam
791 2034 927 2098 breviter
948 2031 1186 2116 interrogandus
1209 2040 1271 2109 est,
1301 2053 1395 2118 saepe
1416 2032 1513 2096 etiam

185 2149 251 2195 uon
281 2129 538 2212 interrogandus,
566 2149 608 2193 ne
637 2135 691 2193 aut
717 2130 798 2193 irato
819 2127 952 2193 facultas
974 2126 1014 2191 ad
1036 2126 1205 2191 dicendum
1227 2126 1299 2191 data
1320 2135 1376 2192 aut
1396 2125 1512 2210 cupido

185 2222 356 2289 auctoritas
387 2222 534 2286 attributa
563 2242 632 2286 esse
660 2222 812 2287 videatur.
856 2223 920 2287 Vos
949 2229 981 2286 et
1008 2222 1135 2304 saepius
1158 2220 1290 2285 eandem
1311 2241 1378 2285 rem
1399 2218 1513 2284 animis

185 2319 303 2400 agitare
325 2323 364 2379 'et
391 2315 511 2380 diutius
532 2337 598 2382 uno
621 2318 660 2381 de
682 2323 763 2381 teste
785 2317 922 2400 cogitare
944 2316 1077 2399 potestis
1099 2322 1147 2390 et,
1173 2317 1200 2378 si
1222 2335 1316 2400 quem
1337 2336 1396 2380 nos
1417 2316 1514 2380 inter·

183 2429 296 2494 rogare
326 2409 501 2486 noluimus,
536 2431 616 2496 quae
647 2432 741 2476 causa
769 2412 862 2475 nobis
890 2409 1014 2473 tacendi
1035 2409 1144 2486 fuerit,
1174 2409 1354 2474 existimare
1383 2410 1550 2476 debetisao

186 2505 289 2580 Quam
312 2504 353 2567 ob
375 2525 459 2580 rem,
482 2505 508 2568 si
528 2491 594 2569 hoc
611 2505 707 2569 iudici
729 2505 954 2590 praescriptum
976 2503 1046 2586 lege
1068 2509 1122 2566 aut
1143 2499 1246 2565 officio
1267 2505 1401 2587 putatis,
1426 2504 1514 2568 testi·

184 2599 245 2662 hus
268 2597 414 2673 credere,
442 2598 523 2661 nihil
545 2606 594 2662 est
615 2620 668 2664 cur
689 2600 771 2663 alius
793 2599 854 2662 alio
879 2597 984 2662 iudice
1006 2597 1118 2661 melior
1139 2603 1193 2661 aut
1213 2598 1385 2682 sapientior
1407 2597 1514 2660 existi·

184 2699 311 2758 matur:
333 2711 432 2755 unum
454 2699 503 2756 cst
524 2695 608 2758 enim
630 2699 662 2756 et
683 2694 820 2777 simplex
834 2692 955 2756 aurium
971 2690 1142 2767 iudicium,
1166 2697 1197 2754 et
1210 2693 1367 2774 promisce
1382 2697 1414 2754 ct
1428 2709 1514 2755 com-

181 2787 321 2852 muniter
342 2786 447 2850 stultis
470 2807 506 2850 ac
528 2787 724 2870 sapientibus
746 2788 785 2851 ab
808 2792 919 2850 natura
934 2785 1052 2849 datum.
1081 2781 1132 2848 23.
1150 2779 1225 2869 [lei
1250 2785 1335 2861 Quid
1350 2791 1398 2848 est
1410 2784 1513 2868 igitur,

180 2882 241 2946 uhi
263 2881 387 2945 elucere
409 2881 508 2965 possit
528 2881 719 2965 prudentia?
741 2881 796 2944 ubi
819 2880 955 2944 discerni
977 2881 1090 2944 stultus
1111 2879 1238 2943 auditor
1260 2885 1291 2943 et
1305 2879 1451 2945 credulus
1473 2880 1551 2949 abso

180 2976 336 3058 religioso
360 2983 392 3039 et
413 2976 548 3058 sapienti
569 2975 699 3039 iudice‘l
732 2975 887 3038 Nimirum
909 2973 1006 3049 illud,
1028 2974 1062 3037 in
1077 2994 1142 3058 quo
1164 2993 1203 3037 ea
1224 2993 1306 3059 quae
1327 2973 1474 3037 dicuntur
1495 2995 1514 3039 a

178 3068 317 3136 testibus
341 3071 540 3134 coniecturae
563 3077 595 3132 et
617 3071 798 3152 cogitationi
819 3067 1001 3143 traduntur,
1030 3075 1148 3154 quanta
1170 3069 1369 3144 auctoritate,
1398 3075 1515 3154 quanta

179 3164 284 3229 animi
305 3163 479 3246 aequitate,
508 3171 625 3254 quanto
647 3162 784 3246 pudore,
817 3170 936 3247 quanta
957 3158 1034 3235 fide,
1065 3169 1182 3245 quanta
1203 3161 1372 3244 religione,
1395 3172 1513 3247 quante

182 3257 293 3324 studio
323 3256 562 3320 existimationis
591 3257 713 3331 bonae,
742 3265 859 3339 quanta
881 3275 969 3330 eura,
999 3262 1117 3339 quanto
1139 3256 1251 3318 timore
1273 3255 1426 3320 dicantur.
1452 3256 1513 3318 xl.

182 3346 281 3439 [VIL]
315 3348 364 3413 dn
394 3369 469 3414 vero
499 3370 555 3414 ros
583 3351 616 3414 id
646 3349 680 3413 in
701 3349 888 3413 testimoniis
909 3347 1074 3411 hominum
1094 3348 1298 3413 hmbarorum
1319 3348 1550 3424 dubitabilium

181 3445 275 3532 quod
306 3463 460 3528 persaepe
490 3451 522 3507 et
551 3448 659 3508 nostra
689 3451 721 3507 et
750 3450 872 3528 patrum
900 3443 1051 3507 memoria
1077 3442 1301 3526 sapientissimi
1327 3441 1449 3506 iudices
1472 3443 1513 3506 de

187 3583 1511 3608 .......-...--....-.-.-..---------.

175 3685 176 3688 “
252 3663 276 3714 4.
295 3661 343 3712 DE
358 3659 494 3711 0444444444
509 3658 572 3725 cet]
594 3659 669 3711 «Hoc
685 3658 822 3724 quomodo
839 3656 1024 3724 accipiendum
1040 3655 1087 3718 sit,
1111 3655 1191 3708 docet
1206 3656 1282 3708 Nieb.
1301 3669 1328 3722 p.
1347 3657 1388 3708 44.
1407 3669 1422 3708 4
1439 3655 1514 3708 Plinii

185 3737 265 3803 Epist.
283 3737 303 3787 l.
321 3734 363 3795 40,
381 3735 406 3786 4.
434 3736 519 3788 Unum
539 3736 629 3787 tamen
646 3735 757 3786 dubium
776 3735 840 3785 mihi
858 3734 949 3785 movet
967 3733 1144 3796 dementum
1160 3730 1223 3783 illud
1240 3732 1274 3783 ab
1292 3735 1431 3784 Ammiarm
1448 3735 1515 3786 itae

186 3813 281 3868 collino
303 3811 453 3872 servatum,
478 3811 550 3876 quod
572 3810 663 3863 eloco
680 3813 724 3862 hic
741 3809 879 3875 deperdito
897 3808 930 3859 de
948 3808 1058 3858 crimine
1075 3807 1177 3857 vinomo
1194 3805 1366 3872 desumptum
1383 3820 1443 3860 esse
1460 3810 1515 3861 iam

118 3878 121 3884 ’
185 3892 335 3953 Wagnerus
352 3885 481 3939 censuit.»
499 3887 599 3938 Orsum.
625 3889 659 3938 At
679 3889 784 3952 poterat
803 3885 887 3936 breve
910 3883 974 3938 illud
990 3883 1167 3946 fragmentum
1184 3883 1263 3933 etiam
1280 3883 1307 3934 in
1323 3882 1374 3933 alia
1390 3885 1515 3937 orationis

187 3965 263 4030 parte
280 3961 370 4012 locum
385 3957 495 4012 habere.
508 3986 535 3997 -
547 3962 596 4013 DE
611 3963 715 4014 Basso
731 3960 917 4014 corilionis(
925 3960 956 4010 V.
976 3958 1033 4024 (DE
1048 3959 1152 4009 4414440
1171 3959 1513 4024 ,V0.CONT10RVMS.)-

188 4040 212 4091 3.
231 4039 265 4089 44
281 4037 326 4088 loc
342 4036 373 4087 V.
393 4061 421 4071 -
442 4040 469 4086 44
484 4036 559 4102 racto]
578 4038 644 4087 atrio
661 4037 683 4087 V
699 4039 768 4088 teste
785 4038 877 4088 uarat.
891 4063 918 4072 -
937 4033 962 4086 4.
981 4033 1087 4098 coargui
1100 4039 1187 4096 potest.
1213 4034 1294 4098 Igitur
1310 4034 1408 4085 44444444
1423 4035 1516 4086 iudices

188 4116 219 4176 S,
238 4112 283 4176 qni
301 4109 398 4163 deinde
415 4109 511 4164 habet:
529 4125 580 4162 uou
595 4113 675 4163 sumu
687 4113 789 4174 potestte
804 4113 845 4162 ud
862 4110 937 4161 etiem
948 4107 1044 4159 4444444.
1060 4134 1087 4143 -
1107 4107 1131 4158 6.
1144 4109 1205 4170 quio
1215 4110 1246 4158 s:
1266 4122 1317 4171 444
1327 4109 1358 4158 V.
1373 4135 1401 4146 -
1419 4110 1444 4159 7.
1457 4123 1516 4172 uue-

188 4189 262 4240 storo
278 4188 308 4251 S,
328 4188 478 4250 occursuro
494 4187 525 4238 V.
546 4214 574 4224 -
592 4187 616 4238 4.
635 4188 727 4238 iudices
743 4188 774 4238 V.
796 4215 823 4224 -
841 4191 869 4236 ut
885 4199 909 4248 q.
928 4185 1035 4248 444444]
1051 4189 1081 4234 ut
1097 4183 1199 4246 4444444
1216 4185 1242 4234 S.
1262 4211 1291 4220 -
1309 4185 1349 4235 44).
1368 4185 1443 4236 Saltu
1458 4185 1515 4236 Ho-

188 4265 323 4314 tomanus:
347 4262 415 4312 solur
432 4260 493 4312 edd.
511 4262 623 4327 priores.
644 4289 671 4299 —
696 4263 738 4313 44.
755 4273 951 4325 unumquenque
967 4261 992 4310 S.
1013 4285 1042 4298 -
1061 4259 1255 4309 4444444444
1272 4259 1308 4309 V:
1332 4259 1515 4310 aestimandum

189 4339 215 4388 S.
238 4339 338 4388 Locum
355 4349 408 4388 non
425 4337 510 4402 tetigit
525 4337 591 4388 llud.
604 4338 769 4400 Dietschius,
788 4339 833 4403 qui
850 4339 877 4389 in
888 4337 1003 4387 044444.
1021 4335 1087 4386 44444.
1106 4335 1133 4386 iu
1143 4335 1197 4385 Sel.
1209 4335 1264 4399 lug.
1284 4334 1426 4398 (Grimmae
1438 4335 1512 4395 4344.

188 4428 215 4480 p.
233 4412 265 4463 48
282 4413 351 4477 sqq.)
375 4412 409 4463 de
433 4413 580 4464 differentia
597 4414 743 4465 verborum
760 4413 909 4466 aestimaudi
926 4413 954 4462 et
972 4411 1132 4461 existimandi
1147 4407 1295 4461 luculenter
1312 4408 1463 4474 disputavit.
1484 4438 1512 4448 -

190 4488 229 4539 43.
246 4487 396 4549 4444444444
411 4488 500 4540 iudicis
513 4489 592 4540 uidete
608 4489 646 4553 44]
664 4490 812 4553 sapientium
827 4489 917 4538 4444444
932 4500 963 4538 :re
973 4486 1011 4546 V;
1029 4486 1153 4549 44444444
1168 4485 1258 4534 iudicis
1274 4488 1337 4534 teitu
1352 4497 1384 4534 ue
1394 4484 1440 4535 SO
1458 4484 1515 4547 (sed

189 4564 232 4616 hic
248 4562 320 4627 noel:
338 4563 463 4626 supientia
478 4565 566 4614 iudicis
582 4570 661 4616 teret:
677 4566 756 4616 uidete
770 4578 801 4614 ue
812 4565 879 4614 coni.
893 4563 1017 4613 Faernus.
1035 4561 1069 4612 lit
1085 4558 1181 4612 suflicit
1197 4557 1412 4624 supplementum
1422 4558 1514 4619 uidete:

190 4638 223 4690 ad
239 4638 323 4690 verba
338 4639 377 4689 aiu
387 4653 485 4689 --uou
501 4640 632 4690 4444444444
643 4645 745 4704 partem
761 4640 795 4690 44
810 4651 889 4690 uuum
905 4649 1029 4700 quumque
1044 4649 1098 4686 444
1109 4635 1346 4697 --poudcroudem
1366 4633 1516 4697 rependum

189 4714 277 4766 iudicis
298 4726 331 4764 ex
351 4712 533 4778 superioribus
549 4728 599 4767 esse
614 4716 763 4767 4444444444
777 4713 954 4780 repetendum
971 4712 1021 4762 est.
1041 4737 1070 4748 -
1087 4711 1136 4761 stru
1155 4710 1188 4760 V:
1206 4715 1263 4759 4444
1279 4709 1335 4760 SO.
1353 4709 1392 4759 Ex
1408 4709 1459 4759 hac
1475 4707 1515 4759 le-

191 4790 277 4842 ctione
293 4790 409 4840 Faernus
426 4793 599 4855 perspexerat
613 4793 692 4842 uidete
707 4792 734 4842 in
752 4789 830 4842 codd.
849 4787 1024 4839 intercidisse.
1045 4810 1072 4822 -
1092 4786 1133 4836 46.
1151 4789 1186 4835 est
1201 4797 1276 4848 saepe
1292 4782 1379 4834 Klotz:
1404 4788 1428 4834 et
1443 4797 1516 4846 serpo

190 4865 275 4916 VSO.
293 4864 443 4930 (critatem.
460 4869 484 4915 et
499 4879 572 4929 saepe
589 4867 607 4916 L
624 4880 659 4917 ex
676 4867 782 4920 ilotom.
797 4863 877 4928 coni.)
896 4891 924 4900 -
943 4861 984 4913 48.
1003 4860 1132 4912 adtributo
1147 4861 1178 4912 V.
1193 4886 1222 4898 —
1240 4861 1281 4911 49.
1300 4873 1350 4910 aeto
1367 4859 1431 4909 VS:
1449 4873 1515 4910 444-

193 4953 286 5004 4444444
302 4939 345 4990 ed.
364 4939 476 5003 llervag.
496 4966 523 4976 —
542 4942 583 4992 44.
602 4943 694 4993 iudices
710 4943 736 4994 S.
754 4967 781 4978 -
800 4941 841 4991 44.
859 4939 984 5002 44444444
999 4937 1059 5000 VS,
1077 4937 1149 5000 quod
1166 4935 1238 4988 idem
1254 4937 1348 4988 vitium
1365 4937 1406 4987 est
1423 4937 1450 4986 in
1467 4936 1516 4987 lta-

192 5014 291 5066 4444444
303 5013 327 5079 fi.
341 5013 382 5065 34.
396 5043 424 5053 -
436 5014 478 5066 43.
489 5016 576 5082 44444]
593 5018 631 5068 tir
646 5031 724 5068 uuurn
734 5017 765 5068 V.
783 5014 849 5066 Vide
867 5027 900 5065 ne
911 5013 1065 5064 4444444444
1077 5025 1142 5064 aare:
1157 5024 1236 5063 44444
1252 5010 1423 5064 scribendum
1438 5013 1515 5063 sit.-

190 5089 311 5154 promtrcr
325 5089 388 5140 VS:
403 5090 545 5154 4444444444
561 5093 590 5143 0.
610 5117 637 5128 -·
655 5091 696 5142 44.
714 5091 802 5157 444444]
819 5090 872 5141 lud.
891 5089 946 5154 (sic)
958 5089 989 5139 V.
1004 5115 1032 5127 -
1049 5089 1091 5141 47.
1108 5089 1265 5141 emturum
1275 5088 1313 5138 V:
1332 5086 1475 5137 4444444444
1486 5089 1513 5139 S.

195 5189 221 5202 -
237 5164 386 5232 4444444444
401 5165 463 5229 VS:
482 5167 597 5220 correxit
612 5167 783 5220 Hotomanus.
803 5189 831 5204 -
852 5165 893 5218 34.
911 5163 1053 5217 4444444444
1068 5165 1095 5217 ln
1110 5167 1134 5218 V
1150 5177 1243 5218 errore
1259 5163 1302 5216 his
1318 5162 1448 5229 scopum
1464 5164 1513 5216 est.
