3642 5862
795 719 1123 780 accusariouis

940 872 974 924 itt

558 1011 1362 1096 &VERREM

806 1209 915 1262 Linea
937 1211 1109 1270 QUINTUS.

743 1369 807 1434 DE
847 1370 1166 1437 SUPPLlCIlS.

872 1569 1042 1584 m

362 1713 441 1766 Liber
461 1713 568 1778 quintus
590 1715 759 1786 verrinarum
782 1715 877 1767 iisdem
898 1717 1035 1770 codicibus
1057 1719 1221 1778 continetur,
1245 1733 1312 1784 quos
1329 1719 1364 1772 ad
1380 1718 1476 1772 librum
1494 1725 1619 1785 quartum

298 1791 575 1840 commemoravimus.
609 1789 774 1855 Palimpsesti
796 1791 913 1841 Vaticani
935 1793 1001 1843 haec
1023 1795 1113 1844 extant
1133 1793 1287 1856 iraqmcuta.
1323 1795 1346 1856 4)
1369 1809 1427 1862 cap.
1446 1797 1556 1848 XXVili.
1575 1800 1616 1850 tt.

292 1870 398 1927 propter
413 1865 477 1914 benc
492 1877 596 1914 44444444
610 1893 636 1902 -
651 1863 674 1930 ἓ.
692 1865 732 1916 is.
750 1867 972 1930 crudelissimoque.
1007 1869 1030 1932 4)
1049 1881 1106 1934 cap.
1120 1869 1205 1920 XXXl.
1219 1869 1259 1920 80.
1278 1870 1425 1936 [praesildic
1440 1885 1526 1921 comem
1543 1873 1618 1923 etiam

293 1941 392 2002 praeda
403 1965 430 1976 -
445 1940 596 1991 1411114484.
619 1942 688 2003 Vide,
707 1943 767 2004 qaid
782 1943 847 1992 44444
862 1947 890 1992 tc
901 1980 924 1993 ..
959 1943 983 2007 3)
1004 1957 1061 2008 cap.
1074 1945 1183 1996 XXXVt.
1196 1945 1236 1997 si.
1249 1959 1338 2010 sapum
1355 1947 1430 1996 sumit
1442 1973 1469 1984 -
1484 1948 1615 1998 XXXViii.

297 2015 337 2066 449.
356 2015 481 2066 8444444444
496 2015 596 2078 milia,
623 2022 764 2067 4444444444.
799 2017 822 2078 il
845 2029 904 2082 cap.
923 2019 973 2070 XL.
993 2019 1049 2072 tot.
1072 2019 1246 2084 1444441444,
1271 2022 1315 2084 qui
1336 2021 1402 2072 444444
1420 2049 1447 2060 -
1466 2023 1539 2072 XLil.
1557 2023 1614 2074 4449.

297 2091 364 2142 domi
381 2092 527 2153 reliquisses.
562 2092 1192 2158 44444.1141144444444444444444844-
1215 2097 1288 2148 XLV.
1308 2097 1363 2148 tttl.
1385 2097 1464 2162 Atque
1479 2099 1527 2162 ipsi
1542 2100 1617 2150 444444

296 2167 469 2218 4444444444,
503 2167 526 2234 o)
545 2179 604 2234 cap.
622 2167 696 2220 XLV.
715 2167 771 2222 tto.
790 2167 973 2234 loquebantur?
996 2167 1047 2220 4444
1063 2184 1145 2220 omnes
1163 2197 1190 2208 -
1209 2171 1260 2222 Lll.
1279 2171 1335 2222 436.
1356 2171 1391 2222 Tu
1405 2173 1433 2222 ic
1449 2185 1523 2238 prce.
1542 2175 1568 2224 P.
1586 2174 1614 2226 14.

295 2253 353 2292 com
367 2241 420 2296 itti.

838 2389 1061 2401 -ι-ι-ι-,ι-ι,

381 2522 406 2584 1.
430 2515 459 2582 4.
481 2519 606 2584 Nemini
627 2519 721 2585 video
737 2520 867 2585 dubium
883 2541 969 2596 esse,
991 2521 1126 2596 iudices,
1149 2523 1225 2606 quin
1243 2523 1439 2608 apertissime
1455 2523 1488 2586 C.
1503 2523 1616 2588 Verres

298 2617 331 2680 44
349 2615 455 2680 Sicilia
477 2635 564 2678 sacra
586 2616 780 2700 profanaque
803 2617 909 2679 emnia
931 2623 962 2679 et
982 2617 1127 2700 privatim
1150 2623 1181 2679 et
1202 2617 1329 2700 publice
1351 2617 1493 2700 spoliarit
1514 2636 1617 2681 versa·

297 2719 413 2794 tusque
436 2709 477 2772 sit
498 2709 567 2774 4444
589 2711 655 2774 4114
676 2731 739 2774 444
761 2710 855 2774 modo
876 2708 1046 2793 religione,
1069 2731 1176 2773 venum
1199 2711 1292 2774 etiam
1315 2711 1561 2775 dissimulatione
1583 2711 1616 2774 44

298 2803 384 2868 omni
408 2822 523 2887 genere
544 2804 669 2869 iurandi
692 2814 787 2888 atque
814 2804 995 2890 praedandi.
1028 2800 1102 2868 'Sed
1126 2805 1281 2889 quaedam
1303 2805 1380 2868 mihi
1402 2803 1565 2890 magnifica
1585 2814 1618 2870 et

273 2898 456 2986 opraeelara
478 2901 546 2962 eius
569 2899 712 2962 defensio
735 2899 919 2974 ostenditur,
942 2899 993 2990 cui
1015 2898 1170 2982 quemad
1193 2900 1320 2962 modum
1341 2900 1496 2975 resistam,
1518 2899 1616 2964 multo

297 2993 374 3058 mibi
396 3001 469 3057 ante
485 3001 549 3068 444,
571 2993 702 3069 44414444,
718 2994 957 3078 providendum.
984 2993 1030 3055 144
1045 2993 1129 3057 enim
1145 3011 1237 3058 causa
1252 2995 1467 3068 constituitur,
1489 2995 1617 3079 provin·

298 3089 378 3152 ciam
400 3085 540 3151 Siciliam
562 3089 676 3151 virtute
698 3089 789 3152 istius
812 3096 844 3151 et
864 3087 1024 3171 vigilantia
1046 3087 1198 3170 singulari
1217 3087 1319 3151 dubiis
1340 3087 1616 3174 formidolosisque

297 3181 491 3265 temporibus
524 3201 543 3245 4
573 3181 715 3266 fugitivis
748 3191 842 3267 atque
875 3203 894 3246 4
926 3183 1001 3246 belli
1037 3181 1185 3266 periculis
1218 3189 1316 3245 tutam
1349 3203 1419 3246 esse
1452 3193 1615 3248 semotam.

297 3273 327 3340 2.
350 3275 434 3352 Quid
456 3297 563 3359 agam,
585 3277 728 3341 iudices?
753 3299 816 3363 quc
838 3278 1043 3342 accusationis
1065 3295 1153 3339 meae
1176 3277 1327 3340 rationem
1350 3278 1531 3342 conseram?
1554 3298 1616 3361 quo

260 3383 347 3437 tome
375 3376 519 3436 vertaml
548 3371 588 3434 ad
619 3393 728 3435 omnes
757 3374 840 3436 enim
868 3392 953 3436 meos
982 3373 1115 3456 impetus
1144 3371 1234 3454 quasi
1263 3392 1369 3436 murus
1392 3373 1520 3457 quidam
1541 3373 1617 3436 boni

296 3488 413 3533 nomen
435 3468 636 3550 imperatoris
658 3468 834 3550 opponitur.
870 3468 950 3530 Novi
972 3465 1091 3530 lecum:
1114 3465 1225 3539 video,
1248 3467 1303 3528 ubi
1327 3487 1360 3530 se
1383 3468 1555 3530 iactaturus
1577 3467 1619 3530 444

296 3563 495 3626 Hortensius.
528 3560 607 3624 Belli
628 3562 783 3644 pericula,
806 3569 949 3643 tempora
971 3562 1016 3623 rei
1038 3559 1191 3645 publicae,
1214 3561 1437 3646 imperatorum
1453 3563 1617 3644 penuriam

297 3655 567 3720 commemorabit:
590 3663 656 3718 tum
679 3655 900 3738 deprecabitur
921 3675 940 3719 a
961 3654 1064 3730 vobis,
1088 3661 1155 3716 tum
1177 3655 1271 3716 etiam
1293 3675 1350 3738 pro
1373 3675 1430 3719 sue
1452 3657 1520 3720 iure
1542 3677 1618 3720 eou-

296 3751 422 3825 teudet,
445 3771 485 3814 44
507 3751 671 3834 patiamini
686 3751 781 3814 talem
802 3751 1023 3834 imperatorem
1046 3747 1166 3831 populo
1183 3749 1323 3812 14444444
1339 3751 1516 3815 Siculorum
1530 3751 1618 3814 testi·

259 3847 412 3910 timoniis
434 3847 523 3930 eripi,
546 3865 586 3908 44
608 3845 708 3908 obteri
731 3844 855 3908 laudem
870 3843 1103 3926 imperatoriam
1126 3843 1309 3906 criminibus
1330 3845 1479 3907 avaritiae
1500 3843 1616 3908 velitis.

296 3937 326 4002 3.
348 3940 417 4002 Non
440 3960 567 4024 possum
590 3938 806 4014 dissimulare,
828 3939 967 4003 iudices:
996 3941 1108 4013 timeo,
1130 3959 1170 4000 ne
1194 3937 1226 4000 C.
1249 3939 1362 4001 Verres
1385 3946 1515 4023 propter
1535 3939 1617 4003 banc

297 4033 444 4096 eximiam
466 4033 612 4097 virtutem
634 4036 667 4098 in
688 4055 721 4097 re
738 4035 864 4097 militari
881 4033 1004 4109 omnia,
1027 4054 1107 4117 quae
1121 4033 1206 4105 fecit,
1230 4031 1357 4117 impune
1372 4032 1491 4098 iecerit.
1524 4033 1617 4098 Venit

297 4127 382 4190 enim
403 4125 482 4192 mihi
505 4127 538 4190 in
557 4135 711 4203 mentem,
734 4129 767 4190 in
783 4128 901 4192 iudicio
921 4128 970 4192 Μ’.
985 4126 1104 4211 Aquilii
1120 4135 1272 4210 44444444
1286 4127 1495 4202 auctoritatis,
1518 4149 1617 4212 quau·

296 4229 362 4284 tum
384 4221 535 4284 momenti
557 4223 659 4285 444444
679 4223 721 4285 M.
742 4223 871 4286 Antonii
893 4221 1041 4286 babuisse
1064 4221 1240 4284 existimata
1261 4221 1317 4284 sit:
1342 4222 1417 4304 qui,
1438 4229 1474 4284 ut
1495 4221 1616 4283 444444

258 4315 432 4380 iodicendo
454 4337 518 4378 444
540 4316 641 4380 solum
663 4317 804 4401 sapiens,
826 4318 881 4380 sed
905 4318 999 4381 etiam
1020 4315 1125 4388 sortis,
1148 4334 1243 4377 causa
1264 4334 1361 4399 prope
1383 4320 1528 4398 perorata
1548 4314 1617 4398 ipse

296 4408 429 4493 arripuit
458 4409 508 4474 Μ’.
534 4409 697 4493 Aquilium
726 4412 950 4496 constituitque
983 4411 1016 4474 44
1047 4416 1218 4492 conspectu
1247 4411 1388 4472 omnium
1415 4409 1617 4494 tunicamque

360 4658 497 4708 1444444444
514 4667 651 4707 4444444444.
677 4655 751 4707 Liber
768 4655 817 4706 Vii.
836 4657 902 4720 Lgt3
919 4656 973 4708 Lib.
992 4657 1042 4706 Vii.
1060 4659 1083 4706 et
1098 4655 1200 4704 4414444444
1210 4655 1262 4718 Lgb
1273 4655 1318 4714 27;
1337 4653 1363 4705 in
1380 4651 1437 4704 rell.
1451 4655 1528 4718 Legg.
1541 4653 1618 4705 deest

295 4733 439 4798 inscriptio.

360 4811 385 4860 4.
403 4807 521 4871 spoliaret
537 4809 566 4858 14.
581 4832 609 4842 -
628 4806 653 4857 3,
671 4807 746 4856 eiiam
763 4819 815 4857 om.
835 4807 913 4870 Lagg.
932 4805 996 4856 deli.
1017 4834 1045 4844 -
1065 4806 1090 4856 3.
1110 4805 1215 4868 dolesco
1231 4805 1285 4854 eius
1300 4801 1372 4856 lG3.
1392 4831 1419 4842 -
1440 4805 1464 4856 6,
1482 4805 1542 4856 miii
1559 4809 1617 4856 4444

211 4941 214 4950 ,
295 4890 331 4936 est
352 4885 404 4934 iod.
423 4885 443 4934 it
461 4882 525 4934 dett.
539 4881 632 4944 (ltadv.
646 4882 693 4947 Op.
707 4882 725 4932 l.
739 4895 765 4950 p.
779 4882 845 4945 365.)
859 4897 865 4931 :
884 4888 942 4932 4444
958 4887 993 4932 est
1007 4883 1067 4932 miti
1079 4883 1141 4945 (444.
1154 4881 1216 4943 iud.)
1230 4881 1279 4941 G3;
1297 4881 1357 4931 miti
1368 4886 1439 4942 4444,
1457 4882 1521 4942 iud„
1539 4887 1574 4932 esi
1585 4882 1614 4932 0.

297 4985 324 4995 —
338 4960 362 5010 7.
380 4957 509 5009 4444441434
528 4957 579 5007 44444
596 4955 661 5007 dett.
675 4956 742 5006 4.-
762 4957 802 5007 ltl.
821 4958 946 5009 44444414.
962 4984 988 4993 -
1007 4955 1048 5008 44.
1065 4957 1152 5019 populi
1163 4957 1191 5007 14.
1206 4957 1234 5006 R.
1250 4982 1278 4992 -
1297 4957 1336 5006 45.
1355 4970 1385 5006 no
1402 4957 1454 5007 llil:
1472 4971 1531 5007 44444
1548 4956 1614 5008 41444.

296 5035 326 5085 0.
346 5060 374 5070 -
394 5033 433 5083 47.
450 5033 509 5082 ciri.
527 5033 648 5083 eximiam
665 5031 729 5082 deti.
748 5032 776 5082 0.
804 5032 842 5083 Cl.
862 5031 947 5083 Ltadv.
965 5044 991 5096 p.
1010 5031 1051 5082 st.
1078 5059 1105 5068 -
1130 5032 1171 5082 48.
1189 5033 1216 5081 ia
1232 5037 1336 5082 44444444
1352 5032 1472 5082 iudicium
1488 5031 1564 5096 Lgae.
1584 5057 1612 5067 -

295 5109 349 5173 141]
365 5109 400 5158 14.
414 5107 492 5159 444141.
506 5110 534 5158 44
550 5109 589 5159 444
601 5106 736 5172 deinceps.
751 5107 1043 5172 -444414414441434Ι
1058 5108 1093 5171 (et
1103 5107 1142 5158 sic
1154 5105 1239 5171 aliast:
1257 5107 1358 5172 Aquitlii
1370 5107 1399 5158 0.
1418 5107 1457 5158 Ct.
1469 5121 1495 5173 p.
1509 5105 1613 5167 Quinct.

296 5181 320 5252 5,
340 5185 364 5236 t.
383 5209 411 5219 -
430 5183 471 5236 2⁰.
488 5185 530 5234 sod
546 5189 569 5236 ot
586 5183 633 5237 ci.
1105 5180 1109 5198 '
