3610 5860
530 445 602 513 co.
624 435 885 514 xva-xum.
911 443 968 530 ps.
990 441 1139 512 ts-ss.
1435 445 1499 514 saa

172 626 263 697 sunt,
292 619 388 684 iidem
417 619 471 682 isti
498 637 574 682 rara
607 637 677 682 essa
708 616 902 692 concedunt,
937 623 969 680 ot
997 617 1210 682 necessarium
1231 618 1350 684 bellum
1374 639 1443 685 ossa
1466 626 1500 685 et

169 734 338 798 magnum,
367 718 400 778 et
424 714 458 777 in
484 731 549 775 uno
573 712 627 776 Cn.
649 713 801 796 Pompeio
824 731 945 775 summa
966 732 1035 775 esse
1059 713 1173 776 omnia.
1216 710 1268 776 55.
1293 714 1381 790 Quid
1403 715 1498 798 igitur

169 811 217 874 ait
242 808 457 871 Hortensius?
491 805 524 869 Si
552 808 608 870 uni
637 807 745 870 omnia
774 806 941 869 tribuenda
962 807 1042 882 sint,
1072 807 1291 889 dignissimum
1313 827 1383 872 csse
1406 809 1498 872 Pom·

167 903 292 988 peium,
316 901 372 965 sed
394 900 434 966 ad
456 921 555 965 unum
577 909 682 965 umen
706 900 812 964 omnia
833 900 949 963 deferri
972 921 1038 964 non
1060 908 1218 984 oportere.
1251 901 1414 967 obsolevit
1434 904 1498 968 iam

167 999 230 1062 ista
252 997 375 1070 aratio,
398 1017 432 1060 re
454 995 553 1059 rnulto
576 997 675 1078 magis
698 1015 793 1080 quam
807 994 912 1058 verbis
926 995 1072 1059 rehrtata.
1095 998 1173 1059 Nam
1189 1002 1223 1059 tu
1239 997 1339 1072 idem,
1362 998 1402 1073 Q.
1416 999 1522 1061 Hor-s

168 1091 268 1165 tensi,
298 1090 400 1154 multa
427 1109 486 1174 pro
516 1097 573 1152 tua
601 1108 723 1154 summa
745 1090 836 1172 copia
858 1108 894 1152 ac
917 1090 1068 1172 singulari
1091 1090 1239 1154 facultate
1263 1091 1389 1155 dicendi
1412 1100 1443 1155 et
1464 1093 1498 1155 in

168 1192 283 1250 senatu
304 1193 414 1249 contra
436 1185 539 1249 virum
561 1184 675 1248 fortem
697 1186 733 1246 A.
750 1183 917 1247 Gabinium
938 1185 1075 1266 graviter
1091 1191 1266 1267 ornateque
1281 1185 1403 1260 dixisti,
1426 1205 1498 1251 oum

167 1281 196 1343 is
220 1279 259 1342 de
282 1299 347 1342 uno
371 1279 559 1362 imperatore
582 1286 691 1341 contra
705 1277 882 1361 praedones
899 1279 1123 1342 constituendo
1142 1278 1244 1361 legem
1258 1279 1498 1363 promulgasset,

169 1379 202 1437 et
234 1393 275 1436 ex
306 1373 367 1436 hoc
396 1374 465 1457 ipso
498 1372 569 1436 loeo
597 1373 752 1456 permulta
787 1374 862 1435 item
892 1381 1001 1437 contra
1028 1391 1097 1435 earn
1128 1372 1231 1455 legem
1260 1374 1356 1436 verba
1382 1372 1497 1438 fecisti.

168 1465 220 1531 53.
244 1467 354 1544 Quid?
376 1474 461 1542 tum,
483 1487 541 1550 per
564 1467 639 1531 deos
661 1466 872 1530 immortales!
896 1467 923 1530 si
945 1467 1017 1550 plus
1038 1467 1122 1550 apud
1145 1467 1300 1549 populum
1322 1470 1535 1533 homanumto

169 1563 339 1628 auotoritas
363 1567 417 1625 tua
440 1579 536 1646 quam
558 1561 659 1644 ipsius
682 1561 793 1643 populi
812 1562 945 1624 Romani
969 1563 1054 1625 salus
1078 1567 1109 1626 et
1130 1581 1204 1626 vera
1226 1581 1321 1626 causa
1335 1564 1497 1641 valuisset,

168 1659 263 1723 hodie
285 1657 367 1720 hanc
389 1655 519 1738 gloriam
543 1663 639 1739 atque
661 1654 721 1742 hqc
744 1654 829 1717 orbis
844 1663 945 1718 terrae
966 1656 1132 1738 imperium
1148 1661 1352 1721 teneremus?
1375 1660 1424 1720 lln
1441 1658 1497 1722 tibi
1597 1729 1623 1740 ..
1645 1621 1663 1696 Τ.

169 1763 237 1818 tum
260 1741 430 1835 imperium
450 1750 510 1813 hoo
533 1769 602 1813 esse
624 1743 803 1823 videbatur,
832 1768 904 1812 curn
925 1750 1036 1833 populi
1058 1751 1191 1814 Romani
1215 1750 1326 1833 legati,
1350 1758 1498 1834 quaesto·

170 1869 221 1912 res
243 1854 472 1931 praetoresque
494 1844 722 1927 capiebantur?
745 1863 816 1905 aum
840 1863 880 1906 ex
903 1843 1048 1907 omnibus
1071 1845 1244 1926 provinciis
1268 1853 1443 1909 commeatu
1466 1851 1498 1909 et

170 1943 294 2028 privato
327 1947 359 2003 et
388 1937 517 2022 publico
546 1925 816 2021 prbhibebarnurl
849 1958 921 2001 cum
950 1939 994 2001 ita
1023 1938 1129 2002 clausa
1158 1938 1252 2002 nobis
1280 1945 1370 2002 erant
1398 1941 1534 2004 maristo

170 2035 294 2108 omnia,
315 2040 351 2096 ut
371 2051 476 2116 neque
498 2033 652 2116 privatam
674 2050 741 2094 rem
762 2032 1003 2095 transmarinam
1025 2051 1131 2115 neque
1151 2032 1310 2116 publicam
1328 2031 1390 2096 iam
1407 2033 1496 2098 obire

194 2130 363 2194 ossemusl

169 2151 191 2218 p
253 2221 367 2286 XVllI.
389 2216 440 2285 bl.
464 2220 553 2297 Quae
576 2217 685 2284 civitas
708 2227 800 2284 antea
814 2239 965 2303 nmquam
979 2219 1058 2296 tuit,
1081 2238 1146 2282 non
1161 2219 1232 2283 dico
1246 2220 1496 2298 Atheniensium,

173 2317 352 2404 quassatis
381 2316 444 2378 late
466 2314 626 2399 quondam
649 2333 734 2379 mare
760 2316 901 2378 tenuisse
924 2314 1056 2389 dicitur,
1087 2334 1153 2377 non
1174 2314 1495 2398 Karthaginiensium,

170 2415 227 2498 qui
262 2410 454 2496 permultum
484 2409 583 2472 classe
613 2427 650 2470 ac
679 2408 843 2472 maritimis
868 2408 963 2471 rebus
989 2407 1173 2482 valuerunt,
1205 2427 1270 2471 non
1291 2409 1532 2488 libadiorum,to

172 2495 431 2593 quorumsusque
453 2503 492 2565 ad
515 2508 655 2565 nostram
678 2502 861 2566 memoriam
884 2501 1052 2584 disciplina
1072 2502 1194 2566 navalis
1213 2508 1245 2565 et
1258 2501 1359 2586 gloria
1373 2524 1497 2582 reman-

172 2603 213 2680 sjt
227 2605 340 2706 :pquae
363 2598 471 2660 eiritm
492 2615 643 2678 umquam
664 2603 757 2660 antea
779 2605 843 2659 tam
866 2596 986 2670 tenuis,
1008 2615 1091 2679 quae
1113 2603 1176 2660 tam
1192 2615 1289 2680 parva
1309 2597 1495 2674 iusulafuit,

170 2714 253 2780 quae
282 2711 347 2756 non
376 2697 485 2774 portus
515 2709 590 2753 suos
612 2697 643 2752 et
673 2709 765 2772 agros
788 2699 819 2753 et
840 2690 979 2775 aliquam
1001 2697 1122 2773 partem
1144 2691 1282 2774 regionis
1303 2691 1399 2775 atque
1421 2712 1495 2756 crae

170 2788 343 2851 maritimae
374 2803 430 2868 per
454 2790 494 2847 'so
517 2784 586 2866 ipsa
608 2783 816 2848 defenderet?
848 2787 888 2846 At
908 2784 1037 2848 hercule
1059 2783 1181 2867 aliquot
1202 2805 1304 2848 annos
1326 2787 1495 2852 continuos

171 2888 242 2947 ante
271 2881 372 2963 legem
402 2878 566 2942 Gabiniam
595 2879 649 2942 ille
684 2878 823 2962 populus
854 2880 1030 2953 Romanus,
1059 2879 1148 2942 cuius
1170 2899 1272 2962 usque
1294 2879 1334 2942 ad
1355 2888 1533 2946 noscamus

172 2978 355 3041 memoriam
379 2993 494 3038 nomen
517 2973 668 3036 invictum
692 2974 725 3034 in
747 2971 912 3035 navalibus
934 2974 1049 3056 pugnis
1071 2974 1293 3055 permanserit,
1324 2993 1437 3057 magna
1458 2995 1496 3040 ac

172 3072 272 3135 multo
301 3070 439 3132 maxima
470 3077 560 3150 parte
587 3087 653 3130 non
680 3067 776 3130 modo
797 3067 957 3141 utilitatis,
991 3066 1045 3130 sed
1068 3068 1229 3149 dignitatis
1251 3075 1348 3151 atque
1370 3067 1496 3151 imperii

172 3165 292 3229 caruit:
325 3161 377 3227 55.
406 3181 482 3236 nos,
518 3181 652 3244 quorum
681 3162 815 3224 maiores
845 3160 1036 3223 Antiochum
1062 3179 1169 3245 regem
1192 3162 1292 3226 classe
1313 3163 1495 3245 Persenque

172 3264 377 3340 superarunt,
409 3254 622 3338 omnibusque
650 3253 813 3318 navalibus
834 3255 950 3336 pugnis
971 3253 1273 3337 Karthaginienses,
1294 3253 1440 3318 homiues
1461 3256 1495 3319 in

171 3351 337 3416 maritimis
362 3349 456 3413 rebus
480 3348 759 3413 exercitatissimos
786 3347 1081 3431 paratissimosque,
1110 3349 1269 3423 vicerunt,
1297 3349 1320 3412 ii
1345 3335 1434 3414 nullo
1461 3350 1532 3416 insa

236 3595 260 3644 t.
278 3591 489 3644 acerva-
508 3589 763 3643 aamauvao:
781 3587 965 3642 nuntiabit.
982 3617 1009 3627 -
1022 3590 1297 3654 diqnhsimumlj'i'v:
1315 3592 1496 3657 unursdiqnis·

171 3670 261 3721 maen
275 3670 325 3720 aa
335 3666 419 3721 LEO.
434 3692 462 3703 -
480 3664 504 3717 i.
524 3665 620 3729 differri
631 3666 659 3716 T.
674 3691 701 3701 —
721 3663 839 3714 Obsctecit
849 3665 1008 3728 --resutata
1019 3665 1166 3716 Priscianus
1178 3665 1220 3715 lx.
1234 3666 1275 3726 su,
1288 3663 1329 3716 tl.
1345 3691 1370 3704 -
1391 3667 1416 3718 5.
1428 3667 1496 3718 ratio

171 3745 190 3796 i*
207 3757 269 3795 cum
286 3741 445 3794 editionibus
462 3742 600 3803 Prisciani,
618 3741 693 3792 cuius
710 3742 800 3790 umen
817 3739 907 3804 optimi
925 3739 1032 3790 codices
1048 3738 1149 3790 habent
1164 3741 1254 3790 aratio.
1273 3740 1399 3804 (obsoleret
1413 3743 1496 3794 matio

171 3819 280 3872 allartus
290 3819 370 3869 etiam
382 3829 397 3866 a
409 3815 606 3880 lexicographo
616 3815 717 3874 vetere,
733 3827 814 3878 quem
827 3813 909 3864 edidit
918 3815 984 3878 hug.
998 3815 1080 3866 liuius
1093 3815 1168 3866 Ciass.
1180 3815 1251 3866 duct.
1264 3815 1293 3865 Τ.
1306 3814 1371 3865 VllI.
1389 3828 1416 3881 p.
1427 3815 1494 3882 393.)

173 3920 200 3930 -
218 3891 338 3958 remota]
356 3887 479 3955 uiteliqua
495 3901 557 3954 pars
573 3888 698 3939 orationis
716 3888 792 3940 deest
808 3889 834 3940 in
851 3888 910 3940 cod.
930 3889 1079 3940 parcensis
1097 3888 1172 3940 Tora.
1199 3916 1226 3925 -
1252 3889 1276 3938 9.
1294 3887 1352 3940 item
1368 3889 1493 3942 weho:

171 3971 235 4019 wan
251 3961 477 4020 ETVFBALV.
505 3964 588 4030 (aiom.
603 3965 730 4028 pomata
747 3967 835 4014 contra
858 3964 935 4027 lsqem
951 3977 1003 4028 urg.
1023 3960 1058 4027 il.)
1082 3989 1110 4000 -
1133 3976 1189 4014 eam
1210 3961 1288 4028 iopen
1309 3961 1494 4015 WChETV:

172 4044 249 4108 upon
265 4055 322 4094 eam
338 4055 399 4093 cum
411 4043 522 4092 Grutero
540 4041 593 4104 (qui
610 4040 680 4089 huuc
692 4037 836 4089 verborum
854 4039 974 4089 ordinem
992 4036 1129 4089 codicibus
1140 4037 1203 4088 wc
1219 4040 1310 4088 contm
1323 4036 1402 4088 Modli
1418 4039 1496 4091 testi-

172 4119 291 4169 monium
307 4117 404 4182 tribuit)
424 4116 457 4174 03
476 4117 553 4179 legem
572 4116 634 4180 (om.
647 4113 710 4177 eam)
729 4109 840 4165 aaut.
861 4139 889 4150 -
917 4114 958 4163 so.
977 4113 1046 4176 apud
1058 4111 1117 4174 pius
1132 4111 1161 4161 Τ.
1181 4136 1208 4147 -
1228 4112 1268 4161 it.
1287 4110 1355 4161 saites
1371 4124 1496 4176 causaque

171 4194 288 4244 ualuisset
305 4194 331 4244 F.
351 4219 379 4228 -
400 4193 439 4243 43.
457 4191 502 4241 hae
518 4203 567 4241 esse
583 4189 648 4242 TV:
666 4190 778 4240 essehoc
794 4183 1033 4240 EFB.lLVO.-
1053 4191 1194 4250 quaestores
1206 4191 1386 4249 preciosaque
1401 4187 1493 4239 art:

169 4273 298 4333 praemres
315 4273 503 4332 mutatoresque
519 4263 660 4318 RALVO.
675 4291 702 4302 -
722 4264 762 4316 tt.
782 4270 805 4315 et
817 4265 916 4327 publico
933 4268 956 4314 et
969 4263 1072 4326 priuato
1084 4263 1111 4312 F.
1126 4289 1153 4300 -
1175 4263 1213 4313 tt.
1232 4267 1305 4313 eram
1320 4261 1390 4312 nobis
1405 4259 1493 4314 ato,

173 4343 298 4394 -maria
309 4342 500 4394 omnioETV:
518 4343 602 4392 omnia
618 4342 703 4392 marta
719 4336 831 4391 anto.
845 4365 872 4375 -
894 4339 933 4390 ib.
951 4338 1336 4400 transmarinamWChETV,
1356 4350 1408 4402 mg.
1422 4334 1493 4400 5,οι

170 4421 297 4469 numnam
314 4419 375 4478 FB;
393 4419 548 4469 maritimam
563 4415 647 4469 Abi.
663 4441 690 4453 -
710 4429 754 4466 nec
765 4416 791 4465 F.
807 4440 835 4451 -
854 4415 894 4466 48.
913 4420 988 4464 antea
1004 4427 1133 4477 nunquam
1149 4413 1209 4465 VB.
1224 4441 1252 4450 -
1269 4415 1328 4477 oon]
1345 4428 1412 4465 nunc
1428 4409 1492 4467 Τ.-’-

172 4494 210 4545 ts.
229 4495 473 4560 Karthaginiensium
490 4495 508 4544 L
518 4490 533 4545 l!
543 4493 576 4543 0:
596 4491 852 4556 Charthapinimsium
862 4491 897 4550 Τς
916 4489 1148 4556 Carthaginensium
1159 4491 1192 4550 h;
1210 4491 1423 4555 cartaginensium
1432 4491 1453 4541 E
1461 4491 1493 4544 V.

172 4594 201 4606 -
218 4570 260 4620 50.
279 4581 310 4618 oc
326 4569 459 4620 maritimis
475 4569 566 4619 E'l'V:
584 4568 765 4628 maritimisque
782 4562 950 4617 suasio.
968 4592 995 4602 -
1013 4566 1054 4615 54.
1070 4567 1208 4628 pemaansit
1224 4566 1253 4617 l..
1268 4591 1293 4604 -
1313 4565 1355 4616 55.
1373 4579 1495 4630 uniquam

171 4645 348 4696 anteaETV:
366 4649 440 4695 antea
450 4657 563 4705 unquam
574 4651 594 4695 Α
604 4641 690 4704 Lt0;
708 4655 827 4706 unquam
840 4641 931 4708 [autea]
945 4640 1089 4706 Madvigius
1101 4642 1129 4692 et
1139 4638 1249 4693 Orellius
1261 4639 1343 4705 (Orat.
1356 4641 1405 4692 Set.
1418 4641 1493 4707 XV),

171 4734 233 4773 curn
250 4725 325 4770 autea
342 4720 411 4772 desit
425 4721 453 4771 in
470 4720 562 4771 codice
580 4721 681 4772 Monac.
698 4718 717 4768 d
735 4721 762 4769 et
782 4717 881 4781 aliquot
902 4715 966 4768 aliis.
989 4717 1064 4782 (quas
1080 4717 1179 4780 ciuitas,
1202 4718 1320 4780 inquom,
1344 4723 1419 4768 ustea
1440 4723 1494 4768 tam

171 4797 250 4847 tenuis
265 4795 316 4846 aei.
335 4791 452 4845 Halmius
469 4793 527 4845 coll.
546 4808 585 4844 or.
604 4809 630 4859 p.
650 4791 769 4845 Cluentio
786 4792 810 4858 ἓ.
830 4792 880 4854 65.)
900 4819 927 4828 -
946 4795 1038 4856 tenum,
1062 4805 1126 4854 quae
1143 4805 1205 4844 cum
1222 4796 1250 4845 Ρ.
1269 4791 1384 4845 Munatio
1401 4787 1490 4842 hdo:

172 4883 223 4921 om.
244 4882 308 4933 quae
324 4865 385 4922 us.
410 4897 437 4908 -
461 4869 502 4919 53.
520 4869 597 4920 horae
612 4871 632 4920 Τ
649 4870 730 4920 etsie
746 4867 821 4919 inira.
842 4895 868 4904 -
892 4865 933 4918 24.
952 4870 1033 4932 ipsam
1049 4869 1076 4920 F.
1096 4894 1123 4904 -
1146 4869 1244 4919 herardo
1265 4865 1386 4920 E'l'VB:
1413 4863 1493 4916 hercle

171 4943 311 4997 Fabio.
333 4970 359 4980 -
384 4943 534 5006 aqueum
560 4957 614 4996 om.
633 4944 663 4994 V.
684 4967 711 4981 -
734 4946 776 4996 56.
794 4945 962 5008 manserit
982 4944 1076 4995 Erv:
1100 4943 1293 5008 penmanent
1317 4945 1492 5003 pnrnanserm

172 5015 310 5070 Festo.
325 5043 353 5054 ·-
371 5019 411 5070 58.
426 5032 571 5083 pereamus
586 5021 607 5070 Ε
616 5017 646 5071 V.
669 5046 696 5057 —
715 5021 755 5071 59.
774 5020 988 5084 Carthaginienses
1003 5019 1036 5080 T,
1055 5019 1260 5084 Camhaqioeneeu
1275 5015 1411 5078 Eilr.)l.;
1429 5027 1491 5064 aar·

171 5097 309 5160 taqinenses
323 5094 354 5145 V.
375 5121 401 5132 —-
420 5095 461 5148 30.
479 5096 705 5147 saeuutuamos
716 5095 948 5160 paratissimosque
959 5093 1013 5159 (sic)
1025 5094 1054 5146 Τ.
1065 5119 1092 5132 ·-
1107 5093 1329 5159 parathnmosque
1346 5089 1489 5157 (superacr.

169 5171 466 5240 amomacum-
483 5171 512 5242 is]
529 5171 661 5234 hiiVB;
679 5171 788 5224 155.-
805 5169 882 5238 nudo]
899 5169 992 5222 uonF.
