3638 5868
316 365 379 438 344
686 373 729 438 IN
749 373 916 440 VERREM
935 371 1059 440 acmo
1080 373 1263 442 tantbs

316 571 386 616 sese
408 571 427 616 a
448 552 514 616 suis
536 551 656 616 civibus
676 551 757 616 haee
776 551 893 615 babere
914 551 1069 626 mandate,
1091 560 1127 616 ut
1147 551 1188 616 ad
1209 553 1341 616 Verrem
1361 550 1484 616 adirent
1504 559 1537 616 et
1556 573 1633 617 eum

315 645 517 710 simulacrum
541 645 663 710 Cereris
684 654 716 710 et
735 646 891 711 Victoriae
913 655 1129 729 reposcerent:
1152 645 1184 709 id
1207 647 1233 710 si
1252 647 1487 730 impemaseent,
1507 655 1574 710 tum
1594 655 1635 710 ut

315 761 436 806 morem
463 747 601 804 veterem
629 740 845 804 Hennensium
875 747 1112 816 conservarent3
1150 739 1276 823 publice
1312 742 1345 804 in
1382 761 1473 816 eum,
1505 742 1633 808 temetsi

313 842 460 899 vexasset
481 835 630 910 Siciliam,
651 841 766 912 tamem
788 835 938 918 quoniam
958 833 1037 898 baec
1059 834 1260 899 amaioribus
1272 836 1413 902 instituta
1426 837 1637 920 aceepieeent,

291 929 527 993 ttestimonium
548 947 588 991 ne
610 928 697 1013 quod
720 928 873 1004 dicerent;
895 927 944 991 ein
965 933 1071 991 autem
1093 947 1131 991 ea
1152 948 1217 991 non
1238 927 1436 1005 reddidisset,
1457 937 1524 993 tum
1545 931 1634 994 utin

312 1021 432 1088 iudicio
453 1023 615 1097 adessent,
641 1029 708 1085 tum
729 1029 767 1084 ut
787 1021 826 1084 de
850 1021 918 1085 eius
939 1021 1062 1085 iniuriis
1082 1022 1203 1086 iudices
1226 1021 1391 1099 docerent,
1417 1024 1472 1088 sed
1495 1027 1633 1090 maxime

313 1116 353 1181 de
379 1115 530 1200 religione
551 1123 768 1200 quererentur.
812 1115 899 1192 Ques
926 1115 1053 1179 illorum
1082 1116 1295 1200 querimonias
1324 1117 1439 1193 nolite,
1467 1139 1525 1202 per
1551 1120 1632 1182 deos

311 1209 535 1275 immortalesl·
551 1209 729 1294 aspernari,
751 1210 850 1273 nolite
872 1216 1073 1273 contemnere
1093 1229 1131 1272 ac
1152 1210 1327 1293 negligere,
1349 1210 1479 1276 iudices.
1505 1202 1633 1296 (dgeru-

108 1305 185 1394 ρὺ
312 1311 365 1370 tur
384 1303 517 1368 iniuriae
539 1305 714 1380 sociorum,
748 1304 851 1394 egitur
875 1304 923 1367 vis
953 1302 1057 1385 legum
1064 1347 1074 1377 ,
1106 1304 1211 1387 agitur
1237 1304 1429 1369 existimatio
1449 1306 1631 1392 veritasque

275 1395 527 1554 toiudiciorumq
553 1398 644 1473 Quae
665 1405 740 1462 suut
760 1399 866 1461 omnia
886 1415 1072 1482 permagna,
1100 1417 1209 1460 verum
1229 1397 1308 1461 illud
1330 1399 1517 1464 maximum:
1542 1407 1631 1465 tanta

311 1493 464 1576 religione
486 1511 506 1554 o
529 1491 637 1555 euicta
666 1499 732 1556 tota
758 1492 918 1577 provincia
945 1497 1009 1564 est,
1037 1497 1123 1554 tanta
1150 1491 1330 1574 supereb‘tio
1357 1512 1398 1556 ex
1426 1493 1517 1558 istius
1545 1493 1629 1558 lecto

312 1594 434 1652 mentes
454 1586 594 1651 omnium
616 1586 792 1650 Siculorum
814 1584 994 1668 occupavit,
1022 1592 1073 1660 ut,
1102 1603 1319 1669 quaecumque
1341 1585 1484 1650 accidant
1503 1586 1629 1671 publice

311 1683 521 1768 privatimque
551 1681 766 1755 incommode,
798 1686 927 1764 propter
958 1698 1028 1742 eam
1060 1698 1187 1742 causam
1219 1679 1348 1744 sceleris
1381 1679 1471 1744 istius
1503 1681 1629 1745 evenire

310 1775 486 1842 rideantur.
523 1770 594 1837 tlt.
616 1774 756 1838 Audistis
779 1773 1012 1856 Centuripinos,
1033 1772 1254 1855 Agyrinenses,
1278 1774 1469 1849 catinenses,
1491 1776 1629 1838 Aetnen-

273 1877 377 1946 ttses,
398 1869 601 1934 Herbitenses
623 1867 866 1951 compluresque
887 1867 968 1932 alios
989 1849 1256 1951 publice(dicere,
1280 1887 1362 1952 quae
1384 1868 1522 1932 solitudo
1543 1877 1629 1933 esset

310 1964 345 2029 in
366 1965 465 2048 egris,
492 1981 574 2047 quae
595 1962 742 2036 vastitas,
769 1981 851 2046 quae
872 1960 947 2044 iuga
969 1967 1143 2036 aratorum,
1172 1979 1267 2043 quam
1293 1961 1434 2038 deserte,
1463 1983 1558 2047 quam
1578 1964 1629 2026 in-

310 2059 409 2132 culta,
443 2075 538 2142 quam
563 2056 671 2120 relicta
693 2041 900 2156 omniaJ'Ea
925 2054 1048 2118 umetsi
1078 2054 1182 2118 multis
1208 2054 1299 2118 istius
1327 2062 1357 2118 et
1383 2056 1479 2120 variis
1505 2056 1628 2120 iniuriis

309 2152 507 2227 acciderunt,
543 2157 649 2214 umen
676 2148 755 2213 baec
782 2169 846 2213 una
877 2169 970 2215 causa
1000 2151 1035 2213 iu
1068 2149 1219 2232 opinione
1248 2150 1427 2214 Siculorum
1458 2150 1629 2235 plurimum

308 2248 408 2323 valet,
436 2243 522 2331 quod
545 2240 657 2307 Cerere
683 2243 801 2308 uiolata
828 2263 937 2308 omnes
959 2243 1063 2308 cultus
1084 2241 1268 2327 fructusque
1291 2244 1412 2309 Cereris
1433 2244 1468 2307 in
1488 2245 1527 2308 iis
1548 2245 1629 2308 locis

271 2342 454 2406 suinterisse
475 2338 673 2403 arbitrantur.
715 2338 887 2403 Medemini
908 2337 1057 2422 religioni
1078 2337 1251 2413 sociorum,
1277 2337 1416 2401 iudices:
1443 2345 1627 2402 conseruate

308 2443 453 2502 vestram.
485 2435 596 2517 Neque
618 2433 701 2496 enim
722 2432 800 2497 baec
822 2439 952 2496 externe
972 2432 1063 2495 vobis
1078 2438 1125 2495 est
1138 2431 1249 2514 religio
1263 2451 1368 2516 neque
1382 2431 1495 2496 aliene.
1531 2431 1627 2510 Quod

309 2533 337 2597 si
358 2535 456 2604 esset,
478 2527 506 2591 si
526 2527 688 2610 suscipere
710 2546 780 2590 eam
800 2527 944 2590 nolletis:
971 2527 1131 2590 tamenin
1153 2544 1208 2599 co,
1238 2527 1294 2609 qui
1314 2526 1480 2602 violasset,
1505 2526 1627 2591 sancire

308 2645 367 2691 vos
388 2623 470 2689 velle
491 2627 660 2706 oporteret
690 2614 760 2682 lib.
782 2623 871 2684 Nunc
892 2639 967 2685 vero
989 2621 1023 2683 in
1044 2619 1203 2682 communi
1225 2619 1367 2682 omnium
1389 2620 1530 2703 gentium
1552 2619 1627 2683 reli·

309 2717 403 2804 gione
424 2717 521 2800 inque
542 2715 582 2778 iis
604 2713 711 2788 sacris,
734 2733 817 2797 quae
839 2713 974 2777 maiores
995 2714 1096 2776 nostri
1117 2713 1156 2776 ab
1178 2712 1296 2776 exteris
1311 2713 1490 2778 nationibus
1505 2713 1626 2778 adscita

271 2819 405 2898 statque
428 2809 577 2874 arcessita
598 2808 764 2872 coluerunt
784 2839 826 2854 -
848 2826 929 2890 quae
952 2826 1055 2882 sacra,
1076 2813 1111 2870 ut
1132 2814 1222 2871 crant
1241 2826 1276 2870 re
1297 2826 1384 2883 vera,
1407 2808 1451 2870 eie
1472 2807 1625 2891 appellari

308 2906 428 2970 Graece
454 2903 624 2969 voluerunt
643 2935 702 2978 -,
731 2901 928 2986 negligentes
958 2922 994 2966 ac
1022 2900 1168 2966 dissoluti
1198 2901 1225 2964 si
1253 2900 1415 2986 cupiamus
1444 2921 1531 2978 esse,
1568 2899 1624 2986 qui

306 3000 576 3156 wssqqthefinius
607 3091 701 3155 etiam
727 3090 830 3165 urbis,
860 3090 1001 3155 omnium
1027 3087 1256 3174 pulcherrimae
1278 3095 1374 3173 atque
1395 3087 1625 3166 ornatissimae,

191 3151 220 3248 ὅ
307 3190 532 3274 Syracusarum
555 3185 762 3269 direptionem
784 3185 1033 3249 commemorabo
1048 3191 1080 3247 ct
1098 3184 1132 3247 in
1146 3183 1286 3248 medium
1299 3183 1470 3266 proferam,
1492 3182 1625 3259 iudices,

268 3291 344 3349 8⁰ut
364 3282 536 3367 aliqnando
564 3288 663 3344 totam
683 3279 778 3344 buius
801 3280 922 3362 generis
944 3279 1117 3342 orationem
1141 3275 1325 3342 concludam
1347 3284 1443 3360 atque
1465 3275 1624 3340 definiam.

305 3379 404 3442 Nemo
424 3375 491 3439 fere
511 3382 650 3439 restrum
672 3381 735 3449 est,
768 3373 860 3457 quin,
889 3393 985 3456 quem
1013 3372 1053 3434 ad
1075 3372 1205 3435 modum
1227 3378 1334 3455 captae
1356 3371 1420 3434 sint
1440 3390 1460 3434 a
1479 3371 1521 3435 M.
1542 3372 1626 3434 4444·-

305 3472 386 3537 cello
409 3471 597 3555 Syracusae,
620 3487 714 3553 saepe
735 3465 886 3542 audierit,
907 3485 1144 3550 nonnumquam
1161 3465 1257 3529 etiem
1274 3465 1308 3527 in
1322 3464 1487 3529 annalibus
1500 3464 1623 3548 legerit.

306 3565 453 3631 Conferte
473 3564 555 3627 banc
574 3581 685 3646 pacem
700 3582 771 3625 cum
791 3561 847 3624 illo
867 3560 968 3635 bello,
988 3560 1084 3624 buius
1099 3560 1251 3645 praetoris
1265 3560 1436 3624 adventum
1451 3579 1522 3624 cum
1536 3560 1622 3624 illius

304 3658 504 3744 imperatoris
517 3657 656 3732 victoria,
676 3655 771 3719 buius
786 3653 944 3718 cohortem
959 3655 1115 3737 impuram
1130 3675 1201 3719 cum
1222 3655 1308 3718 illius
1330 3655 1471 3718 exercitu
1492 3654 1621 3729 invicto,

267 3752 399 3818 achaias
419 3750 569 3816 libidines
590 3769 663 3814 cum
682 3748 769 3813 illins
791 3749 1001 3814 continentia:
1029 3747 1165 3824 abillo,
1195 3749 1250 3834 qui
1272 3749 1373 3832 cepit,
1401 3749 1560 3826 conditas,
1581 3749 1620 3812 ab

368 4034 393 4086 4.
410 4033 471 4084 boec
481 4043 535 4082 om.
547 4029 584 4082 64
595 4025 611 4079 4
624 4028 685 4093 (non
696 4027 734 4093 li).
744 4055 772 4067 ·-
785 4027 819 4080 cd
830 4039 883 4080 em.
896 4026 1012 4080 illotu-
1025 4028 1051 4080 4.
1062 4028 1152 4093 {opem
1164 4027 1226 4078 44.-
1245 4026 1270 4077 b.
1288 4027 1385 4080 44444444
1396 4029 1462 4080 4.-.
1471 4029 1496 4082 4.
1508 4031 1621 4082 4444444444

303 4108 348 4171 lte,
361 4105 386 4170 4,
399 4106 481 4170 43494
498 4106 633 4157 constitum
644 4106 722 4170 lagg.
732 4102 796 4157 44444.
807 4105 837 4156 0.
846 4129 874 4140 -
884 4104 910 4156 e.
925 4108 978 4155 teca
988 4108 1013 4156 et
1026 4104 1054 4155 44.
1064 4129 1092 4140 -
1104 4103 1132 4154 ie
1143 4101 1275 4158 cmdett.
1286 4103 1348 4154 0.-
1359 4103 1383 4154 6.
1394 4105 1433 4156 uti
1443 4106 1473 4156 de
1483 4104 1547 4158 dett.
1556 4105 1618 4156 0.-

301 4183 379 4236 esrsltc
393 4180 505 4232 mauce
519 4180 586 4233 dett.
598 4180 628 4231 0.
642 4207 670 4217 -
689 4181 714 4231 4.
732 4179 1154 4243 quaeum-quaerimoniae
1169 4179 1198 4230 44.
1211 4205 1238 4218 -
1256 4179 1282 4230 8.
1299 4180 1400 4232 umor.
1418 4182 1447 4233 44.
1467 4208 1494 4218 -
1512 4187 1621 4233 emcre-

298 4270 377 4323 peere
392 4269 423 4306 cc
437 4255 565 4320 neglegere
581 4256 610 4307 a.
625 4279 652 4290 -
672 4254 696 4306 9.
714 4254 754 4304 iae
769 4254 920 4319 legumbd„
938 4255 1016 4319 4433.
1034 4255 1142 4319 praeter
1152 4252 1192 4306 44.
1209 4281 1236 4292 -
1254 4255 1419 4318 meritaeque
1434 4258 1502 4308 coni.
1515 4257 1617 4322 Zumpt.

301 4336 335 4385 44
345 4332 380 4385 cl.
392 4331 427 4383 ad
438 4332 480 4382 111.
493 4328 517 4394 5.
530 4331 587 4382 464.
606 4328 691 4382 Helm
703 4328 738 4380 ed
749 4330 777 4380 b.
790 4327 807 4380 4.
820 4330 848 4382 in
860 4330 902 4382 ed.
915 4331 986 4396 Lips.
998 4355 1025 4368 -
1038 4330 1079 4382 44.
1092 4341 1253 4393 maeque
1263 4330 1283 4381 0
1294 4329 1356 4393 (nou
1366 4331 1405 4394 a).
1420 4357 1448 4368 —
1461 4333 1579 4384 accedunt
1588 4333 1618 4384 lt.

303 4435 331 4448 -·
344 4407 385 4460 43.
395 4407 516 4470 prtem
526 4407 594 4470 4349
601 4421 613 4476 ςΙ
624 4405 664 4456 cel
676 4405 798 4469 pmoctim
814 4403 878 4457 (1444.
892 4406 921 4457 0.
936 4433 963 4442 -
981 4405 1078 4457 sceleris
1094 4405 1139 4468 443,
1157 4402 1174 4455 4
1191 4403 1224 4468 (v.
1237 4404 1323 4456 lladv.
1336 4419 1362 4470 p.
1376 4405 1417 4457 79.
1432 4407 1502 4458 Bake
1513 4421 1539 4472 p.
1552 4406 1618 4470 3444

300 4483 389 4538 celes
400 4481 465 4534 dett.
478 4482 540 4533 0.-
559 4480 599 4534 44.
612 4481 759 4546 ,4344444444
770 4481 798 4532 ll.
815 4506 843 4517 —
859 4481 988 4532 ,4444444444
997 4479 1090 4531 4144444.
1104 4481 1139 4531 lt:
1156 4481 1282 4530 because
1296 4479 1368 4531 liert.
1379 4477 1408 4541 4,
1422 4481 1455 4530 Gt
1468 4495 1474 4542 ;
1491 4482 1619 4534 4444444444

301 4570 354 4610 om.
365 4558 412 4619 444,
421 4555 480 4619 bd,
489 4556 567 4621 4344,
578 4556 672 4608 Herba.
685 4555 857 4608 umacus
868 4557 957 4620 Legg.;
975 4555 1047 4608 llerb.
1059 4555 1184 4606 4444444444
1192 4555 1221 4606 0.
1232 4553 1270 4606 cl.
1283 4553 1369 4606 Madv.
1378 4567 1404 4619 p.
1414 4555 1486 4607 84.-
1501 4557 1542 4609 td.
1553 4571 1616 4610 ecn-

297 4631 463 4696 plreeedett.
482 4630 512 4682 0.
531 4627 876 4697 -ucpceeeecam
897 4657 925 4668 —
946 4631 988 4683 46.
1008 4643 1085 4693 quon
1107 4629 1210 4680 inculte
1229 4629 1619 4694 praemagnorum

299 4709 386 4760 ceute
400 4706 497 4758 44444444·
512 4705 592 4770 ngat.
611 4732 639 4742 -
658 4705 699 4756 l'l.
716 4705 788 4756 4444444
802 4704 887 4756 meets
902 4706 981 4770 Legg.
993 4703 1057 4756 dett.
1071 4705 1100 4756 0.
1114 4729 1142 4742 -
1161 4710 1184 4755 44
1193 4705 1273 4756 scriis
1282 4717 1336 4757 om.
1348 4705 1426 4769 4349.
1441 4733 1470 4744 -
1488 4706 1528 4760 ll.
1540 4709 1619 4759 ocreis

298 4784 329 4835 R.
349 4812 377 4822 -
394 4783 427 4834 tie
442 4783 476 4834 e:
493 4779 531 4832 tie
547 4773 612 4830 dett.
630 4779 659 4831 0.
680 4805 709 4818 ·-
729 4780 771 4831 4ο.
789 4779 901 4830 tetartaeo
915 4780 951 4842 44,
969 4780 1018 4842 Gt,
1036 4779 1121 4843 igit:
1147 4779 1268 4830 4444444444
1283 4779 1342 4842 444,
1363 4778 1439 4844 dett,
1457 4781 1493 4844 0,=
1515 4795 1618 4834 4444444

300 4859 346 4911 til.
366 4885 394 4900 -
420 4858 462 4908 44.
479 4860 589 4907 cestram
604 4855 778 4906 owtorttctem
793 4867 872 4918 oeque
887 4855 952 4906 dett.
978 4881 1006 4891 -
1031 4854 1102 4906 colle
1117 4855 1163 4906 64.
1184 4881 1210 4894 -
1235 4854 1373 4919 cerdicio
1388 4855 1438 4918 446,
1456 4852 1489 4906 λι
1509 4862 1545 4908 eet
1560 4870 1614 4910 cm.

299 4932 369 4997 Lgll
379 4932 421 4996 44,
434 4932 466 4994 0;
483 4929 577 4982 retest
587 4929 666 4994 legg.
679 4927 735 4980 rell.
755 4929 794 4982 Cl.
807 4929 893 4981 lledv.
906 4942 933 4994 p.
945 4929 1019 4982 84-
1037 4929 1079 4980 44.
1090 4929 1165 4993 leque
1180 4930 1255 4982 ticli:
1272 4931 1299 4980 ic
1314 4931 1409 4994 liieqree
1419 4931 1456 4982 64
1466 4931 1524 4994 Ld.;
1541 4933 1616 4994 443444

298 5008 337 5060 444
352 5006 417 5060 dett.
429 5008 459 5060 0.
472 5033 500 5044 -
517 5005 647 5068 4444444444,
660 5017 730 5055 corr.
743 5005 771 5055 ln
786 5005 888 5056 4444444.
903 5029 930 5041 -
949 5004 990 5058 44.
1003 5003 1218 5068 mecummet,
1236 5004 1398 5066 accereclld,
1416 5007 1498 5070 igit,
1516 5020 1616 5060 messe

299 5081 362 5148 433.
374 5079 432 5138 rell.
445 5105 474 5122 ··
490 5081 710 5146 commeneus.
722 5077 787 5134 dett
800 5103 830 5118 -
848 5077 1093 5145 noctemnoctem.
1107 5105 1135 5118 -
1148 5079 1413 5146 absumeremur.
1425 5107 1454 5120 ·-
1466 5094 1498 5134 ac
1508 5082 1573 5136 dett.
1583 5083 1613 5135 0.
