3648 5888
581 485 655 552 cr».
676 483 897 554 xm-xrv.
926 484 982 572 §a
1004 483 1152 554 ee-ss.
1483 485 1524 552 ss

201 661 236 724 in
264 666 417 733 mentem,
446 658 665 742 repromisisse
694 659 850 724 Fannium
872 660 1004 735 Roscio,
1034 659 1062 724 si
1085 658 1163 745 quid
1185 679 1205 723 a
1225 655 1335 723 Flauio
1357 657 1524 742 exegisset,

202 754 271 818 eius
294 758 416 836 partem
438 751 618 828 dimidiam,
640 752 696 816 sed
718 755 846 818 omniuo
868 755 1012 838 exegisse
1026 753 1116 818 nihil.
1144 753 1254 829 Quidt
1275 760 1310 817 tu
1323 774 1390 818 non
1404 755 1524 819 exitum

202 849 393 924 exactionis,
422 848 478 911 sed
506 847 635 912 initium
664 849 921 932 repromissionis
950 857 1093 932 spectare
1122 848 1233 914 debes:
1267 868 1387 933 neque,
1420 849 1448 912 si
1469 848 1524 912 ille

200 943 353 1026 persequi
375 942 491 1018 noluit,
514 963 580 1005 non
603 943 691 1028 quod
713 945 745 1006 in
767 964 802 1006 se
823 942 884 1006 fuit
905 943 1073 1017 iudicavit,
1102 943 1252 1007 Roscium
1273 964 1364 1021 suas,
1384 963 1450 1008 non
1472 963 1525 1006 so-

201 1037 324 1101 cietatis
346 1035 417 1101 lites
439 1037 622 1102 redemisse.
659 1038 761 1114 Quid,
783 1039 810 1102 si
831 1037 960 1101 tandem
980 1037 1110 1119 planum
1123 1035 1222 1112 lacio,
1243 1044 1316 1121 post
1330 1037 1525 1102 decisionem
1547 1050 1563 1097 u

200 1137 337 1194 veterem
359 1130 482 1206 Roscii,
504 1140 578 1213 post
598 1131 878 1216 repromissionem
899 1137 1059 1194 recentem
1073 1131 1155 1193 banc
1169 1130 1297 1206 Fannii,
1319 1131 1380 1196 Ηθ
1396 1151 1524 1194 cccrooa

199 1225 355 1288 Fannium
377 1244 397 1289 a
418 1224 456 1300 Q.
479 1224 608 1300 Flavio,
631 1227 766 1307 Panurgi
782 1227 910 1289 nomine
925 1225 1114 1290 abstulisse:
1137 1231 1243 1290 tamen
1258 1226 1376 1292 diutius
1390 1227 1524 1292 illudere

199 1320 259 1384 viri
281 1319 393 1404 optimi
416 1319 643 1382 existimationi
667 1317 719 1404 [Q.
734 1317 853 1403 Roscii]
877 1321 1031 1385 audebit?

284 1416 368 1478 XIV.
390 1411 443 1475 40.
465 1414 564 1478 Paulo
586 1421 658 1477 ante
681 1417 885 1499 quaerebam,
918 1416 951 1478 id
973 1415 1060 1499 quod
1082 1416 1284 1480 vehementer
1303 1417 1344 1481 ad
1365 1437 1432 1482 rem
1454 1438 1525 1502 per-

199 1510 335 1584 tinebat,
359 1528 423 1592 qua
446 1506 486 1570 de
503 1527 598 1570 causa
612 1507 753 1584 Flavius,
776 1531 847 1572 cum
863 1510 901 1572 de
915 1515 982 1572 tota
996 1509 1051 1572 lite
1066 1508 1185 1572 laceret
1202 1510 1398 1593 pactionem,
1418 1523 1563 1597 nequeio

199 1604 276 1667 satis
304 1603 465 1683 acciperet
490 1621 510 1663 a
537 1601 671 1676 Roscio,
700 1622 806 1686 neque
833 1602 952 1665 iudicio
986 1603 1205 1667 absolveretur
1226 1625 1245 1668 a
1266 1605 1407 1669 Fanniot
1439 1628 1525 1671 nunc

198 1719 291 1773 vero,
318 1696 352 1760 id
375 1694 463 1779 quod
484 1694 599 1756 mirum
622 1702 654 1758 et
676 1695 861 1760 incredibile
883 1703 945 1772 est,
979 1699 1126 1783 requiro,
1162 1719 1258 1784 quam
1280 1698 1321 1762 ob
1343 1721 1424 1776 rem,
1452 1721 1525 1764 cum

199 1791 240 1853 de
261 1796 329 1854 tota
348 1810 384 1852 re
407 1789 579 1852 decidisset
600 1811 672 1852 cum
694 1791 826 1865 Roscio,
849 1791 909 1856 fle
933 1811 1061 1852 cccrooo
1083 1793 1254 1875 separatim
1266 1794 1389 1858 Fannio
1412 1795 1526 1859 dissol-

198 1885 289 1949 verit.
331 1884 401 1947 Hoc
433 1883 521 1958 loco,
551 1883 672 1958 Saturi,
701 1883 779 1968 quid
809 1904 902 1969 pares
929 1884 1140 1968 respondere,
1174 1887 1256 1951 scire
1277 1889 1388 1972 cupio:
1419 1897 1526 1953 utrum

200 1978 331 2041 omnino
358 1977 516 2041 Fannium
546 1999 564 2042 a
585 1979 694 2042 Flavio
717 1979 776 2044 {is
800 1999 927 2042 cccrooo
950 2000 1015 2044 non
1037 1980 1222 2056 abstulisse,
1250 1999 1291 2045 an
1313 1981 1377 2047 alio
1398 1983 1565 2046 nominem

199 2081 232 2136 et
253 2073 316 2136 alia
338 2073 377 2136 de
402 2091 498 2136 causa
518 2074 709 2137 abstulisset
753 2070 805 2137 it.
829 2076 862 2138 si
884 2075 947 2138 alia
969 2074 1008 2137 de
1031 2095 1142 2139 causa:
1169 2095 1252 2160 quae
1273 2077 1355 2140 ratio
1376 2075 1433 2140 tibi
1455 2096 1527 2139 cum

200 2187 238 2229 eo
260 2168 504 2230 intercesserat?
538 2167 641 2230 Nulla.
673 2166 827 2232 Addictus
850 2177 918 2232 erat
938 2168 1020 2233 tioit
1051 2171 1132 2234 Non.
1167 2169 1297 2234 Frustra
1312 2175 1437 2254 tempus
1453 2189 1529 2233 con·
1814 2239 1815 2248 χ

199 2265 279 2324 tero.
310 2260 466 2335 Omnino,
488 2261 609 2345 inquit,
632 2261 691 2324 HJS
715 2281 845 2324 cccrooo
869 2263 1011 2326 al'lavio
1026 2284 1091 2327 non
1106 2262 1251 2339 abstulit,
1273 2284 1378 2349 neque
1391 2263 1528 2347 Panurgi
1812 2257 1815 2350 l

198 2355 327 2418 nomine
350 2375 455 2438 neque
479 2355 677 2440 cuiusquam.
713 2357 747 2422 Si
768 2358 899 2441 planum
920 2356 1021 2434 facio,
1049 2358 1225 2440 posthanc
1246 2365 1407 2424 recentem
1428 2358 1528 2442 stipu-
1813 2363 1815 2446 J

197 2448 348 2512 lationem
370 2449 477 2512 Roscii
500 2449 559 2513 HS
583 2469 710 2513 cccraso
734 2473 753 2517 a
774 2453 883 2516 Flavio
906 2457 937 2514 te
958 2451 1147 2530 abstulisse,
1170 2454 1326 2538 numquid
1341 2472 1455 2517 causae
1470 2456 1565 2525 estse

199 2545 277 2626 quin
299 2545 338 2606 ab
361 2542 479 2606 iudicio
503 2544 597 2607 abeas
619 2547 801 2628 turpissime
823 2546 951 2610 victus?
986 2543 1038 2610 ti.
1062 2545 1134 2624 Quo
1156 2553 1236 2611 teste
1258 2547 1355 2630 igitur
1375 2547 1437 2610 boc
1460 2545 1529 2630 pla·

200 2657 276 2701 num
297 2636 438 2699 faciam?
474 2639 625 2715 Venerat,
655 2650 690 2705 ut
711 2643 841 2725 opinor,
871 2641 951 2704 haec
972 2660 1023 2703 res
1044 2640 1078 2704 in
1099 2641 1264 2704 iudicium.
1307 2641 1409 2705 Certe.
1427 2638 1527 2734 (Quis
1616 2629 1717 2818 >fll-
1814 2709 1815 2712 ,

198 2738 265 2795 erat
286 2731 429 2814 petitori
452 2733 602 2804 Fannius.
646 2736 727 2820 Quis
748 2739 843 2801 rcusi
869 2735 1008 2799 Flavius.
1051 2735 1130 2810 Quis
1152 2737 1271 2800 iudex?
1295 2731 1528 2812 Cluvius.)'llx
1814 2743 1815 2746 ’

196 2824 247 2890 bis
268 2846 352 2890 unus
377 2826 455 2890 mibi
477 2828 568 2892 testis
591 2835 639 2892 est
660 2831 901 2913 producendus,
923 2831 980 2914 qui
1002 2803 1170 2914 pecuniam
1194 2829 1300 2894 datam
1320 2829 1413 2894 dicat.
1447 2828 1527 2905 Quis

197 2928 247 2984 est
268 2942 309 2984 ex
330 2921 382 2985 his
405 2921 632 3004 gravissimus?
666 2925 741 2988 Sine
764 2927 997 3000 controversia,
1020 2925 1076 3011 qui
1091 2925 1233 2988 omnium
1248 2924 1367 2988 iudicio
1382 2942 1565 3009 compro-st

195 3015 287 3081 batus
310 3025 368 3081 est.
414 3018 518 3093 Quem
540 3018 636 3101 igitur
658 3039 699 3083 ex
720 3021 770 3084 bis
792 3020 892 3082 tribus
915 3039 1006 3082 aime
1028 3025 1140 3083 testem
1155 3019 1380 3105 exspectabis?
1409 3019 1528 3082 Petito·
1594 3021 1596 3026 '

195 3115 288 3177 remi
320 3112 461 3175 Fannius
484 3119 548 3174 est:
572 3120 682 3177 contra
704 3135 738 3177 se
760 3133 934 3196 numquam
957 3114 1174 3178 testimonium
1188 3115 1283 3177 dicet
1315 3111 1435 3175 Reum‘i
1456 3112 1529 3175 Fla-

196 3207 266 3270 vius
290 3214 347 3272 est.
391 3207 422 3270 ls
444 3206 654 3291 iampridem
677 3217 724 3271 est
745 3217 898 3272 mortuus.
935 3208 968 3272 Si
990 3209 1127 3283 viveret,
1152 3208 1249 3272 rerba
1271 3207 1340 3270 eius
1362 3207 1527 3270 audiretis.

195 3301 360 3366 Iudicem?
396 3300 526 3365 Cluvius
561 3309 617 3365 est
663 3301 748 3378 Quid
781 3303 809 3366 is
839 3299 942 3366 dicit?
986 3301 1046 3365 HS
1073 3319 1202 3362 cccmus
1230 3298 1367 3382 Panurgi
1398 3300 1527 3363 nomine

195 3400 339 3464 Flavium
354 3397 475 3460 Fannio
497 3395 693 3460 dissolvisse.
723 3396 826 3471 Quem
847 3403 883 3458 tu
905 3396 932 3458 si
955 3416 997 3459 ex
1018 3414 1116 3458 censu
1138 3401 1278 3479 spectas,
1301 3411 1399 3478 eques
1414 3393 1564 3462 Roma-sc

195 3515 257 3558 nus
280 3501 347 3570 est3
370 3492 397 3555 si
420 3512 461 3554 ex
482 3491 564 3566 vita,
585 3491 680 3554 bomo
704 3490 896 3554 clarissimus
918 3497 982 3566 est;
1005 3490 1033 3552 si
1054 3508 1096 3551 ex
1117 3496 1163 3565 te,
1184 3487 1325 3553 iudicem
1347 3487 1526 3570 sumpsisti;

196 3589 224 3652 si
247 3607 288 3651 ex
309 3587 458 3660 vemtate,
486 3584 538 3658 id,
569 3585 658 3668 quod
680 3585 761 3648 scire
783 3585 888 3668 potuit
909 3591 941 3648 ct
963 3581 1085 3658 debuit,
1115 3583 1205 3648 dixit.
1226 3581 1229 3590 '
1248 3578 1300 3646 43.
1321 3582 1424 3664 Nega,
1446 3601 1528 3665 nega

196 3702 283 3747 nunc
306 3679 406 3766 equiti
429 3682 589 3755 Romano,
617 3678 739 3766 bomini
761 3677 913 3754 honesto,
943 3676 1041 3742 iudici
1064 3683 1137 3753 tuo,
1159 3677 1246 3741 credi
1268 3685 1425 3760 oportere.
1459 3677 1528 3742 Cir·
1653 3678 1673 3778 (3

197 3775 381 3860 cumspicit,
403 3780 545 3837 aestuat:
568 3779 663 3856 negat
683 3792 742 3835 nos
765 3772 869 3836 Cluvii
890 3771 1107 3835 testimonium
1128 3772 1327 3836 recitaturos.
1369 3771 1527 3836 Recitabi-

196 3891 277 3934 mus.
317 3867 431 3933 Erras:
464 3866 552 3932 inani
583 3875 615 3930 et
640 3867 729 3931 tenui
759 3887 815 3950 spe
843 3874 874 3930 te
895 3864 1083 3929 consolaris.
1118 3865 1229 3930 Recita
1250 3865 1467 3928 testimonium
1489 3867 1563 3934 Tus

194 3963 318 4030 blanilii
339 3969 371 4030 et
393 3963 426 4028 C.
448 3963 556 4027 Lusoii
578 3962 715 4038 Ocreae,
737 3961 872 4024 duorum
893 3967 1091 4036 senatorum,
1117 3957 1285 4024 bominum
1306 3959 1525 4024 ornatissimo-
1656 3949 1671 4036 έ

1582 1121 1590 1153 l

259 4161 284 4214 l.
306 4160 423 4225 [motem
438 4159 548 4211 eosdem
563 4159 659 4221 aGM,
680 4157 768 4222 suenio
785 4157 899 4208 flemme
914 4157 944 4206 Α.
965 4181 992 4192 -
1017 4155 1042 4206 4.
1060 4154 1103 4206 sed
1118 4152 1271 4220 comito1se
1286 4154 1385 4206 domiso
1401 4155 1523 4208 aaut.

194 4235 351 4289 Emendavit
366 4235 507 4289 Manutius.
522 4262 549 4273 —
570 4235 635 4298 ocii
651 4232 726 4284 um?
741 4247 792 4283 eoo
803 4233 832 4283 L.
847 4259 874 4269 —
894 4231 917 4282 3.
931 4227 1023 4282 miss?
1038 4227 1065 4292 4,
1084 4242 1213 4294 perverse
1224 4230 1364 4282 sententis.
1379 4256 1407 4269 —
1425 4229 1450 4282 l.
1464 4243 1525 4294 per-

193 4314 262 4376 aqui
285 4311 374 4378 notuit]
400 4312 427 4362 ie
443 4326 472 4363 eo
487 4311 638 4374 sequendum
655 4311 719 4371 αθ,
740 4307 938 4372 persequendam
953 4307 1017 4358 iia.
1044 4306 1207 4357 Sententiam
1227 4303 1395 4370 probabilem
1411 4307 1525 4358 restituit

193 4389 339 4452 muudus,
362 4386 411 4439 sed
433 4387 490 4452 ipsa
511 4384 594 4437 verba
619 4385 755 4437 Ciceronis
771 4382 891 4434 nondum
907 4383 1014 4446 reperta
1032 4382 1102 4433 sunt.
1122 4408 1150 4418 -
1173 4381 1240 4444 quod
1259 4381 1288 4432 io
1306 4395 1336 4434 rs
1354 4381 1403 4448 tait
1418 4381 1525 4434 Husch-

192 4463 261 4516 kius.
275 4491 303 4501 —
323 4464 348 4514 6.
365 4461 581 4526 amanuensem
596 4466 676 4512 mima
690 4465 812 4510 recentem
822 4461 860 4521 ll,
878 4459 1094 4521 repromissionem
1110 4461 1194 4510 omen
1209 4461 1330 4509 reconem
1340 4458 1371 4508 A.
1386 4484 1413 4494 -
1432 4458 1522 4510 7-43.

193 4539 319 4590 Fannium
335 4551 353 4589 o
370 4539 399 4601 0.
418 4537 503 4587 Flavio
514 4561 529 4573 ·
539 4563 554 4574 ·
565 4565 580 4577 -
593 4550 650 4587 mm
665 4535 752 4586 Roscio
765 4535 808 4584 llS
817 4545 917 4586 cccmus
929 4545 982 4583 om.
996 4547 1025 4584 α.
1040 4560 1067 4570 -
1087 4547 1104 4582 o
1115 4532 1143 4584 C.
1155 4532 1243 4583 l’tooio
1256 4532 1348 4585 cita.
1364 4560 1391 4570 -
1410 4537 1523 4584 mamm

193 4615 326 4666 diutiml..
344 4641 371 4650 -
390 4611 415 4663 8.
433 4611 646 4662 aestimationis.
666 4638 694 4647 -
718 4611 746 4673 0.
765 4609 846 4660 Roscii
867 4621 930 4660 cum
950 4609 1099 4659 liotomeno
1117 4606 1215 4660 delevit
1228 4608 1256 4659 L.
1282 4609 1336 4659 Nos
1353 4605 1521 4660 seclusimus.

195 4716 223 4728 -
243 4687 284 4739 ta.
295 4686 432 4738 summes
443 4688 479 4737 L:
497 4687 677 4738 duobitoum
689 4683 827 4737 codicibus
838 4681 924 4738 440.
934 4709 961 4719 -
981 4683 1021 4734 lit.
1035 4683 1135 4734 meaios
1146 4695 1199 4733 om.
1212 4682 1247 4734 ll.
1259 4709 1287 4719 -
1304 4681 1421 4746 [moisen
1431 4707 1468 4720 ·-
1479 4681 1523 4732 ob-

192 4763 297 4815 stetisset
309 4763 342 4824 ll,
360 4761 462 4826 {uanius
472 4785 509 4799 ·-
520 4761 658 4812 abstulisset
668 4761 753 4812 aFG.
765 4788 793 4798 —
806 4773 824 4809 c
841 4771 895 4809 om.
908 4759 1002 4809 ubl-
1021 4759 1062 4809 46.
1074 4757 1212 4808 obstitisset
1227 4757 1377 4808 arem·
1395 4757 1467 4808 Inter
1477 4769 1521 4808 vv.

193 4852 259 4903 quoe
275 4839 304 4890 et
317 4838 387 4888 ratio
402 4837 429 4888 iu
446 4838 471 4888 ll
488 4835 583 4887 lacuna
601 4840 643 4889 est
659 4837 755 4888 decem
772 4835 828 4888 tere
844 4832 999 4886 litterarum.
1019 4860 1047 4872 —
1068 4833 1110 4886 40.
1127 4846 1234 4886 camere
1249 4834 1299 4884 cti
1309 4832 1347 4895 li,
1372 4841 1474 4882 comem
1488 4830 1520 4884 A.

192 4913 296 4980 (eumue
311 4917 347 4963 esi
362 4911 381 4962 F
398 4912 426 4962 et
440 4910 600 4975 Turnebus.)
620 4938 647 4948 -
665 4913 706 4964 43.
725 4911 769 4976 qut
784 4911 861 4961 Redeo
878 4909 940 4961 GM.
958 4934 987 4946 -
1005 4907 1046 4960 se.
1065 4908 1116 4974 qui]
1134 4910 1190 4972 quis
1204 4923 1233 4960 α.
1252 4934 1281 4946 -
1298 4904 1472 4968 comprobatio
1486 4908 1523 4956 est

192 4987 321 5040 Orellius:
347 4985 523 5051 comprobem
545 4991 582 5037 est
604 4985 681 5038 iudeo
706 4999 769 5038 cum
794 4983 932 5037 codicibus
957 4983 1047 5049 lte,
1071 4983 1245 5049 comprobatus
1264 4979 1415 5046 editicios]
1436 4980 1466 5030 0.
1490 5005 1518 5018 -

191 5061 233 5114 46.
252 5061 406 5127 mactetis
422 5075 485 5115 cum
502 5063 651 5114 Hotomano
667 5064 703 5114 L:
721 5063 841 5127 epistuliis
856 5074 918 5113 cum
930 5057 1004 5111 libris
1015 5057 1132 5122 4480,
1149 5053 1334 5122 exspectasset
1350 5054 1522 5117 amomum

192 5139 333 5192 Henetus.
348 5166 376 5178 -
393 5137 435 5192 48.
448 5143 491 5190 est.
509 5138 542 5204 le]
553 5139 620 5191 tmtis
630 5140 673 5190 cti
679 5139 713 5192 u.
727 5166 755 5176 -
774 5138 815 5190 34.
833 5135 995 5200 emmonis]
1012 5136 1162 5188 castissimis
1176 5132 1294 5185 malebat
1303 5127 1447 5182 Lambinus
1458 5129 1518 5184 coll.

194 5212 278 5280 ills
290 5215 460 5269 sanctissimos
470 5212 985 5280 Halmiuscoll.5.ll.-36.lloolitb.-
993 5205 1517 5276 ommtissitoommltomstissimommllb.
