3644 5874
635 437 709 502 Car.
730 436 890 502 xxxvlt.
915 431 971 518 35.
993 431 1139 499 'to-80.
1477 414 1546 488 *tii

234 611 352 673 tionem
384 607 517 672 civitatis
547 608 574 672 si
606 607 739 690 dirigas,
770 613 856 670 recta
884 613 972 668 sunt:
1005 605 1056 668 sin
1081 605 1277 688 perpendere
1298 602 1338 665 ad
1361 598 1546 682 disciplinae

234 708 402 786 praecepta
421 702 518 776 velis,
539 693 736 785 reperiantur
756 698 952 784 pravissima.
988 698 1092 774 Quare
1120 717 1178 762 nec
1199 696 1286 780 plebi
1305 696 1465 759 Romanae
1487 693 1548 758 eri-

233 795 342 880 piendi
363 796 483 860 fructus
505 796 556 860 isti
571 800 644 859 sunt
658 795 822 869 ludorum,
844 793 1067 876 gladiatorum,
1089 793 1325 866 conviviorum,
1346 807 1428 874 quae
1443 786 1550 850 omnia

233 891 368 952 maiores
390 888 490 952 nostri
513 894 788 971 comparaverunt:
818 907 877 950 nec
907 885 1082 950 candidatis
1102 887 1163 950 ista
1183 885 1363 968 benignitas
1384 880 1551 946 adimenda

233 991 294 1058 est,
316 1002 398 1066 quae
419 983 641 1046 liberalitatem
663 983 762 1065 inagis
785 978 938 1065 significat
958 1001 1053 1063 quarn
1075 980 1283 1062 largitionem.
1561 987 1575 1036 t

318 1076 478 1138 XXXVII.
501 1073 552 1138 78.
574 1076 616 1139 At
637 1077 722 1140 enim
744 1084 774 1139 tc
789 1075 828 1141 ad
844 1074 1055 1138 accusandum
1070 1094 1121 1138 res
1136 1074 1260 1159 publica
1274 1072 1416 1136 adduxit.
1440 1070 1550 1144 Credo,

234 1170 326 1244 Cato,
349 1177 380 1232 te
403 1169 465 1232 isto
488 1171 593 1233 animo
616 1178 711 1254 atque
734 1191 771 1234 sa
794 1169 946 1253 opinione
967 1168 1109 1232 vonisse:
1140 1166 1197 1231 sed
1219 1175 1253 1230 tu
1275 1165 1485 1249 imprudentia
1507 1164 1552 1226 la-

232 1263 325 1327 beris.
353 1262 421 1345 Ego
443 1263 529 1345 quod
551 1264 654 1338 facio,
676 1264 816 1338 iudices,
839 1283 909 1326 cum
931 1263 1088 1326 amicitiae
1111 1261 1332 1345 dignitatisque
1354 1263 1389 1322 L.
1403 1262 1552 1323 Murenae

232 1356 333 1440 gratia
353 1355 453 1431 facio,
485 1365 551 1420 tum
575 1379 625 1420 me
647 1358 752 1442 pacis,
781 1357 855 1430 otii,
886 1355 1087 1430 concordiae,
1117 1355 1286 1428 libertatis,
1315 1354 1441 1426 salutis,
1470 1352 1552 1416 vitae

233 1452 371 1535 denique
394 1451 536 1514 omnium
558 1460 701 1516 nostrum
724 1472 820 1515 causa
839 1451 943 1514 iacere
965 1450 1066 1514 clamo
1088 1457 1183 1535 atque
1205 1457 1313 1513 testor.
1345 1446 1474 1520 Audite,
1497 1461 1590 1508 ιιι-44

233 1545 297 1608 dite
325 1543 502 1620 consulem,
530 1545 672 1619 iudices,
701 1545 780 1609 nibil
808 1545 909 1608 dicam
931 1545 1144 1628 arrogantius,
1172 1549 1293 1607 mnium
1321 1542 1440 1615 dicam,
1469 1545 1552 1620 totos

234 1640 303 1703 dies
326 1647 422 1722 atque
443 1645 554 1702 noctes
576 1639 617 1702 de
639 1639 822 1724 republica
844 1640 1043 1721 cogitantem.
1086 1640 1156 1702 Non
1178 1658 1280 1721 usque
1301 1658 1339 1701 eo
1359 1636 1395 1699 L.
1419 1633 1551 1697 Catilina

233 1755 298 1798 rem
321 1733 480 1818 publicam
503 1734 650 1816 despexit
670 1741 767 1816 atque
787 1735 990 1817 contempsit,
1011 1741 1048 1796 ut
1062 1754 1099 1796 ea
1114 1733 1222 1816 copia,
1245 1750 1340 1814 quam
1354 1750 1459 1794 secum
1475 1727 1552 1792 edu-

232 1829 296 1901 xit,
319 1847 353 1890 se
374 1826 456 1889 banc
477 1828 632 1890 civitatem
654 1847 877 1912 oppressumm
898 1828 1110 1891 arbitraretur.
1139 1826 1247 1889 Latius
1268 1831 1356 1908 patet
1375 1823 1462 1887 illius
1485 1840 1551 1886 sce·

232 1922 306 1985 leris
329 1921 492 2003 contagio,
514 1941 608 2004 quam
630 1923 799 2005 quisquam
822 1927 927 2003 putat;
950 1920 989 1984 ad
1012 1921 1118 2004 plures
1140 1921 1287 2004 pertinet.
1330 1919 1433 1991 lutus,
1455 1916 1587 1991 iniusta

232 2017 380 2100 inquam,
409 2024 458 2078 est
486 2035 587 2098 equus
609 2017 778 2080 Troianus:
806 2034 826 2078 a
847 2033 912 2099 quo
941 2035 1113 2099 numquam
1135 2034 1186 2078 me
1208 2013 1339 2078 consule
1360 2011 1550 2077 dormientes

233 2109 465 2194 opprimemini.
507 2106 558 2170 79.
581 2108 715 2184 Quaeris
737 2129 757 2172 a
776 2129 843 2184 me,
865 2105 942 2193 quid
964 2127 1023 2191 ego
1038 2108 1203 2172 Catilinam
1219 2115 1367 2172 metuam.
1395 2105 1497 2180 Nihil,
1519 2113 1551 2169 ct

235 2205 342 2268 curavi
371 2223 412 2267 nc
480 2202 508 2266 is
537 2209 708 2278 metueret;
738 2204 793 2266 sed
815 2205 921 2288 copias
944 2201 1044 2277 illins,
1073 2222 1155 2286 quas
1175 2202 1228 2266 hic
1248 2201 1357 2275 video,
1386 2200 1458 2263 dico
1480 2219 1550 2262 esse

232 2298 415 2361 metuendas
426 2224 514 2371 :Xllec
535 2303 598 2361 tam
620 2296 777 2388 timendus
799 2304 848 2361 est
868 2318 953 2361 nnnc
975 2295 1132 2360 exercitus
1152 2295 1189 2359 1.
1204 2295 1358 2360 Catilinae
1381 2293 1551 2378 quamisb’,
1644 2259 1738 2348 ΠΡ

234 2379 402 2474 qui)illum
424 2391 595 2454 exercitum
619 2385 798 2455 deseruisse
819 2385 975 2455 dicuntur.
1003 2393 1073 2454 Non
1096 2391 1181 2454 enim
1195 2389 1418 2462 deseruerunt,
1440 2386 1496 2450 sed
1510 2387 1587 2450 abso

231 2485 288 2547 illo
317 2485 350 2546 in
379 2484 517 2567 speculis
544 2493 640 2569 atque
667 2487 702 2548 in
728 2485 854 2549 insidiis
882 2485 982 2549 relicti
1010 2485 1043 2547 in
1073 2486 1174 2570 capite
1200 2491 1294 2569 atquc
1319 2485 1353 2546 in
1373 2480 1550 2548 cervicum

231 2578 348 2641 nostris
370 2577 562 2641 restiterunt.
605 2578 646 2641 lli
668 2587 700 2642 et
720 2579 876 2661 integrum
898 2579 1062 2642 consulem
1084 2588 1116 2643 et
1135 2581 1254 2643 bonum
1275 2579 1496 2662 imperatorem
1516 2583 1550 2640 ot
1670 2567 1674 2583 '

231 2680 341 2737 natura
369 2677 402 2734 et
428 2670 555 2734 senuna
583 2692 655 2735 cum
684 2672 730 2736 rei
757 2673 902 2756 publicae
931 2673 1032 2736 salute
1062 2674 1264 2738 coniunctum
1287 2671 1380 2736 deiiai
1403 2671 1442 2734 de
1464 2669 1549 2732 urbis

230 2763 389 2851 praesidio
412 2771 445 2828 et
466 2765 505 2828 de
528 2766 671 2830 custodia
691 2766 824 2830 civitatis
838 2767 950 2830 vestris
965 2768 1129 2831 sententiis
1145 2768 1305 2831 deturbari
1318 2765 1441 2830 volunt.
1463 2763 1550 2839 Quo·

230 2881 299 2924 rum
321 2878 380 2942 ego
401 2858 518 2922 ferrum
541 2866 574 2923 et
595 2860 756 2924 audaciam
779 2861 873 2924 reieci
895 2861 928 2924 in
950 2881 1081 2944 campo,
1111 2861 1274 2927 debilitavi
1296 2859 1330 2924 in
1351 2859 1435 2933 foro,
1466 2872 1587 2922 com-tt

231 2956 332 3038 pressi
361 2952 456 3016 etiam
486 2952 571 3016 domi
600 2973 689 3017 meae
712 2975 823 3038 saepe,
852 2955 990 3030 iudices,
1020 2955 1070 3018 bis
1096 2976 1152 3019 vos
1179 2955 1206 3018 si
1232 2955 1365 3019 alterum
1388 2954 1549 3017 consulem

229 3047 435 3120 tradideritis,
458 3046 530 3128 plus
553 3047 654 3110 multo
677 3055 769 3111 erunt
789 3049 901 3112 vestris
923 3049 1088 3112 sententiis
1110 3069 1205 3132 quam
1227 3049 1292 3112 suis
1313 3047 1425 3132 gladiis
1439 3066 1550 3112 conse-

230 3141 305 3205 cuti.
347 3141 453 3223 Magni
482 3142 629 3216 intcrest,
661 3141 799 3217 iudices,
830 3141 864 3204 id
896 3142 980 3227 quod
1008 3162 1068 3225 ego
1097 3143 1202 3207 multis
1228 3142 1477 3226 repugnantibus
1498 3141 1548 3223 egi

229 3242 326 3318 atquc
356 3233 495 3317 perfeci,
528 3255 598 3298 esse
631 3235 782 3299 Kalendis
815 3236 971 3299 Ianuariis
1003 3237 1037 3299 in
1069 3258 1103 3300 re
1135 3237 1263 3320 publica
1294 3236 1358 3298 duo
1392 3235 1549 3299 consules.

229 3327 280 3390 80.
303 3328 408 3391 Nolite
429 3328 592 3404 arbitrari,
613 3328 825 3395 mediocribus
847 3329 989 3395 consiliis
1008 3339 1064 3394 aut
1083 3330 1208 3394 usitatis
1229 3332 1288 3394 viis
1303 3337 1358 3394 aut
1375 3328 1393 3363 ἤ
1406 3327 1425 3362 *
1437 3325 1455 3362 *
1468 3317 1586 3394 (Nonio

230 3425 282 3487 lex
310 3421 469 3506 improba,
497 3443 563 3485 non
592 3423 771 3506 perniciosa
798 3424 938 3507 largitio,
968 3415 1050 3502 non)
1061 3424 1203 3488 auditum
1225 3423 1413 3508 aliquandot
1420 3422 1549 3506 aliquod

230 3517 353 3581 malum*
367 3517 412 3580 rei
434 3516 579 3600 publicae
590 3511 780 3604 [quaeritur]
816 3518 898 3581 lnita
918 3523 992 3581 sunt
1012 3520 1046 3582 in
1066 3517 1125 3580 bac
1147 3518 1274 3582 civitate
1295 3518 1445 3593 consilia,
1467 3516 1550 3580 iudi·
1625 3527 1728 3620 ff*

229 3632 298 3686 ces,
331 3609 419 3675 urbis
448 3610 617 3688 delendae,
653 3612 767 3677 civium
796 3611 1073 3688 trucidandorum,
1106 3612 1245 3676 nominis
1270 3611 1402 3676 Romani
1430 3611 1549 3675 exstin-

295 3942 318 3990 4.
337 3940 379 3990 aad
394 3939 482 4003 dirigit
497 3941 526 3988 G.
542 3964 569 3975 -
588 3938 612 3990 2.
630 3939 786 4001 repatiantur
802 3941 831 3999 Ε,
850 3939 909 3991 tort.
928 3943 1011 3991 recte.
1026 3965 1053 3976 —
1073 3953 1151 4003 quara
1166 3955 1197 3992 aa
1213 3941 1233 3992 Ε
1250 3942 1278 3992 et
1294 3943 1309 3991 a
1326 3940 1389 3990 Oxx.
1405 3967 1432 3977 -
1452 3941 1476 3992 3.
1493 3947 1550 3992 aaut

228 4013 388 4064 tabonsnG.
409 4011 677 4065 —l.adarneadali.
697 4040 724 4049 -
744 4014 908 4065 6.AcE.-
927 4016 951 4064 ⁵1.
970 4017 1112 4078 tcmprud.
1131 4018 1168 4078 G,
1192 4016 1401 4079 extaiaprad„
1420 4016 1548 4067 utestiu

230 4090 258 4139 E.
274 4115 301 4122 —
319 4088 344 4138 8.
362 4086 428 4152 amr]
445 4101 523 4138 caasa
539 4103 569 4150 v,
590 4090 634 4154 qui
651 4089 747 4140 deinde
765 4089 848 4141 habet
863 4103 895 4141 ac
909 4092 1010 4156 gratiae
1026 4104 1074 4156 pro
1084 4093 1180 4156 gratia.
1193 4119 1221 4128 —
1240 4093 1369 4158 dignitatis
1384 4093 1413 4143 E.
1427 4117 1454 4128 -
1474 4092 1499 4142 a.
1510 4093 1549 4154 [a-

228 4165 279 4214 cics
294 4177 352 4214 caan
366 4176 406 4213 ma
418 4164 491 4225 pacis
507 4165 541 4214 oti
557 4166 704 4215 concordiae
719 4165 875 4216 liberalitatis
891 4170 920 4217 G.
943 4193 970 4202 -
999 4168 1038 4216 40.
1056 4172 1164 4218 cutiam
1180 4169 1239 4218 Par.
1257 4169 1281 4219 7.
1300 4169 1327 4219 et
1343 4170 1371 4219 L.
1392 4195 1419 4206 -
1445 4167 1550 4219 adurar

229 4242 286 4289 Par.
299 4238 323 4287 7.
342 4239 369 4287 et
385 4238 477 4290 Franc.
493 4267 521 4277 -
540 4241 580 4291 tt.
599 4241 689 4305 adrop.
702 4241 760 4292 EG.
774 4266 801 4276 ·-
822 4243 862 4292 42.
874 4255 906 4292 ac
920 4247 1003 4294 coctas
1012 4244 1041 4294 E.
1057 4269 1084 4280 —
1102 4247 1285 4307 ooaacpaaG:
1301 4257 1426 4307 amquam
1442 4247 1500 4295 Par.
1511 4243 1547 4304 4.,

228 4326 305 4376 maara
322 4315 383 4376 (om.
396 4315 454 4376 aaa)
473 4315 567 4374 Elis,
587 4315 602 4364 d
617 4314 691 4376 Oxx,
710 4315 788 4378 Lagg.
802 4328 905 4367 omnes.
921 4343 948 4354 -
968 4317 1007 4367 43.
1025 4319 1132 4381 444ῳωὶ4
1147 4319 1173 4370 Μ
1189 4331 1225 4369 m.
1238 4331 1280 4384 pr.
1294 4315 1447 4371 -‘addaait
1461 4333 1486 4371 aa
1501 4321 1549 4371 bac
1662 4347 1663 4350 ¹

228 4391 261 4441 ld.
282 4415 309 4424 -
329 4386 368 4438 44.
386 4389 443 4439 acci.
460 4391 578 4454 capitatio
595 4392 620 4441 Μ
636 4403 673 4440 m.
687 4403 728 4455 pr.
745 4416 772 4426 —
791 4392 831 4444 tt.
849 4393 916 4442 iatass
932 4391 1015 4444 semel
1032 4393 1132 4445 habeut
1148 4395 1230 4445 ETv.
1244 4421 1272 4434 —
1291 4395 1332 4445 tr.
1344 4395 1464 4457 quamtis
1478 4409 1506 4454 χ.
1518 4421 1545 4434 -

228 4463 994 4532 4444400411.»-20.44η4ηυη46.-24.ῳοαι444
1010 4472 1074 4521 biv:
1092 4471 1180 4521 sauciis
1196 4473 1229 4532 G,
1246 4470 1366 4533 maturata
1381 4469 1501 4533 ECSsp.
1518 4496 1545 4506 -

227 4539 253 4588 ia
269 4537 365 4588 insidiis
380 4540 474 4605 scripsi
491 4542 528 4602 (ut
545 4541 585 4592 est
601 4541 688 4592 statim
706 4541 732 4590 tn
750 4542 877 4594 antitheto
900 4546 928 4594 ic
943 4547 1025 4607 capita
1040 4551 1114 4608 atpaa
1130 4547 1157 4596 ia
1171 4545 1329 4608 ccuicibasd:
1352 4545 1380 4594 ia
1396 4557 1449 4594 om.
1468 4543 1546 4594 codd.

227 4616 255 4665 et
271 4612 332 4665 odd.
354 4641 382 4649 -
400 4613 441 4666 23.
459 4615 521 4665 deici
538 4616 600 4665 mei.
622 4642 650 4666 -.
667 4617 709 4666 244.
726 4617 801 4667 reieci
817 4618 878 4668 Ev:
896 4621 958 4670 reici
974 4621 1036 4672 Gbl.
1052 4647 1079 4658 -
1098 4621 1138 4672 26.
1157 4625 1181 4670 at
1196 4621 1262 4671 domi
1278 4621 1308 4671 Ε.
1321 4645 1350 4658 -
1368 4619 1410 4670 27.
1427 4621 1549 4670 cauendi

227 4702 274 4752 aaa
291 4689 393 4752 perfecti
415 4702 465 4740 aaaa
488 4703 541 4740 om.
565 4688 637 4740 med.
656 4691 685 4740 G.
704 4716 732 4726 -
751 4691 792 4741 28.
810 4705 856 4757 apa
872 4705 925 4745 om.
943 4695 973 4746 E.
994 4723 1021 4734 -
1039 4696 1081 4747 29.
1099 4697 1148 4747 dao
1162 4699 1222 4748 Par.
1240 4695 1264 4747 i.
1283 4697 1310 4746 et
1326 4697 1362 4745 G:
1381 4695 1442 4744 daea
1457 4693 1546 4756 Ellv,

227 4766 242 4814 s
259 4765 334 4825 011,
351 4765 431 4829 Lagg.
451 4793 478 4802 -
498 4766 539 4817 30.
557 4767 622 4816 asad.
640 4767 739 4816 iudiciis
755 4768 783 4818 E.
798 4795 826 4805 -
845 4771 892 4820 ariis
907 4771 967 4822 cod.
981 4771 1097 4824 biemmli
1113 4773 1142 4821 et
1157 4771 1201 4822 ed.
1215 4772 1300 4823 Crat:
1317 4771 1375 4821 cib
1385 4773 1420 4831 G,
1439 4771 1497 4819 Par.
1510 4768 1546 4832 l.,

226 4841 251 4890 Μ
269 4852 304 4890 m.
323 4852 375 4904 pr,
392 4841 454 4906 Lag.
474 4844 514 4892 4ο.
532 4842 589 4902 25.;
614 4843 678 4892 actis
694 4844 752 4894 Par.
770 4845 794 4894 7.
813 4848 840 4894 et
856 4847 959 4908 Frena,
984 4845 1051 4896 vitiis
1067 4847 1125 4908 Es,
1151 4847 1177 4898 Μ
1194 4859 1229 4898 m.
1248 4859 1314 4907 sec,
1338 4847 1353 4896 o
1370 4847 1444 4908 orn,
1465 4846 1544 4908 Lagg.

226 4912 282 4965 rell.
306 4915 335 4964 ln
352 4915 383 4966 iis
400 4919 490 4966 autem
507 4929 576 4980 quae
594 4916 691 4968 deinde
708 4917 894 4969 desiderantur
909 4933 963 4971 non
979 4919 1085 4969 videtur
1100 4919 1212 4985 amplius
1228 4933 1309 4985 quam
1325 4932 1394 4970 unus
1410 4931 1504 4970 semus
1521 4921 1546 4972 iu

227 4989 372 5054 archetypo
389 4991 562 5042 intercidisse.
583 5017 610 5028 -
630 4991 671 5043 34.
690 4992 791 5058 largitio
806 5007 857 5043 noa
870 4995 903 5044 G:
922 4995 1084 5059 largitionum
1100 4996 1154 5046 ΕΜ
1163 5009 1193 5056 v,
1212 4998 1270 5046 Par.
1283 4992 1319 5054 4.,
1337 4995 1398 5058 Lag.
1412 4996 1436 5045 4.
1448 4995 1490 5046 20.
1502 4994 1544 5046 24.

227 5065 267 5190 ἓξ.
287 5063 343 5126 (sed
359 5067 386 5116 ln
403 5067 427 5116 Μ
443 5065 545 5130 syllaba
560 5081 622 5118 acm
638 5068 786 5134 punctata);
805 5068 968 5136 largitieaasn
983 5084 1033 5121 aaa
1049 5077 1119 5136 κψ,
1137 5073 1197 5139 bag.
1216 5071 1257 5121 att.
1272 5069 1324 5132 aa,
1343 5071 1372 5120 ut
1388 5069 1499 5122 videtur.
1514 5095 1541 5110 -·

260 5177 267 5189 .
284 5139 442 5206 ambigendi
458 5141 520 5193 mei.
