<?xml version="1.0" encoding="UTF-8"?>
<!DOCTYPE html PUBLIC "-//W3C//DTD XHTML 1.0 Transitional//EN"
    "http://www.w3.org/TR/xhtml1/DTD/xhtml1-transitional.dtd">
<html xmlns="http://www.w3.org/1999/xhtml" xml:lang="en" lang="en">
 <head>
  <title>
</title>
<meta http-equiv="Content-Type" content="text/html;charset=utf-8" />
  <meta name='ocr-system' content='tesseract 3.04.00' />
  <meta name='ocr-capabilities' content='ocr_page ocr_carea ocr_par ocr_line ocrx_word'/>
</head>
<body>
  <div class='ocr_page' id='page_1' title='image "./mtulliiciceroni00baitgoog_0191.png"; bbox 0 0 3648 5888; ppageno 0'>
   <div class='ocr_carea' id='block_1_1' title="bbox 463 399 1528 488">
    <p class='ocr_par' dir='ltr' id='par_1_1' title="bbox 463 399 1528 488">
     <span class='ocr_line' id='line_1_1' title="bbox 463 399 1528 488; baseline 0.013 -23"><span class='ocrx_word' id='word_1_1' title='bbox 463 402 533 467; x_wconf 88' lang='lat' dir='ltr'><strong>Lre.</strong></span> <span class='ocrx_word' id='word_1_2' title='bbox 553 401 578 468; x_wconf 89' lang='lat'><strong>1.</strong></span> <span class='ocrx_word' id='word_1_3' title='bbox 610 400 684 468; x_wconf 75' lang='lat' dir='ltr'><strong>Gar.</strong></span> <span class='ocrx_word' id='word_1_4' title='bbox 705 401 955 470; x_wconf 81' lang='lat' dir='ltr'>XLV—XLVI.</span> <span class='ocrx_word' id='word_1_5' title='bbox 982 401 1039 488; x_wconf 65' lang='grc'><strong>53.</strong></span> <span class='ocrx_word' id='word_1_6' title='bbox 1062 399 1253 471; x_wconf 88' lang='grc'><strong>443-449.</strong></span> <span class='ocrx_word' id='word_1_7' title='bbox 1466 407 1528 479; x_wconf 78' lang='grc'><strong>495</strong></span> 
     </span>
    </p>
   </div>
   <div class='ocr_carea' id='block_1_2' title="bbox 191 572 1562 4250">
    <p class='ocr_par' dir='ltr' id='par_1_2' title="bbox 191 572 1562 4250">
     <span class='ocr_line' id='line_1_2' title="bbox 203 572 1529 660; baseline 0.005 -20"><span class='ocrx_word' id='word_1_8' title='bbox 203 573 299 640; x_wconf 90' lang='lat' dir='ltr'><strong>unius</strong></span> <span class='ocrx_word' id='word_1_9' title='bbox 319 572 460 638; x_wconf 86' lang='lat' dir='ltr'><strong>bominis</strong></span> <span class='ocrx_word' id='word_1_10' title='bbox 482 592 578 638; x_wconf 88' lang='lat' dir='ltr'><strong>causa</strong></span> <span class='ocrx_word' id='word_1_11' title='bbox 598 573 812 656; x_wconf 89' lang='lat' dir='ltr'><strong>conscriptum</strong></span> <span class='ocrx_word' id='word_1_12' title='bbox 835 594 920 650; x_wconf 89' lang='lat' dir='ltr'><strong>esse,</strong></span> <span class='ocrx_word' id='word_1_13' title='bbox 946 581 1069 638; x_wconf 90' lang='lat' dir='ltr'><strong>tantum</strong></span> <span class='ocrx_word' id='word_1_14' title='bbox 1091 576 1178 660; x_wconf 91' lang='lat' dir='ltr'><strong>quod</strong></span> <span class='ocrx_word' id='word_1_15' title='bbox 1199 575 1361 643; x_wconf 89' lang='lat' dir='ltr'><strong>bominem</strong></span> <span class='ocrx_word' id='word_1_16' title='bbox 1382 600 1449 644; x_wconf 92' lang='lat' dir='ltr'><strong>non</strong></span> <span class='ocrx_word' id='word_1_17' title='bbox 1470 602 1529 646; x_wconf 93' lang='lat' dir='ltr'><strong>no-</strong></span> 
     </span>
     <span class='ocr_line' id='line_1_3' title="bbox 202 666 1528 758; baseline 0.005 -26"><span class='ocrx_word' id='word_1_18' title='bbox 202 669 317 744; x_wconf 80' lang='lat' dir='ltr'><strong>minat3</strong></span> <span class='ocrx_word' id='word_1_19' title='bbox 340 687 468 731; x_wconf 88' lang='lat' dir='ltr'><strong>causam</strong></span> <span class='ocrx_word' id='word_1_20' title='bbox 483 666 612 752; x_wconf 88' lang='lat' dir='ltr'><strong>quidem</strong></span> <span class='ocrx_word' id='word_1_21' title='bbox 627 673 725 730; x_wconf 89' lang='lat' dir='ltr'><strong>totam</strong></span> <span class='ocrx_word' id='word_1_22' title='bbox 740 669 923 752; x_wconf 79' lang='lat' dir='ltr'>perscribit,</span> <span class='ocrx_word' id='word_1_23' title='bbox 946 669 1012 746; x_wconf 91' lang='lat' dir='ltr'><strong>ins,</strong></span> <span class='ocrx_word' id='word_1_24' title='bbox 1028 671 1305 748; x_wconf 83' lang='lat' dir='ltr'>consuetudinem,</span> <span class='ocrx_word' id='word_1_25' title='bbox 1324 674 1528 758; x_wconf 78' lang='lat' dir='ltr'><strong>aequitatem,</strong></span> 
     </span>
     <span class='ocr_line' id='line_1_4' title="bbox 202 762 1529 844; baseline 0.005 -18"><span class='ocrx_word' id='word_1_26' title='bbox 202 763 306 827; x_wconf 88' lang='lat' dir='ltr'><strong>edicta</strong></span> <span class='ocrx_word' id='word_1_27' title='bbox 327 763 468 828; x_wconf 88' lang='lat' dir='ltr'><strong>omnium</strong></span> <span class='ocrx_word' id='word_1_28' title='bbox 495 762 636 844; x_wconf 73' lang='lat' dir='ltr'><strong>negligit.</strong></span> <span class='ocrx_word' id='word_1_29' title='bbox 679 762 729 824; x_wconf 84' lang='lat' dir='ltr'><strong>Ex</strong></span> <span class='ocrx_word' id='word_1_30' title='bbox 749 783 864 828; x_wconf 80' lang='lat' dir='ltr'><strong>norcro</strong></span> <span class='ocrx_word' id='word_1_31' title='bbox 887 783 1019 828; x_wconf 75' lang='lat' dir='ltr'><strong>masso.</strong></span> <span class='ocrx_word' id='word_1_32' title='bbox 1056 765 1091 828; x_wconf 81' lang='lat' dir='ltr'><strong>Su</strong></span> <span class='ocrx_word' id='word_1_33' title='bbox 1111 786 1152 829; x_wconf 83' lang='lat' dir='ltr'><strong>ns</strong></span> <span class='ocrx_word' id='word_1_34' title='bbox 1175 786 1377 832; x_wconf 77' lang='lat' dir='ltr'><strong>nsasnrrsre</strong></span> <span class='ocrx_word' id='word_1_35' title='bbox 1399 785 1529 834; x_wconf 67' lang='lat' dir='ltr'><strong>merar-</strong></span> 
     </span>
     <span class='ocr_line' id='line_1_5' title="bbox 201 860 1528 945; baseline 0.005 -23"><span class='ocrx_word' id='word_1_36' title='bbox 201 879 277 933; x_wconf 87' lang='lat' dir='ltr'><strong>rvn,</strong></span> <span class='ocrx_word' id='word_1_37' title='bbox 403 879 432 921; x_wconf 86' lang='lat' dir='ltr'><strong>sr</strong></span> <span class='ocrx_word' id='word_1_38' title='bbox 458 876 628 922; x_wconf 85' lang='lat' dir='ltr'><strong>rossesson</strong></span> <span class='ocrx_word' id='word_1_39' title='bbox 656 876 848 923; x_wconf 78' lang='lat' dir='ltr'><strong>srousrounu</strong></span> <span class='ocrx_word' id='word_1_40' title='bbox 875 879 938 921; x_wconf 81' lang='lat' dir='ltr'><strong>uon</strong></span> <span class='ocrx_word' id='word_1_41' title='bbox 965 877 1088 922; x_wconf 75' lang='lat' dir='ltr'><strong>rscrsr.</strong></span> <span class='ocrx_word' id='word_1_42' title='bbox 1130 860 1196 923; x_wconf 87' lang='lat' dir='ltr'><strong>lam</strong></span> <span class='ocrx_word' id='word_1_43' title='bbox 1219 862 1297 945; x_wconf 94' lang='lat' dir='ltr'><strong>quid</strong></span> <span class='ocrx_word' id='word_1_44' title='bbox 1318 861 1351 926; x_wconf 93' lang='lat' dir='ltr'><strong>id</strong></span> <span class='ocrx_word' id='word_1_45' title='bbox 1373 861 1414 924; x_wconf 92' lang='lat' dir='ltr'><strong>ad</strong></span> <span class='ocrx_word' id='word_1_46' title='bbox 1435 883 1528 945; x_wconf 89' lang='lat' dir='ltr'><strong>prae·</strong></span> 
     </span>
     <span class='ocr_line' id='line_1_6' title="bbox 200 952 1550 1039; baseline 0.002 -19"><span class='ocrx_word' id='word_1_47' title='bbox 200 960 316 1028; x_wconf 89' lang='lat' dir='ltr'><strong>torem,</strong></span> <span class='ocrx_word' id='word_1_48' title='bbox 338 959 411 1018; x_wconf 87' lang='lat' dir='ltr'><strong>uter</strong></span> <span class='ocrx_word' id='word_1_49' title='bbox 431 972 598 1036; x_wconf 83' lang='lat' dir='ltr'><strong>possessor</strong></span> <span class='ocrx_word' id='word_1_50' title='bbox 620 953 686 1015; x_wconf 85' lang='lat' dir='ltr'><strong>sit‘t</strong></span> <span class='ocrx_word' id='word_1_51' title='bbox 707 970 813 1015; x_wconf 92' lang='lat' dir='ltr'><strong>nonne</strong></span> <span class='ocrx_word' id='word_1_52' title='bbox 834 952 867 1015; x_wconf 96' lang='lat' dir='ltr'><strong>id</strong></span> <span class='ocrx_word' id='word_1_53' title='bbox 890 952 999 1037; x_wconf 87' lang='lat' dir='ltr'><strong>quaeri</strong></span> <span class='ocrx_word' id='word_1_54' title='bbox 1019 959 1159 1036; x_wconf 91' lang='lat' dir='ltr'><strong>oportet,</strong></span> <span class='ocrx_word' id='word_1_55' title='bbox 1181 961 1288 1018; x_wconf 86' lang='lat' dir='ltr'><strong>utrum</strong></span> <span class='ocrx_word' id='word_1_56' title='bbox 1310 964 1550 1039; x_wconf 67' lang='lat' dir='ltr'><strong>possessoremtt</strong></span> 
     </span>
     <span class='ocr_line' id='line_1_7' title="bbox 200 1047 1526 1132; baseline 0.005 -22"><span class='ocrx_word' id='word_1_57' title='bbox 200 1067 271 1110; x_wconf 89' lang='lat' dir='ltr'><strong>esse</strong></span> <span class='ocrx_word' id='word_1_58' title='bbox 299 1049 468 1129; x_wconf 74' lang='lat' dir='ltr'><strong>oporteat?</strong></span> <span class='ocrx_word' id='word_1_59' title='bbox 510 1047 594 1128; x_wconf 90' lang='lat' dir='ltr'><strong>Ergo</strong></span> <span class='ocrx_word' id='word_1_60' title='bbox 625 1047 701 1130; x_wconf 90' lang='lat' dir='ltr'><strong>quia</strong></span> <span class='ocrx_word' id='word_1_61' title='bbox 730 1065 897 1128; x_wconf 86' lang='lat' dir='ltr'><strong>possessor</strong></span> <span class='ocrx_word' id='word_1_62' title='bbox 918 1052 980 1120; x_wconf 87' lang='lat' dir='ltr'><strong>est,</strong></span> <span class='ocrx_word' id='word_1_63' title='bbox 1010 1066 1075 1109; x_wconf 90' lang='lat' dir='ltr'><strong>non</strong></span> <span class='ocrx_word' id='word_1_64' title='bbox 1104 1066 1211 1112; x_wconf 84' lang='lat' dir='ltr'><strong>moves</strong></span> <span class='ocrx_word' id='word_1_65' title='bbox 1238 1049 1463 1132; x_wconf 83' lang='lat' dir='ltr'><strong>possessione3</strong></span> <span class='ocrx_word' id='word_1_66' title='bbox 1498 1051 1526 1116; x_wconf 89' lang='lat' dir='ltr'><strong>si</strong></span> 
     </span>
     <span class='ocr_line' id='line_1_8' title="bbox 199 1140 1526 1230; baseline 0.004 -26"><span class='ocrx_word' id='word_1_67' title='bbox 199 1161 366 1225; x_wconf 86' lang='lat' dir='ltr'><strong>possessor</strong></span> <span class='ocrx_word' id='word_1_68' title='bbox 386 1161 452 1206; x_wconf 90' lang='lat' dir='ltr'><strong>non</strong></span> <span class='ocrx_word' id='word_1_69' title='bbox 475 1148 575 1216; x_wconf 91' lang='lat' dir='ltr'><strong>esset,</strong></span> <span class='ocrx_word' id='word_1_70' title='bbox 598 1161 663 1204; x_wconf 90' lang='lat' dir='ltr'><strong>non</strong></span> <span class='ocrx_word' id='word_1_71' title='bbox 684 1140 787 1205; x_wconf 89' lang='lat' dir='ltr'><strong>dares.</strong></span> <span class='ocrx_word' id='word_1_72' title='bbox 831 1143 994 1225; x_wconf 83' lang='lat' dir='ltr'><strong>Nusquam</strong></span> <span class='ocrx_word' id='word_1_73' title='bbox 1017 1141 1102 1204; x_wconf 93' lang='lat' dir='ltr'><strong>enim</strong></span> <span class='ocrx_word' id='word_1_74' title='bbox 1124 1143 1236 1206; x_wconf 89' lang='lat' dir='ltr'><strong>scribis</strong></span> <span class='ocrx_word' id='word_1_75' title='bbox 1257 1163 1363 1230; x_wconf 91' lang='lat' dir='ltr'><strong>neque</strong></span> <span class='ocrx_word' id='word_1_76' title='bbox 1386 1150 1419 1206; x_wconf 91' lang='lat' dir='ltr'><strong>tu</strong></span> <span class='ocrx_word' id='word_1_77' title='bbox 1439 1145 1526 1218; x_wconf 83' lang='lat' dir='ltr'><strong>aliud</strong></span> 
     </span>
     <span class='ocr_line' id='line_1_9' title="bbox 200 1234 1526 1322; baseline 0.004 -24"><span class='ocrx_word' id='word_1_78' title='bbox 200 1236 375 1321; x_wconf 85' lang='lat' dir='ltr'><strong>quidquam</strong></span> <span class='ocrx_word' id='word_1_79' title='bbox 398 1237 502 1300; x_wconf 88' lang='lat' dir='ltr'><strong>edicto</strong></span> <span class='ocrx_word' id='word_1_80' title='bbox 524 1235 724 1318; x_wconf 90' lang='lat' dir='ltr'><strong>amplecteris</strong></span> <span class='ocrx_word' id='word_1_81' title='bbox 746 1234 809 1297; x_wconf 87' lang='lat' dir='ltr'><strong>nisi</strong></span> <span class='ocrx_word' id='word_1_82' title='bbox 831 1254 902 1298; x_wconf 87' lang='lat' dir='ltr'><strong>eam</strong></span> <span class='ocrx_word' id='word_1_83' title='bbox 923 1254 1066 1311; x_wconf 90' lang='lat' dir='ltr'><strong>causam,</strong></span> <span class='ocrx_word' id='word_1_84' title='bbox 1088 1256 1147 1318; x_wconf 91' lang='lat' dir='ltr'><strong>pro</strong></span> <span class='ocrx_word' id='word_1_85' title='bbox 1170 1257 1233 1320; x_wconf 89' lang='lat' dir='ltr'><strong>qua</strong></span> <span class='ocrx_word' id='word_1_86' title='bbox 1254 1239 1422 1322; x_wconf 88' lang='lat' dir='ltr'><strong>pecuniam</strong></span> <span class='ocrx_word' id='word_1_87' title='bbox 1436 1259 1526 1303; x_wconf 88' lang='lat' dir='ltr'><strong>acce-</strong></span> 
     </span>
     <span class='ocr_line' id='line_1_10' title="bbox 198 1325 1525 1414; baseline 0.005 -22"><span class='ocrx_word' id='word_1_88' title='bbox 198 1349 301 1414; x_wconf 85' lang='lat' dir='ltr'><strong>peras.</strong></span> <span class='ocrx_word' id='word_1_89' title='bbox 345 1325 417 1394; x_wconf 89' lang='grc'><strong>447.</strong></span> <span class='ocrx_word' id='word_1_90' title='bbox 446 1330 512 1395; x_wconf 87' lang='lat' dir='ltr'><strong>lam</strong></span> <span class='ocrx_word' id='word_1_91' title='bbox 539 1327 600 1392; x_wconf 91' lang='lat' dir='ltr'><strong>boc</strong></span> <span class='ocrx_word' id='word_1_92' title='bbox 630 1328 801 1392; x_wconf 91' lang='lat' dir='ltr'><strong>ridiculum</strong></span> <span class='ocrx_word' id='word_1_93' title='bbox 829 1337 897 1392; x_wconf 89' lang='lat' dir='ltr'><strong>est:</strong></span> <span class='ocrx_word' id='word_1_94' title='bbox 931 1350 960 1394; x_wconf 84' lang='lat' dir='ltr'><strong>sr</strong></span> <span class='ocrx_word' id='word_1_95' title='bbox 990 1351 1030 1393; x_wconf 81' lang='lat' dir='ltr'><strong>nn</strong></span> <span class='ocrx_word' id='word_1_96' title='bbox 1060 1350 1263 1397; x_wconf 80' lang='lat' dir='ltr'><strong>unasnrrsrn</strong></span> <span class='ocrx_word' id='word_1_97' title='bbox 1288 1353 1463 1398; x_wconf 79' lang='lat' dir='ltr'><strong>susrorrrn</strong></span> <span class='ocrx_word' id='word_1_98' title='bbox 1483 1355 1525 1398; x_wconf 83' lang='lat' dir='ltr'><strong>er</strong></span> 
     </span>
     <span class='ocr_line' id='line_1_11' title="bbox 198 1438 1562 1504; baseline 0.003 -15"><span class='ocrx_word' id='word_1_99' title='bbox 198 1445 342 1490; x_wconf 75' lang='lat' dir='ltr'><strong>renense</strong></span> <span class='ocrx_word' id='word_1_100' title='bbox 369 1443 568 1488; x_wconf 80' lang='lat' dir='ltr'><strong>resrsusurr</strong></span> <span class='ocrx_word' id='word_1_101' title='bbox 596 1443 791 1488; x_wconf 78' lang='lat' dir='ltr'><strong>onsrcusrss</strong></span> <span class='ocrx_word' id='word_1_102' title='bbox 813 1444 875 1487; x_wconf 77' lang='lat' dir='ltr'><strong>uon</strong></span> <span class='ocrx_word' id='word_1_103' title='bbox 896 1445 989 1488; x_wconf 80' lang='lat' dir='ltr'><strong>minvs</strong></span> <span class='ocrx_word' id='word_1_104' title='bbox 1011 1446 1125 1490; x_wconf 76' lang='lat' dir='ltr'><strong>uvares</strong></span> <span class='ocrx_word' id='word_1_105' title='bbox 1147 1446 1262 1504; x_wconf 73' lang='lat' dir='ltr'><strong>smera,</strong></span> <span class='ocrx_word' id='word_1_106' title='bbox 1291 1447 1378 1500; x_wconf 76' lang='lat' dir='ltr'><strong>orsu</strong></span> <span class='ocrx_word' id='word_1_107' title='bbox 1400 1447 1419 1491; x_wconf 85' lang='lat' dir='ltr'><strong>s</strong></span> <span class='ocrx_word' id='word_1_108' title='bbox 1441 1449 1523 1494; x_wconf 80' lang='lat' dir='ltr'><strong>uses</strong></span> <span class='ocrx_word' id='word_1_109' title='bbox 1534 1438 1562 1484; x_wconf 83' lang='lat'><strong>⁴⁰</strong></span> 
     </span>
     <span class='ocr_line' id='line_1_12' title="bbox 199 1538 1525 1595; baseline 0.002 -10"><span class='ocrx_word' id='word_1_110' title='bbox 199 1541 358 1595; x_wconf 79' lang='lat' dir='ltr'><strong>oronrsr,</strong></span> <span class='ocrx_word' id='word_1_111' title='bbox 386 1539 428 1583; x_wconf 84' lang='lat' dir='ltr'><strong>sn</strong></span> <span class='ocrx_word' id='word_1_112' title='bbox 450 1539 494 1582; x_wconf 80' lang='lat' dir='ltr'><strong>us</strong></span> <span class='ocrx_word' id='word_1_113' title='bbox 518 1538 759 1594; x_wconf 73' lang='lat' dir='ltr'><strong>sacraremus,</strong></span> <span class='ocrx_word' id='word_1_114' title='bbox 782 1539 944 1584; x_wconf 79' lang='lat' dir='ltr'><strong>secvnnvu</strong></span> <span class='ocrx_word' id='word_1_115' title='bbox 963 1540 1101 1585; x_wconf 72' lang='lat' dir='ltr'><strong>renones</strong></span> <span class='ocrx_word' id='word_1_116' title='bbox 1122 1542 1322 1586; x_wconf 76' lang='lat' dir='ltr'><strong>resrsusrcrr</strong></span> <span class='ocrx_word' id='word_1_117' title='bbox 1336 1542 1525 1588; x_wconf 80' lang='lat' dir='ltr'><strong>rorisstuvu</strong></span> 
     </span>
     <span class='ocr_line' id='line_1_13' title="bbox 198 1614 1525 1700; baseline 0.001 -20"><span class='ocrx_word' id='word_1_118' title='bbox 198 1631 426 1680; x_wconf 78' lang='lat' dir='ltr'><strong>eossessrornu</strong></span> <span class='ocrx_word' id='word_1_119' title='bbox 447 1633 541 1677; x_wconf 79' lang='lat' dir='ltr'><strong>osso.</strong></span> <span class='ocrx_word' id='word_1_120' title='bbox 584 1614 652 1677; x_wconf 88' lang='lat' dir='ltr'><strong>Hoc</strong></span> <span class='ocrx_word' id='word_1_121' title='bbox 680 1614 908 1678; x_wconf 88' lang='lat' dir='ltr'><strong>translaticium</strong></span> <span class='ocrx_word' id='word_1_122' title='bbox 931 1621 997 1677; x_wconf 84' lang='lat' dir='ltr'><strong>est:</strong></span> <span class='ocrx_word' id='word_1_123' title='bbox 1027 1615 1119 1699; x_wconf 92' lang='lat' dir='ltr'><strong>sequi</strong></span> <span class='ocrx_word' id='word_1_124' title='bbox 1141 1616 1222 1679; x_wconf 92' lang='lat' dir='ltr'><strong>illud</strong></span> <span class='ocrx_word' id='word_1_125' title='bbox 1244 1624 1387 1700; x_wconf 87' lang='lat' dir='ltr'><strong>oportet;</strong></span> <span class='ocrx_word' id='word_1_126' title='bbox 1418 1634 1447 1680; x_wconf 78' lang='grc' dir='ltr'><strong>ει</strong></span> <span class='ocrx_word' id='word_1_127' title='bbox 1470 1638 1525 1681; x_wconf 78' lang='lat' dir='ltr'><strong>rs-</strong></span> 
     </span>
     <span class='ocr_line' id='line_1_14' title="bbox 198 1707 1525 1796; baseline 0.002 -23"><span class='ocrx_word' id='word_1_128' title='bbox 198 1729 299 1774; x_wconf 80' lang='lat' dir='ltr'><strong>nvcss</strong></span> <span class='ocrx_word' id='word_1_129' title='bbox 327 1729 526 1774; x_wconf 79' lang='lat' dir='ltr'><strong>resrsueurr</strong></span> <span class='ocrx_word' id='word_1_130' title='bbox 547 1728 609 1772; x_wconf 80' lang='lat' dir='ltr'><strong>rou</strong></span> <span class='ocrx_word' id='word_1_131' title='bbox 630 1728 865 1772; x_wconf 78' lang='lat' dir='ltr'><strong>rnorsnsurvn.</strong></span> <span class='ocrx_word' id='word_1_132' title='bbox 910 1707 996 1783; x_wconf 85' lang='lat' dir='ltr'><strong>Quid</strong></span> <span class='ocrx_word' id='word_1_133' title='bbox 1018 1710 1088 1772; x_wconf 77' lang='lat' dir='ltr'><strong>ait?</strong></span> <span class='ocrx_word' id='word_1_134' title='bbox 1115 1730 1149 1774; x_wconf 90' lang='lat' dir='ltr'><strong>se</strong></span> <span class='ocrx_word' id='word_1_135' title='bbox 1172 1710 1201 1774; x_wconf 92' lang='lat' dir='ltr'><strong>ei</strong></span> <span class='ocrx_word' id='word_1_136' title='bbox 1225 1711 1391 1788; x_wconf 87' lang='lat' dir='ltr'><strong>daturum,</strong></span> <span class='ocrx_word' id='word_1_137' title='bbox 1413 1715 1468 1796; x_wconf 93' lang='lat' dir='ltr'><strong>qui</strong></span> <span class='ocrx_word' id='word_1_138' title='bbox 1491 1733 1525 1776; x_wconf 91' lang='lat' dir='ltr'><strong>se</strong></span> 
     </span>
     <span class='ocr_line' id='line_1_15' title="bbox 199 1801 1525 1891; baseline 0.002 -23"><span class='ocrx_word' id='word_1_139' title='bbox 199 1804 284 1869; x_wconf 91' lang='lat' dir='ltr'><strong>dicat</strong></span> <span class='ocrx_word' id='word_1_140' title='bbox 310 1801 462 1867; x_wconf 89' lang='lat' dir='ltr'><strong>beredem</strong></span> <span class='ocrx_word' id='word_1_141' title='bbox 484 1823 564 1867; x_wconf 92' lang='lat' dir='ltr'><strong>esse.</strong></span> <span class='ocrx_word' id='word_1_142' title='bbox 609 1801 694 1879; x_wconf 89' lang='lat' dir='ltr'><strong>Quid</strong></span> <span class='ocrx_word' id='word_1_143' title='bbox 717 1822 791 1885; x_wconf 86' lang='lat' dir='ltr'><strong>ergo</strong></span> <span class='ocrx_word' id='word_1_144' title='bbox 812 1804 961 1877; x_wconf 87' lang='lat' dir='ltr'><strong>interest,</strong></span> <span class='ocrx_word' id='word_1_145' title='bbox 990 1803 1192 1886; x_wconf 87' lang='lat' dir='ltr'><strong>proferantur</strong></span> <span class='ocrx_word' id='word_1_146' title='bbox 1212 1810 1335 1869; x_wconf 69' lang='lat' dir='ltr'><strong>necne?</strong></span> <span class='ocrx_word' id='word_1_147' title='bbox 1368 1807 1395 1871; x_wconf 93' lang='lat' dir='ltr'><strong>si</strong></span> <span class='ocrx_word' id='word_1_148' title='bbox 1414 1814 1525 1891; x_wconf 92' lang='lat' dir='ltr'><strong>protu-</strong></span> 
     </span>
     <span class='ocr_line' id='line_1_16' title="bbox 198 1897 1561 1984; baseline 0 -20"><span class='ocrx_word' id='word_1_149' title='bbox 198 1900 286 1973; x_wconf 86' lang='lat' dir='ltr'><strong>lerit,</strong></span> <span class='ocrx_word' id='word_1_150' title='bbox 314 1918 381 1961; x_wconf 90' lang='lat' dir='ltr'><strong>uno</strong></span> <span class='ocrx_word' id='word_1_151' title='bbox 412 1898 503 1980; x_wconf 87' lang='lat' dir='ltr'><strong>signo</strong></span> <span class='ocrx_word' id='word_1_152' title='bbox 525 1905 561 1962; x_wconf 92' lang='lat' dir='ltr'><strong>ut</strong></span> <span class='ocrx_word' id='word_1_153' title='bbox 582 1899 624 1962; x_wconf 91' lang='lat' dir='ltr'><strong>sit</strong></span> <span class='ocrx_word' id='word_1_154' title='bbox 644 1898 763 1972; x_wconf 90' lang='lat' dir='ltr'><strong>minus,</strong></span> <span class='ocrx_word' id='word_1_155' title='bbox 791 1917 888 1982; x_wconf 91' lang='lat' dir='ltr'><strong>quam</strong></span> <span class='ocrx_word' id='word_1_156' title='bbox 910 1917 951 1960; x_wconf 81' lang='lat' dir='ltr'><strong>ex</strong></span> <span class='ocrx_word' id='word_1_157' title='bbox 974 1897 1046 1980; x_wconf 91' lang='lat' dir='ltr'><strong>lege</strong></span> <span class='ocrx_word' id='word_1_158' title='bbox 1071 1907 1211 1982; x_wconf 88' lang='lat' dir='ltr'><strong>oportet,</strong></span> <span class='ocrx_word' id='word_1_159' title='bbox 1233 1921 1298 1964; x_wconf 92' lang='lat' dir='ltr'><strong>non</strong></span> <span class='ocrx_word' id='word_1_160' title='bbox 1321 1901 1377 1965; x_wconf 92' lang='lat' dir='ltr'><strong>des</strong></span> <span class='ocrx_word' id='word_1_161' title='bbox 1398 1908 1561 1984; x_wconf 75' lang='lat' dir='ltr'><strong>posses-⁴⁵</strong></span> 
     </span>
     <span class='ocr_line' id='line_1_17' title="bbox 198 1990 1525 2074; baseline 0 -16"><span class='ocrx_word' id='word_1_162' title='bbox 198 1996 338 2069; x_wconf 80' lang='lat' dir='ltr'><strong>sionem3</strong></span> <span class='ocrx_word' id='word_1_163' title='bbox 362 1994 388 2056; x_wconf 90' lang='lat' dir='ltr'><strong>si</strong></span> <span class='ocrx_word' id='word_1_164' title='bbox 410 1993 541 2056; x_wconf 91' lang='lat' dir='ltr'><strong>omnino</strong></span> <span class='ocrx_word' id='word_1_165' title='bbox 564 1993 686 2056; x_wconf 88' lang='lat' dir='ltr'><strong>tabulas</strong></span> <span class='ocrx_word' id='word_1_166' title='bbox 708 2012 772 2055; x_wconf 94' lang='lat' dir='ltr'><strong>non</strong></span> <span class='ocrx_word' id='word_1_167' title='bbox 795 1991 949 2074; x_wconf 78' lang='lat' dir='ltr'><strong>proferet,</strong></span> <span class='ocrx_word' id='word_1_168' title='bbox 973 1990 1071 2056; x_wconf 91' lang='lat' dir='ltr'><strong>dabis.</strong></span> <span class='ocrx_word' id='word_1_169' title='bbox 1109 1992 1193 2068; x_wconf 90' lang='lat' dir='ltr'><strong>Quid</strong></span> <span class='ocrx_word' id='word_1_170' title='bbox 1214 2014 1300 2057; x_wconf 92' lang='lat' dir='ltr'><strong>nunc</strong></span> <span class='ocrx_word' id='word_1_171' title='bbox 1324 1995 1447 2059; x_wconf 74' lang='lat' dir='ltr'><strong>dicam?</strong></span> <span class='ocrx_word' id='word_1_172' title='bbox 1469 2015 1525 2058; x_wconf 86' lang='lat' dir='ltr'><strong>ne·</strong></span> 
     </span>
     <span class='ocr_line' id='line_1_18' title="bbox 197 2084 1524 2173; baseline 0 -21"><span class='ocrx_word' id='word_1_173' title='bbox 197 2091 315 2152; x_wconf 89' lang='lat' dir='ltr'><strong>minem</strong></span> <span class='ocrx_word' id='word_1_174' title='bbox 342 2106 496 2171; x_wconf 89' lang='lat' dir='ltr'><strong>umquam</strong></span> <span class='ocrx_word' id='word_1_175' title='bbox 517 2087 578 2150; x_wconf 92' lang='lat' dir='ltr'><strong>boc</strong></span> <span class='ocrx_word' id='word_1_176' title='bbox 600 2093 710 2173; x_wconf 84' lang='lat' dir='ltr'><strong>postea</strong></span> <span class='ocrx_word' id='word_1_177' title='bbox 731 2084 829 2149; x_wconf 91' lang='lat' dir='ltr'><strong>alium</strong></span> <span class='ocrx_word' id='word_1_178' title='bbox 852 2084 1014 2148; x_wconf 80' lang='lat' dir='ltr'><strong>edixisset</strong></span> <span class='ocrx_word' id='word_1_179' title='bbox 1045 2087 1145 2150; x_wconf 87' lang='lat' dir='ltr'><strong>Valde</strong></span> <span class='ocrx_word' id='word_1_180' title='bbox 1168 2090 1209 2152; x_wconf 90' lang='lat' dir='ltr'><strong>sit</strong></span> <span class='ocrx_word' id='word_1_181' title='bbox 1229 2089 1344 2151; x_wconf 89' lang='lat' dir='ltr'><strong>mirum</strong></span> <span class='ocrx_word' id='word_1_182' title='bbox 1366 2089 1524 2152; x_wconf 91' lang='lat' dir='ltr'><strong>neminem</strong></span> 
     </span>
     <span class='ocr_line' id='line_1_19' title="bbox 196 2178 1524 2265; baseline -0.001 -19"><span class='ocrx_word' id='word_1_183' title='bbox 196 2183 312 2257; x_wconf 81' lang='lat' dir='ltr'><strong>fuisse,</strong></span> <span class='ocrx_word' id='word_1_184' title='bbox 343 2181 398 2265; x_wconf 92' lang='lat' dir='ltr'><strong>qui</strong></span> <span class='ocrx_word' id='word_1_185' title='bbox 425 2182 515 2246; x_wconf 90' lang='lat' dir='ltr'><strong>istius</strong></span> <span class='ocrx_word' id='word_1_186' title='bbox 544 2200 578 2245; x_wconf 90' lang='lat' dir='ltr'><strong>se</strong></span> <span class='ocrx_word' id='word_1_187' title='bbox 608 2181 743 2244; x_wconf 90' lang='lat' dir='ltr'><strong>similem</strong></span> <span class='ocrx_word' id='word_1_188' title='bbox 771 2179 834 2243; x_wconf 93' lang='lat' dir='ltr'><strong>dici</strong></span> <span class='ocrx_word' id='word_1_189' title='bbox 857 2178 961 2243; x_wconf 88' lang='lat' dir='ltr'><strong>vellet.</strong></span> <span class='ocrx_word' id='word_1_190' title='bbox 1005 2182 1077 2263; x_wconf 92' lang='lat' dir='ltr'><strong>lpse</strong></span> <span class='ocrx_word' id='word_1_191' title='bbox 1098 2181 1133 2244; x_wconf 91' lang='lat' dir='ltr'><strong>in</strong></span> <span class='ocrx_word' id='word_1_192' title='bbox 1155 2181 1314 2246; x_wconf 87' lang='lat' dir='ltr'><strong>Siciliensi</strong></span> <span class='ocrx_word' id='word_1_193' title='bbox 1335 2183 1441 2247; x_wconf 90' lang='lat' dir='ltr'><strong>edicto</strong></span> <span class='ocrx_word' id='word_1_194' title='bbox 1461 2183 1524 2246; x_wconf 92' lang='lat' dir='ltr'><strong>hoc</strong></span> 
     </span>
     <span class='ocr_line' id='line_1_20' title="bbox 197 2273 1523 2359; baseline -0.001 -19"><span class='ocrx_word' id='word_1_195' title='bbox 197 2297 262 2340; x_wconf 92' lang='lat' dir='ltr'><strong>non</strong></span> <span class='ocrx_word' id='word_1_196' title='bbox 283 2276 399 2351; x_wconf 88' lang='lat' dir='ltr'><strong>habet;</strong></span> <span class='ocrx_word' id='word_1_197' title='bbox 422 2283 570 2358; x_wconf 85' lang='lat' dir='ltr'><strong>exegerat</strong></span> <span class='ocrx_word' id='word_1_198' title='bbox 591 2275 675 2338; x_wconf 90' lang='lat' dir='ltr'><strong>enim</strong></span> <span class='ocrx_word' id='word_1_199' title='bbox 697 2276 760 2338; x_wconf 88' lang='lat' dir='ltr'><strong>iam</strong></span> <span class='ocrx_word' id='word_1_200' title='bbox 781 2273 979 2336; x_wconf 84' lang='lat' dir='ltr'><strong>mercedem:</strong></span> <span class='ocrx_word' id='word_1_201' title='bbox 1006 2275 1084 2337; x_wconf 89' lang='lat' dir='ltr'><strong>item</strong></span> <span class='ocrx_word' id='word_1_202' title='bbox 1112 2275 1225 2340; x_wconf 91' lang='lat' dir='ltr'><strong>utillo</strong></span> <span class='ocrx_word' id='word_1_203' title='bbox 1248 2278 1366 2352; x_wconf 89' lang='lat' dir='ltr'><strong>edicto,</strong></span> <span class='ocrx_word' id='word_1_204' title='bbox 1396 2277 1435 2340; x_wconf 92' lang='lat' dir='ltr'><strong>de</strong></span> <span class='ocrx_word' id='word_1_205' title='bbox 1458 2295 1523 2359; x_wconf 92' lang='lat' dir='ltr'><strong>quo</strong></span> 
     </span>
     <span class='ocr_line' id='line_1_21' title="bbox 197 2367 1561 2449; baseline -0.005 -14"><span class='ocrx_word' id='word_1_206' title='bbox 197 2378 270 2436; x_wconf 90' lang='lat' dir='ltr'><strong>ante</strong></span> <span class='ocrx_word' id='word_1_207' title='bbox 293 2371 375 2444; x_wconf 83' lang='lat' dir='ltr'><strong>dixi,</strong></span> <span class='ocrx_word' id='word_1_208' title='bbox 404 2371 438 2431; x_wconf 93' lang='lat' dir='ltr'><strong>in</strong></span> <span class='ocrx_word' id='word_1_209' title='bbox 467 2369 577 2433; x_wconf 87' lang='lat' dir='ltr'><strong>Sicilia</strong></span> <span class='ocrx_word' id='word_1_210' title='bbox 599 2368 638 2430; x_wconf 95' lang='lat' dir='ltr'><strong>de</strong></span> <span class='ocrx_word' id='word_1_211' title='bbox 659 2367 872 2430; x_wconf 90' lang='lat' dir='ltr'><strong>hereditatum</strong></span> <span class='ocrx_word' id='word_1_212' title='bbox 893 2369 1149 2449; x_wconf 84' lang='lat' dir='ltr'><strong>possessionibus</strong></span> <span class='ocrx_word' id='word_1_213' title='bbox 1172 2369 1284 2433; x_wconf 90' lang='lat' dir='ltr'><strong>dandis</strong></span> <span class='ocrx_word' id='word_1_214' title='bbox 1306 2370 1407 2442; x_wconf 84' lang='lat' dir='ltr'><strong>edixit</strong></span> <span class='ocrx_word' id='word_1_215' title='bbox 1428 2370 1561 2444; x_wconf 54' lang='lat' dir='ltr'><strong>idemne</strong></span> 
     </span>
     <span class='ocr_line' id='line_1_22' title="bbox 198 2461 1524 2550; baseline -0.001 -22"><span class='ocrx_word' id='word_1_216' title='bbox 198 2466 284 2550; x_wconf 90' lang='lat' dir='ltr'><strong>quod</strong></span> <span class='ocrx_word' id='word_1_217' title='bbox 311 2484 421 2527; x_wconf 91' lang='lat' dir='ltr'><strong>omnes</strong></span> <span class='ocrx_word' id='word_1_218' title='bbox 443 2464 562 2526; x_wconf 86' lang='lat' dir='ltr'><strong>Romae</strong></span> <span class='ocrx_word' id='word_1_219' title='bbox 583 2469 709 2545; x_wconf 90' lang='lat' dir='ltr'><strong>praeter</strong></span> <span class='ocrx_word' id='word_1_220' title='bbox 729 2463 835 2526; x_wconf 89' lang='lat' dir='ltr'><strong>istum.</strong></span> <span class='ocrx_word' id='word_1_221' title='bbox 878 2461 1063 2526; x_wconf 78' lang='lat' dir='ltr'><strong>Exeruere</strong></span> <span class='ocrx_word' id='word_1_222' title='bbox 1087 2463 1269 2528; x_wconf 74' lang='lat' dir='ltr'><strong>Srcrnrsrssr.</strong></span> <span class='ocrx_word' id='word_1_223' title='bbox 1302 2465 1338 2528; x_wconf 85' lang='lat' dir='ltr'><strong>Sr</strong></span> <span class='ocrx_word' id='word_1_224' title='bbox 1358 2484 1399 2529; x_wconf 81' lang='lat' dir='ltr'><strong>os</strong></span> <span class='ocrx_word' id='word_1_225' title='bbox 1422 2485 1524 2528; x_wconf 82' lang='lat' dir='ltr'><strong>asea-</strong></span> 
     </span>
     <span class='ocr_line' id='line_1_23' title="bbox 196 2552 1522 2642; baseline -0.002 -19"><span class='ocrx_word' id='word_1_226' title='bbox 196 2578 311 2624; x_wconf 80' lang='lat' dir='ltr'><strong>omsrs</strong></span> <span class='ocrx_word' id='word_1_227' title='bbox 336 2578 518 2622; x_wconf 79' lang='lat' dir='ltr'><strong>susrcrrvn.</strong></span> <span class='ocrx_word' id='word_1_228' title='bbox 551 2557 662 2619; x_wconf 85' lang='lat' dir='ltr'><strong>XLVI.</strong></span> <span class='ocrx_word' id='word_1_229' title='bbox 684 2552 756 2616; x_wconf 90' lang='grc'><strong>448.</strong></span> <span class='ocrx_word' id='word_1_230' title='bbox 778 2555 823 2618; x_wconf 83' lang='grc' dir='ltr'><strong>Αο</strong></span> <span class='ocrx_word' id='word_1_231' title='bbox 845 2575 902 2637; x_wconf 91' lang='lat' dir='ltr'><strong>per</strong></span> <span class='ocrx_word' id='word_1_232' title='bbox 920 2556 996 2618; x_wconf 92' lang='lat' dir='ltr'><strong>deos</strong></span> <span class='ocrx_word' id='word_1_233' title='bbox 1010 2556 1224 2621; x_wconf 70' lang='lat' dir='ltr'><strong>immortales!</strong></span> <span class='ocrx_word' id='word_1_234' title='bbox 1258 2558 1414 2642; x_wconf 88' lang='lat' dir='ltr'><strong>quidest,</strong></span> <span class='ocrx_word' id='word_1_235' title='bbox 1437 2559 1522 2642; x_wconf 92' lang='lat' dir='ltr'><strong>quod</strong></span> 
     </span>
     <span class='ocr_line' id='line_1_24' title="bbox 195 2651 1522 2734; baseline -0.002 -18"><span class='ocrx_word' id='word_1_236' title='bbox 195 2655 235 2717; x_wconf 91' lang='lat' dir='ltr'><strong>de</strong></span> <span class='ocrx_word' id='word_1_237' title='bbox 262 2653 325 2716; x_wconf 91' lang='lat' dir='ltr'><strong>boc</strong></span> <span class='ocrx_word' id='word_1_238' title='bbox 353 2651 414 2715; x_wconf 92' lang='lat' dir='ltr'><strong>dici</strong></span> <span class='ocrx_word' id='word_1_239' title='bbox 442 2652 570 2734; x_wconf 73' lang='lat' dir='ltr'><strong>possit?</strong></span> <span class='ocrx_word' id='word_1_240' title='bbox 613 2651 732 2714; x_wconf 92' lang='lat' dir='ltr'><strong>lterum</strong></span> <span class='ocrx_word' id='word_1_241' title='bbox 761 2651 845 2714; x_wconf 91' lang='lat' dir='ltr'><strong>enim</strong></span> <span class='ocrx_word' id='word_1_242' title='bbox 874 2651 937 2713; x_wconf 84' lang='lat' dir='ltr'><strong>iam</strong></span> <span class='ocrx_word' id='word_1_243' title='bbox 968 2671 1086 2734; x_wconf 89' lang='lat' dir='ltr'><strong>quaero</strong></span> <span class='ocrx_word' id='word_1_244' title='bbox 1116 2652 1241 2729; x_wconf 84' lang='lat' dir='ltr'><strong>abste,</strong></span> <span class='ocrx_word' id='word_1_245' title='bbox 1269 2654 1468 2717; x_wconf 90' lang='lat' dir='ltr'><strong>sicutmodo</strong></span> <span class='ocrx_word' id='word_1_246' title='bbox 1489 2652 1522 2714; x_wconf 93' lang='lat' dir='ltr'><strong>in</strong></span> 
     </span>
     <span class='ocr_line' id='line_1_25' title="bbox 193 2744 1522 2830; baseline -0.002 -17"><span class='ocrx_word' id='word_1_247' title='bbox 193 2749 249 2813; x_wconf 90' lang='lat' dir='ltr'><strong>illo</strong></span> <span class='ocrx_word' id='word_1_248' title='bbox 272 2747 377 2830; x_wconf 89' lang='lat' dir='ltr'><strong>capite</strong></span> <span class='ocrx_word' id='word_1_249' title='bbox 398 2748 546 2810; x_wconf 80' lang='lat' dir='ltr'><strong>Anniano</strong></span> <span class='ocrx_word' id='word_1_250' title='bbox 569 2745 609 2808; x_wconf 87' lang='lat' dir='ltr'><strong>dc</strong></span> <span class='ocrx_word' id='word_1_251' title='bbox 632 2745 800 2809; x_wconf 89' lang='lat' dir='ltr'><strong>mulierum</strong></span> <span class='ocrx_word' id='word_1_252' title='bbox 821 2744 1066 2822; x_wconf 86' lang='lat' dir='ltr'><strong>hereditatibus,</strong></span> <span class='ocrx_word' id='word_1_253' title='bbox 1088 2767 1173 2810; x_wconf 88' lang='lat' dir='ltr'><strong>nuno</strong></span> <span class='ocrx_word' id='word_1_254' title='bbox 1195 2748 1229 2812; x_wconf 93' lang='lat' dir='ltr'><strong>in</strong></span> <span class='ocrx_word' id='word_1_255' title='bbox 1249 2747 1312 2812; x_wconf 87' lang='lat' dir='ltr'><strong>boc</strong></span> <span class='ocrx_word' id='word_1_256' title='bbox 1335 2748 1374 2814; x_wconf 91' lang='lat' dir='ltr'><strong>de</strong></span> <span class='ocrx_word' id='word_1_257' title='bbox 1396 2748 1522 2812; x_wconf 91' lang='lat' dir='ltr'><strong>be&#39;redi·</strong></span> 
     </span>
     <span class='ocr_line' id='line_1_26' title="bbox 194 2839 1558 2925; baseline -0.005 -18"><span class='ocrx_word' id='word_1_258' title='bbox 194 2850 293 2907; x_wconf 87' lang='lat' dir='ltr'><strong>tatum</strong></span> <span class='ocrx_word' id='word_1_259' title='bbox 321 2841 595 2925; x_wconf 87' lang='lat' dir='ltr'><strong>possessionibus,</strong></span> <span class='ocrx_word' id='word_1_260' title='bbox 626 2861 682 2903; x_wconf 91' lang='lat' dir='ltr'><strong>cur</strong></span> <span class='ocrx_word' id='word_1_261' title='bbox 709 2860 746 2903; x_wconf 90' lang='lat' dir='ltr'><strong>ea</strong></span> <span class='ocrx_word' id='word_1_262' title='bbox 774 2839 878 2922; x_wconf 89' lang='lat' dir='ltr'><strong>capita</strong></span> <span class='ocrx_word' id='word_1_263' title='bbox 904 2841 938 2904; x_wconf 92' lang='lat' dir='ltr'><strong>in</strong></span> <span class='ocrx_word' id='word_1_264' title='bbox 967 2842 1106 2906; x_wconf 90' lang='lat' dir='ltr'><strong>edictum</strong></span> <span class='ocrx_word' id='word_1_265' title='bbox 1135 2842 1329 2925; x_wconf 82' lang='lat' dir='ltr'><strong>provinciale</strong></span> <span class='ocrx_word' id='word_1_266' title='bbox 1351 2842 1520 2909; x_wconf 86' lang='lat' dir='ltr'><strong>transferre</strong></span> <span class='ocrx_word' id='word_1_267' title='bbox 1529 2852 1558 2900; x_wconf 77' lang='lat'><strong>2⁵</strong></span> 
     </span>
     <span class='ocr_line' id='line_1_27' title="bbox 194 2930 1521 3023; baseline -0.001 -22"><span class='ocrx_word' id='word_1_268' title='bbox 194 2937 359 3002; x_wconf 70' lang='lat' dir='ltr'><strong>acheris?</strong></span> <span class='ocrx_word' id='word_1_269' title='bbox 403 2937 513 3000; x_wconf 86' lang='lat' dir='ltr'><strong>Utrum</strong></span> <span class='ocrx_word' id='word_1_270' title='bbox 546 2935 706 3018; x_wconf 86' lang='lat' dir='ltr'><strong>digniores</strong></span> <span class='ocrx_word' id='word_1_271' title='bbox 734 2934 881 2999; x_wconf 88' lang='lat' dir='ltr'><strong>homines</strong></span> <span class='ocrx_word' id='word_1_272' title='bbox 910 2937 1096 3000; x_wconf 84' lang='lat' dir='ltr'><strong>existimasti</strong></span> <span class='ocrx_word' id='word_1_273' title='bbox 1127 2957 1199 3013; x_wconf 89' lang='lat' dir='ltr'><strong>eos,</strong></span> <span class='ocrx_word' id='word_1_274' title='bbox 1234 2937 1289 3023; x_wconf 91' lang='lat' dir='ltr'><strong>qui</strong></span> <span class='ocrx_word' id='word_1_275' title='bbox 1319 2930 1463 3003; x_wconf 84' lang='lat' dir='ltr'><strong>habitant</strong></span> <span class='ocrx_word' id='word_1_276' title='bbox 1486 2939 1521 3000; x_wconf 92' lang='lat' dir='ltr'><strong>in</strong></span> 
     </span>
     <span class='ocr_line' id='line_1_28' title="bbox 192 3029 1520 3116; baseline 0 -22"><span class='ocrx_word' id='word_1_277' title='bbox 192 3031 368 3116; x_wconf 88' lang='lat' dir='ltr'><strong>provincia,</strong></span> <span class='ocrx_word' id='word_1_278' title='bbox 387 3050 482 3114; x_wconf 91' lang='lat' dir='ltr'><strong>quam</strong></span> <span class='ocrx_word' id='word_1_279' title='bbox 503 3050 580 3104; x_wconf 91' lang='lat' dir='ltr'><strong>nos,</strong></span> <span class='ocrx_word' id='word_1_280' title='bbox 604 3029 660 3114; x_wconf 92' lang='lat' dir='ltr'><strong>qui</strong></span> <span class='ocrx_word' id='word_1_281' title='bbox 675 3049 779 3113; x_wconf 87' lang='lat' dir='ltr'><strong>aequo</strong></span> <span class='ocrx_word' id='word_1_282' title='bbox 794 3030 863 3092; x_wconf 90' lang='lat' dir='ltr'><strong>iure</strong></span> <span class='ocrx_word' id='word_1_283' title='bbox 881 3035 1069 3096; x_wconf 73' lang='lat' dir='ltr'><strong>uterentur?</strong></span> <span class='ocrx_word' id='word_1_284' title='bbox 1091 3052 1132 3095; x_wconf 89' lang='lat' dir='ltr'><strong>an</strong></span> <span class='ocrx_word' id='word_1_285' title='bbox 1148 3033 1234 3096; x_wconf 89' lang='lat' dir='ltr'><strong>aliud</strong></span> <span class='ocrx_word' id='word_1_286' title='bbox 1249 3035 1366 3096; x_wconf 85' lang='lat' dir='ltr'><strong>Romae</strong></span> <span class='ocrx_word' id='word_1_287' title='bbox 1382 3051 1520 3115; x_wconf 88' lang='lat' dir='ltr'><strong>aequum</strong></span> 
     </span>
     <span class='ocr_line' id='line_1_29' title="bbox 194 3123 1520 3208; baseline -0.001 -18"><span class='ocrx_word' id='word_1_288' title='bbox 194 3133 255 3201; x_wconf 89' lang='lat' dir='ltr'><strong>est,</strong></span> <span class='ocrx_word' id='word_1_289' title='bbox 286 3125 375 3188; x_wconf 84' lang='lat' dir='ltr'><strong>eliud</strong></span> <span class='ocrx_word' id='word_1_290' title='bbox 397 3125 430 3187; x_wconf 91' lang='lat' dir='ltr'><strong>in</strong></span> <span class='ocrx_word' id='word_1_291' title='bbox 453 3124 589 3188; x_wconf 72' lang='lat' dir='ltr'><strong>Sicilia?</strong></span> <span class='ocrx_word' id='word_1_292' title='bbox 621 3126 693 3187; x_wconf 90' lang='lat' dir='ltr'><strong>Non</strong></span> <span class='ocrx_word' id='word_1_293' title='bbox 724 3125 809 3187; x_wconf 89' lang='lat' dir='ltr'><strong>enim</strong></span> <span class='ocrx_word' id='word_1_294' title='bbox 830 3123 892 3187; x_wconf 93' lang='lat' dir='ltr'><strong>boc</strong></span> <span class='ocrx_word' id='word_1_295' title='bbox 913 3130 1019 3208; x_wconf 92' lang='lat' dir='ltr'><strong>potest</strong></span> <span class='ocrx_word' id='word_1_296' title='bbox 1038 3126 1101 3190; x_wconf 89' lang='lat' dir='ltr'><strong>boc</strong></span> <span class='ocrx_word' id='word_1_297' title='bbox 1122 3127 1194 3190; x_wconf 91' lang='lat' dir='ltr'><strong>loco</strong></span> <span class='ocrx_word' id='word_1_298' title='bbox 1217 3125 1297 3200; x_wconf 94' lang='lat' dir='ltr'><strong>dici,</strong></span> <span class='ocrx_word' id='word_1_299' title='bbox 1329 3126 1429 3189; x_wconf 89' lang='lat' dir='ltr'><strong>multa</strong></span> <span class='ocrx_word' id='word_1_300' title='bbox 1450 3144 1520 3189; x_wconf 86' lang='lat' dir='ltr'><strong>esse</strong></span> 
     </span>
     <span class='ocr_line' id='line_1_30' title="bbox 192 3217 1520 3304; baseline 0 -21"><span class='ocrx_word' id='word_1_301' title='bbox 192 3221 226 3283; x_wconf 94' lang='lat' dir='ltr'><strong>in</strong></span> <span class='ocrx_word' id='word_1_302' title='bbox 247 3219 421 3302; x_wconf 89' lang='lat' dir='ltr'><strong>provinciis</strong></span> <span class='ocrx_word' id='word_1_303' title='bbox 443 3217 535 3282; x_wconf 87' lang='lat' dir='ltr'><strong>aliter</strong></span> <span class='ocrx_word' id='word_1_304' title='bbox 550 3217 718 3281; x_wconf 87' lang='lat' dir='ltr'><strong>edicenda:</strong></span> <span class='ocrx_word' id='word_1_305' title='bbox 741 3217 860 3281; x_wconf 89' lang='lat' dir='ltr'><strong>nonde</strong></span> <span class='ocrx_word' id='word_1_306' title='bbox 878 3219 1091 3283; x_wconf 88' lang='lat' dir='ltr'><strong>hereditatum</strong></span> <span class='ocrx_word' id='word_1_307' title='bbox 1106 3220 1235 3304; x_wconf 88' lang='lat' dir='ltr'><strong>quidem</strong></span> <span class='ocrx_word' id='word_1_308' title='bbox 1252 3221 1520 3303; x_wconf 91' lang='lat' dir='ltr'><strong>possessionibus,</strong></span> 
     </span>
     <span class='ocr_line' id='line_1_31' title="bbox 192 3312 1556 3398; baseline 0.001 -22"><span class='ocrx_word' id='word_1_309' title='bbox 192 3332 257 3377; x_wconf 91' lang='lat' dir='ltr'><strong>non</strong></span> <span class='ocrx_word' id='word_1_310' title='bbox 279 3313 319 3376; x_wconf 92' lang='lat' dir='ltr'><strong>de</strong></span> <span class='ocrx_word' id='word_1_311' title='bbox 341 3313 510 3377; x_wconf 87' lang='lat' dir='ltr'><strong>mulierum</strong></span> <span class='ocrx_word' id='word_1_312' title='bbox 529 3312 769 3376; x_wconf 89' lang='lat' dir='ltr'><strong>hereditatibus.</strong></span> <span class='ocrx_word' id='word_1_313' title='bbox 800 3315 880 3376; x_wconf 91' lang='lat' dir='ltr'><strong>Nam</strong></span> <span class='ocrx_word' id='word_1_314' title='bbox 901 3315 935 3376; x_wconf 91' lang='lat' dir='ltr'><strong>in</strong></span> <span class='ocrx_word' id='word_1_315' title='bbox 949 3320 1088 3398; x_wconf 74' lang='lat' dir='ltr'><strong>uuoque</strong></span> <span class='ocrx_word' id='word_1_316' title='bbox 1102 3335 1219 3397; x_wconf 90' lang='lat' dir='ltr'><strong>genere</strong></span> <span class='ocrx_word' id='word_1_317' title='bbox 1233 3315 1327 3378; x_wconf 83' lang='lat' dir='ltr'><strong>video</strong></span> <span class='ocrx_word' id='word_1_318' title='bbox 1342 3332 1408 3377; x_wconf 91' lang='lat' dir='ltr'><strong>non</strong></span> <span class='ocrx_word' id='word_1_319' title='bbox 1423 3313 1556 3378; x_wconf 80' lang='lat' dir='ltr'><strong>m0d0³⁰</strong></span> 
     </span>
     <span class='ocr_line' id='line_1_32' title="bbox 194 3406 1519 3492; baseline -0.001 -21"><span class='ocrx_word' id='word_1_320' title='bbox 194 3413 332 3481; x_wconf 90' lang='lat' dir='ltr'><strong>ceteros,</strong></span> <span class='ocrx_word' id='word_1_321' title='bbox 355 3406 412 3470; x_wconf 92' lang='lat' dir='ltr'><strong>sed</strong></span> <span class='ocrx_word' id='word_1_322' title='bbox 435 3413 466 3470; x_wconf 89' lang='lat' dir='ltr'><strong>te</strong></span> <span class='ocrx_word' id='word_1_323' title='bbox 487 3407 594 3490; x_wconf 91' lang='lat' dir='ltr'><strong>ipsum</strong></span> <span class='ocrx_word' id='word_1_324' title='bbox 615 3406 748 3470; x_wconf 92' lang='lat' dir='ltr'><strong>totidem</strong></span> <span class='ocrx_word' id='word_1_325' title='bbox 769 3408 874 3472; x_wconf 91' lang='lat' dir='ltr'><strong>verbis</strong></span> <span class='ocrx_word' id='word_1_326' title='bbox 897 3407 1052 3483; x_wconf 82' lang='lat' dir='ltr'><strong>edixisse,</strong></span> <span class='ocrx_word' id='word_1_327' title='bbox 1075 3415 1156 3492; x_wconf 91' lang='lat' dir='ltr'><strong>quot</strong></span> <span class='ocrx_word' id='word_1_328' title='bbox 1175 3407 1280 3472; x_wconf 83' lang='lat' dir='ltr'><strong>verbis</strong></span> <span class='ocrx_word' id='word_1_329' title='bbox 1301 3407 1382 3470; x_wconf 90' lang='lat' dir='ltr'><strong>edici</strong></span> <span class='ocrx_word' id='word_1_330' title='bbox 1401 3409 1519 3470; x_wconf 81' lang='lat' dir='ltr'><strong>Romae</strong></span> 
     </span>
     <span class='ocr_line' id='line_1_33' title="bbox 192 3498 1519 3585; baseline -0.002 -19"><span class='ocrx_word' id='word_1_331' title='bbox 192 3499 284 3566; x_wconf 86' lang='lat' dir='ltr'><strong>solet</strong></span> <span class='ocrx_word' id='word_1_332' title='bbox 320 3498 410 3576; x_wconf 92' lang='lat' dir='ltr'><strong>Quae</strong></span> <span class='ocrx_word' id='word_1_333' title='bbox 432 3502 551 3565; x_wconf 83' lang='lat' dir='ltr'><strong>Romae</strong></span> <span class='ocrx_word' id='word_1_334' title='bbox 573 3521 687 3585; x_wconf 86' lang='lat' dir='ltr'><strong>magna</strong></span> <span class='ocrx_word' id='word_1_335' title='bbox 709 3522 780 3566; x_wconf 83' lang='lat' dir='ltr'><strong>cunr</strong></span> <span class='ocrx_word' id='word_1_336' title='bbox 802 3502 932 3565; x_wconf 89' lang='lat' dir='ltr'><strong>inlamia</strong></span> <span class='ocrx_word' id='word_1_337' title='bbox 945 3503 1049 3585; x_wconf 92' lang='lat' dir='ltr'><strong>pretio</strong></span> <span class='ocrx_word' id='word_1_338' title='bbox 1064 3509 1197 3585; x_wconf 91' lang='lat' dir='ltr'><strong>accepto</strong></span> <span class='ocrx_word' id='word_1_339' title='bbox 1213 3502 1375 3576; x_wconf 80' lang='lat' dir='ltr'><strong>edixeras,</strong></span> <span class='ocrx_word' id='word_1_340' title='bbox 1398 3522 1436 3566; x_wconf 88' lang='lat' dir='ltr'><strong>ea</strong></span> <span class='ocrx_word' id='word_1_341' title='bbox 1450 3501 1519 3564; x_wconf 87' lang='lat' dir='ltr'><strong>sola</strong></span> 
     </span>
     <span class='ocr_line' id='line_1_34' title="bbox 191 3594 1518 3679; baseline 0.001 -20"><span class='ocrx_word' id='word_1_342' title='bbox 191 3604 241 3670; x_wconf 94' lang='lat' dir='ltr'><strong>te,</strong></span> <span class='ocrx_word' id='word_1_343' title='bbox 263 3613 304 3658; x_wconf 95' lang='lat' dir='ltr'><strong>ne</strong></span> <span class='ocrx_word' id='word_1_344' title='bbox 326 3595 424 3676; x_wconf 90' lang='lat' dir='ltr'><strong>gratis</strong></span> <span class='ocrx_word' id='word_1_345' title='bbox 452 3596 487 3658; x_wconf 92' lang='lat' dir='ltr'><strong>in</strong></span> <span class='ocrx_word' id='word_1_346' title='bbox 516 3597 681 3679; x_wconf 82' lang='lat' dir='ltr'><strong>provincia</strong></span> <span class='ocrx_word' id='word_1_347' title='bbox 701 3598 784 3660; x_wconf 92' lang='lat' dir='ltr'><strong>male</strong></span> <span class='ocrx_word' id='word_1_348' title='bbox 806 3595 949 3672; x_wconf 88' lang='lat' dir='ltr'><strong>audires,</strong></span> <span class='ocrx_word' id='word_1_349' title='bbox 982 3616 1023 3660; x_wconf 86' lang='lat' dir='ltr'><strong>ex</strong></span> <span class='ocrx_word' id='word_1_350' title='bbox 1045 3594 1150 3659; x_wconf 92' lang='lat' dir='ltr'><strong>edicto</strong></span> <span class='ocrx_word' id='word_1_351' title='bbox 1174 3594 1330 3660; x_wconf 89' lang='lat' dir='ltr'><strong>Siciliensi</strong></span> <span class='ocrx_word' id='word_1_352' title='bbox 1353 3595 1518 3660; x_wconf 89' lang='lat' dir='ltr'><strong>sustulisse</strong></span> 
     </span>
     <span class='ocr_line' id='line_1_35' title="bbox 193 3684 1518 3774; baseline -0.001 -21"><span class='ocrx_word' id='word_1_353' title='bbox 193 3689 298 3753; x_wconf 87' lang='lat' dir='ltr'><strong>video.</strong></span> <span class='ocrx_word' id='word_1_354' title='bbox 337 3684 408 3750; x_wconf 88' lang='grc'><strong>449.</strong></span> <span class='ocrx_word' id='word_1_355' title='bbox 429 3690 471 3754; x_wconf 87' lang='lat' dir='ltr'><strong>Et</strong></span> <span class='ocrx_word' id='word_1_356' title='bbox 492 3711 564 3753; x_wconf 91' lang='lat' dir='ltr'><strong>cum</strong></span> <span class='ocrx_word' id='word_1_357' title='bbox 586 3691 725 3754; x_wconf 91' lang='lat' dir='ltr'><strong>edictum</strong></span> <span class='ocrx_word' id='word_1_358' title='bbox 747 3699 850 3754; x_wconf 92' lang='lat' dir='ltr'><strong>totum</strong></span> <span class='ocrx_word' id='word_1_359' title='bbox 871 3710 981 3754; x_wconf 89' lang='lat' dir='ltr'><strong>eorum</strong></span> <span class='ocrx_word' id='word_1_360' title='bbox 1003 3690 1171 3765; x_wconf 90' lang='lat' dir='ltr'><strong>arbitratu,</strong></span> <span class='ocrx_word' id='word_1_361' title='bbox 1195 3709 1290 3774; x_wconf 87' lang='lat' dir='ltr'><strong>quam</strong></span> <span class='ocrx_word' id='word_1_362' title='bbox 1305 3689 1361 3753; x_wconf 92' lang='lat' dir='ltr'><strong>diu</strong></span> <span class='ocrx_word' id='word_1_363' title='bbox 1381 3687 1443 3751; x_wconf 84' lang='lat' dir='ltr'><strong>tuit</strong></span> <span class='ocrx_word' id='word_1_364' title='bbox 1464 3690 1518 3752; x_wconf 94' lang='lat' dir='ltr'><strong>de-</strong></span> 
     </span>
     <span class='ocr_line' id='line_1_36' title="bbox 193 3783 1555 3869; baseline -0.002 -20"><span class='ocrx_word' id='word_1_365' title='bbox 193 3785 352 3868; x_wconf 83' lang='lat' dir='ltr'><strong>signatus,</strong></span> <span class='ocrx_word' id='word_1_366' title='bbox 375 3792 596 3866; x_wconf 88' lang='lat' dir='ltr'><strong>componeret,</strong></span> <span class='ocrx_word' id='word_1_367' title='bbox 619 3787 674 3869; x_wconf 92' lang='lat' dir='ltr'><strong>qui</strong></span> <span class='ocrx_word' id='word_1_368' title='bbox 697 3786 737 3848; x_wconf 90' lang='lat' dir='ltr'><strong>ab</strong></span> <span class='ocrx_word' id='word_1_369' title='bbox 759 3786 820 3847; x_wconf 89' lang='lat' dir='ltr'><strong>isto</strong></span> <span class='ocrx_word' id='word_1_370' title='bbox 842 3785 893 3847; x_wconf 89' lang='lat' dir='ltr'><strong>ius</strong></span> <span class='ocrx_word' id='word_1_371' title='bbox 908 3784 948 3848; x_wconf 92' lang='lat' dir='ltr'><strong>ad</strong></span> <span class='ocrx_word' id='word_1_372' title='bbox 965 3783 1135 3847; x_wconf 89' lang='lat' dir='ltr'><strong>utilitatem</strong></span> <span class='ocrx_word' id='word_1_373' title='bbox 1150 3804 1240 3847; x_wconf 85' lang='lat' dir='ltr'><strong>suam</strong></span> <span class='ocrx_word' id='word_1_374' title='bbox 1254 3783 1555 3860; x_wconf 79' lang='lat' dir='ltr'><strong>nundinarentur‚u</strong></span> 
     </span>
     <span class='ocr_line' id='line_1_37' title="bbox 192 3877 1519 3962; baseline 0.002 -20"><span class='ocrx_word' id='word_1_375' title='bbox 192 3886 259 3942; x_wconf 90' lang='lat' dir='ltr'><strong>tum</strong></span> <span class='ocrx_word' id='word_1_376' title='bbox 280 3897 357 3940; x_wconf 82' lang='lat' dir='ltr'><strong>vero</strong></span> <span class='ocrx_word' id='word_1_377' title='bbox 384 3877 419 3940; x_wconf 91' lang='lat' dir='ltr'><strong>in</strong></span> <span class='ocrx_word' id='word_1_378' title='bbox 449 3878 636 3960; x_wconf 86' lang='lat' dir='ltr'><strong>magistratu</strong></span> <span class='ocrx_word' id='word_1_379' title='bbox 658 3884 768 3943; x_wconf 78' lang='lat' dir='ltr'><strong>oontm</strong></span> <span class='ocrx_word' id='word_1_380' title='bbox 789 3878 868 3942; x_wconf 92' lang='lat' dir='ltr'><strong>illud</strong></span> <span class='ocrx_word' id='word_1_381' title='bbox 890 3880 993 3962; x_wconf 88' lang='lat' dir='ltr'><strong>ipsum</strong></span> <span class='ocrx_word' id='word_1_382' title='bbox 1017 3878 1156 3942; x_wconf 90' lang='lat' dir='ltr'><strong>edictum</strong></span> <span class='ocrx_word' id='word_1_383' title='bbox 1178 3897 1272 3942; x_wconf 90' lang='lat' dir='ltr'><strong>suum</strong></span> <span class='ocrx_word' id='word_1_384' title='bbox 1293 3879 1362 3941; x_wconf 92' lang='lat' dir='ltr'><strong>sine</strong></span> <span class='ocrx_word' id='word_1_385' title='bbox 1383 3879 1449 3942; x_wconf 86' lang='lat' dir='ltr'><strong>ulla</strong></span> <span class='ocrx_word' id='word_1_386' title='bbox 1469 3899 1519 3944; x_wconf 90' lang='lat' dir='ltr'><strong>re-</strong></span> 
     </span>
     <span class='ocr_line' id='line_1_38' title="bbox 193 3971 1518 4056; baseline 0 -20"><span class='ocrx_word' id='word_1_387' title='bbox 193 3971 311 4054; x_wconf 90' lang='lat' dir='ltr'><strong>ligione</strong></span> <span class='ocrx_word' id='word_1_388' title='bbox 334 3972 533 4035; x_wconf 82' lang='lat' dir='ltr'><strong>decernebat.</strong></span> <span class='ocrx_word' id='word_1_389' title='bbox 576 3973 688 4056; x_wconf 91' lang='lat' dir='ltr'><strong>ltaque</strong></span> <span class='ocrx_word' id='word_1_390' title='bbox 714 3975 750 4035; x_wconf 92' lang='lat' dir='ltr'><strong>L.</strong></span> <span class='ocrx_word' id='word_1_391' title='bbox 772 3974 846 4036; x_wconf 89' lang='lat' dir='ltr'><strong>Piso</strong></span> <span class='ocrx_word' id='word_1_392' title='bbox 874 3973 991 4038; x_wconf 92' lang='lat' dir='ltr'><strong>multos</strong></span> <span class='ocrx_word' id='word_1_393' title='bbox 1022 3972 1149 4035; x_wconf 88' lang='lat' dir='ltr'><strong>codices</strong></span> <span class='ocrx_word' id='word_1_394' title='bbox 1174 3971 1319 4055; x_wconf 83' lang='lat' dir='ltr'><strong>implevit</strong></span> <span class='ocrx_word' id='word_1_395' title='bbox 1340 3992 1447 4036; x_wconf 87' lang='lat' dir='ltr'><strong>earum</strong></span> <span class='ocrx_word' id='word_1_396' title='bbox 1468 3993 1518 4036; x_wconf 90' lang='lat' dir='ltr'><strong>re-</strong></span> 
     </span>
     <span class='ocr_line' id='line_1_39' title="bbox 192 4065 1517 4150; baseline 0.002 -22"><span class='ocrx_word' id='word_1_397' title='bbox 192 4086 276 4140; x_wconf 91' lang='lat' dir='ltr'><strong>rum,</strong></span> <span class='ocrx_word' id='word_1_398' title='bbox 298 4065 332 4128; x_wconf 94' lang='lat' dir='ltr'><strong>in</strong></span> <span class='ocrx_word' id='word_1_399' title='bbox 355 4068 471 4149; x_wconf 91' lang='lat' dir='ltr'><strong>quibus</strong></span> <span class='ocrx_word' id='word_1_400' title='bbox 493 4067 538 4130; x_wconf 90' lang='lat' dir='ltr'><strong>ita</strong></span> <span class='ocrx_word' id='word_1_401' title='bbox 558 4067 753 4143; x_wconf 88' lang='lat' dir='ltr'><strong>intercessit,</strong></span> <span class='ocrx_word' id='word_1_402' title='bbox 776 4067 863 4150; x_wconf 91' lang='lat' dir='ltr'><strong>quod</strong></span> <span class='ocrx_word' id='word_1_403' title='bbox 884 4068 945 4131; x_wconf 91' lang='lat' dir='ltr'><strong>iste</strong></span> <span class='ocrx_word' id='word_1_404' title='bbox 967 4067 1074 4141; x_wconf 90' lang='lat' dir='ltr'><strong>aliter,</strong></span> <span class='ocrx_word' id='word_1_405' title='bbox 1104 4073 1200 4150; x_wconf 91' lang='lat' dir='ltr'><strong>atque</strong></span> <span class='ocrx_word' id='word_1_406' title='bbox 1222 4072 1259 4128; x_wconf 91' lang='lat' dir='ltr'><strong>ut</strong></span> <span class='ocrx_word' id='word_1_407' title='bbox 1279 4066 1440 4140; x_wconf 81' lang='lat' dir='ltr'><strong>edixerat,</strong></span> <span class='ocrx_word' id='word_1_408' title='bbox 1462 4067 1517 4130; x_wconf 90' lang='lat' dir='ltr'><strong>de-</strong></span> 
     </span>
     <span class='ocr_line' id='line_1_40' title="bbox 193 4160 1516 4250; baseline 0 -26"><span class='ocrx_word' id='word_1_409' title='bbox 193 4160 352 4224; x_wconf 82' lang='lat' dir='ltr'><strong>crevisset.</strong></span> <span class='ocrx_word' id='word_1_410' title='bbox 397 4160 491 4237; x_wconf 91' lang='lat' dir='ltr'><strong>Quod</strong></span> <span class='ocrx_word' id='word_1_411' title='bbox 524 4181 582 4225; x_wconf 83' lang='lat' dir='ltr'><strong>vos</strong></span> <span class='ocrx_word' id='word_1_412' title='bbox 612 4161 728 4224; x_wconf 92' lang='lat' dir='ltr'><strong>oblitos</strong></span> <span class='ocrx_word' id='word_1_413' title='bbox 759 4181 829 4225; x_wconf 90' lang='lat' dir='ltr'><strong>esse</strong></span> <span class='ocrx_word' id='word_1_414' title='bbox 858 4181 924 4225; x_wconf 90' lang='lat' dir='ltr'><strong>non</strong></span> <span class='ocrx_word' id='word_1_415' title='bbox 949 4161 1102 4235; x_wconf 89' lang='lat' dir='ltr'><strong>arbitror,</strong></span> <span class='ocrx_word' id='word_1_416' title='bbox 1137 4181 1220 4250; x_wconf 88' lang='lat' dir='ltr'><strong>quae</strong></span> <span class='ocrx_word' id='word_1_417' title='bbox 1242 4160 1428 4236; x_wconf 88' lang='lat' dir='ltr'><strong>multitudo,</strong></span> <span class='ocrx_word' id='word_1_418' title='bbox 1461 4162 1516 4250; x_wconf 91' lang='lat' dir='ltr'><strong>qui</strong></span> 
     </span>
    </p>
   </div>
   <div class='ocr_carea' id='block_1_3' title="bbox 188 4447 1516 4740">
    <p class='ocr_par' dir='ltr' id='par_1_3' title="bbox 188 4447 1516 4740">
     <span class='ocr_line' id='line_1_41' title="bbox 253 4447 1512 4515; baseline 0.002 -14"><span class='ocrx_word' id='word_1_419' title='bbox 253 4449 278 4502; x_wconf 81' lang='lat' dir='ltr'><strong>l.</strong></span> <span class='ocrx_word' id='word_1_420' title='bbox 296 4451 319 4500; x_wconf 78' lang='lat' dir='ltr'><strong>st</strong></span> <span class='ocrx_word' id='word_1_421' title='bbox 330 4450 407 4515; x_wconf 79' lang='lat' dir='ltr'><strong>poss]</strong></span> <span class='ocrx_word' id='word_1_422' title='bbox 426 4455 449 4500; x_wconf 85' lang='lat' dir='ltr'><strong>et</strong></span> <span class='ocrx_word' id='word_1_423' title='bbox 461 4463 527 4513; x_wconf 81' lang='lat' dir='ltr'><strong>poss.</strong></span> <span class='ocrx_word' id='word_1_424' title='bbox 546 4451 566 4502; x_wconf 88' lang='lat' dir='ltr'>L</span> <span class='ocrx_word' id='word_1_425' title='bbox 577 4465 583 4510; x_wconf 85' lang='lat'><strong>;</strong></span> <span class='ocrx_word' id='word_1_426' title='bbox 600 4451 623 4502; x_wconf 81' lang='lat' dir='ltr'><strong>st</strong></span> <span class='ocrx_word' id='word_1_427' title='bbox 638 4455 662 4501; x_wconf 83' lang='lat' dir='ltr'><strong>et</strong></span> <span class='ocrx_word' id='word_1_428' title='bbox 674 4464 741 4513; x_wconf 84' lang='lat' dir='ltr'><strong>poss.</strong></span> <span class='ocrx_word' id='word_1_429' title='bbox 760 4451 838 4513; x_wconf 78' lang='lat' dir='ltr'><strong>egee.</strong></span> <span class='ocrx_word' id='word_1_430' title='bbox 859 4477 886 4487; x_wconf 92' lang='lat'><em>-</em></span> <span class='ocrx_word' id='word_1_431' title='bbox 904 4450 959 4500; x_wconf 79' lang='lat' dir='ltr'><strong>loen</strong></span> <span class='ocrx_word' id='word_1_432' title='bbox 976 4449 1036 4511; x_wconf 75' lang='lat' dir='ltr'><strong>quid</strong></span> <span class='ocrx_word' id='word_1_433' title='bbox 1053 4449 1087 4500; x_wconf 85' lang='lat' dir='ltr'><strong>ud</strong></span> <span class='ocrx_word' id='word_1_434' title='bbox 1101 4448 1128 4498; x_wconf 78' lang='lat' dir='ltr'><strong>td</strong></span> <span class='ocrx_word' id='word_1_435' title='bbox 1145 4447 1214 4512; x_wconf 76' lang='lat' dir='ltr'><strong>egee</strong></span> <span class='ocrx_word' id='word_1_436' title='bbox 1225 4463 1232 4508; x_wconf 90' lang='lat'>;</span> <span class='ocrx_word' id='word_1_437' title='bbox 1250 4448 1307 4498; x_wconf 87' lang='lat' dir='ltr'><strong>lom</strong></span> <span class='ocrx_word' id='word_1_438' title='bbox 1318 4450 1378 4512; x_wconf 77' lang='lat' dir='ltr'><strong>quid</strong></span> <span class='ocrx_word' id='word_1_439' title='bbox 1389 4451 1424 4500; x_wconf 82' lang='lat' dir='ltr'><strong>od</strong></span> <span class='ocrx_word' id='word_1_440' title='bbox 1435 4451 1512 4504; x_wconf 82' lang='lat' dir='ltr'><strong>blein.</strong></span> 
     </span>
     <span class='ocr_line' id='line_1_42' title="bbox 190 4522 1516 4589; baseline 0.001 -14"><span class='ocrx_word' id='word_1_441' title='bbox 190 4526 217 4575; x_wconf 91' lang='lat' dir='ltr'><strong>et</strong></span> <span class='ocrx_word' id='word_1_442' title='bbox 232 4525 315 4576; x_wconf 86' lang='lat' dir='ltr'><strong>Prisc.</strong></span> <span class='ocrx_word' id='word_1_443' title='bbox 328 4525 359 4575; x_wconf 90' lang='lat' dir='ltr'><strong>ll.</strong></span> <span class='ocrx_word' id='word_1_444' title='bbox 377 4537 404 4589; x_wconf 91' lang='lat' dir='ltr'><strong>p.</strong></span> <span class='ocrx_word' id='word_1_445' title='bbox 419 4525 487 4586; x_wconf 66' lang='lat'><strong>⁴58„</strong></span> <span class='ocrx_word' id='word_1_446' title='bbox 505 4524 554 4576; x_wconf 89' lang='lat' dir='ltr'><strong>sed</strong></span> <span class='ocrx_word' id='word_1_447' title='bbox 571 4524 630 4575; x_wconf 91' lang='lat' dir='ltr'><strong>cod.</strong></span> <span class='ocrx_word' id='word_1_448' title='bbox 643 4525 713 4576; x_wconf 80' lang='lat' dir='ltr'><strong>Mon.</strong></span> <span class='ocrx_word' id='word_1_449' title='bbox 733 4538 772 4575; x_wconf 93' lang='lat' dir='ltr'><strong>nr.</strong></span> <span class='ocrx_word' id='word_1_450' title='bbox 786 4526 843 4576; x_wconf 72' lang='lat'><strong>280.</strong></span> <span class='ocrx_word' id='word_1_451' title='bbox 861 4525 914 4574; x_wconf 70' lang='lat' dir='ltr'><strong>mm</strong></span> <span class='ocrx_word' id='word_1_452' title='bbox 931 4526 1041 4587; x_wconf 78' lang='lat' dir='ltr'><strong>quodod</strong></span> <span class='ocrx_word' id='word_1_453' title='bbox 1055 4527 1138 4587; x_wconf 82' lang='lat' dir='ltr'><strong>prust.</strong></span> <span class='ocrx_word' id='word_1_454' title='bbox 1150 4522 1242 4573; x_wconf 85' lang='lat' dir='ltr'><strong>hebet.</strong></span> <span class='ocrx_word' id='word_1_455' title='bbox 1259 4551 1287 4561; x_wconf 95' lang='lat'>-</span> <span class='ocrx_word' id='word_1_456' title='bbox 1306 4525 1330 4575; x_wconf 91' lang='lat'><strong>8.</strong></span> <span class='ocrx_word' id='word_1_457' title='bbox 1348 4525 1516 4588; x_wconf 76' lang='lat' dir='ltr'><strong>complecto-ts</strong></span> 
     </span>
     <span class='ocr_line' id='line_1_43' title="bbox 189 4597 1515 4665; baseline 0 -15"><span class='ocrx_word' id='word_1_458' title='bbox 189 4600 266 4663; x_wconf 71' lang='lat' dir='ltr'><strong>LgtP.</strong></span> <span class='ocrx_word' id='word_1_459' title='bbox 291 4599 323 4650; x_wconf 87' lang='lat' dir='ltr'><strong>cl.</strong></span> <span class='ocrx_word' id='word_1_460' title='bbox 343 4599 368 4663; x_wconf 69' lang='lat'><strong>5.</strong></span> <span class='ocrx_word' id='word_1_461' title='bbox 387 4598 443 4648; x_wconf 88' lang='grc'><strong>409.</strong></span> <span class='ocrx_word' id='word_1_462' title='bbox 464 4601 519 4650; x_wconf 78' lang='lat' dir='ltr'><strong>stu.</strong></span> <span class='ocrx_word' id='word_1_463' title='bbox 541 4627 567 4636; x_wconf 92' lang='lat'><em>-</em></span> <span class='ocrx_word' id='word_1_464' title='bbox 595 4601 619 4650; x_wconf 84' lang='lat'><strong>9.</strong></span> <span class='ocrx_word' id='word_1_465' title='bbox 638 4600 774 4665; x_wconf 74' lang='lat' dir='ltr'><strong>ambigitur</strong></span> <span class='ocrx_word' id='word_1_466' title='bbox 789 4602 811 4652; x_wconf 80' lang='grc' dir='ltr'><strong>Α</strong></span> <span class='ocrx_word' id='word_1_467' title='bbox 828 4601 876 4652; x_wconf 83' lang='lat' dir='ltr'><strong>dtt.</strong></span> <span class='ocrx_word' id='word_1_468' title='bbox 895 4598 1004 4664; x_wconf 80' lang='lat' dir='ltr'><strong>pleriq:</strong></span> <span class='ocrx_word' id='word_1_469' title='bbox 1032 4599 1172 4664; x_wconf 73' lang='lat' dir='ltr'><strong>ambigetur</strong></span> <span class='ocrx_word' id='word_1_470' title='bbox 1188 4598 1256 4662; x_wconf 68' lang='lat' dir='ltr'><em>ng</em></span> <span class='ocrx_word' id='word_1_471' title='bbox 1271 4597 1311 4650; x_wconf 79' lang='grc'><strong>44.</strong></span> <span class='ocrx_word' id='word_1_472' title='bbox 1333 4625 1360 4636; x_wconf 91' lang='grc'><strong>-</strong></span> <span class='ocrx_word' id='word_1_473' title='bbox 1379 4600 1419 4654; x_wconf 86' lang='grc'><strong>44.</strong></span> <span class='ocrx_word' id='word_1_474' title='bbox 1439 4614 1515 4662; x_wconf 85' lang='lat' dir='ltr'><strong>opor-</strong></span> 
     </span>
     <span class='ocr_line' id='line_1_44' title="bbox 188 4673 1512 4740; baseline 0 -15"><span class='ocrx_word' id='word_1_475' title='bbox 188 4679 239 4725; x_wconf 81' lang='lat' dir='ltr'><strong>toot</strong></span> <span class='ocrx_word' id='word_1_476' title='bbox 255 4674 282 4724; x_wconf 95' lang='lat' dir='ltr'><strong>L.</strong></span> <span class='ocrx_word' id='word_1_477' title='bbox 304 4700 331 4710; x_wconf 93' lang='lat'><em>-</em></span> <span class='ocrx_word' id='word_1_478' title='bbox 351 4673 391 4722; x_wconf 77' lang='grc'><strong>49.</strong></span> <span class='ocrx_word' id='word_1_479' title='bbox 407 4676 583 4736; x_wconf 69' lang='lat' dir='ltr'><strong>possessmoou</strong></span> <span class='ocrx_word' id='word_1_480' title='bbox 599 4675 662 4726; x_wconf 81' lang='lat' dir='ltr'><strong>dubo</strong></span> <span class='ocrx_word' id='word_1_481' title='bbox 679 4677 698 4727; x_wconf 98' lang='lat' dir='ltr'>L</span> <span class='ocrx_word' id='word_1_482' title='bbox 716 4679 744 4728; x_wconf 88' lang='lat' dir='ltr'><strong>et</strong></span> <span class='ocrx_word' id='word_1_483' title='bbox 759 4677 845 4740; x_wconf 69' lang='lat' dir='ltr'><strong>Lgl9:</strong></span> <span class='ocrx_word' id='word_1_484' title='bbox 864 4677 1023 4726; x_wconf 73' lang='lat' dir='ltr'><strong>hereditatam</strong></span> <span class='ocrx_word' id='word_1_485' title='bbox 1039 4675 1102 4725; x_wconf 84' lang='lat' dir='ltr'><strong>dubo</strong></span> <span class='ocrx_word' id='word_1_486' title='bbox 1119 4674 1167 4725; x_wconf 88' lang='lat' dir='ltr'><strong>dtt.</strong></span> <span class='ocrx_word' id='word_1_487' title='bbox 1181 4675 1211 4725; x_wconf 92' lang='lat'><strong>0.</strong></span> <span class='ocrx_word' id='word_1_488' title='bbox 1230 4701 1257 4710; x_wconf 95' lang='lat'>-</span> <span class='ocrx_word' id='word_1_489' title='bbox 1276 4679 1311 4724; x_wconf 79' lang='lat' dir='ltr'><strong>est</strong></span> <span class='ocrx_word' id='word_1_490' title='bbox 1327 4675 1512 4738; x_wconf 54' lang='grc'><strong>04114349.-</strong></span> 
     </span>
    </p>
   </div>
   <div class='ocr_carea' id='block_1_4' title="bbox 104 4747 1511 4814">
    <p class='ocr_par' dir='ltr' id='par_1_4' title="bbox 104 4747 1511 4814">
     <span class='ocr_line' id='line_1_45' title="bbox 104 4747 1511 4814; baseline 0 -15"><span class='ocrx_word' id='word_1_491' title='bbox 104 4769 106 4773; x_wconf 32' lang='lat' dir='ltr'>v</span> <span class='ocrx_word' id='word_1_492' title='bbox 189 4749 229 4799; x_wconf 83' lang='grc'><strong>43.</strong></span> <span class='ocrx_word' id='word_1_493' title='bbox 248 4747 293 4809; x_wconf 72' lang='lat' dir='ltr'><strong>poi</strong></span> <span class='ocrx_word' id='word_1_494' title='bbox 312 4747 440 4800; x_wconf 74' lang='lat' dir='ltr'><strong>solet:</strong></span> <span class='ocrx_word' id='word_1_495' title='bbox 462 4763 488 4800; x_wconf 83' lang='lat' dir='ltr'><strong>se</strong></span> <span class='ocrx_word' id='word_1_496' title='bbox 509 4763 562 4800; x_wconf 91' lang='lat' dir='ltr'><strong>om.</strong></span> <span class='ocrx_word' id='word_1_497' title='bbox 580 4752 642 4814; x_wconf 80' lang='lat' dir='ltr'><strong>ng.</strong></span> <span class='ocrx_word' id='word_1_498' title='bbox 661 4751 694 4803; x_wconf 87' lang='lat' dir='ltr'><strong>al.</strong></span> <span class='ocrx_word' id='word_1_499' title='bbox 715 4781 742 4789; x_wconf 96' lang='lat'>—</span> <span class='ocrx_word' id='word_1_500' title='bbox 766 4753 807 4803; x_wconf 88' lang='grc'><strong>46.</strong></span> <span class='ocrx_word' id='word_1_501' title='bbox 825 4763 945 4802; x_wconf 78' lang='lat' dir='ltr'><strong>nouom.</strong></span> <span class='ocrx_word' id='word_1_502' title='bbox 964 4751 1041 4814; x_wconf 74' lang='lat' dir='ltr'><strong>egee.</strong></span> <span class='ocrx_word' id='word_1_503' title='bbox 1063 4777 1090 4786; x_wconf 86' lang='lat'><em>-</em></span> <span class='ocrx_word' id='word_1_504' title='bbox 1109 4751 1148 4800; x_wconf 85' lang='grc'><strong>47.</strong></span> <span class='ocrx_word' id='word_1_505' title='bbox 1167 4748 1314 4812; x_wconf 69' lang='lat' dir='ltr'><strong>bochtt:</strong></span> <span class='ocrx_word' id='word_1_506' title='bbox 1342 4761 1396 4798; x_wconf 91' lang='lat' dir='ltr'><strong>om.</strong></span> <span class='ocrx_word' id='word_1_507' title='bbox 1416 4747 1464 4799; x_wconf 89' lang='lat' dir='ltr'><strong>dtt.</strong></span> <span class='ocrx_word' id='word_1_508' title='bbox 1483 4749 1511 4799; x_wconf 91' lang='lat'><strong>0.</strong></span> 
     </span>
    </p>
   </div>
   <div class='ocr_carea' id='block_1_5' title="bbox 187 4821 1601 5118">
    <p class='ocr_par' dir='ltr' id='par_1_5' title="bbox 187 4821 1601 5118">
     <span class='ocr_line' id='line_1_46' title="bbox 191 4821 1601 4890; baseline 0.001 -19"><span class='ocrx_word' id='word_1_509' title='bbox 191 4851 218 4860; x_wconf 97' lang='lat'><em>-</em></span> <span class='ocrx_word' id='word_1_510' title='bbox 236 4822 309 4872; x_wconf 66' lang='lat' dir='ltr'><strong>odda</strong></span> <span class='ocrx_word' id='word_1_511' title='bbox 326 4823 372 4872; x_wconf 82' lang='lat' dir='ltr'><strong>boc</strong></span> <span class='ocrx_word' id='word_1_512' title='bbox 388 4828 424 4874; x_wconf 83' lang='lat' dir='ltr'><strong>est</strong></span> <span class='ocrx_word' id='word_1_513' title='bbox 437 4825 532 4876; x_wconf 72' lang='lat' dir='ltr'><strong>merom</strong></span> <span class='ocrx_word' id='word_1_514' title='bbox 553 4825 655 4890; x_wconf 78' lang='lat' dir='ltr'><strong>(minan</strong></span> <span class='ocrx_word' id='word_1_515' title='bbox 672 4833 707 4878; x_wconf 85' lang='lat' dir='ltr'><strong>est</strong></span> <span class='ocrx_word' id='word_1_516' title='bbox 723 4827 782 4878; x_wconf 92' lang='lat' dir='ltr'><strong>cod.</strong></span> <span class='ocrx_word' id='word_1_517' title='bbox 802 4825 894 4888; x_wconf 83' lang='lat' dir='ltr'><strong>Guell.)</strong></span> <span class='ocrx_word' id='word_1_518' title='bbox 915 4827 996 4877; x_wconf 83' lang='lat' dir='ltr'><strong>Prisc.</strong></span> <span class='ocrx_word' id='word_1_519' title='bbox 1015 4827 1046 4876; x_wconf 89' lang='lat' dir='ltr'><strong>ll.</strong></span> <span class='ocrx_word' id='word_1_520' title='bbox 1064 4838 1092 4890; x_wconf 91' lang='lat' dir='ltr'><strong>p.</strong></span> <span class='ocrx_word' id='word_1_521' title='bbox 1107 4825 1162 4876; x_wconf 76' lang='lat'><strong>⁴58.</strong></span> <span class='ocrx_word' id='word_1_522' title='bbox 1181 4823 1236 4890; x_wconf 77' lang='lat' dir='ltr'><strong>(boc</strong></span> <span class='ocrx_word' id='word_1_523' title='bbox 1252 4828 1287 4874; x_wconf 82' lang='lat' dir='ltr'><strong>est</strong></span> <span class='ocrx_word' id='word_1_524' title='bbox 1302 4837 1336 4874; x_wconf 88' lang='lat' dir='ltr'><strong>m.</strong></span> <span class='ocrx_word' id='word_1_525' title='bbox 1355 4824 1434 4874; x_wconf 87' lang='lat' dir='ltr'><strong>etiam</strong></span> <span class='ocrx_word' id='word_1_526' title='bbox 1453 4823 1512 4874; x_wconf 90' lang='lat' dir='ltr'><strong>cod.</strong></span> <span class='ocrx_word' id='word_1_527' title='bbox 1590 4821 1601 4844; x_wconf 76' lang='lat'><strong>⁹</strong></span> 
     </span>
     <span class='ocr_line' id='line_1_47' title="bbox 188 4895 1514 4968; baseline -0.002 -18"><span class='ocrx_word' id='word_1_528' title='bbox 188 4897 267 4961; x_wconf 75' lang='lat' dir='ltr'><strong>Mon.)</strong></span> <span class='ocrx_word' id='word_1_529' title='bbox 287 4924 315 4933; x_wconf 95' lang='lat'>-</span> <span class='ocrx_word' id='word_1_530' title='bbox 334 4899 375 4950; x_wconf 74' lang='lat'><strong>22.</strong></span> <span class='ocrx_word' id='word_1_531' title='bbox 394 4912 426 4950; x_wconf 88' lang='lat' dir='ltr'><strong>oc</strong></span> <span class='ocrx_word' id='word_1_532' title='bbox 442 4901 527 4964; x_wconf 66' lang='lat' dir='ltr'><strong>Lgatt:</strong></span> <span class='ocrx_word' id='word_1_533' title='bbox 546 4907 574 4953; x_wconf 87' lang='lat' dir='ltr'><strong>ot</strong></span> <span class='ocrx_word' id='word_1_534' title='bbox 590 4902 637 4953; x_wconf 89' lang='lat' dir='ltr'><strong>dtt.</strong></span> <span class='ocrx_word' id='word_1_535' title='bbox 657 4903 685 4953; x_wconf 92' lang='lat'><strong>0.</strong></span> <span class='ocrx_word' id='word_1_536' title='bbox 704 4903 782 4968; x_wconf 90' lang='lat' dir='ltr'><strong>prob.</strong></span> <span class='ocrx_word' id='word_1_537' title='bbox 801 4905 857 4954; x_wconf 77' lang='lat' dir='ltr'><strong>Rau</strong></span> <span class='ocrx_word' id='word_1_538' title='bbox 872 4903 903 4952; x_wconf 93' lang='lat'><strong>11.</strong></span> <span class='ocrx_word' id='word_1_539' title='bbox 923 4914 949 4967; x_wconf 94' lang='lat' dir='ltr'><strong>p.</strong></span> <span class='ocrx_word' id='word_1_540' title='bbox 969 4900 1025 4952; x_wconf 84' lang='grc'><strong>446,</strong></span> <span class='ocrx_word' id='word_1_541' title='bbox 1047 4929 1074 4937; x_wconf 99' lang='grc'>-</span> <span class='ocrx_word' id='word_1_542' title='bbox 1097 4899 1138 4952; x_wconf 71' lang='lat' dir='ltr'><strong>Pl.</strong></span> <span class='ocrx_word' id='word_1_543' title='bbox 1156 4901 1215 4951; x_wconf 72' lang='grc' dir='ltr'><strong><em>ίιοηι</em></strong></span> <span class='ocrx_word' id='word_1_544' title='bbox 1230 4911 1297 4950; x_wconf 77' lang='lat' dir='ltr'><strong>cunc</strong></span> <span class='ocrx_word' id='word_1_545' title='bbox 1313 4899 1342 4948; x_wconf 89' lang='lat' dir='ltr'><strong>L.</strong></span> <span class='ocrx_word' id='word_1_546' title='bbox 1363 4925 1390 4935; x_wconf 91' lang='lat'>—</span> <span class='ocrx_word' id='word_1_547' title='bbox 1409 4895 1449 4948; x_wconf 79' lang='lat'><strong>26.</strong></span> <span class='ocrx_word' id='word_1_548' title='bbox 1467 4897 1514 4947; x_wconf 74' lang='lat' dir='ltr'><strong>to·</strong></span> 
     </span>
     <span class='ocr_line' id='line_1_48' title="bbox 187 4973 1514 5044; baseline -0.002 -20"><span class='ocrx_word' id='word_1_549' title='bbox 187 4975 331 5025; x_wconf 69' lang='lat' dir='ltr'><strong>educasses</strong></span> <span class='ocrx_word' id='word_1_550' title='bbox 347 4975 429 5026; x_wconf 86' lang='lat' dir='ltr'><strong>Prisc.</strong></span> <span class='ocrx_word' id='word_1_551' title='bbox 448 4974 465 5026; x_wconf 89' lang='lat' dir='ltr'><strong>l.</strong></span> <span class='ocrx_word' id='word_1_552' title='bbox 483 4973 500 5026; x_wconf 94' lang='lat' dir='ltr'><strong>l.</strong></span> <span class='ocrx_word' id='word_1_553' title='bbox 521 5003 548 5013; x_wconf 89' lang='lat'><em>-</em></span> <span class='ocrx_word' id='word_1_554' title='bbox 566 4977 679 5029; x_wconf 74' lang='lat' dir='ltr'><strong>hubitant</strong></span> <span class='ocrx_word' id='word_1_555' title='bbox 695 4979 763 5043; x_wconf 69' lang='lat' dir='ltr'><strong>LgPP</strong></span> <span class='ocrx_word' id='word_1_556' title='bbox 780 4992 806 5044; x_wconf 91' lang='lat' dir='ltr'><strong>p.</strong></span> <span class='ocrx_word' id='word_1_557' title='bbox 826 4991 862 5029; x_wconf 95' lang='lat' dir='ltr'><strong>m.</strong></span> <span class='ocrx_word' id='word_1_558' title='bbox 881 4978 979 5028; x_wconf 83' lang='lat' dir='ltr'><strong>Prisc:</strong></span> <span class='ocrx_word' id='word_1_559' title='bbox 1000 4975 1146 5026; x_wconf 75' lang='lat' dir='ltr'><strong>babitabant</strong></span> <span class='ocrx_word' id='word_1_560' title='bbox 1162 4976 1210 5028; x_wconf 86' lang='lat' dir='ltr'><strong>dtt.</strong></span> <span class='ocrx_word' id='word_1_561' title='bbox 1230 4975 1259 5026; x_wconf 91' lang='lat'><strong>0.</strong></span> <span class='ocrx_word' id='word_1_562' title='bbox 1281 5001 1308 5011; x_wconf 92' lang='lat'>-</span> <span class='ocrx_word' id='word_1_563' title='bbox 1327 4973 1368 5023; x_wconf 78' lang='lat'><strong>27.</strong></span> <span class='ocrx_word' id='word_1_564' title='bbox 1385 4977 1514 5022; x_wconf 70' lang='lat' dir='ltr'><strong>mmor</strong></span> 
     </span>
     <span class='ocr_line' id='line_1_49' title="bbox 188 5047 1510 5118; baseline 0 -18"><span class='ocrx_word' id='word_1_565' title='bbox 188 5050 283 5102; x_wconf 74' lang='lat' dir='ltr'><strong>Prisc:</strong></span> <span class='ocrx_word' id='word_1_566' title='bbox 309 5055 437 5102; x_wconf 70' lang='lat' dir='ltr'><strong>uterom</strong></span> <span class='ocrx_word' id='word_1_567' title='bbox 457 5050 536 5102; x_wconf 85' lang='lat' dir='ltr'><strong>codd.</strong></span> <span class='ocrx_word' id='word_1_568' title='bbox 557 5079 584 5089; x_wconf 90' lang='lat'>-</span> <span class='ocrx_word' id='word_1_569' title='bbox 611 5053 651 5104; x_wconf 80' lang='lat'><strong>30.</strong></span> <span class='ocrx_word' id='word_1_570' title='bbox 670 5054 697 5103; x_wconf 82' lang='lat' dir='ltr'><strong>tc</strong></span> <span class='ocrx_word' id='word_1_571' title='bbox 719 5058 824 5116; x_wconf 80' lang='lat' dir='ltr'><strong>utroque</strong></span> <span class='ocrx_word' id='word_1_572' title='bbox 839 5066 928 5118; x_wconf 74' lang='lat' dir='ltr'><strong>possm</strong></span> <span class='ocrx_word' id='word_1_573' title='bbox 945 5055 980 5104; x_wconf 91' lang='lat' dir='ltr'><strong>L:</strong></span> <span class='ocrx_word' id='word_1_574' title='bbox 1007 5053 1035 5102; x_wconf 77' lang='lat' dir='ltr'><strong>to</strong></span> <span class='ocrx_word' id='word_1_575' title='bbox 1051 5065 1104 5103; x_wconf 90' lang='lat' dir='ltr'><strong>om.</strong></span> <span class='ocrx_word' id='word_1_576' title='bbox 1124 5051 1203 5103; x_wconf 90' lang='lat' dir='ltr'><strong>codd.</strong></span> <span class='ocrx_word' id='word_1_577' title='bbox 1222 5051 1251 5101; x_wconf 92' lang='lat'><strong>0.</strong></span> <span class='ocrx_word' id='word_1_578' title='bbox 1273 5075 1300 5087; x_wconf 91' lang='lat'><em>-</em></span> <span class='ocrx_word' id='word_1_579' title='bbox 1319 5047 1359 5098; x_wconf 86' lang='grc'><strong>34.</strong></span> <span class='ocrx_word' id='word_1_580' title='bbox 1378 5047 1440 5097; x_wconf 79' lang='lat' dir='ltr'><strong>sdtcs&#39;</strong></span> <span class='ocrx_word' id='word_1_581' title='bbox 1457 5059 1510 5100; x_wconf 89' lang='lat' dir='ltr'><strong>om.</strong></span> 
     </span>
    </p>
   </div>
   <div class='ocr_carea' id='block_1_6' title="bbox 188 5120 1477 5200">
    <p class='ocr_par' dir='ltr' id='par_1_6' title="bbox 188 5120 1477 5200">
     <span class='ocr_line' id='line_1_50' title="bbox 188 5120 1477 5200; baseline -0.016 -5"><span class='ocrx_word' id='word_1_582' title='bbox 188 5127 266 5194; x_wconf 68' lang='grc'><strong>4949.</strong></span> <span class='ocrx_word' id='word_1_583' title='bbox 287 5154 314 5165; x_wconf 91' lang='grc'>-</span> <span class='ocrx_word' id='word_1_584' title='bbox 333 5126 374 5184; x_wconf 75' lang='lat' dir='ltr'><strong>at.</strong></span> <span class='ocrx_word' id='word_1_585' title='bbox 393 5131 472 5184; x_wconf 76' lang='lat' dir='ltr'><strong>aum</strong></span> <span class='ocrx_word' id='word_1_586' title='bbox 488 5141 542 5187; x_wconf 79' lang='lat' dir='ltr'><strong>om,</strong></span> <span class='ocrx_word' id='word_1_587' title='bbox 555 5128 633 5200; x_wconf 67' lang='lat' dir='ltr'><strong>egee.</strong></span> <span class='ocrx_word' id='word_1_588' title='bbox 653 5129 818 5198; x_wconf 73' lang='lat' dir='ltr'><strong>(poneres.)</strong></span> <span class='ocrx_word' id='word_1_589' title='bbox 838 5155 865 5172; x_wconf 83' lang='lat'><em>-</em></span> <span class='ocrx_word' id='word_1_590' title='bbox 884 5127 925 5186; x_wconf 78' lang='lat'><strong>³6.</strong></span> <span class='ocrx_word' id='word_1_591' title='bbox 943 5129 1005 5184; x_wconf 70' lang='lat' dir='ltr'><strong>uos</strong></span> <span class='ocrx_word' id='word_1_592' title='bbox 1020 5128 1101 5197; x_wconf 71' lang='lat' dir='ltr'><strong>peon</strong></span> <span class='ocrx_word' id='word_1_593' title='bbox 1117 5127 1203 5192; x_wconf 76' lang='lat' dir='ltr'><strong>egee:</strong></span> <span class='ocrx_word' id='word_1_594' title='bbox 1221 5127 1304 5190; x_wconf 67' lang='lat' dir='ltr'><strong>speum</strong></span> <span class='ocrx_word' id='word_1_595' title='bbox 1320 5134 1374 5174; x_wconf 86' lang='lat' dir='ltr'><strong>om.</strong></span> <span class='ocrx_word' id='word_1_596' title='bbox 1387 5120 1435 5174; x_wconf 82' lang='lat' dir='ltr'><strong>utt.</strong></span> <span class='ocrx_word' id='word_1_597' title='bbox 1448 5121 1477 5174; x_wconf 90' lang='lat' dir='ltr'><strong>o.</strong></span> 
     </span>
    </p>
   </div>
   <div class='ocr_carea' id='block_1_7' title="bbox 0 0 1828 5888">
    <p class='ocr_par' dir='ltr' id='par_1_7' title="bbox 0 0 1828 5888">
     <span class='ocr_line' id='line_1_51' title="bbox 0 0 1828 5888; baseline 0 5"><span class='ocrx_word' id='word_1_598' title='bbox 0 0 1828 5888; x_wconf 95' lang='lat' dir='ltr'><strong> </strong></span> 
     </span>
    </p>
   </div>
  </div>
 </body>
</html>
