3610 5860
317 431 469 498 enarro
489 433 544 498 un
567 397 733 500 nosne
758 433 820 498 cn.
840 431 1016 512 ronrrn.
1047 431 1119 500 cai.
1142 433 1166 498 ι.
1187 430 1244 517 44.
1266 430 1372 502 r-a.
1433 433 1498 500 err

218 633 243 653 =
262 602 372 655 cedices
389 615 492 654 omnes.

217 707 243 727 a
262 678 361 744 Reliqui
379 677 484 729 codices
501 678 608 742 praeter
625 690 686 738 eos,
707 689 775 740 quos
792 676 885 740 qucum
902 673 961 726 loco
978 677 1200 730 enumeravimus.

217 779 243 800 .-.
261 754 345 805 Editio
361 754 522 804 ascensiana
539 754 623 818 prime
641 765 664 802 a.
684 752 756 802 4644.

217 851 243 871 =
260 829 343 880 Editio
359 827 530 880 Lambiniane
547 840 571 877 a.
591 827 663 878 4666.

218 917 245 938 “
262 902 346 955 Editio
363 902 533 954 lambiniaua
549 915 573 952 a.
593 901 664 954 4464.

217 994 243 1014 -·
260 977 490 1045 Editioorelliaua
506 979 578 1042 prior
594 991 618 1028 a.
638 977 709 1029 4836.

736 1167 939 1176 ιη*-

262 1329 286 1391 l.
310 1321 340 1390 l.
364 1327 564 1410 Quamquam
589 1325 664 1389 mihi
685 1345 809 1410 semper
829 1325 979 1410 frequens
995 1329 1183 1406 conspectus
1204 1330 1308 1387 vester
1328 1325 1460 1390 multo
1450 1348 1499 1390 ιιι-

177 1423 404 1497 cundissimus,
436 1419 489 1483 hic
517 1427 622 1484 autem
652 1419 741 1483 locus
768 1417 808 1482 ad
830 1419 986 1510 agendum
1007 1418 1236 1503 amplissimus,
1268 1416 1308 1480 ad
1331 1420 1497 1484 dicendum

177 1517 396 1582 ornatissimus
425 1523 473 1578 est
500 1516 601 1588 visus,
634 1514 791 1590 Quirites,
823 1517 929 1578 tamen
956 1511 1018 1574 hoc
1039 1513 1126 1576 aditu
1148 1511 1267 1588 laudis,
1297 1513 1351 1596 qui
1375 1533 1500 1597 semper

178 1611 298 1694 optimo
321 1611 436 1694 cuique
458 1609 593 1672 maxime
616 1611 733 1694 patuit,
763 1629 826 1672 non
855 1626 927 1671 mea
948 1627 998 1670 me
1020 1606 1166 1680 voluntas
1190 1603 1309 1681 adhuc,
1337 1606 1393 1670 sed
1416 1607 1498 1671 vitae

178 1723 267 1770 meae
288 1703 427 1767 rationes
450 1703 489 1766 ab
511 1703 640 1765 ineunte
662 1709 763 1765 aetate
785 1707 950 1783 susceptae
976 1699 1216 1784 prohibuerunt.
1249 1703 1327 1764 Nam
1350 1721 1422 1763 cum
1444 1717 1523 1765 aiu-n

176 1805 229 1861 tea
251 1817 308 1881 per
328 1803 463 1860 aetatem
485 1795 624 1860 nondum
645 1795 740 1860 huius
762 1796 978 1858 auctoritatem
1000 1793 1061 1856 loci
1083 1793 1236 1876 attingere
1258 1793 1407 1858 auderem
1436 1803 1499 1860 sta·

176 1899 362 1974 tueremque
384 1889 463 1953 nihil
484 1889 547 1952 huc
570 1890 630 1952 nisi
651 1889 824 1972 perfectum
846 1889 987 1971 ingenio,
1010 1887 1204 1951 elaboratum
1220 1888 1376 1952 industria
1394 1889 1498 1952 afferri

177 1991 340 2068 oportere,
363 2003 457 2046 omne
479 2003 583 2048 meum
606 1992 730 2066 tempus
752 1983 925 2046 amicorum
941 1981 1136 2064 temporibus
1151 1982 1426 2047 transmittendum
1440 2005 1499 2068 pu·

176 2080 251 2143 tavi.
293 2075 323 2142 2.
345 2078 392 2140 lta
420 2098 526 2161 neque
553 2076 605 2141 hic
635 2077 724 2140 locus
752 2096 871 2140 vacuus
892 2095 1042 2159 umquam
1063 2073 1126 2137 fuit
1147 2073 1186 2138 ab
1208 2075 1262 2152 iis,
1286 2075 1340 2160 qui
1361 2085 1497 2143 vestram

176 2192 303 2236 causam
326 2171 549 2246 defenderent,
580 2178 612 2234 et
633 2190 721 2234 meus
743 2170 846 2244 labor,
869 2169 902 2230 in
925 2170 1119 2252 privatorum
1140 2169 1289 2254 periculis
1310 2177 1394 2236 caste
1418 2171 1535 2236 inte-ro

176 2286 295 2349 greque
318 2271 477 2340 versatus,
500 2285 540 2328 ex
561 2271 664 2328 vestro
686 2261 804 2327 iudicio
825 2261 960 2326 fructum
980 2271 1026 2326 est
1048 2263 1275 2346 amplissimum
1298 2273 1497 2330 consecutus.

175 2362 254 2421 Nam
287 2378 358 2422 cum
385 2366 514 2444 propter
542 2357 727 2421 dilationem
757 2357 953 2420 comitiorum
981 2364 1029 2420 ter
1056 2365 1183 2440 praetor
1203 2359 1325 2440 primus
1348 2361 1497 2424 centuriis

176 2450 299 2516 cunctis
320 2453 518 2515 renuntiatus
540 2473 626 2525 sum,
654 2450 747 2513 facilc
768 2450 928 2525 intellexi,
951 2451 1105 2526 Quirites,
1129 2453 1258 2535 etquid
1282 2451 1321 2516 de
1342 2475 1393 2518 me
1415 2455 1498 2518 iudi·

176 2547 292 2634 caretis
314 2553 346 2609 et
367 2545 443 2628 quid
466 2544 537 2608 aliis
559 2543 825 2629 praescriberetis.
858 2547 948 2608 Nunc
970 2565 1041 2608 cum
1057 2551 1089 2607 et
1106 2545 1301 2609 auctoritatis
1314 2548 1349 2612 in
1365 2569 1414 2614 me
1429 2556 1498 2612 tan-

176 2647 243 2704 tum
265 2639 324 2713 sit,
348 2645 500 2723 quantum
521 2659 579 2702 vos
598 2639 774 2702 honoribus
795 2639 983 2702 mandandis
1006 2658 1075 2702 esse
1097 2639 1257 2713 voluistis,
1288 2649 1319 2705 et
1339 2644 1381 2708 ad
1403 2658 1534 2728 agen-tn

131 2811 133 2814 Ι
177 2734 252 2797 dum
281 2732 439 2796 facultatis
468 2740 606 2809 tantum,
634 2739 787 2817 quantum
808 2731 929 2796 homini
951 2731 1092 2814 vigilanti
1116 2753 1156 2796 ex
1175 2731 1296 2798 forensi
1317 2756 1378 2800 usu
1399 2757 1497 2822 prope

176 2827 362 2914 quotidiana
383 2827 509 2890 dicendi
531 2827 713 2890 exercitatio
735 2827 840 2909 potuit
861 2825 989 2902 adema,
1017 2834 1099 2890 certe
1118 2833 1150 2889 et
1164 2825 1191 2890 si
1208 2825 1286 2912 quid
1301 2831 1497 2894 auctoritatis

177 2923 210 2984 iu
230 2941 282 2985 me
304 2927 368 2996 est,
391 2921 476 3004 apud
499 2941 555 2984 eos
575 2929 663 2997 utar,
685 2920 741 3005 qui
766 2940 834 2984 eam
847 2919 923 2984 milri
940 2919 1111 2994 dederunt,
1134 2919 1206 2983 etsi
1223 2921 1300 3004 quid
1315 2921 1348 2984 in
1364 2922 1495 2986 dicendo

177 3015 328 3098 consequi
348 3034 495 3098 possum,
518 3015 558 3078 iis
581 3015 745 3078 ostendam
767 3015 981 3098 potissimum,
1010 3013 1066 3097 qui
1088 3015 1118 3077 ei
1141 3033 1270 3100 quoque
1292 3014 1340 3078 rei
1360 3015 1497 3105 fructum

240 3329 278 3382 Dr
296 3343 395 3380 inarare
413 3331 458 3382 Cn.
478 3329 532 3392 (Gr.
551 3330 609 3391 EVl
627 3331 732 3380 Ροιιιιιι
748 3329 878 3390 WCEV,
898 3327 979 3382 Aulus
996 3328 1093 3380 Gellius
1109 3331 1130 3380 1.
1147 3331 1171 3392 7,
1185 3332 1224 3382 444.
1237 3331 1279 3382 33.
1299 3329 1340 3392 (oi.
1352 3331 1384 3384 x.
1396 3332 1437 3393 36,
1450 3333 1496 3396 3.),

175 3406 323 3458 Priscianus
339 3405 381 3456 lx.
400 3405 440 3464 40,
458 3402 498 3454 st.
517 3417 543 3468 p.
563 3403 619 3454 468.
638 3404 697 3464 lin,
716 3403 854 3468 Emporias
871 3404 970 3454 Rhetor
986 3404 1020 3456 de
1038 3403 1209 3456 deliberativa
1226 3407 1316 3470 specie
1333 3419 1359 3472 p.
1377 3407 1435 3458 344.
1453 3408 1496 3462 ed.

176 3481 270 3544 capp,
287 3479 431 3530 Arusianus
448 3479 560 3530 Messius
577 3491 602 3542 p.
617 3477 675 3528 363.
695 3477 766 3528 Lind.
786 3477 827 3540 464.
847 3491 873 3542 p.
892 3477 940 3528 333
956 3491 997 3542 sq.
1016 3479 1072 3529 235.
1091 3477 1173 3542 eon),
1192 3477 1271 3531 lulius
1288 3481 1378 3534 Victor
1394 3497 1421 3547 p.
1439 3483 1497 3534 257.

175 3568 201 3605 v.
219 3554 259 3606 33.
279 3553 342 3606 4644.
360 3557 466 3605 noemae
478 3567 484 3602 ι
498 3567 548 3616 pro
564 3553 739 3618 inpellentia
755 3554 818 3614 B0;
838 3567 887 3616 pro
903 3553 955 3617 4664
969 3553 1078 3604 Munitis
1093 3554 1144 3604 6464
1160 3555 1190 3604 64
1205 3555 1357 3618 impostore
1372 3558 1498 3621 6444644666

176 3633 210 3690 A,
226 3643 275 3694 pro
290 3629 342 3694 ispe
351 3629 470 3690 44664446,
488 3642 532 3679 eeu
548 3630 577 3679 64
592 3629 743 3692 imperatore
753 3629 866 3692 Pompeio
883 3629 1021 3693 6444644466,
1040 3629 1074 3678 66
1087 3627 1209 3692 poputum
1224 3627 1280 3684 43.
1302 3632 1331 3682 ln
1347 3633 1365 3683 F
1382 3632 1499 3684 subscri·

176 3706 251 3771 ptum
268 3707 309 3756 est
323 3705 392 3754 Finis
406 3705 564 3766 Pompeiana,
588 3707 668 3768 atque
686 3704 832 3754 orationem
848 3704 1025 3766 moenum
1041 3705 1121 3754 vocet
1137 3701 1217 3754 etiam
1234 3705 1341 3758 Servius
1357 3705 1392 3758 ad
1408 3705 1496 3771 Virgil.

177 3782 270 3844 Georg.
288 3781 330 3832 444,
349 3777 390 3830 64.
408 3780 436 3830 64
451 3778 595 3830 scholaste
612 3779 792 3830 Gronovianus
808 3792 835 3843 p.
853 3778 909 3830 434.
929 3781 956 3828 64
971 3777 1028 3830 tis.
1048 3777 1091 3828 ed.
1110 3780 1225 3830 6664646.

240 3865 264 3916 4.
282 3863 357 3914 644644
373 3864 395 3914 V
413 3864 449 3928 (ct
463 3863 502 3914 sic
519 3863 645 3928 semper).
666 3889 693 3900 -
711 3863 899 3913 4666664466
914 3863 945 3912 V.
965 3887 994 3900 ·-
1013 3863 1037 3913 2.
1055 3861 1132 3924 64464.
1152 3867 1176 3912 44
1191 3863 1225 3913 66
1241 3863 1289 3914 646.
1303 3865 1330 3915 F.
1345 3891 1373 3903 —
1392 3865 1416 3918 3.
1435 3868 1498 3930 Qui·

175 3939 242 4005 riter]
259 3951 340 4002 644646
354 3938 415 4000 EV,
433 3937 482 3988 ssd
499 3938 526 3988 iu
542 3937 565 3987 V
581 3938 689 4001 Quirites
705 3951 719 3988 a
736 3951 790 3990 sec.
810 3951 846 3988 ιιι.
865 3939 1025 3989 correctum.
1044 3962 1072 3973 -
1090 3936 1115 3988 4.
1133 3949 1192 3988 orec
1207 3949 1261 3990 om.
1274 3940 1305 4002 V,
1323 3941 1372 3992 sed
1388 3941 1498 4008 supple·

176 4020 232 4068 tnm
248 4017 275 4066 in
292 4026 375 4077 marg.
394 4016 455 4075 ante
471 4013 593 4064 66466464.
609 4039 637 4052 -
656 4015 737 4065 citur
753 4015 801 4066 EV
820 4013 876 4078 (sed
893 4014 937 4064 hic
953 4013 1032 4073 6666,
1051 4012 1124 4077 quod
1140 4013 1168 4064 in
1184 4014 1263 4064 664466
1279 4018 1431 4068 correctum
1448 4020 1496 4082 est)

175 4091 209 4141 F:
228 4103 281 4140 om.
300 4087 443 4143 4444430.
464 4113 492 4126 -
515 4089 583 4139 64466
600 4103 670 4140 owse
690 4088 844 4152 444444·Βέ
866 4102 935 4140 46464
956 4089 1022 4138 64464
1037 4087 1153 4141 suso.
1174 4115 1202 4126 -
1226 4089 1250 4140 e.
1268 4101 1325 4140 6466
1343 4104 1391 4154 prr
1408 4096 1498 4144 6464446

176 4171 250 4216 66446
260 4164 369 4214 nondum
379 4164 410 4214 V.
425 4187 452 4200 ·-
472 4164 497 4214 6.
510 4165 632 4228 6444446466
644 4165 675 4214 W
685 4162 764 4227 444444
774 4166 808 4216 0:
827 4165 953 4228 6644444444
963 4163 1000 4222 V;
1019 4163 1160 4228 centinpsrs
1170 4165 1221 4216 ΒΛ
1231 4166 1250 4216 L
1259 4164 1276 4220 3
1286 4165 1315 4215 0.
1326 4189 1354 4203 «-
1367 4165 1392 4216 8.
1404 4167 1495 4231 mum]

174 4246 284 4291 64444646
299 4237 332 4302 44.
350 4265 378 4276 -
401 4239 425 4290 9.
443 4240 528 4302 itaque
543 4253 621 4302 mque
637 4236 699 4301 4444.
719 4267 747 4276 -
770 4253 866 4290 romeu
880 4239 919 4289 446
935 4238 1003 4288 oeae
1019 4239 1046 4288 F.
1066 4265 1094 4274 -
1118 4238 1167 4302 44444
1182 4240 1352 4291 WCEVO:
1374 4253 1428 4291 om.
1445 4243 1497 4293 aa

175 4314 229 4368 43.
249 4315 327 4364 -·64
342 4315 387 4377 ipe
404 4315 429 4378 (4.
448 4329 472 4365 6.
490 4315 544 4378 tiis)
563 4315 598 4376 V;
621 4314 653 4364 64
668 4316 706 4364 irie
722 4319 756 4365 cst
771 4315 801 4364 B.
822 4339 849 4352 -
875 4313 1089 4378 4466164444.
1117 4313 1156 4364 ct.
1174 4327 1200 4363 v.
1218 4314 1259 4364 46.
1278 4313 1302 4378 5.
1325 4313 1349 4364 3.
1368 4315 1392 4364 7.
1411 4315 1435 4364 9.
1453 4317 1494 4367 44.

176 4393 214 4442 44.
227 4389 268 4442 33.
279 4417 311 4452 .··
329 4391 369 4441 43.
387 4388 501 4454 Quirites]
519 4403 565 4440 664·
581 4390 640 4441 EV.
654 4417 682 4427 -
702 4396 726 4441 44
741 4403 793 4440 οιιι.
807 4391 835 4440 F.
850 4411 877 4426 -·
896 4388 1036 4438 4664664346
1052 4389 1071 4438 E
1084 4389 1144 4452 (Fr.)
1160 4391 1188 4439 44
1203 4401 1219 4438 6
1235 4402 1276 4453 pr.
1289 4401 1325 4439 m.
1341 4389 1378 4451 (ut
1392 4391 1495 4441 Prieuio

175 4465 284 4527 videtur)
301 4463 369 4516 V.-
387 4463 428 4517 44.
446 4471 470 4516 64
486 4468 546 4516 6646
558 4470 624 4516 auct.
637 4478 691 4516 om.
712 4467 738 4516 F.
750 4491 778 4502 -
797 4465 837 4515 46.
850 4465 999 4514 mactandis
1014 4463 1138 4514 WCEV
1156 4463 1231 4528 (apr.
1244 4465 1291 4525 m.)
1303 4461 1403 4527 44404
1420 4479 1496 4516 4666-

175 4543 284 4592 666666
300 4539 355 4603 BF¹
375 4553 444 4590 corr.
456 4540 487 4602 V,
505 4542 539 4597 ις
557 4542 705 4590 mannassen
715 4551 777 4590 cum
789 4537 831 4588 ed.
845 4536 1049 4602 Hcrvagiaua&
1067 4539 1194 4590 6464466444
1204 4552 1256 4603 mg.
1270 4537 1297 4592 3.
1312 4566 1340 4577 -
1359 4540 1398 4590 46.
1412 4541 1452 4606 eac]
1473 4546 1496 4592 44

175 4616 233 4668 EV.
257 4614 295 4666 cl.
314 4627 340 4666 v.
359 4617 399 4666 44.
419 4641 447 4652 -
465 4627 513 4665 aru
526 4617 620 4678 4664644
635 4617 702 4666 4..-
721 4617 761 4666 47.
780 4614 916 4664 6644464666
932 4615 963 4664 V.
979 4641 1007 4653 -
1025 4619 1048 4665 44
1063 4615 1085 4664 ei
1101 4615 1279 4677 qutc--mini
1295 4616 1416 4668 6464464444
1430 4618 1493 4668 WC

175 4687 270 4754 svis,
288 4703 341 4754 mg.
360 4689 391 4753 3,
410 4692 445 4741 0:
465 4704 518 4742 om.
537 4690 677 4746 444443.
697 4717 725 4727 -
749 4689 789 4740 48.
807 4689 876 4752 opud
892 4687 990 4751 144444
1009 4703 1040 4740 66
1056 4691 1125 4752 opud
1141 4703 1195 4753 mg.
1213 4689 1246 4751 3,
1265 4690 1295 4741 0.
1322 4689 1494 4742 Urbaniorem

176 4767 247 4832 putat
272 4763 389 4816 llalmlus
412 4767 559 4818 orationem
579 4767 735 4832 pronomine
757 4766 868 4825 ommso,
891 4767 1033 4828 propterea
1050 4763 1191 4828 quodiam
1207 4777 1260 4815 non
1276 4766 1426 4828 6664644466,
1444 4765 1494 4816 sed

175 4841 271 4904 4464446
286 4841 443 4892 auctoritatis
459 4855 492 4892 ex
509 4843 639 4894 sententia
655 4841 763 4892 relativa
779 4837 956 4904 repetendum
972 4839 1013 4890 sit.
1033 4839 1071 4889 Cf.
1091 4839 1145 4890 Cic.
1159 4851 1186 4904 p.
1199 4837 1269 4890 Sulla
1288 4839 1312 4904 5.
1322 4840 1372 4890 2⁴.
1365 4853 1372 4865 ·
1389 4840 1417 4888 46
1433 4851 1493 4900 paee

176 4915 427 4978 memmonicos,
446 4917 639 4967 6646666466.
661 4916 686 4980 5.
705 4916 749 4967 33;
774 4929 839 4978 quos
852 4915 938 4978 prima
954 4915 1088 4966 traconitis
1103 4915 1165 4965 464444
1181 4915 1287 4977 desento
1302 4920 1339 4964 644
1353 4914 1437 4964 644646
1451 4926 1493 4963 444-

175 4993 293 5055 ecept-
311 4954 620 5078 atsrletlirndarn'ltm
636 4987 863 5052 6444466444.-
836 4985 1252 5064 -644646446464666433446
1278 4989 1492 5052 annaneane

176 5079 227 5130 mg
245 5065 278 5128 3
299 5067 322 5116 si
342 5067 496 5128 quinetiam
516 5069 543 5117 in
565 5068 666 5118 6464666
683 5069 715 5131 F
737 5069 760 5119 rt
780 5066 841 5130 quid
860 5065 936 5116 etam
956 5047 1059 5116 6464666
1073 5063 1269 5120 ΒΑΙ.30.-
1293 5065 1333 5116 43.
1353 5065 1489 5127 66644644.

178 5141 269 5192 4446
283 5141 319 5204 V
342 5142 380 5196 nir
395 5143 498 5199 344-
470 5142 550 5216 -644
566 5139 667 5206 4444444.
