3610 5860
238 334 299 404 bot
642 339 792 407 ORATIO
815 339 892 406 PRO
915 338 952 406 A.
976 338 1148 406 CAECINA

323 510 453 574 XXVII.
474 510 512 596 In
531 509 591 574 trac
608 509 676 594 ipsa
690 530 801 586 causo,
823 517 1076 594 recuperatores,
1097 510 1126 574 si
1138 508 1200 572 hoc
1214 528 1273 573 nos
1286 527 1351 573 non
1364 507 1553 586 obtinemus,

240 604 270 668 vi
299 602 425 668 armatis
451 603 631 669 hominibus
659 605 816 670 deiectum
843 625 928 669 esse·
942 625 1028 680 eum,
1059 623 1154 688 quem
1175 603 1207 666 vi
1228 603 1354 668 umetis
1375 601 1554 669 hominibus

240 699 366 782 putenm
386 696 591 781 fugatumque
612 718 682 764 esse
704 707 844 773 constet,
866 699 999 764 Caecina
1020 717 1087 762 rem
1109 717 1172 764 non
1188 697 1324 770 amittet,
1348 715 1442 780 quam
1455 697 1554 781 ipsam

239 793 344 856 animo
372 790 462 866 forti,
491 793 517 856 si
547 799 668 877 tempus
698 793 743 858 iia
762 793 874 868 ferret,
903 795 1075 858 emitteret:
1102 792 1135 855 in
1157 790 1390 875 possessionem
1410 789 1445 854 in
1465 809 1555 874 prae·

216 885 341 948 osentie
363 905 427 948 non
446 886 646 962 restituetur,
669 887 748 950 nihil
771 888 915 972 emptius.
949 884 1000 950 76.
1015 885 1126 969 Populi
1140 884 1274 949 Romani
1288 877 1555 959 causa,(ciritatis

127 1045 134 1057 .
239 977 304 1052 ins,
331 979 430 1054 bons,
457 979 603 1044 fortunae
631 985 910 1066 possessionesque
938 980 1076 1048 omniurn
1119 981 1151 1044 in
1182 979 1311 1042 dubium
1339 979 1555 1062 incertumque

80 1066 159 1190 (pr
238 1065 489 1164 revoca-buntur)
504 1082 609 1139 vestra
623 1077 806 1140 auctoritate
820 1077 881 1139 hoc
896 1076 1115 1148 constituetur,
1136 1075 1197 1138 hoc
1211 1073 1455 1158 praescribetur:
1478 1071 1556 1148 Qui·

240 1186 310 1230 cum
338 1175 373 1231 tu
403 1167 535 1250 posthac
564 1168 604 1232 de
625 1171 825 1251 possessione
847 1169 1034 1243 contendes,
1063 1187 1134 1232 eum
1156 1169 1183 1232 si
1207 1168 1383 1250 ingressum
1405 1166 1500 1230 modo
1522 1167 1556 1228 in

238 1261 402 1344 praedium
416 1261 584 1336 deieceris,
605 1263 752 1326 restituas
767 1263 938 1346 oportebit:
962 1263 1012 1326 sin
1028 1269 1133 1327 entem
1149 1261 1338 1343 ingredienti
1353 1279 1423 1324 cum
1438 1267 1557 1326 armata

203 1355 439 1419 tomultitudine
460 1355 572 1418 obrius
592 1355 689 1420 fueris
712 1364 743 1420 et
763 1358 805 1419 ita
826 1357 1008 1420 venientem
1027 1355 1219 1438 repputeris,
1241 1353 1374 1437 fugeris,
1397 1353 1556 1428 eveneris,

135 1455 187 1550 tp·
239 1469 303 1512 non
332 1450 488 1514 restitues.
533 1450 614 1514 turis
641 1450 718 1514 haec
741 1470 804 1514 vox
825 1457 891 1524 est,
913 1470 983 1514 esse
1004 1449 1066 1512 vim
1088 1467 1153 1512 non
1175 1448 1209 1512 in
1231 1447 1329 1512 caede
1352 1448 1470 1522 solum,
1499 1449 1555 1512 sed

239 1545 333 1608 etiam
354 1545 388 1606 in
409 1543 524 1616 animo,
546 1537 702 1618 libidinis,
724 1544 784 1606 nisi
806 1564 899 1608 cruor
919 1551 1084 1628 appareat,
1106 1542 1170 1607 vim
1188 1561 1254 1606 non
1271 1561 1341 1606 esso
1356 1540 1486 1618 iectemp
1508 1544 1556 1608 iu·

239 1636 300 1710 ris,
326 1636 481 1700 deiectum
509 1657 592 1711 esse,
620 1638 673 1720 qui
702 1636 877 1721 prohibitus
904 1639 958 1712 sit,
988 1636 1144 1711 libidinis,
1176 1637 1240 1702 nisi
1262 1657 1303 1700 ex
1324 1656 1361 1700 eo
1384 1636 1473 1711 loco,
1500 1637 1556 1701 ubi

238 1730 407 1813 vestigium
428 1731 633 1814 impresserit,
663 1731 756 1794 dciici
779 1733 935 1796 nemiuem
956 1751 1067 1814 posse3
1098 1727 1149 1794 77.
1172 1732 1266 1806 iuris,
1288 1751 1355 1795 rem
1376 1737 1409 1795 et
1430 1739 1557 1798 senten·

239 1985 270 2036 (ις
289 1973 412 2022 amittitur
428 1973 455 2023 t.
479 1973 517 2022 De
533 1970 625 2033 pistici
641 1972 783 2032 tordanus;
803 1974 827 2024 tn
841 1973 1036 2026 Commentario
1054 1977 1143 2026 tamen
1160 1974 1185 2024 tn
1204 1973 1327 2024 omnibus
1343 1972 1479 2025 codicibus
1496 1987 1556 2027 esse

238 2049 375 2098 dbnittetnr
389 2047 510 2098 oidrmat.
530 2075 557 2084 -
581 2048 604 2097 t.
623 2048 758 2098 obtinemus
776 2050 793 2099 E
812 2049 949 2110 (treondto
966 2049 1044 2112 teste)
1062 2048 1155 2099 Gbkt
1171 2051 1235 2112 (sec.
1255 2048 1302 2111 m.)
1320 2050 1347 2100 et
1362 2048 1469 2110 Aldine,
1493 2053 1558 2114 cpti-

238 2137 323 2176 nemus
338 2124 358 2173 T
375 2122 418 2187 (ct.
437 2123 460 2187 5.
480 2124 544 2186 ⁴⁰·)²
563 2123 714 2174 obtineamus
731 2127 879 2190 aempqt
895 2129 946 2189 (pr.
965 2125 1012 2186 m.)
1028 2122 1049 2183 β
1066 2125 1143 2182 etA;
1161 2123 1320 2174 obtinebimus
1332 2137 1393 2176 cum
1407 2125 1508 2176 tuottne
1521 2127 1559 2189 (ei

239 2199 349 2250 tortasse
367 2197 428 2260 Va)
451 2196 536 2252 nso.
560 2225 586 2234 -
614 2199 638 2250 Ξ.
659 2200 693 2264 oi]
714 2206 742 2249 ut
759 2197 1088 2264 ETGMabmpqtati
1113 2201 1140 2248 et
1155 2200 1185 2250 A.
1209 2198 1385 2251 Emendatum
1402 2201 1444 2250 est
1461 2202 1514 2252 iam
1532 2201 1557 2254 in

238 2274 348 2324 Iuntina.
362 2301 389 2311 -
408 2273 533 2338 deuotum]
552 2275 665 2324 delictum
676 2277 704 2326 T.
724 2275 797 2326 Coui.
810 2290 835 2326 v.
850 2277 888 2326 ts.
904 2305 931 2313 —
950 2277 973 2325 3.
992 2279 1087 2325 constat
1104 2276 1137 2326 T:
1157 2279 1248 2323 castet
1265 2273 1407 2328 testeo.
1421 2302 1447 2312 -
1467 2277 1557 2327 ambiet

238 2349 268 2400 V.
291 2375 318 2384 -
336 2351 392 2414 ipsa
409 2349 437 2399 T.
455 2374 485 2387 -
503 2347 527 2400 i.
547 2348 630 2413 ferret]
653 2349 715 2412 seret
734 2348 803 2410 bm;
823 2352 872 2416 sert
892 2365 920 2410 e;
943 2356 1018 2400 terret
1038 2354 1071 2409 G:
1099 2356 1164 2400 terre
1181 2352 1256 2412 eqt3
1284 2355 1366 2398 terrae
1386 2351 1477 2415 Etdpp
1503 2357 1558 2403 tare

238 2422 280 2474 vet
300 2428 361 2474 tetre
376 2423 407 2473 V.
437 2425 484 2488 (De
502 2425 522 2474 Τ
541 2423 688 2475 Hortensius
705 2424 784 2488 citet.)
802 2453 828 2464 -
847 2427 873 2476 in
887 2427 1035 2489 possessione
1048 2426 1140 2476 Ttttt.
1153 2453 1180 2462 -
1200 2425 1366 2486 inpraesenti
1383 2425 1409 2475 t.
1427 2453 1455 2464 ·-
1471 2427 1496 2478 b.
1515 2441 1558 2478 re-

237 2501 379 2550 stitueretur
395 2502 423 2553 T.
444 2527 472 2538 -
492 2501 516 2551 6.
534 2501 611 2550 bonae
626 2501 744 2563 fortunae
754 2501 773 2552 E
783 2501 867 2564 TVp.
886 2501 925 2552 ci.
939 2501 963 2564 5.
977 2501 1016 2551 38.
1031 2527 1057 2536 -
1076 2501 1286 2560 possessionesque
1297 2500 1406 2550 omnium
1419 2501 1481 2552 ET:
1497 2516 1558 2564 pos-

237 2577 400 2638 sessioncspue
415 2579 479 2641 (om.
499 2576 614 2638 omnium)
633 2576 776 2630 RALTO.
804 2577 842 2626 Ct.
861 2577 885 2639 ἓ.
905 2577 944 2626 38.
964 2577 1003 2626 st.
1026 2603 1051 2612 -
1070 2577 1096 2625 tn
1114 2588 1167 2624 orn.
1186 2575 1214 2624 T.
1235 2600 1260 2612 -
1282 2575 1306 2623 T.
1323 2581 1476 2627 reuocentur
1495 2577 1556 2630 ilA.

238 2649 395 2701 Emendavtt
412 2652 556 2716 Naugerius
578 2651 604 2701 in
620 2651 721 2702 Aldina.
743 2651 802 2716 (ont.
822 2651 990 2701 vocabuntur»
1012 2665 1063 2715 mg.
1083 2651 1121 2712 s.)
1140 2677 1166 2688 —
1188 2651 1377 2700 restitueretur
1395 2653 1558 2704 ETVGtte

238 2723 393 2791 bmpqtii
409 2731 435 2777 et
453 2730 483 2778 A.
501 2727 677 2778 Emendetum
690 2730 728 2779 est
746 2729 771 2778 in
789 2726 898 2778 tunttne.
923 2753 949 2762 -
965 2725 1135 2788 praescribere
1147 2725 1194 2774 ET
1212 2725 1276 2787 (non
1291 2727 1511 2790 praescriberetur,
1530 2732 1558 2778 ut

239 2803 280 2850 est
302 2802 328 2851 in
349 2801 515 2853 Mommsenii
537 2803 653 2865 schedis)
675 2802 794 2868 VGbp;
816 2801 967 2863 perscribere
989 2804 1098 2864 strnqt3
1122 2800 1316 2862 perscriberetur
1331 2797 1352 2860 ii
1367 2803 1394 2851 et
1408 2804 1438 2852 A.
1460 2803 1559 2854 Emen-

239 2875 330 2928 detum
347 2879 387 2927 est
402 2877 429 2926 in
445 2877 590 2928 tuntina-
609 2877 634 2928 8.
652 2878 679 2928 in
694 2877 825 2938 praedium
841 2877 958 2939 deteperis
969 2877 1029 2936 ET;
1049 2877 1171 2934 deieceris,
1188 2876 1214 2924 in
1228 2877 1362 2936 praedium
1377 2874 1450 2936 bird
1466 2879 1493 2927 et
1508 2881 1557 2928 at.

238 2950 300 3011 bO;
318 2949 435 3014 detepnis
451 2950 575 3018 (deiiperis
586 2953 619 3018 V)
635 2955 662 3002 iu
675 2953 809 3016 praedium
822 2953 851 3003 tt.
871 2952 909 3004 ct.
926 2951 950 3015 g.
964 2950 1005 3002 te.
1020 2979 1046 2988 -
1066 2951 1089 3001 9.
1109 2951 1222 3035 respituat
1238 2951 1402 3001 erveus
1413 2956 1556 3016 suppiam

237 3026 385 3076 restituatur
400 3026 425 3076 tr.
445 3053 472 3063 -
496 3027 561 3092 mnu]
579 3041 635 3078 eum
650 3029 679 3078 T.
699 3053 726 3064 -
751 3029 791 3078 to.
809 3027 946 3089 reppereris
962 3027 1023 3076 ET:
1048 3025 1168 3086 repeteres
1184 3022 1286 3077 aste
1297 3023 1326 3073 0.
1347 3051 1374 3061 -·
1392 3027 1512 3088 reputeris
1528 3044 1559 3084 ac

236 3100 335 3164 inparis
350 3102 413 3166 (om.
427 3103 555 3164 arauris)
572 3103 599 3154 t..
615 3131 644 3140 -
662 3103 701 3153 tt.
714 3116 764 3154 noa
779 3103 887 3152 restituis
899 3099 935 3160 tu
953 3103 1080 3152 restituere
1096 3115 1146 3150 non
1162 3098 1255 3150 moedis
1268 3099 1296 3148 L.
1316 3099 1375 3162 (nan
1390 3102 1502 3154 restitues
1517 3107 1560 3155 est

238 3175 291 3226 iem
308 3177 334 3227 tn
351 3175 462 3238 Aldina.)
479 3178 507 3228 tn
525 3178 544 3228 T
561 3177 628 3228 haec
645 3176 726 3228 verbe
745 3178 839 3228 deesse
856 3177 992 3234 videntum
1016 3173 1111 3224 tineam
1135 3175 1204 3224 enim
1222 3173 1252 3223 iis
1269 3172 1394 3224 subduxit
1410 3175 1558 3229 Hartesstus

238 3264 326 3316 neque
348 3253 491 3316 quidquam
513 3252 539 3303 tn
561 3255 679 3317 margine
697 3253 843 3318 adscripsit.
870 3279 896 3287 -
922 3253 948 3300 tt
970 3265 1029 3315 sqq.
1048 3251 1113 3301 turis
1128 3251 1188 3298 boec
1203 3263 1254 3298 aas
1269 3252 1304 3297 est
1315 3273 1352 3285 --
1363 3249 1402 3298 ius
1418 3263 1489 3302 omne
1504 3257 1559 3303 tor-

238 3327 317 3389 pueri.
346 3327 392 3377 Vos
407 3327 519 3388 statuite,
536 3335 722 3390 recuperatores
738 3329 882 3390 Madvigius
899 3326 942 3390 (od
960 3328 1014 3377 Cio.
1034 3325 1067 3375 de
1086 3327 1138 3376 tin.
1157 3338 1183 3388 p.
1204 3323 1314 3383 xerat:
1338 3327 1366 3372 tu
1385 3339 1425 3376 res
1445 3327 1467 3375 si
1484 3341 1560 3390 epuos

237 3406 314 3452 rustes
335 3401 356 3450 si
377 3402 430 3452 uim
449 3417 499 3452 nou
522 3403 548 3453 in
564 3405 621 3453 esde
636 3404 715 3453 sotum
730 3405 863 3454 sedetiam
878 3405 906 3454 in
922 3405 1006 3453 auimo
1023 3403 1130 3452 libidinis
1144 3402 1194 3450 nisi
1211 3413 1286 3450 uuor
1302 3405 1426 3462 appareat
1440 3401 1493 3451 uim
1508 3416 1559 3452 non

237 3490 287 3528 esse
301 3477 396 3539 sactum
411 3477 502 3527 inieris
517 3478 631 3528 detiotum
647 3492 696 3528 esse
712 3481 754 3540 pui
768 3479 904 3542 prohibitus
921 3479 952 3527 sit
969 3477 1075 3528 tibidinis
1091 3477 1139 3525 uisi
1155 3490 1188 3526 aa
1198 3489 1226 3525 eo
1242 3475 1294 3524 toea
1310 3475 1353 3524 ubi
1367 3476 1498 3540 uestiptunr
1508 3477 1558 3528 un-

234 3552 352 3614 prssserit
368 3552 439 3602 deiici
455 3551 527 3615 (deici
541 3551 574 3617 V)
591 3553 712 3602 nnnineu
724 3566 796 3615 posse
812 3555 876 3604 iuris
891 3554 979 3602 retinet
995 3552 1139 3602 sententiam
1154 3555 1177 3600 st
1194 3550 1344 3611 sepuitorem
1357 3551 1494 3614 pissimum
1508 3565 1558 3602 sra-

238 3629 288 3678 tere
307 3632 420 3690 oportere
441 3628 547 3677 tibidiuis
566 3630 642 3679 uerbo
658 3641 689 3680 ae
711 3630 795 3679 tittera
810 3630 850 3678 ius
866 3643 937 3679 omne
957 3627 1067 3690 torqueri
1087 3639 1132 3676 uos
1147 3629 1246 3676 statuite
1262 3632 1449 3688 recuperatores
1464 3627 1514 3678 EV
1532 3631 1559 3678 et

238 3705 269 3762 A,
288 3703 383 3752 ceteris
400 3701 535 3754 codicibus
552 3703 607 3753 tere
625 3702 866 3763 consuetissimum
885 3705 913 3754 Si
927 3716 970 3753 aas
980 3704 1025 3753 boc
1035 3703 1185 3764 statueritis,
1203 3701 1314 3751 statuetis
1327 3702 1558 3754 uimesseincaede

238 3777 330 3836 sotum,
351 3791 401 3827 non
417 3778 444 3827 iu
460 3779 544 3828 animo
561 3784 584 3828 et
599 3778 713 3828 tibidine:
736 3779 784 3828 nisi
800 3793 876 3829 uuor
893 3785 1028 3841 appareat,
1053 3779 1105 3828 cim
1121 3791 1170 3826 nors
1186 3789 1236 3826 esse
1250 3777 1358 3839 sactum,
1380 3778 1423 3826 sed
1438 3777 1558 3828 iniuriam

240 3857 338 3903 mutum
354 3852 389 3914 ei,
415 3853 459 3914 put
477 3853 615 3915 prohibitus
635 3857 683 3904 sit:
708 3856 757 3906 nisi
776 3869 808 3905 aa
830 3869 858 3904 eo
874 3856 939 3914 ioco,
965 3854 1007 3904 ubi
1022 3854 1151 3916 vestipium
1166 3853 1328 3914 impresserit,
1352 3853 1424 3903 deiim
1438 3854 1558 3904 nnninem

237 3940 315 3988 posse.
346 3927 411 3976 turis
428 3927 507 3992 ipitur
526 3929 632 3980 retinere
652 3930 796 3980 senteutiam
812 3937 835 3980 et
851 3931 1002 3989 sepuitorem
1015 3927 1153 3989 pissimum
1168 3927 1264 3988 cratere,
1290 3940 1325 3976 an
1340 3926 1413 3978 uerbo
1429 3942 1460 3978 aa
1475 3929 1559 3980 tittera

240 4004 279 4051 ius
295 4015 366 4052 omne
382 4005 507 4064 torqueri,
524 4017 568 4054 uos
583 4009 691 4054 statuere
706 4011 892 4066 recuperatores
908 4007 1002 4065 oportet
1020 4005 1050 4060 t.;
1069 4008 1121 4052 tum
1137 4002 1273 4052 statueritis
1287 4001 1338 4052 uim
1348 4003 1374 4052 in
1385 4004 1459 4054 caede
1469 4005 1556 4066 sotum,

239 4091 290 4128 nou
306 4079 381 4128 etiam
396 4078 423 4127 in
439 4079 540 4128 onmia:
557 4079 606 4128 nisi
621 4093 697 4129 cruor
713 4077 850 4142 appareat,
866 4080 918 4128 uim
934 4093 984 4127 non
1001 4089 1049 4127 esse
1065 4078 1176 4139 sectam:
1200 4077 1354 4128 iniuriarum
1370 4078 1483 4128 demina
1499 4091 1557 4138 esse,

242 4153 285 4216 pai
298 4153 436 4215 probibitus
451 4154 496 4214 sit,
520 4154 569 4202 nisi
585 4167 618 4203 en
634 4168 662 4204 eo
679 4154 744 4212 ioco,
767 4155 810 4204 ubi
829 4156 958 4216 oeuipimn
977 4153 1139 4214 impresserit,
1164 4151 1234 4202 deimi
1254 4152 1376 4202 neminen
1389 4166 1467 4214 posse.
1494 4155 1560 4204 turis

240 4229 319 4292 ipitar
334 4227 437 4278 retineri
452 4230 610 4290 senteutiam,
629 4235 652 4278 et
668 4231 817 4292 asperitatem
829 4231 967 4292 plurimum
982 4227 1066 4278 catere
1082 4233 1211 4288 oportere:
1237 4241 1271 4276 an
1286 4227 1360 4277 corbo
1375 4241 1407 4278 ac
1422 4225 1505 4278 littera
1519 4229 1559 4278 ias

241 4317 313 4354 mnne
328 4305 457 4366 torpueri:
479 4317 524 4354 eos
539 4306 651 4368 uetuite,
672 4310 858 4367 recupsrmores
874 4305 905 4363 b,
930 4309 981 4354 tum
1002 4303 1042 4352 ius
1058 4307 1081 4352 et
1097 4315 1204 4364 cepuum
1218 4315 1262 4352 uos
1276 4303 1388 4352 statuetis
1402 4315 1452 4354 esse
1465 4303 1517 4356 aun
1532 4305 1559 4354 in

240 4381 314 4430 caede
329 4381 409 4428 sotem
425 4392 486 4440 esse,
504 4393 554 4428 nou
570 4381 645 4430 etiam
662 4381 689 4430 in
705 4382 789 4432 animo
801 4385 823 4430 et
838 4379 952 4437 libidine·
968 4379 1017 4428 nisi
1030 4393 1105 4428 cruor
1116 4385 1253 4440 appareat,
1269 4379 1320 4428 ann
1330 4381 1557 4442 consociantem

240 4453 336 4502 iniuria
351 4465 408 4502 erere
424 4454 473 4503 dici
489 4455 607 4505 deuotum
623 4469 684 4517 esse,
703 4457 746 4518 pui
759 4455 896 4518 prohibitas
911 4456 955 4514 sit;
972 4453 1020 4502 nisi
1036 4465 1068 4502 ea
1078 4465 1106 4502 eo
1122 4452 1189 4512 ioco,
1207 4452 1249 4501 ubi
1258 4453 1388 4516 oestipinm
1397 4453 1557 4516 impresserit,

241 4527 312 4578 dubi
327 4528 448 4578 mnam
461 4542 540 4591 posse.
565 4531 631 4580 turis
645 4531 723 4594 ipitur
738 4531 839 4580 retineri
854 4530 1012 4588 sententiam,
1030 4532 1053 4576 et
1069 4528 1219 4588 asperitatem
1232 4528 1370 4588 plurimum
1383 4529 1467 4578 catere
1482 4543 1560 4590 opor-

241 4609 305 4662 tere;
327 4617 360 4652 an
379 4603 453 4652 uerbo
476 4617 507 4652 ae
523 4604 651 4654 literatus
666 4618 737 4654 omne
753 4603 877 4667 torpueri‚
902 4617 946 4653 eos
960 4604 1073 4664 statuim,
1098 4607 1284 4664 recuperatores
1307 4615 1368 4652 cum
1389 4603 1510 4654 Schtttmo
1527 4604 1556 4655 0.

214 4701 217 4712 ·
242 4680 397 4729 Ceterorum
411 4681 560 4730 commenta
577 4681 671 4731 afferre
690 4679 752 4732 nihit
769 4681 872 4741 attinet,
891 4691 952 4728 cum
970 4680 995 4728 tu
1013 4675 1147 4742 praeclara
1159 4677 1278 4740 Madvigii
1291 4677 1440 4728 coniectura
1451 4681 1559 4744 paucis·

242 4756 308 4805 sima
325 4754 423 4804 incerta
442 4753 501 4804 sint.
517 4763 550 4791 -’
564 4757 603 4805 tt.
616 4755 682 4806 tuuis
697 4756 786 4806 emticet
802 4755 861 4804 baec
876 4767 927 4802 ooo
937 4759 972 4802 est
983 4752 1048 4802 Lod.
1062 4755 1147 4802 tanus.
1166 4751 1228 4816 (Get.
1241 4755 1303 4803 Ans.
1317 4753 1342 4802 d.
1354 4753 1379 4803 tr.
1392 4753 1464 4816 dapr.
1477 4755 1555 4806 esau.

243 4829 314 4881 rste.
334 4831 364 4880 N.
377 4827 446 4890 ess.)
464 4855 491 4866 -
511 4829 550 4882 u.
568 4832 728 4894 impresserit]
743 4831 785 4880 ira
798 4830 1002 4892 presserithda
1013 4828 1129 4892 mpqt;
1147 4826 1185 4878 ἰια
1199 4829 1314 4890 presserit
1331 4825 1428 4888 neap
1444 4829 1471 4880 et
1486 4831 1516 4878 A.
1529 4855 1556 4864 -·

241 4920 295 4957 rem
311 4911 334 4956 et
349 4904 461 4970 Spengel
478 4903 572 4968 (Pbitoi.
590 4905 766 4958 Schneidewin.
779 4907 810 4956 tt.
829 4918 855 4969 p.
868 4905 925 4954 296.
937 4901 995 4954 cott.
1014 4903 1038 4966 5.
1057 4903 1097 4951 us.
1116 4903 1156 4952 st.
1172 4902 1235 4966 stt:
1253 4906 1342 4954 retinet
1357 4903 1427 4954 Eeb
1438 4905 1559 4968 ekmpt

242 4978 290 5041 αβ
307 4983 333 5031 et
350 4984 385 5038 A;
402 4979 508 5030 retinere
525 4992 556 5043 q3
574 4981 676 5031 retineri
691 4979 773 5032 Aio.
792 4981 830 5031 Ci.
845 4981 922 5030 etiam
940 4979 963 5042 5.
977 4980 1031 5029 50.:
1049 4979 1180 5028 strddtiam
1194 4979 1346 5043 stamma
1358 4979 1513 5043 putabimus,
1531 4979 1559 5030 in

241 5055 373 5108 cerionem
388 5056 597 5123 praesensere,
614 5067 669 5106 rem
685 5061 707 5110 et
723 5067 826 5108 mersam
843 5059 866 5106 et
880 5054 1011 5109 uticum
1021 5078 1036 5090 -
1045 5080 1061 5092 -
1068 5055 1183 5118 predere.
