3648 5888
249 315 292 384 86
559 313 712 382 ouluo
733 311 813 381 PRO
834 313 875 392 Q.
895 311 1043 378 ROSCIO
1067 309 1264 378 COMOEDO

247 487 411 571 indignius
444 492 551 570 potest
582 485 656 550 dici.
694 485 825 562 ,Quaero
855 483 956 558 enim,
989 481 1171 566 potueritne
1199 481 1333 546 Roscius
1358 501 1399 545 ex
1420 479 1574 546 societate

248 602 339 648 suam
360 587 483 668 partem
505 586 614 665 petere
635 581 757 644 neone?
790 579 823 642 si
845 597 911 640 non
932 576 1054 660 potuit,
1078 575 1345 660 quemadmodum
1366 575 1518 642 abstulit?
1543 575 1572 638 si

247 677 369 761 potuit,
398 674 668 760 quemadmodum
693 695 759 738 non
786 672 846 737 sihi
872 671 998 753 exegit?
1031 671 1110 733 Nam
1132 669 1221 755 quod
1243 670 1304 734 sibi
1325 672 1460 754 petitur,
1488 678 1573 736 corte

247 770 339 834 alteri
360 790 426 834 non
448 770 595 853 exigitur.
638 766 689 832 53.
709 770 758 832 An
780 768 825 831 ita
847 768 920 830 est?
943 764 969 828 si
992 763 1079 848 quod
1100 764 1268 829 universae
1283 766 1445 830 societatis
1459 765 1573 830 luisset

223 877 239 924 s
246 865 395 950 petisset,
424 865 511 948 quod
540 871 608 927 tum
629 865 791 928 redactum
814 868 898 925 esset
918 859 1094 944 aequaliter
1116 880 1225 924 omnes
1247 862 1454 944 partirentur:
1486 880 1572 924 nunc

247 978 320 1022 cum
347 958 477 1043 petierit
503 956 591 1043 quod
621 977 698 1021 suae
727 957 826 1041 partis
856 959 956 1028 esset,
987 972 1053 1017 non
1075 955 1163 1039 quod
1185 962 1253 1018 tum
1275 955 1405 1020 abstulit
1427 954 1487 1020 soli
1509 955 1571 1019 sibi

246 1054 375 1137 exegit?
418 1051 532 1122 xvlls
556 1051 641 1128 Quid
662 1053 794 1115 interest
809 1051 892 1114 inter
907 1068 998 1122 eum,
1023 1049 1078 1132 qui
1100 1069 1158 1132 per
1176 1069 1209 1114 se
1224 1050 1345 1134 litigat,
1371 1057 1403 1114 ct
1418 1071 1500 1125 eum,
1516 1051 1572 1134 qui

246 1148 391 1231 cognitor
412 1153 461 1210 est
484 1143 598 1210 datus?
628 1145 692 1221 Qui
713 1165 771 1229 per
793 1165 827 1209 se
849 1145 937 1208 litem
960 1149 1168 1219 contestatur,
1192 1145 1253 1208 sibi
1275 1144 1336 1208 soli
1358 1145 1458 1228 petit:
1480 1144 1571 1208 alteri

245 1262 340 1308 nemo
362 1247 485 1326 potest,
506 1239 568 1304 nisi
593 1238 649 1324 qui
672 1239 818 1322 cognitor
839 1245 887 1302 est
909 1237 1021 1300 lactus.
1055 1237 1144 1301 Itane
1159 1242 1255 1302 vorot
1287 1238 1439 1322 Cognitor
1453 1238 1480 1302 si
1493 1237 1572 1302 luis-

209 1349 236 1396 to
246 1343 295 1400 set
316 1342 389 1399 tuus
396 1380 407 1410 ‚
438 1335 525 1419 quod
546 1334 675 1398 vicisset
702 1333 823 1397 iudicio
845 1332 944 1395 ferres
966 1339 1065 1396 tuum.
1105 1333 1171 1396 Suo
1193 1334 1322 1398 nomine
1344 1334 1454 1417 petiit:
1484 1333 1571 1419 quod

245 1430 377 1494 abstulit
397 1429 474 1504 sihi,
496 1447 563 1492 non
585 1428 642 1490 tibi
665 1427 780 1511 exegit
815 1423 866 1490 st.
889 1426 984 1502 Quod
999 1427 1026 1489 si
1042 1427 1212 1511 quisquam
1226 1435 1335 1510 petere
1350 1435 1457 1513 potest
1471 1428 1571 1504 alteri,

245 1524 302 1610 qui
324 1522 469 1605 cognitor
490 1542 555 1586 non
578 1529 627 1585 est
646 1521 765 1596 lactus,
789 1540 924 1605 quaero,
957 1520 1035 1604 quid
1058 1521 1115 1595 ita,
1139 1543 1210 1584 curu
1232 1524 1396 1606 Panurgus
1419 1530 1504 1594 esset
1523 1523 1572 1585 in·

244 1617 394 1682 terfectus
423 1624 455 1681 et
479 1617 520 1680 lis
550 1622 726 1680 contestata
756 1637 828 1678 cum
856 1613 965 1677 Flavio
996 1615 1101 1677 damni
1124 1615 1240 1680 iniuria
1262 1624 1361 1692 esset,
1389 1622 1424 1679 tu
1446 1615 1480 1678 in
1502 1634 1571 1678 eam

243 1711 332 1774 litem
355 1711 502 1794 cognitor
522 1710 629 1773 Roscii
652 1710 695 1772 sis
717 1709 835 1772 factus:
860 1730 930 1772 cum
952 1709 1138 1791 praesertim
1160 1730 1201 1772 ex
1215 1719 1270 1774 tua
1285 1711 1446 1785 oratione,
1471 1709 1572 1793 quod-

207 1819 381 1888 ttcumque
403 1805 461 1867 tibi
482 1811 624 1888 peteres,
645 1803 721 1866 huic
742 1812 878 1889 peteres,
899 1803 1123 1887 quodcumque
1146 1804 1203 1866 tibi
1226 1806 1388 1888 exigeres,
1409 1805 1443 1866 id
1464 1804 1498 1866 ia
1520 1822 1572 1866 so·

244 1900 390 1962 cietatem
422 1899 588 1963 recideret.
633 1898 728 1974 Quod
756 1899 783 1962 si
813 1899 852 1962 ad
876 1898 1026 1960 Roscium
1054 1897 1133 1960 nihil
1156 1900 1353 1982 perveniret,
1387 1901 1474 1984 quod
1498 1906 1571 1962 tua

243 1993 351 2056 Flavio
373 1993 577 2067 abstulisses,
600 1993 661 2056 nisi
684 1999 715 2056 te
738 1992 772 2055 in
794 2013 884 2055 suam
905 1992 994 2056 litem
1009 1992 1151 2057 dedisset
1164 1995 1376 2077 cognitorem,
1399 1994 1439 2057 ad
1454 2001 1485 2057 te
1500 2013 1572 2078 per·

242 2088 351 2150 venire
373 2087 455 2150 nihil
477 2087 588 2161 dehet,
619 2086 706 2171 qnod
734 2087 868 2152 Roscius
897 2105 955 2170 pro
977 2105 1035 2148 sua
1056 2094 1145 2168 parte
1169 2088 1292 2172 exegit,
1324 2089 1474 2173 quoniam
1497 2095 1571 2150 tuus

244 2180 390 2263 cognitor
417 2200 484 2243 nou
512 2186 562 2242 est
588 2179 700 2243 lactus.
745 2178 795 2242 55.
824 2180 909 2255 Quid
938 2181 1023 2242 enim
1051 2180 1127 2243 huic
1149 2182 1195 2244 rei
1218 2183 1411 2265 respondere
1433 2181 1571 2263 poteris,

205 2273 367 2338 aoFannil
404 2274 482 2337 Cum
505 2275 544 2337 de
567 2293 625 2338 sua
646 2281 736 2357 parte
757 2276 892 2338 Roscius
915 2274 1068 2356 transegit
1089 2295 1160 2337 oum
1182 2276 1311 2350 Flavio,
1331 2278 1491 2339 actionem
1513 2276 1571 2339 tihi

243 2377 331 2433 tuam
352 2368 483 2453 reliquit
504 2389 545 2432 an
567 2372 656 2432 non?
691 2369 724 2432 Si
746 2389 811 2432 non
833 2369 979 2452 reliquit,
1009 2369 1277 2451 quemadmodum
1299 2370 1359 2434 HS
1382 2389 1510 2431 cccrooo
1532 2371 1572 2432 ab

244 2482 283 2526 eo
305 2470 418 2546 postea
440 2461 597 2545 exegisti?
620 2463 646 2524 si
668 2463 814 2547 reliquit,
838 2462 916 2546 quid
938 2461 977 2525 ab
999 2462 1061 2524 hoc
1080 2463 1178 2544 petis,
1202 2464 1288 2546 quod
1303 2484 1361 2546 per
1376 2470 1407 2526 tc
1421 2463 1571 2546 persequi

244 2563 277 2621 et
297 2565 406 2641 petere
428 2555 546 2620 dches‘l
580 2557 747 2622 Simillima
761 2557 846 2621 onim
870 2564 901 2619 et
922 2556 1059 2619 maxime
1081 2557 1207 2638 gemina
1228 2558 1363 2620 societas
1384 2558 1571 2622 hereditatis

245 2658 302 2716 est.
347 2651 622 2727 Quemadmodum
644 2653 750 2715 socius
773 2651 806 2714 in
829 2649 979 2714 societate
1001 2649 1098 2713 hahet
1118 2658 1258 2733 partem,
1280 2653 1326 2714 sic
1347 2652 1440 2717 heres
1462 2655 1495 2716 in
1515 2653 1571 2716 lae·

207 2746 379 2809 atreditate
403 2744 498 2807 hahet
525 2753 658 2828 partem.
703 2746 742 2808 Ut
769 2744 862 2808 heres
885 2743 945 2807 sibi
973 2744 1049 2818 soli,
1079 2765 1144 2807 nou
1166 2745 1376 2808 coheredibus
1398 2749 1495 2831 petit,
1524 2749 1571 2812 sic

245 2840 352 2905 socius
383 2839 443 2904 sibi
472 2839 549 2914 soli,
580 2859 645 2902 non
675 2840 770 2902 sociis
799 2838 893 2921 petit3
928 2845 960 2902 et
986 2839 1254 2922 quemadmodum
1277 2847 1411 2924 uterque
1432 2862 1490 2925 pro
1514 2863 1572 2906 sua

244 2941 335 3020 parte
356 2934 451 3019 petit,
474 2933 519 2996 sic
540 2953 599 3018 pro
622 2953 680 2996 sua
701 2939 790 3016 parte
813 2933 973 2996 dissolvit:
1003 2932 1095 2996 heres
1118 2954 1159 2996 ex
1180 2954 1238 2999 sua
1259 2942 1366 3019 parte,
1396 2953 1460 3018 qua
1480 2933 1571 2998 here·

245 3028 377 3092 ditatem
399 3027 493 3102 adiit,
522 3028 628 3090 socius
651 3047 692 3090 ex
714 3047 767 3102 ea,
797 3046 860 3110 qua
882 3027 1066 3090 societatem
1089 3028 1176 3090 coiit.
1220 3026 1271 3090 56.
1295 3029 1571 3104 Quemadmodum

245 3141 335 3184 suam
361 3127 483 3208 partem
511 3122 646 3184 Roscius
668 3140 726 3184 suo
749 3121 877 3184 nomine
900 3120 1081 3185 condonare
1103 3124 1209 3204 potuit
1229 3124 1357 3198 Flavio,
1388 3133 1424 3188 ut
1444 3143 1514 3187 eam
1535 3130 1571 3186 tu

207 3231 311 3279 aunon
332 3224 475 3299 peteres:
506 3215 574 3292 sio,
592 3235 663 3278 oum
686 3213 793 3297 exegit
815 3233 905 3277 suam
927 3222 1050 3296 partem
1072 3223 1104 3278 et
1125 3217 1183 3279 tihi
1205 3218 1360 3301 integram
1382 3218 1572 3303 petitionem

245 3309 392 3394 reliquit,
414 3314 519 3372 tecum
540 3310 652 3392 partiri
668 3329 733 3372 non
748 3309 856 3384 debet,
879 3309 939 3371 nisi
957 3309 1038 3371 forte
1054 3315 1088 3371 tu
1103 3329 1253 3391 perverso
1268 3331 1356 3374 more
1374 3312 1461 3396 quod
1476 3311 1571 3375 huius

246 3409 295 3467 est
314 3402 354 3466 ab
376 3402 439 3466 alio
462 3411 655 3488 extorquere
677 3424 741 3466 non
763 3411 870 3487 potes,
898 3402 974 3466 huic
1003 3403 1125 3486 eripere
1155 3411 1256 3486 potes.
1301 3406 1423 3470 Perstat
1443 3406 1477 3470 in
1500 3425 1572 3468 sen-

245 3497 346 3560 tentia
367 3497 528 3573 Saturius,
551 3499 776 3581 quodcumque
799 3498 858 3560 sibi
880 3504 968 3580 petat
991 3498 1113 3572 socius,
1136 3499 1168 3560 id
1191 3499 1352 3562 societatis
1374 3495 1452 3562 fieri.
1476 3498 1571 3574 Quod

246 3589 273 3653 si
296 3591 340 3653 ita
362 3597 423 3667 est,
447 3612 520 3676 qua,
543 3592 675 3667 malum,
698 3592 832 3655 stultitia
846 3592 907 3655 fuit
920 3593 1063 3666 Roscius,
1083 3593 1139 3676 qui
1155 3613 1195 3657 ex
1209 3593 1289 3656 iuris
1304 3593 1479 3676 peritorum
1495 3611 1571 3656 eon-

208 3682 319 3749 assillo
343 3691 374 3746 et
394 3685 582 3749 auctoritate
604 3686 846 3769 restipularetur
866 3707 885 3748 a
906 3688 1027 3749 Fannio
1050 3686 1234 3768 diligenter,
1264 3693 1314 3764 ut,
1338 3689 1425 3772 quod
1447 3688 1473 3750 is
1497 3707 1571 3751 exe-

246 3778 345 3861 gisset
365 3797 384 3841 a
404 3779 530 3854 Flavio,
559 3780 723 3843 dimidiam
745 3787 867 3863 partem
889 3781 949 3844 sibi
972 3781 1174 3858 dissolveret,
1203 3783 1230 3844 si
1254 3782 1383 3867 quidem
1405 3782 1475 3846 sine
1496 3801 1571 3845 cau-

312 4053 337 4104 2.
356 4051 562 4116 quanmdsnodom
578 4047 700 4099 detulit?
716 4049 832 4111 ss'potutt
849 4062 901 4099 om.
920 4047 981 4110 βΜ.
1003 4078 1030 4088 -
1050 4049 1073 4101 l.
1092 4049 1114 4098 εἰ
1130 4049 1204 4115 qaod]
1221 4049 1243 4099 st
1261 4051 1320 4112 quid
1336 4051 1424 4100 aGA.
1440 4077 1467 4086 -
1486 4051 1510 4100 s.
1527 4063 1570 4113 pc·

246 4129 322 4180 ts's'sset
338 4131 368 4179 Α.
389 4154 417 4164 -
435 4127 496 4188 tum]
514 4138 571 4176 cum
587 4122 735 4186 αβθΜΑ.
762 4125 919 4176 Emendavit
935 4127 1073 4178 Manutius.
1094 4153 1121 4162 -
1140 4125 1276 4191 reductum]
1302 4131 1419 4176 ecoctam
1436 4139 1498 4176 oum
1515 4127 1571 4177 lla-

247 4203 320 4254 nutlo
336 4203 364 4252 L.
386 4229 413 4238 -
431 4215 509 4264 conc,
533 4200 597 4266 cum]
620 4201 741 4263 numquid
760 4197 908 4261 αβθΜΑ.
936 4201 1091 4252 Emendavit
1111 4203 1251 4254 Manutius.
1272 4230 1299 4238 -
1326 4202 1350 4252 6.
1369 4216 1419 4252 sos
1436 4203 1502 4263 quod
1518 4207 1571 4252 tuto

247 4279 362 4328 Reuatus
376 4275 524 4329 Marchalus
535 4289 541 4325 :
557 4277 680 4339 numquid
695 4289 752 4326 cum
768 4291 788 4326 α
796 4274 817 4336 β
825 4279 846 4326 G
854 4278 880 4328 Μ
887 4279 922 4336 ll,
940 4291 991 4327 ooo
1007 4278 1073 4340 quod
1088 4291 1150 4328 cum
1161 4277 1276 4328 Manutlo
1293 4277 1378 4331 Lth.
1393 4306 1420 4315 —
1439 4279 1463 4328 7.
1479 4291 1527 4341 per
1537 4279 1570 4340 se]

247 4352 375 4405 lambino
391 4351 435 4402 hic
452 4355 479 4402 et
495 4364 557 4402 mox
573 4350 715 4415 legendum
731 4351 872 4402 videbatur
884 4366 933 4414 pro
950 4365 1014 4402 sc.-
1034 4357 1056 4402 ct
1072 4365 1128 4402 acm
1141 4353 1213 4414 qutG
1230 4353 1314 4414 tutort.
1334 4358 1357 4403 ct
1373 4366 1430 4403 cum
1446 4354 1503 4414 qul·
1516 4365 1569 4415 mg.

167 4424 170 4431 '
247 4427 287 4490 ἓν
305 4433 328 4479 et
339 4429 382 4489 oct
394 4427 495 4482 tuac.
510 4454 537 4464 -
550 4428 679 4492 cognitori
691 4429 734 4477 dot
745 4423 796 4488 αβ,
810 4428 961 4490 cognitorum
971 4429 1015 4477 dot
1027 4429 1110 4477 Gall.
1130 4426 1286 4478 Emendavlt
1297 4427 1435 4478 llaoutlus.
1449 4427 1572 4492 (coguitor

247 4505 321 4555 dotcss
336 4515 390 4553 om.
403 4508 438 4552 est
453 4501 567 4555 Klotztus
584 4504 627 4554 ed.
641 4503 694 4566 alt.)
710 4532 736 4540 —
755 4504 779 4555 8.
791 4503 837 4553 soli
852 4503 898 4552 sibl
908 4518 936 4552 α.
952 4530 978 4539 -
998 4504 1021 4553 9.
1035 4503 1167 4566 cognitore
1179 4503 1261 4564 factos
1276 4500 1305 4562 β,
1323 4503 1475 4567 cognitorem
1490 4502 1572 4565 [σακε

247 4582 281 4634 ll.
303 4607 330 4617 -
349 4579 389 4630 lO.
407 4584 486 4628 taum.
505 4592 562 4630 cum
576 4594 621 4630 suo
638 4581 666 4630 L.
687 4608 714 4617 -
729 4581 792 4643 petit
809 4579 898 4628 aGM.
914 4605 941 4614 -
962 4577 1001 4628 tt.
1020 4577 1076 4638 slot,
1094 4592 1145 4628 coo
1161 4577 1206 4626 sibi
1223 4576 1326 4640 caepit?
1344 4591 1406 4628 cum
1424 4567 1570 4628 liotoniano

247 4657 276 4707 1..
291 4683 319 4692 —
337 4655 417 4718 aclgit
432 4651 494 4714 βΜ.
514 4681 542 4690 -
561 4655 601 4704 43.
620 4660 648 4704 tu
663 4655 698 4714 tn]
717 4660 770 4705 tum
787 4657 821 4712 G,
839 4659 892 4702 acm
908 4653 934 4701 tu
950 4650 1012 4714 prr.
1033 4680 1060 4688 —
1079 4653 1119 4702 ts.
1138 4652 1195 4700 huic
1208 4657 1303 4714 potores
1320 4666 1373 4704 om.
1392 4653 1418 4704 M
1436 4656 1462 4703 et
1479 4666 1570 4703 errore

248 4735 351 4797 typogr.
370 4728 397 4783 2.
418 4758 445 4768 —
463 4729 505 4780 2⁴.
523 4729 601 4793 tuom]
614 4734 659 4780 tuo
668 4728 696 4790 β.
713 4758 740 4768 -
759 4731 800 4781 22.
813 4743 841 4780 co
853 4729 878 4780 in
890 4727 966 4778 litura
977 4742 1005 4778 α.
1019 4757 1045 4765 -
1059 4729 1104 4778 hoc
1121 4728 1146 4778 tn
1158 4726 1235 4777 litura
1246 4743 1274 4778 α.
1287 4755 1314 4764 -
1327 4729 1368 4779 23.
1382 4727 1479 4778 delores
1490 4740 1571 4778 manu

247 4807 333 4872 prima
344 4819 373 4856 α.
388 4832 415 4842 -
434 4805 474 4855 27.
493 4804 569 4870 Mes]
587 4805 667 4855 clares
683 4803 711 4867 β.
732 4832 759 4841 -
777 4805 911 4856 hereditate
926 4804 955 4866 β.
971 4833 998 4842 -
1016 4805 1057 4856 28.
1076 4805 1191 4854 soctetoto
1202 4802 1231 4864 β.
1245 4832 1272 4842 -
1292 4803 1332 4854 33.
1350 4804 1438 4869 accim]
1454 4803 1529 4855 soltus
1539 4817 1568 4854 α.

251 4908 277 4918 -
296 4880 337 4932 34.
356 4893 418 4943 qsto,
435 4879 540 4942 moltam
557 4881 662 4930 stultitia
676 4881 724 4944 fult
741 4883 849 4944 Roscios,
867 4883 987 4944 quicum
1003 4881 1117 4932 Manutlo
1129 4881 1163 4930 0:
1182 4893 1255 4944 quae,
1270 4875 1570 4944 matrimonialium?

248 4959 348 5010 Roscius
364 4958 407 5021 qut
422 4956 580 5024 cocula,
598 4971 677 5020 ptos,
700 4958 806 5020 molum
824 4959 928 5008 cantito
945 4958 995 5022 suit
1009 4957 1103 5017 Roscii,
1122 4957 1165 5019 qut
1181 4957 1209 5008 l..
1230 4984 1257 4995 -
1276 4955 1316 5008 36.
1334 4956 1364 5023 ts]
1381 4957 1433 5007 aas
1448 4953 1566 5017 uuus.

251 5059 278 5072 -
297 5034 338 5087 36.
356 5031 494 5100 dimidium]
512 5033 561 5084 ul..
579 5032 632 5084 etas
647 5032 724 5084 dim.»
741 5045 794 5098 mg.
812 5031 839 5089 2.
859 5058 887 5070 -
910 5032 1039 5086 dissolvere
1055 5033 1147 5088 aaut.
