3578 5862
11 603 70 1250 5:51213

10 1299 58 1462 ῖς.»-

8 2055 45 2118 ff-
8 1861 49 2022 5²2·
9 1759 50 1828 8*
9 1567 53 1732 §af
16 1493 54 1540 ι..

6 2730 29 2834 'l

11 2835 29 2887 c

5 2931 27 2985 e

5 3037 27 3080 'e

5 3135 26 3272 l

5 3323 26 3656 w-fiss

5 3788 20 3941 x*

487 463 560 529 cn.
581 462 863 532 cxvr-nxvu
891 461 948 548 ss.
971 459 1159 531 rsa-rsa.
1429 458 1491 526 sor

165 635 302 702 nefarias
323 637 433 718 generi
453 634 595 718 nuptias,
616 635 706 698 mitto
728 635 901 719 cupiditate
923 637 1032 700 matris
1054 636 1220 719 expulsam
1235 657 1276 700 ex
1290 635 1491 700 matrimonio

163 728 280 796 filiam:
310 749 391 814 quae
412 728 555 794 nondum
576 729 615 792 ad
636 728 768 792 huiusce
790 731 873 792 vitae
894 729 1087 811 periculum,
1117 729 1172 794 sed
1194 730 1234 793 ad
1257 749 1424 794 commune
1445 729 1492 794 fa-

164 824 272 888 miliae
294 823 431 888 dedecus
452 823 662 906 pertinebant.
698 823 784 886 Nibil
813 823 852 886 de
883 823 990 887 alteris
1014 823 1182 906 Oppianici
1212 825 1333 907 nuptiis
1355 844 1491 907 querort

166 939 302 1003 quaram
323 918 379 982 illa
400 939 473 982 cum
495 917 622 981 obsides
643 914 726 981 filios
748 919 787 980 ab
818 937 856 980 eo
879 925 1022 980 mortuos
1044 919 1234 1000 accepisset,
1263 925 1330 980 tum
1352 916 1491 1002 denique

162 1013 198 1076 in
218 1012 357 1076 familiae
378 1012 498 1076 luctam
519 1018 614 1094 atque
636 1013 669 1075 in
692 1011 907 1094 privignorum
928 1010 1024 1073 sunus
1045 1012 1163 1094 nupsit.
1200 1014 1380 1085 Praetereo,
1403 1008 1515 1093 quoda

161 1108 201 1172 A.
225 1106 375 1179 Aurium,
403 1107 493 1170 cuius
519 1105 574 1169 illa
598 1106 759 1191 quondam
789 1125 915 1178 socrus,
945 1104 1041 1188 paulo
1064 1111 1137 1168 ante
1160 1125 1242 1168 uxor
1262 1104 1390 1179 luisset,
1419 1122 1491 1166 cum

163 1199 330 1284 Oppianici
360 1220 430 1268 esse
459 1220 555 1284 opera
584 1200 794 1284 proscriptum
824 1199 1028 1280 occisumque
1050 1206 1232 1281 cognosset,
1262 1219 1330 1263 eam
1352 1197 1413 1261 sibi
1435 1197 1492 1260 do·

162 1315 251 1357 mum
271 1292 443 1377 sedemque
466 1292 600 1377 delegit,
622 1295 656 1357 in
678 1313 741 1377 qua
761 1293 904 1377 quotidie
926 1293 1100 1376 superioris
1115 1293 1177 1356 viri
1198 1293 1309 1356 mortis
1330 1291 1447 1356 indicia
1461 1299 1494 1356 ot

163 1386 268 1470 spolia
295 1386 491 1451 fortunarum
520 1386 652 1452 rideret.
697 1383 768 1450 489.
791 1386 874 1450 Illud
895 1386 1031 1467 primum
1055 1406 1188 1469 queror,
1220 1386 1261 1450 de
1281 1386 1339 1450 illo
1362 1383 1493 1460 scelere,

163 1479 251 1566 quod
279 1500 364 1544 nune
394 1480 534 1566 denique
563 1481 753 1566 patefactum
776 1488 841 1555 est,
869 1479 1046 1543 Fabriciani
1068 1481 1201 1544 veneni:
1230 1480 1318 1565 quod
1340 1480 1403 1543 iam
1425 1486 1531 1543 sumn

163 1594 274 1640 recens
305 1575 518 1658 suspiciosum
547 1577 678 1650 ceteris,
709 1575 783 1638 huic
811 1573 1012 1647 incredibile,
1045 1593 1130 1637 nunc
1157 1594 1232 1638 vero
1260 1581 1402 1660 apertum
1430 1573 1493 1636 iam

165 1669 310 1734 omnibus
332 1688 369 1732 ac
389 1669 591 1734 manifestum
614 1669 749 1734 videtur.
782 1671 852 1732 Non
874 1675 923 1732 est
943 1666 1083 1751 profecto
1107 1667 1147 1732 de
1168 1668 1224 1731 illo
1244 1687 1369 1732 veneno
1392 1667 1495 1730 celata

111 1765 117 1772 '
165 1771 281 1827 mater:
308 1762 387 1826 nibil
417 1770 465 1827 est
492 1764 531 1826 ab
562 1763 738 1847 Oppianico
768 1763 836 1826 sine
867 1760 1002 1826 consilio
1024 1760 1166 1824 mulieris
1189 1763 1378 1845 cogitatum:
1407 1758 1493 1843 quod

166 1858 194 1922 si
216 1863 314 1932 esset,
342 1864 426 1921 certe
449 1865 561 1940 postea
581 1856 780 1939 deprebensa
801 1877 835 1921 re
858 1876 923 1920 non
945 1855 1000 1919 illa
1020 1865 1056 1918 ut
1076 1875 1095 1918 a
1115 1856 1184 1918 viro
1205 1856 1352 1940 improbo
1376 1854 1494 1916 disces-

167 1953 277 2027 sisset,
305 1951 362 2014 sed
391 1960 427 2015 ιιι
447 1971 466 2015 a
489 1951 706 2015 cmdelissimo
729 1951 822 2015 hoste
843 1951 979 2033 fugisset
1000 1949 1194 2033 domumque
1217 1950 1306 2014 illam
1326 1951 1361 2012 in
1383 1961 1532 2032 perpe-rs

167 2053 256 2110 tuum
279 2046 399 2110 scelere
421 2046 508 2108 omni
530 2045 712 2109 affluentem
733 2046 925 2130 reliquisset.
964 2039 1035 2105 490.
1057 2046 1128 2107 Non
1150 2046 1245 2109 modo
1269 2044 1302 2108 id
1324 2062 1389 2106 non
1409 2040 1495 2115 lecit,

167 2138 224 2204 sed
246 2139 362 2203 abillo
385 2134 528 2221 tempore
550 2139 675 2203 nullom
696 2139 802 2202 locum
823 2139 1051 2221 praetermisit,
1073 2140 1105 2202 in
1121 2159 1186 2222 quo
1206 2159 1270 2202 non
1292 2142 1427 2201 strueret
1447 2137 1497 2198 in·

168 2232 265 2297 sidias
286 2231 411 2316 aliquas
432 2253 470 2296 ac
492 2232 561 2297 dies
584 2253 694 2296 omnes
716 2240 810 2317 atquc
832 2242 943 2296 noctes
966 2239 1033 2296 tota
1055 2241 1160 2296 mente
1177 2240 1278 2296 mater
1293 2233 1332 2295 de
1354 2231 1496 2315 pernicie

167 2328 225 2392 filii
248 2327 410 2408 cogitaret.
447 2327 538 2403 Quae
560 2329 696 2410 primum
717 2334 754 2388 ut
774 2327 864 2389 illum
886 2322 1086 2390 confirmaret
1100 2327 1310 2411 Oppianicum
1333 2331 1497 2390 accusato·
1596 2347 1609 2362 .

166 2441 233 2485 rem
255 2419 324 2484 filio
347 2441 422 2495 suo,
444 2421 554 2495 donis,
576 2419 777 2493 muneribus,
799 2420 1010 2484 collocatione
1032 2418 1133 2496 filiae,
1156 2443 1212 2506 spe
1233 2421 1418 2486 hereditatis
1442 2421 1535 2484 ob-to

167 2514 305 2580 strinxit.
348 2515 474 2578 LXVII.
497 2515 544 2579 lta
565 2513 652 2598 quod
675 2512 760 2596 apud
782 2521 907 2578 ceteros
926 2515 1017 2578 novis
1032 2515 1115 2579 inter
1128 2517 1326 2599 propinquos
1341 2515 1498 2598 susceptis

167 2608 341 2674 inimicitiis
369 2627 465 2689 saepe
494 2605 562 2671 lieri
589 2606 726 2671 divortia
748 2615 843 2691 atque
865 2605 1052 2674 affinitatum
1075 2608 1209 2673 discidia
1230 2609 1390 2673 videmus:
1419 2608 1499 2671 baec

167 2700 281 2794 mulier
301 2701 379 2764 satis
401 2696 524 2764 firmum
547 2708 763 2764 accusatorem
784 2699 851 2764 lilio
873 2722 932 2764 suo
948 2700 1017 2765 sore
1030 2705 1190 2768 neminem
1204 2702 1343 2788 putavit,
1364 2701 1427 2765 nisi
1443 2701 1500 2785 qui

167 2797 201 2861 in
223 2795 458 2859 matrimonium
487 2815 628 2859 sororem
658 2795 727 2859 eius
750 2803 844 2859 antea
866 2795 1018 2860 duxisset.
1054 2797 1156 2862 Ceteri
1179 2798 1271 2862 novis
1292 2795 1500 2862 affinitatibus

168 2889 296 2954 adducti
330 2896 453 2952 veteres
487 2889 669 2953 inimicitias
697 2909 793 2974 saepe
823 2890 1008 2974 deponunt:
1041 2893 1096 2956 illa
1122 2893 1182 2980 sibi
1205 2891 1246 2956 ad
1268 2887 1537 2956 confirmandastt

168 2983 351 3048 iuimicitias
373 2979 535 3046 affinitatis
557 2983 815 3049 coniunctionem
838 2985 963 3069 pignori
984 2983 1053 3050 iore
1075 2988 1208 3071 putavit
1244 2981 1318 3048 494.
1334 2985 1444 3068 Neque
1466 2984 1500 3047 in

171 3097 209 3141 co
233 3076 337 3140 solum
360 3076 497 3158 diligens
517 3075 595 3150 luit,
623 3083 660 3140 ιιι
680 3085 896 3142 accusatorem
918 3077 984 3142 lilio
1006 3101 1065 3144 suo
1087 3089 1300 3165 compararet,
1325 3079 1382 3144 sed
1405 3078 1501 3142 etiam

171 3171 340 3254 cogitarit,
363 3171 479 3252 quibus
502 3191 575 3234 eum
596 3170 691 3234 rebus
714 3181 858 3235 armaret.
884 3172 968 3235 Hinc
990 3176 1074 3237 enim
1088 3174 1161 3240 illae
1179 3176 1420 3240 sollicitationes
1434 3193 1501 3237 sor-

171 3285 283 3331 vorum
316 3271 348 3327 et
375 3264 470 3325 minis
500 3271 531 3326 et
559 3263 741 3345 promissis,
772 3265 847 3328 hinc
877 3265 950 3329 illae
972 3267 1115 3330 infinitae
1137 3269 1438 3351 crudelissimaeque
1461 3265 1501 3328 de

172 3365 273 3422 morte
290 3357 457 3441 Oppianici
473 3357 691 3440 quaestiones,
714 3359 831 3441 quibus
846 3355 940 3422 tinem
954 3360 1125 3445 aliquando
1141 3381 1206 3424 non
1221 3363 1363 3426 mulieris
1377 3361 1539 3437 modus,ao
1663 3412 1666 3418 .

172 3452 229 3516 sod
250 3453 423 3515 amicorum
446 3452 617 3514 auctoritas
638 3449 721 3514 fecit.
754 3452 803 3514 Ab
825 3452 938 3516 eodem
960 3455 1079 3518 scelere
1101 3454 1176 3519 illae
1198 3456 1336 3518 triennio
1358 3461 1433 3538 post
1445 3454 1503 3518 ba-

171 3546 256 3610 bitae
278 3545 386 3608 Larini
408 3546 630 3629 quaestiones:
660 3545 805 3612 eiusdem
834 3548 991 3612 amentiae
1012 3548 1110 3612 falsae
1132 3549 1382 3633 conscriptiones
1405 3567 1503 3632 quae-

171 3640 327 3703 stionum:
351 3659 392 3701 cr
414 3640 526 3703 eodem
547 3640 655 3704 lurore
675 3642 768 3705 etiam
784 3642 840 3705 illa
855 3644 1068 3707 conscelerata
1082 3644 1223 3708 exsectio
1238 3644 1381 3726 linguae:
1402 3643 1502 3706 totius

171 3735 311 3819 denique
336 3733 432 3797 buius
465 3734 505 3798 ab
532 3735 589 3798 illa
617 3743 665 3799 est
694 3743 725 3798 ct
752 3737 881 3800 inventa
903 3744 934 3799 et
955 3738 1108 3802 adornata
1131 3738 1327 3821 comparatio
1350 3737 1501 3802 criminis.

174 3822 244 3890 492.
266 3829 372 3911 Atque
392 3829 443 3892 his
464 3831 558 3894 rebus
581 3852 653 3894 cum
674 3831 861 3896 instructum
883 3842 1097 3898 accusatorem
1119 3829 1185 3896 filio
1210 3853 1268 3897 suo
1290 3835 1423 3897 Romam
1444 3834 1540 3900 mi=as

171 3923 276 3999 sisset,
307 3922 379 4007 ipsa
406 3924 569 4009 paulisper
591 3927 881 4010 conquirendorum
903 3933 935 3990 et
960 3926 1238 3990 conducendorum
1259 3929 1387 3992 testium
1408 3946 1503 3991 causa

238 4205 264 4254 4.
280 4205 441 4268 mptdttotem
457 4207 511 4257 ST.
529 4233 556 4244 -
575 4206 599 4257 3.
615 4207 755 4269 pertinebat
771 4206 855 4259 STA.
872 4234 899 4244 -
916 4207 941 4256 s.
959 4205 1070 4268 maamad
1086 4205 1119 4257 bl.
1137 4231 1162 4240 -
1182 4205 1207 4255 6.
1224 4205 1327 4257 Art:
1345 4207 1426 4265 ll.s;
1446 4219 1500 4258 om.

172 4279 221 4330 aa
232 4277 314 4333 lto.
336 4307 364 4316 —
382 4281 512 4333 Monetam
529 4283 559 4342 S;
576 4282 683 4333 Anrtten
697 4284 816 4334 Melinum
833 4280 917 4337 Lao,
933 4309 959 4318 -
979 4281 1003 4332 7.
1022 4286 1148 4344 cognosset
1163 4278 1214 4343 (vel
1226 4282 1363 4346 coprsoscet)
1380 4283 1500 4334 STFll:

171 4359 325 4419 cognosceret
342 4355 457 4410 Atto.
472 4383 500 4394 -
519 4357 543 4408 8.
561 4360 688 4422 sedernqare
704 4359 857 4415 STl'blA:
875 4359 1003 4420 remosque
1019 4355 1128 4420 emtugii
1144 4354 1229 4410 LOO.
1253 4383 1282 4395 -
1302 4357 1326 4408 9.
1345 4357 1436 4407 abillo
1453 4370 1503 4407 sce-

171 4430 222 4480 lere
237 4431 304 4490 Fam
322 4430 384 4479 tttud
399 4431 477 4481 scelos
493 4433 521 4482 l..
541 4459 568 4468 -
588 4433 628 4485 tl.
648 4435 669 4484 st
686 4435 744 4484 ST:
763 4433 811 4482 nist
828 4431 948 4494 natm
972 4433 1000 4482 nt
1016 4445 1078 4483 cum
1095 4433 1122 4482 P.
1141 4431 1257 4483 Manutio
1273 4434 1301 4483 L.
1330 4432 1369 4484 Cl.
1387 4433 1502 4483 Wesen-

171 4504 238 4569 berg
254 4504 290 4556 ad
305 4519 345 4556 or.
364 4517 413 4569 pro
430 4507 515 4558 Sestio
531 4520 558 4572 p.
576 4507 618 4559 lt.
639 4536 667 4546 —
687 4509 727 4561 tl.
745 4509 781 4573 ot]
799 4513 845 4559 ont
860 4509 888 4558 F.
909 4536 936 4545 -
955 4521 973 4557 o
987 4507 1043 4557 otro
1059 4506 1172 4569 teoprobo
1188 4507 1251 4556 ST:
1270 4507 1303 4558 ob
1318 4506 1431 4570 inprobo
1446 4507 1502 4556 otro

171 4578 315 4634 RALOO.
329 4606 357 4615 -
376 4581 513 4632 decessisset
528 4583 554 4632 S.
570 4609 597 4620 -
615 4584 817 4646 lenonumque
827 4609 865 4620 --
876 4584 1019 4648 affluentem
1029 4583 1174 4634 Arusianus
1191 4583 1303 4635 Messius
1321 4598 1347 4632 v.
1359 4582 1446 4648 Amutt
1457 4581 1503 4634 sne

173 4653 217 4719 [re]
235 4667 262 4719 p.
275 4655 333 4705 ild.
347 4654 390 4705 ed.
409 4657 527 4709 Lindem.
541 4685 567 4696 -
587 4672 634 4721 que
651 4672 704 4710 om.
723 4660 780 4710 FA.
796 4687 823 4696 —
842 4660 870 4709 tn
883 4663 1032 4722 perpetuum
1048 4671 1101 4708 om.
1114 4659 1266 4710 Arusianus.
1277 4685 1304 4694 -
1324 4658 1365 4708 46.
1383 4657 1503 4708 scelernm

172 4729 381 4780 oomtnmST.-
402 4732 442 4783 47.
455 4737 562 4783 strueret
578 4734 638 4784 ST:
657 4734 818 4784 tnstnseretl
827 4733 1013 4788 Manto·
1031 4733 1142 4796 insidior]
1157 4733 1210 4798 atto
1226 4735 1330 4785 insidias
1346 4733 1440 4785 TL.-
1460 4731 1500 4782 48.

172 4806 304 4856 ceoml..
317 4834 344 4843 -
357 4807 504 4869 aquosa:
523 4807 965 4863 ocRALtO.-totanblA.·-
985 4803 1498 4860 te.esomsrrmazmom1.20.-

172 4882 475 4934 ocensatoremom.l'.-
487 4883 689 4949 nonomen]
700 4883 925 4938 ennecone·
939 4886 981 4936 64.
993 4885 1108 4946 tuqood
1119 4885 1240 4936 Sl'l'll:
1257 4881 1441 4944 etquenam
1453 4882 1502 4932 tto-

173 4957 296 5020 qneqnod
312 4959 340 5009 l..
360 4957 398 5009 Cl.
412 4957 512 5021 §.dd-
532 4959 572 5009 22.
586 4959 734 5022 affinitatem
750 4962 782 5020 'l;
801 4961 914 5024 infimum
930 4962 968 5020 ll3
987 4961 1101 5024 omnium
1118 4961 1150 5019 L;
1170 4959 1301 5024 offlnttotts
1317 4955 1380 5009 0.-
1399 4953 1502 5006 annau

173 5031 270 5087 Ab-
289 5031 593 5087 ostensurus-
612 5033 652 5086 tt.
666 5039 742 5085 anteo
758 5036 845 5085 STL:
865 5041 922 5086 onte
939 5031 1054 5086 444400.
1067 5061 1095 5070 -
1114 5034 1155 5084 69,
1168 5034 1290 5084 ttloeom.
1304 5033 1333 5082 T.
1347 5056 1374 5065 -
1393 5029 1433 5080 30.
1446 5044 1502 5080 mn

173 5107 256 5158 ltebrie
271 5107 298 5162 9.
318 5135 345 5145 -
365 5106 405 5159 34.
424 5107 504 5173 bottas]
521 5111 573 5159 οιιιι
589 5110 643 5160 Sl'.
664 5137 691 5148 —
710 5115 734 5160 et
749 5115 842 5161 ennea
858 5111 883 5161 S.
900 5138 927 5147 -
946 5107 1228 5173 stomachantes]
1245 5109 1274 5158 ln
1291 5106 1332 5156 bis
1348 5103 1438 5156 verbis
1455 5105 1501 5157 de·

173 5183 234 5234 sinit
249 5184 284 5237 ll.
296 5209 324 5220 -
343 5183 446 5236 nuncet
462 5184 517 5252 tpso
534 5185 591 5234 ST:
609 5185 667 5250 tpso
682 5185 784 5237 misum
801 5183 944 5240 RALOO.
965 5211 992 5222 -
1011 5185 1051 5238 36.
1071 5190 1094 5237 et
1109 5184 1323 5237 conducendam
1340 5193 1393 5233 em.
1412 5181 1439 5234 S.
