3648 5888
286 402 348 472 420
703 401 746 467 IN
766 399 933 469 VERREM
954 398 1076 467 Atrio
1098 400 1223 468 rama

286 597 381 664 posse
404 573 555 639 damnari.
591 569 623 636 2.
644 573 736 637 Nunc
755 575 789 638 in
810 573 880 656 ipso
894 571 1073 636 discrimine
1088 570 1207 635 ordinis
1223 570 1475 656 iudiciorumque
1489 579 1612 656 sesmo-

286 688 356 736 rum
379 689 449 734 oum
472 668 536 732 sint
556 669 671 752 parati,
701 668 756 751 qui
784 667 981 732 contionibus
1004 674 1036 730 et
1061 665 1183 749 legibus
1203 665 1286 730 hanc
1306 665 1458 730 invidiam
1481 675 1609 732 sanatus

170 834 177 843 Δ
285 760 478 828 inflammare
500 768 671 837 conentur,
692 780 766 825 reus
787 763 820 825 in
835 761 988 824 iudicium
1002 758 1155 823 adductus
1171 766 1219 822 est
1234 759 1266 822 C.
1280 760 1414 835 Verres,
1435 760 1531 828 homo
1545 762 1612 826 rita

287 865 382 942 atque
401 856 491 919 factis
513 856 655 918 omnium
676 856 739 919 iam
760 855 909 938 opinione
924 854 1105 928 damnatus,
1127 853 1280 936 pecuniae
1298 853 1532 936 magnitudine,
1554 875 1613 922 sua

263 959 344 1035 ¹⁵spo
367 958 398 1015 et
420 949 655 1035 praedicatione
676 949 850 1014 absolutus.
893 948 976 1012 Huic
997 968 1055 1032 ego
1078 966 1208 1022 musae,
1233 947 1371 1023 iudices,
1394 969 1466 1012 curn
1488 969 1611 1014 summa

288 1046 450 1111 voluntate
472 1051 504 1108 et
525 1047 761 1127 exspectatione
782 1042 893 1127 populi
913 1042 1046 1106 Romani
1067 1050 1153 1105 actor
1174 1043 1308 1115 accessi,
1330 1061 1395 1106 non
1412 1049 1448 1106 ut
1461 1062 1609 1127 augerem

287 1138 435 1204 invidiam
458 1137 594 1214 ordinis,
623 1140 679 1202 sed
707 1146 743 1202 ut
762 1136 910 1203 infamiae
933 1136 1090 1200 communi
1110 1156 1335 1200 succurrerem.
1377 1136 1504 1202 Adduxi
1525 1138 1609 1202 enim

287 1233 463 1307 hominem,
484 1231 517 1295 in
539 1253 604 1317 quo
625 1233 829 1296 reconciliare
845 1230 1106 1296 existimationem
1119 1230 1308 1294 iudiciorum
1322 1231 1485 1307 amissam,
1506 1231 1610 1295 redire

288 1328 322 1390 in
344 1327 473 1409 gratiam
495 1347 566 1390 oum
588 1325 708 1410 populo
729 1327 889 1400 Romano,
911 1324 1103 1390 satisfacere
1125 1325 1242 1389 exteris
1263 1325 1443 1389 nationibus
1464 1327 1610 1409 possetis,

55 1445 59 1456 ·
124 1401 154 1510 β
253 1433 281 1478 to
291 1419 544 1504 depeculatorem
572 1423 701 1496 aerarii,
729 1427 912 1506 vexatorem
932 1419 1025 1483 Asiae
1053 1428 1149 1503 atque
1170 1419 1389 1504 Pamphyliae,
1417 1420 1609 1504 praedonem

290 1515 383 1589 iuris,
405 1513 509 1600 labem
530 1522 626 1599 atque
648 1515 820 1598 perniciem
841 1514 1021 1598 provinciae
1044 1513 1179 1576 Siciliae.
1223 1510 1252 1576 ³.
1274 1514 1320 1576 De
1343 1533 1407 1597 quo
1423 1515 1450 1578 si
1464 1531 1522 1577 vos
1537 1533 1610 1577 vere

291 1629 328 1672 ac
348 1608 495 1690 religiose
516 1609 743 1684 iudicaveritis,
774 1611 943 1672 auctoritas
965 1627 1019 1682 ea,
1049 1627 1130 1690 quac
1154 1607 1187 1670 in
1208 1607 1297 1670 robis
1319 1624 1480 1671 remanere
1503 1606 1610 1682 dehet,

290 1701 447 1765 haerebit:
470 1703 520 1766 sin
540 1703 633 1767 istius
654 1703 798 1786 ingentes
821 1701 947 1766 dudae
970 1700 1156 1765 iudiciorum
1177 1702 1362 1785 religionem
1383 1701 1612 1786 veritatemque

291 1795 514 1878 perfregerint,
545 1816 604 1880 ego
631 1798 693 1861 hoc
722 1805 828 1860 tamen
850 1817 1017 1882 assequar,
1046 1804 1082 1860 ut
1101 1797 1251 1861 iudicium
1274 1797 1379 1882 potius
1400 1795 1612 1880 reipublicae

254 1903 388 1972 requam
415 1897 468 1953 aut
494 1911 567 1954 reus
589 1891 745 1956 iudicibus
766 1899 821 1955 aut
842 1901 1006 1956 accusator
1025 1912 1080 1955 reo
1102 1892 1240 1955 defuisse
1262 1891 1413 1954 rideatur.
1455 1891 1496 1954 ll.
1516 1889 1613 1974 Equi-

293 1982 381 2057 dem,
403 1991 439 2046 ut
461 1984 500 2047 de
521 2006 573 2049 me
594 1983 760 2061 confitear,
781 1986 919 2060 iudices,
941 2004 1013 2049 cum
1034 1985 1152 2049 multae
1174 1985 1250 2048 mihi
1272 2005 1290 2048 a
1310 1984 1343 2047 G.
1358 1985 1457 2048 Verre
1477 1981 1612 2048 insidiae

292 2083 375 2140 terra
395 2080 538 2164 marique
559 2080 661 2144 iactae
684 2081 763 2157 sint,
786 2101 866 2165 quas
887 2083 1001 2164 partim
1021 2099 1093 2142 mea
1114 2079 1276 2163 diligentia
1297 2078 1478 2155 (terimam,
1500 2077 1613 2162 partim

293 2173 465 2235 amicorum
486 2173 590 2236 studio
613 2174 783 2259 officioque
805 2175 1016 2259 reppulerim,
1045 2193 1219 2258 numquam
1240 2181 1345 2237 tamen
1366 2189 1472 2256 neque
1492 2177 1614 2234 tantum

293 2266 470 2347 periculum
497 2267 575 2329 mihi
605 2267 693 2332 adire
720 2270 806 2332 risus
837 2290 907 2332 sum
929 2288 1034 2352 neque
1055 2275 1150 2348 tanto
1165 2287 1261 2351 opere
1282 2267 1446 2350 pertimui,
1474 2273 1511 2328 ut
1530 2284 1616 2330 nunc

255 2363 326 2425 roin
347 2361 417 2442 ipso
440 2359 567 2423 iudicio.
604 2335 767 2447 l.(Nequc
790 2369 911 2426 tantum
933 2383 983 2426 me
1005 2362 1198 2446 exspectatio
1215 2361 1422 2425 accusationis
1435 2379 1524 2424 meae
1539 2381 1615 2424 con-

294 2472 471 2537 cursusque
491 2460 596 2518 tantao
618 2456 842 2530 multitudinis,
865 2457 980 2541 quibus
1004 2477 1062 2541 ego
1083 2455 1177 2520 rebus
1196 2454 1470 2519 vehementissime
1492 2462 1615 2538 pertur-

91 2586 198 2656 ffl(
292 2547 367 2619 bor,
390 2529 590 2634 commovet>
604 2537 863 2650 quantumjistius
877 2551 1012 2616 insidiae
1028 2551 1182 2624 nefariae,
1197 2569 1276 2634 quas
1291 2569 1356 2613 uno
1370 2555 1513 2632 tempore
1526 2549 1615 2625 mihi,

294 2641 399 2715 vohis,
428 2641 478 2704 M’.
502 2640 662 2705 Glabrioni
683 2644 838 2725 praetori,
868 2647 975 2721 sociis,
998 2644 1330 2718 exterisnationibus,
1352 2643 1472 2720 ordini,
1495 2643 1615 2708 nomini

295 2736 433 2820 denique
455 2736 613 2799 senatorio
634 2736 739 2800 facere
761 2747 912 2804 conatur:
943 2740 997 2822 qui
1017 2741 1061 2803 ita
1082 2739 1220 2812 dictitat,
1249 2739 1288 2801 iis
1311 2756 1380 2800 esse
1401 2737 1615 2812 metuendum,

257 2831 351 2914 atqui
374 2829 461 2913 quod
482 2829 561 2912 ipsis
583 2829 658 2894 solis
681 2833 756 2894 satis
778 2839 863 2895 esset
883 2833 1124 2916 surripuissent;
1146 2851 1180 2895 se
1202 2839 1322 2894 tanturn
1342 2832 1512 2914 eripuisse,
1534 2840 1570 2895 ut
1583 2831 1616 2896 id

295 2923 402 2986 multis
425 2924 499 2986 satis
522 2943 592 2986 esse
613 2927 733 3007 possit:
756 2926 836 2990 nihil
858 2947 927 2990 esse
945 2935 1009 2991 tam
1022 2936 1184 3002 sanctum,
1208 2926 1294 3010 quod
1308 2947 1374 2989 non
1387 2925 1515 3000 violari,
1538 2925 1617 2989 nihil

294 3025 359 3082 tam
380 3018 553 3092 munitum,
577 3018 663 3102 quod
686 3039 750 3082 non
772 3023 946 3104 expugnari
968 3022 1104 3106 pecunia
1125 3022 1234 3105 possit.
1278 3018 1307 3083 5.
1331 3020 1425 3095 Quod
1448 3020 1491 3096 si,
1521 3040 1616 3105 quam

294 3111 400 3176 audax
421 3120 470 3196 est
491 3112 530 3176 ad
553 3113 747 3190 conandum,
769 3123 834 3178 tam
856 3124 940 3179 esset
961 3118 1112 3181 obscurus
1134 3115 1168 3178 in
1190 3113 1331 3198 agendo,
1352 3113 1488 3176 fortasse
1510 3114 1617 3198 aliqua

293 3207 328 3268 in
356 3225 390 3269 re
417 3224 476 3269 nos
504 3207 675 3290 aliquando
705 3208 879 3273 fefellisset.
923 3211 1038 3274 Verum
1066 3211 1128 3274 hoc
1153 3210 1256 3273 adbuc
1278 3207 1500 3292 percommode
1522 3207 1615 3284 cadit,

258 3300 382 3384 eoquod
404 3321 476 3364 oum
498 3300 674 3364 incredibili
696 3303 765 3366 eius
788 3304 920 3368 audacia
935 3305 1103 3387 singularis
1119 3304 1251 3368 stultitia
1266 3303 1436 3366 coniuncta
1450 3308 1507 3365 est
1535 3302 1615 3364 Nam

295 3402 332 3456 ut
358 3401 485 3477 apertus
507 3395 540 3456 in
562 3395 770 3478 corripiendis
792 3399 934 3480 pecuniis
959 3399 1036 3474 suit,
1064 3401 1108 3462 sic
1129 3401 1163 3462 in
1184 3419 1240 3480 spe
1263 3395 1485 3480 corrumpendi
1506 3394 1614 3458 iudicii

295 3489 464 3580 pegqpicua
491 3507 550 3588 sua
575 3489 708 3554 consilia
736 3499 931 3574 conatusque
960 3494 1105 3556 omnihus
1125 3492 1210 3555 iecit.
1253 3491 1358 3554 Semel
1379 3491 1422 3553 ait
1443 3510 1476 3552 se
1497 3490 1531 3554 in
1552 3489 1617 3552 rita

295 3578 510 3665 pertimuisse,
532 3587 616 3658 tum,
639 3587 868 3668 cumprimum
890 3605 909 3648 a
930 3605 980 3648 ms
1002 3607 1075 3650 reus
1096 3587 1198 3650 iactans
1220 3588 1276 3661 sit;
1298 3584 1401 3669 quod,
1424 3604 1495 3647 cum
1510 3602 1528 3645 e
1542 3603 1616 3667 pro-

297 3676 400 3740 vincia
415 3697 526 3740 recens
550 3685 633 3741 esset
652 3679 835 3763 invidiaque
852 3686 882 3742 et
903 3680 1031 3744 infamia
1045 3700 1109 3744 uon
1130 3682 1267 3755 recenti,
1290 3677 1346 3742 sed
1366 3687 1470 3742 vetere
1491 3697 1528 3740 ac
1548 3677 1618 3741 diu·

360 3919 384 3969 4.
402 3920 552 3970 iudiciorum
568 3923 601 3972 Gt
614 3935 639 3982 ς.
658 3947 687 3972 ,-
710 3927 852 3973 caurorum
874 3923 966 3987 absit
984 3921 1017 3974 ol.
1036 3923 1084 3974 dtt.
1105 3949 1131 3958 -
1150 3924 1175 3973 2.
1194 3919 1386 3973 contectioribus
1402 3917 1497 3981 cart.
1523 3917 1617 3984 Vulga-

296 3995 350 4045 taru
362 3995 468 4045 tuentur
485 3995 565 4047 etiam
581 3997 637 4047 AS.
651 4023 678 4034 -
697 3997 721 4048 3.
740 4011 844 4048 rossan
855 3999 990 4048 damnatus
1005 4001 1071 4049 Non.
1089 4011 1115 4063 p.
1128 3998 1186 4049 276.
1207 4022 1234 4033 —
1253 4000 1278 4049 t.
1296 4002 1319 4048 st
1331 3996 1421 4059 proed.
1441 3998 1472 4046 64
1485 3993 1568 4047 ils:
1586 4009 1617 4045 oc

291 4071 382 4132 proed.
400 4070 487 4121 dito.
503 4097 530 4106 -
549 4071 573 4120 t.
592 4071 665 4136 anim]
683 4085 740 4122 eum
756 4072 817 4123 edd.
830 4071 879 4123 lui.
891 4074 981 4124 sever.
1000 4087 1026 4138 p.
1041 4073 1108 4136 ³43,
1127 4072 1174 4124 sed
1193 4071 1252 4124 cod.
1271 4073 1371 4124 lionae.
1390 4083 1445 4123 sec.
1464 4071 1517 4135 XL,
1536 4083 1618 4134 quem

296 4143 413 4195 Halmius
430 4143 551 4208 contulit,
578 4149 651 4196 recte
668 4147 742 4197 caim.
768 4147 881 4199 Posthac
897 4149 923 4198 in
940 4146 1017 4209 locis,
1044 4161 1113 4212 quae
1130 4147 1173 4198 hic
1191 4147 1281 4199 rhetor
1298 4145 1392 4208 habet,
1409 4145 1537 4198 lectiones
1555 4146 1615 4198 cod.

295 4220 473 4281 Monacensis,
498 4233 560 4271 oum
583 4221 712 4273 editiones
728 4222 797 4274 vitiis
813 4226 944 4286 scateam,
968 4222 1038 4275 solas
1055 4221 1333 4274 commemorabimus.
1355 4248 1381 4258 -
1401 4223 1441 4272 40.
1460 4223 1617 4284 depeculato-

294 4307 349 4344 rem
365 4292 442 4344 codd.
462 4295 479 4344 S
497 4294 539 4359 (oi.
558 4296 585 4347 iu
601 4297 651 4348 Pis.
671 4296 693 4360 ὅ.
714 4297 771 4360 96);
793 4299 963 4361 peculatorem
979 4301 1039 4350 Asc.
1058 4297 1331 4363 ed.princ.0ii.111.
1350 4296 1374 4360 5.
1393 4297 1434 4348 7³.
1459 4297 1559 4348 Omittit
1574 4298 1620 4348 Ss-

183 4409 184 4412 ,
295 4369 418 4419 verianus
435 4381 479 4420 vv.
497 4371 578 4433 depsc.
591 4385 709 4435 ”prou
722 4372 772 4423 Sic.
789 4400 814 4411 -
836 4375 876 4424 44.
894 4375 958 4424 iaris
974 4373 1052 4434 63ςε
1078 4374 1142 4423 ioris
1157 4371 1249 4422 abaci
1265 4370 1312 4422 dtt.
1330 4371 1359 4422 0.
1379 4396 1407 4406 -
1424 4383 1469 4422 uos
1485 4385 1538 4422 om.
1557 4372 1574 4421 S
1591 4373 1620 4422 et

295 4443 342 4494 lui.
361 4444 420 4493 Ser.
439 4440 456 4494 l.
476 4458 500 4495 c.
521 4473 549 4482 -
565 4448 631 4512 osrs]
649 4448 690 4498 Sic
707 4449 801 4513 scripsi
818 4450 927 4500 auctore
944 4447 1046 4499 iialmio
1063 4460 1096 4498 ex
1113 4447 1173 4499 cod.
1189 4449 1257 4498 iton.
1271 4445 1421 4496 severiani:
1439 4459 1522 4498 swero
1538 4444 1616 4497 codd.

296 4516 403 4568 Tulliani
422 4520 448 4569 ot
465 4518 526 4571 edd.
547 4548 574 4557 -
594 4523 635 4573 ti.
654 4536 685 4573 oc
700 4524 813 4588 religiose
829 4525 861 4574 64
875 4525 952 4588 Lgit.
971 4525 1145 4575 Severianus:
1165 4528 1240 4586 otqos
1255 4521 1300 4572 rol.
1320 4520 1432 4580 Gidtt.;
1458 4521 1619 4586 religioseque

296 4594 325 4643 0.
347 4620 374 4628 —
394 4593 433 4643 43.
451 4596 629 4660 aestatemque
644 4611 697 4650 om.
712 4598 812 4659 (iiLd,
829 4600 1192 4663 commonitoriolo
1207 4596 1283 4662 prob.
1296 4597 1358 4647 Bek.
1371 4594 1406 4646 ad
1422 4598 1500 4660 legg.
1520 4609 1546 4661 p.
1559 4595 1617 4646 iit.

296 4669 368 4720 Haec
384 4669 513 4721 vocabula
524 4673 678 4736 saepissime
690 4675 717 4725 in
729 4673 808 4724 codd.
821 4676 1029 4736 commutantur,
1048 4677 1075 4725 et
1087 4687 1148 4725 cum
1160 4671 1249 4724 multis
1260 4673 1287 4722 in
1297 4669 1362 4722 locis
1373 4672 1517 4734 utrumque
1528 4684 1577 4736 per
1588 4683 1618 4722 sc

296 4748 369 4796 recte
387 4744 439 4795 dici
455 4748 550 4811 possit,
569 4749 657 4799 utrum
675 4751 761 4814 aptius
778 4750 824 4812 sit,
847 4748 952 4800 difficile
973 4749 1107 4800 interdum
1124 4751 1166 4800 ost
1182 4747 1336 4800 diiudicare.
1365 4745 1403 4798 64.
1422 4747 1455 4797 ad
1472 4747 1496 4811 fi.
1515 4747 1555 4799 ta.
1573 4748 1617 4798 ili.

297 4819 321 4886 5.
340 4821 396 4871 roa.
415 4821 458 4871 tv,
477 4821 500 4885 5.
520 4822 577 4873 443.
598 4849 625 4858 -
645 4822 685 4875 44.
704 4829 787 4875 tameo
803 4825 848 4875 boc
865 4825 945 4888 agea,
963 4825 1008 4875 boc
1025 4829 1122 4876 tactum
1138 4826 1171 4875 64
1183 4824 1207 4876 2.
1228 4849 1255 4861 -
1274 4823 1372 4874 iudiciis
1388 4820 1436 4873 dtt.
1457 4848 1484 4859 -
1504 4823 1544 4872 ti.
1562 4827 1619 4872 suot

298 4894 416 4959 utici.
437 4925 464 4934 —
484 4897 525 4948 ao.
543 4910 588 4948 aec
606 4899 691 4948 Gioe
710 4899 750 4950 23.
768 4899 836 4950 vota
852 4912 905 4950 om.
919 4898 967 4950 dtt.
982 4923 1009 4936 -
1026 4900 1148 4965 procon]
1162 4913 1189 4966 p.
1202 4914 1225 4950 r.
1238 4896 1313 4960 cti,
1330 4911 1353 4948 r.
1364 4911 1391 4959 p.
1405 4899 1450 4948 Gt.
1471 4924 1498 4935 -
1517 4897 1619 4949 atea-

293 4973 378 5035 patra
394 4974 426 5022 64
439 4973 523 5032 irs:
541 4973 655 5036 rapuisse
672 4973 719 5024 dtt.
738 4975 767 5025 0.
787 5002 815 5012 -
834 4975 873 5027 28.
893 4975 1018 5040 sosarmo]
1039 4979 1136 5026 samaa
1152 4977 1197 5026 64.
1223 4975 1256 5026 At
1271 4974 1304 5026 ot.
1322 4972 1408 5024 liadr.
1426 4974 1447 5023 i.
1464 4986 1491 5039 p.
1510 4973 1567 5023 334.
1587 4998 1615 5008 -

297 5046 338 5097 aa.
354 5048 557 5108 percommodron
573 5049 640 5098 cadit
657 5050 709 5111 Gt,
727 5051 853 5101 commode
868 5053 934 5101 cooit
950 5052 975 5101 s.
991 5077 1018 5087 -
1038 5049 1078 5101 32.
1095 5050 1161 5116 tecit]
1176 5050 1292 5115 patefecit
1308 5047 1356 5099 dtt.
1371 5075 1399 5084 -
1417 5048 1457 5100 33.
1474 5050 1557 5112 primo
1567 5048 1615 5100 Ld.

299 5125 436 5176 om.A.-
457 5135 601 5176 omersos
617 5124 802 5190 GtiLgitaz
819 5138 965 5182 saccaro
981 5125 1093 5180 sotto.
1109 5152 1137 5164 -
1155 5125 1287 5192 taraosst
1301 5127 1375 5178 4.-
1393 5122 1433 5178 34.
1451 5124 1616 5188 recusaret]
