3684 5862
637 419 709 486 cn.
731 419 918 486 xr-xm.
946 418 1002 508 es.
1024 419 1175 490 ιιι-36.
1526 421 1568 488 eo

329 591 399 655 llll.
422 588 474 655 33.
495 590 664 655 Hominem
686 592 780 677 longe
802 592 1048 657 audacissimum
1069 615 1173 676 nuper
1192 593 1364 659 habuimus
1384 596 1419 660 in
1438 596 1568 661 civitate

246 689 279 752 G.
302 686 473 750 Fimbriam
495 694 540 761 ct,
564 686 653 771 qnod
674 687 758 750 inter
779 707 889 752 omnes
906 695 1046 762 constat,
1069 690 1129 752 nisi
1145 691 1313 764 intereos,
1336 692 1391 775 qui
1407 693 1470 774 ipsi
1486 713 1568 777 qno·

245 803 309 867 que
330 782 512 856 insaniunt,
540 782 787 845 insanissimum.
831 782 861 845 Is
892 803 962 845 cum
986 791 1128 848 curasset
1148 785 1183 847 in
1203 785 1315 848 funere
1339 787 1372 849 C.
1394 786 1502 861 Marii,
1531 791 1569 850 ιιι

245 879 285 955 Q.
308 876 460 942 Scaeuola
488 877 726 953 vulneraretur,
754 878 803 941 vir
831 878 1049 940 sanctissimus
1078 886 1174 963 atque
1197 882 1418 944 ornatissimus
1440 887 1567 945 nostrae

246 973 399 1064 civitatis,
420 1004 462 1018 -
484 961 524 1035 de
554 972 646 1035 cuius
675 957 903 1055 laude'neque
932 971 1104 1056 liiculocus
1132 981 1180 1037 est
1208 982 1246 1037 nt
1276 976 1376 1038 multa
1405 975 1605 1052 dicantur,a
1685 975 1696 993 “·
1733 1022 1741 1034 ,

245 1088 353 1152 neque
375 1067 467 1152 plura
488 1073 594 1130 tamen
617 1067 680 1130 dici
702 1074 853 1152 possunt,
883 1086 978 1151 qnam
1000 1068 1140 1150 populus
1162 1070 1324 1134 Romanus
1345 1069 1498 1132 memoria
1518 1090 1568 1132 re·

245 1163 340 1236 tinet3
362 1194 404 1208 -
426 1162 510 1225 diem
533 1162 703 1225 Scaevolae
726 1162 823 1235 dixit,
845 1167 1053 1244 posteaquam
1076 1165 1231 1246 comparit
1252 1185 1325 1229 enm
1339 1185 1435 1249 posse
1450 1165 1567 1228 rivere.

247 1258 327 1320 Cum
348 1257 388 1320 ab
409 1276 447 1320 eo
472 1263 694 1342 quaereretur,
717 1256 793 1339 qnid
816 1255 944 1318 tandem
967 1263 1173 1320 accusaturus
1188 1265 1272 1322 esset
1285 1279 1374 1336 eum,
1397 1279 1494 1343 quem
1507 1279 1566 1343 pro

246 1351 398 1434 dignitate
418 1372 460 1415 ne
481 1350 614 1415 laudare
636 1352 766 1435 quidem
789 1351 961 1435 quisquam
983 1350 1059 1412 satis
1080 1353 1244 1416 commode
1259 1361 1384 1435 possete
1406 1354 1496 1417 aiunt
1509 1353 1567 1417 ho-

245 1446 377 1519 minem,
398 1452 435 1508 ut
456 1453 523 1509 erat
543 1445 700 1518 furiosus,
726 1444 949 1527 respondisse,
973 1444 1081 1528 oquod
1103 1464 1168 1507 non
1188 1453 1291 1510 totum
1312 1447 1411 1511 telum
1433 1461 1604 1530 corporato

244 1540 446 1624 recepissetn
492 1540 565 1616 Quo
587 1539 728 1622 populus
749 1540 909 1601 Ilomanus
931 1537 1011 1600 nihil
1033 1539 1113 1601 vidit
1133 1539 1312 1622 indignius,
1338 1542 1400 1604 nisi
1422 1543 1566 1606 ciusdem

244 1634 305 1698 viri
322 1640 473 1709 mortem,
496 1652 579 1718 quae
596 1630 729 1716 [mutum
744 1632 863 1716 potuit,
885 1627 933 1714 ut]
951 1652 1061 1695 omncs
1077 1633 1162 1696 cives
1176 1634 1350 1717 perdiderit
1364 1642 1396 1697 et
1409 1635 1567 1709 afflixerit,

245 1749 327 1813 qnos
350 1729 428 1813 quia
450 1747 574 1792 servare
597 1747 656 1809 per
677 1727 940 1808 compositionem
962 1726 1104 1802 volebat,
1138 1728 1207 1811 ipse
1235 1729 1275 1790 ab
1297 1729 1337 1791 iis
1359 1729 1567 1812 interemptus

246 1830 303 1886 ast.
347 1817 398 1896 34.
420 1823 519 1884 Estne
540 1821 602 1883 hoc
624 1821 672 1883 illi
694 1821 778 1883 dicto
800 1828 897 1905 atque
917 1821 1001 1884 sacto
1016 1821 1197 1885 Fimbriano
1221 1822 1438 1887 simillimumi
1464 1824 1567 1887 Accu-

246 1917 322 1982 satis
345 1916 418 1978 Sex.
439 1915 600 1978 Roscium.
638 1913 723 1989 Quid
745 1914 811 1976 ital
833 1913 910 1999 quia
932 1915 971 1977 de
993 1915 1138 1979 manibus
1153 1917 1266 1981 vestris
1287 1917 1412 2000 effugit,
1435 1919 1511 2001 quia
1532 1932 1604 1980 seta

246 2010 350 2075 occidi
372 2030 486 2093 passus
508 2028 572 2072 non
595 2015 651 2072 est.
695 2008 793 2082 lllud,
823 2008 899 2091 quia
929 2009 963 2070 in
987 2009 1140 2072 Scaevola
1160 2010 1279 2074 factum
1301 2017 1364 2084 ast,
1397 2011 1496 2094 magis
1517 2011 1567 2074 in-

246 2105 377 2188 dignum
398 2103 542 2167 videtur:
563 2103 642 2178 hoc,
665 2103 741 2187 quia
762 2098 798 2165 iit
818 2101 1077 2186 aChrysogono,
1099 2123 1177 2167 num
1198 2112 1247 2167 est
1266 2102 1455 2167 ferendum?
1477 2107 1566 2180 Nam,

244 2217 303 2282 per
324 2196 400 2260 deos
422 2197 634 2260 immortalesl
658 2195 736 2279 quid
759 2195 861 2257 estin
882 2195 942 2258 hac
957 2215 1069 2272 causa,
1092 2199 1179 2282 quod
1196 2197 1391 2262 detensionis
1405 2197 1566 2280 indigeat?

245 2291 302 2375 qui
334 2291 425 2354 locus
457 2291 620 2373 ingenium
652 2291 778 2374 patroni
810 2291 946 2375 requirit
973 2297 1029 2353 aut
1056 2293 1190 2355 oratoris
1213 2292 1430 2377 eloquentiam
1452 2311 1566 2374 magno

244 2406 341 2469 opere
362 2387 546 2450 desiderati
579 2388 691 2449 Totam
709 2405 851 2460 causam,
874 2384 1014 2458 iudices,
1037 2387 1234 2469 explicemus
1251 2394 1349 2471 atque
1367 2392 1440 2448 ante
1455 2385 1605 2450 oculosao

244 2481 423 2563 expositam
446 2479 700 2544 consideremus:
731 2481 776 2542 ita
795 2479 959 2554 facillime,
988 2499 1071 2563 quae
1092 2501 1143 2543 res
1163 2488 1267 2544 totum
1289 2481 1445 2544 iudicium
1466 2480 1567 2543 conti·

243 2583 318 2640 neat
339 2582 371 2637 et
392 2575 510 2659 quibus
533 2574 572 2637 de
594 2573 688 2636 rebus
710 2593 769 2636 nos
785 2574 890 2636 dicere
906 2580 1052 2655 oporteat
1067 2573 1189 2658 etquid
1204 2593 1261 2636 ros
1278 2575 1371 2658 sequi
1386 2576 1566 2652 conveniat,

243 2670 438 2753 intelligetis.

327 2765 413 2826 XIII.
441 2761 492 2827 35.
522 2765 600 2828 Tres
626 2772 701 2829 sunt
726 2783 793 2839 res,
827 2767 982 2847 quantum
1011 2781 1070 2846 ego
1099 2763 1280 2828 existimare
1301 2781 1449 2848 possum,
1482 2785 1566 2850 quae

244 2861 370 2925 obstent
390 2859 452 2923 hoo
473 2867 618 2942 tempore
639 2859 712 2922 Sex.
735 2858 868 2921 Roscio:
900 2858 1018 2948 crimen
1046 2857 1300 2924 adversariorum
1322 2867 1354 2923 et
1379 2859 1513 2924 audacia
1534 2865 1603 2925 etas

242 2954 395 3039 potentia.
441 2954 588 3018 Criminis
625 2951 845 3018 confictionem
872 2960 1039 3017 aecusator
1063 2954 1200 3018 Erucius
1227 2953 1383 3037 suscepit,
1414 2953 1566 3019 audaciae

242 3056 348 3133 partes
376 3048 482 3111 Roscii
512 3047 573 3111 sibi
604 3054 838 3131 poposcerunt,
867 3047 1090 3132 Chrysogonus
1113 3056 1233 3124 autem,
1263 3049 1292 3112 is
1314 3048 1371 3134 qui
1392 3049 1566 3132 plurimum

242 3149 361 3228 potest,
394 3142 538 3227 potentia
566 3150 697 3226 pugnat.
740 3144 787 3205 De
813 3143 903 3205 hisce
932 3144 1079 3206 omnibus
1100 3143 1195 3207 rebus
1217 3159 1268 3206 me
1291 3143 1397 3205 dicere
1419 3151 1566 3226 oportere

243 3237 396 3320 intelligo.
439 3233 490 3298 36.
522 3235 608 3311 Quid
637 3237 735 3320 igitur
763 3240 833 3300 esti
873 3238 943 3299 Non
973 3237 1086 3300 eodem
1114 3238 1210 3301 modo
1233 3237 1274 3301 de
1296 3237 1459 3315 omnibus;
1492 3237 1566 3300 ideo

244 3402 262 3458 i!
279 3405 308 3453 ιιι
325 3402 455 3454 mendosa
471 3402 578 3454 Inducta
595 3405 670 3465 eunt,
689 3402 786 3454 delevit
802 3403 887 3454 Madv.
907 3405 962 3469 (Op.
979 3406 998 3454 i.
1017 3415 1043 3468 p.
1057 3404 1139 3467 ⁴⁴9d·
1157 3402 1230 3467 quod
1248 3417 1280 3454 er
1296 3405 1381 3456 Roscii
1398 3417 1512 3470 persona
1524 3403 1566 3456 illa

245 3478 333 3530 omnia
350 3476 481 3528 dicantur.
514 3477 627 3542 atquin
645 3477 746 3539 obstat,
765 3492 818 3542 quo
835 3479 922 3530 minus
940 3479 1085 3530 statuemus
1102 3479 1191 3530 iudea
1208 3493 1252 3530 vv.
1272 3481 1337 3542 Quid
1350 3481 1425 3531 ιιιιιιιι
1441 3481 1569 3544 emptius?

244 3556 379 3605 oratorem
399 3553 487 3618 ipsum
503 3565 596 3604 rursus
613 3553 715 3604 iudices
732 3553 887 3619 appellaret
911 3553 1020 3605 Accedit
1036 3552 1121 3618 quod,
1146 3555 1168 3605 si
1185 3555 1211 3604 S.
1230 3555 1344 3606 liorem
1361 3555 1481 3616 abesset,
1503 3569 1568 3620 pro-

245 3642 342 3681 nomen
358 3641 398 3678 ma
413 3641 493 3692 aegre
511 3628 717 3680 desideraretur.
744 3629 782 3680 Cl.
801 3643 871 3681 nuno
888 3629 968 3680 etiam
984 3628 1066 3680 Klotz.
1085 3630 1110 3679 in
1127 3629 1212 3680 Praei
1226 3629 1268 3680 ed.
1280 3630 1312 3680 ll.
1330 3643 1357 3695 p.
1370 3631 1435 3681 lllll.
1457 3656 1484 3666 -
1502 3629 1527 3681 3.
1544 3631 1567 3681 ia

243 3704 308 3769 mm]
326 3705 367 3754 cni
383 3705 412 3754 6.
434 3730 461 3741 -
479 3705 604 3765 montione
619 3705 717 3754 scaeda
733 3706 762 3754 6.
783 3732 811 3742 -
830 3705 854 3755 6.
873 3709 936 3756 tentat
952 3703 1010 3754 cod.
1031 3703 1123 3758 Ursini.
1144 3731 1171 3741 -
1191 3705 1215 3754 9.
1235 3705 1275 3768 nc]
1292 3719 1337 3756 nac
1354 3707 1383 3756 G.
1403 3729 1432 3742 -
1452 3705 1492 3756 42.
1511 3709 1566 3756 tnn-

244 3786 297 3831 tum
308 3780 392 3842 potnit
406 3778 443 3843 n]
465 3779 533 3830 neec
553 3781 584 3830 ut
604 3781 773 3845 suppositicia
793 3782 879 3830 (taret.
899 3780 930 3844 (2)
954 3782 1063 3830 auctore
1083 3777 1185 3829 inclusi.
1217 3781 1369 3841 «Quaenam
1386 3783 1428 3832 est
1443 3781 1512 3832 haec
1527 3781 1569 3832 lo-

244 3855 343 3921 quendi
359 3856 447 3906 retici
472 3860 570 3906 tammo
583 3857 679 3919 potuit!
704 3859 745 3908 est
761 3855 915 3908 admirantis
932 3855 1087 3920 adscriptio,
1106 3867 1159 3918 qua
1176 3855 1260 3906 semel
1277 3855 1304 3906 in
1321 3855 1442 3907 ordinem
1458 3858 1568 3922 recepte

243 3937 272 3982 nt
287 3930 402 3982 adiicere
419 3943 533 3982 necesse
549 3931 629 3982 inii.»
651 3931 812 3995 Sutiragatur
828 3933 906 3982 acuto
923 3930 1055 3981 Garatonii
1071 3929 1167 3979 iudicio
1184 3930 1238 3990 Iit,
1266 3931 1292 3981 in
1318 3943 1371 3995 quo
1387 3935 1416 3981 ut
1432 3930 1517 3982 deest.
1538 3958 1566 3968 -

245 4006 342 4058 Contra
359 4005 539 4068 Heusingerus
554 4019 597 4056 vr.
616 4020 679 4068 qnos
697 4011 795 4057 motum
810 4019 897 4070 usque
914 4005 948 4056 ad
964 4005 1087 4071 ominati
1103 4003 1254 4055 inducenda
1271 4005 1437 4057 existimavit.
1458 4033 1485 4042 -
1503 4006 1568 4057 doec

246 4078 295 4144 (rel
310 4080 381 4144 οιιιιι)
397 4080 582 4142 mansue,
600 4080 615 4130 3
633 4083 721 4132 Pare:
740 4083 804 4134 does
821 4095 878 4132 scos
894 4081 977 4140 0v03
995 4082 1059 4131 cioca
1075 4082 1169 4130 cccmus
1185 4081 1220 4140 G,
1239 4081 1298 4132 Par.
1314 4084 1339 4133 4.
1357 4081 1383 4134 4.
1402 4079 1451 4134 soli
1468 4095 1501 4133 ex
1517 4095 1568 4133 no-

243 4157 285 4208 tis.
305 4183 333 4192 -
351 4156 413 4220 adpt.
431 4157 460 4206 G.
480 4179 508 4192 -
528 4155 569 4206 t3.
586 4169 688 4208 armore
704 4157 822 4208 GiIvc:
845 4169 992 4207 consonare
1008 4157 1118 4207 CllSa.
1139 4179 1167 4192 -
1182 4168 1230 4217 per
1245 4167 1352 4218 cmrpor.
1371 4169 1427 4207 ac:
1443 4170 1491 4220 per
1506 4171 1568 4208 con-

243 4243 346 4282 uentura
358 4230 505 4292 posttionem
522 4233 555 4290 G,
571 4245 619 4295 per
633 4247 683 4284 cor.
702 4233 752 4298 (eos
762 4234 799 4285 mi
812 4233 836 4296 v)
853 4233 1026 4296 repositiones
1035 4231 1062 4282 II
1070 4243 1098 4289 v;
1121 4243 1170 4294 par
1181 4229 1330 4292 positionem
1341 4231 1371 4282 C.
1385 4259 1413 4270 -
1431 4232 1490 4298 ipre]
1507 4233 1566 4284 iau.

246 4333 274 4344 ·-
292 4305 324 4356 ud
339 4306 386 4356 litis
396 4307 432 4365 Gi
450 4306 482 4356 ad
498 4307 536 4357 liis
552 4321 634 4368 vac,
654 4308 686 4358 ab
702 4309 760 4359 otiis
774 4310 811 4360 Iit
836 4309 953 4373 illuvias:
973 4305 1005 4356 od
1023 4304 1130 4355 tortione
1144 4305 1245 4368 patrino
1260 4305 1384 4372 noscitu).
1399 4335 1427 4344 -
1446 4306 1487 4358 44.
1501 4308 1569 4358 Fini·

244 4381 332 4432 onam
348 4381 509 4447 etmiiiinuan]
527 4383 566 4434 sic
583 4383 734 4436 Rufinianus
751 4384 785 4435 de
802 4384 846 4447 dg.
865 4383 888 4447 ἓ.
906 4383 962 4444 aa„
979 4383 1010 4432 ιιι
1026 4380 1094 4430 coni.
1113 4382 1142 4431 ii.
1160 4380 1356 4432 Boemoraeus:
1376 4381 1502 4432 Fimbriae
1516 4396 1568 4434 non

243 4457 396 4508 maiitiam
412 4456 491 4509 codd.
505 4485 533 4495 -
552 4459 592 4510 46.
611 4472 637 4509 aa
653 4473 707 4511 om.
725 4473 751 4511 v.
765 4488 793 4499 -
813 4459 853 4510 46.
870 4471 921 4508 non
936 4461 997 4508 cent
1013 4471 1036 4508 a.
1051 4484 1078 4493 -
1097 4457 1159 4507 iliud
1170 4457 1235 4520 quod
1250 4457 1313 4508 inv.
1329 4485 1357 4496 -
1376 4459 1416 4509 tt.
1431 4457 1566 4521 manmit.

244 4533 420 4585 Hotomanus:
439 4547 490 4584 non
505 4539 541 4584 est
554 4534 574 4598 s.
588 4534 666 4586 codd.
679 4536 716 4596 0,
734 4549 815 4601 quam
828 4533 969 4586 lectionem
981 4533 1126 4585 detendunt
1137 4532 1229 4585 lamb.
1243 4536 1270 4585 ei
1282 4532 1379 4585 lordnn
1389 4530 1406 4584 l.
1420 4547 1444 4584 c.
1457 4546 1483 4598 p.
1497 4533 1565 4594 664.;

244 4611 271 4659 at
282 4621 307 4658 v.
317 4608 378 4659 iirn.
388 4608 449 4674 (non
459 4606 511 4660 del.
521 4610 662 4662 Victorius.
680 4609 738 4661 Vid.
752 4611 803 4662 Get.
813 4611 875 4661 Ana.
888 4611 913 4660 d.
926 4609 983 4671 oen.
993 4609 1072 4660 diod.
1085 4607 1158 4660 4846.
1171 4622 1197 4674 p.
1211 4607 1278 4671 964.)
1292 4633 1320 4644 -
1335 4608 1374 4659 46.
1387 4609 1447 4672 pald
1458 4607 1501 4673 est]
1511 4620 1565 4659 om.

245 4687 280 4734 ert
296 4683 352 4743 Ilt;
371 4685 431 4746 qnid
446 4689 481 4735 ast
497 4687 563 4746 quod
578 4687 606 4735 in
622 4687 669 4736 inc
685 4699 764 4737 como
779 4687 861 4737 Prisc.
873 4685 961 4736 XVIII.
975 4683 1015 4735 30.
1027 4697 1054 4749 p.
1067 4683 1115 4735 263
1127 4684 1171 4733 iir.
1185 4709 1213 4718 -
1233 4683 1273 4732 49.
1286 4695 1436 4746 ωαφιορονο
1452 4685 1565 4743 Itvac;

242 4759 406 4822 mpriopade
416 4761 437 4809 G
448 4759 597 4822 (abnuentia
609 4775 644 4811 m.
657 4761 877 4822 dcddnotnrldt).
892 4785 920 4796 -
933 4759 973 4810 ii.
986 4760 1016 4810 de
1027 4771 1080 4810 om.
1094 4759 1140 4809 GC
1153 4773 1180 4818 χ.
1192 4784 1221 4794 -
1234 4757 1294 4818 antu
1304 4770 1358 4808 om.
1372 4759 1422 4809 III.
1434 4783 1462 4795 ·-
1475 4756 1516 4807 23.
1529 4757 1567 4807 in·

243 4833 351 4898 tottipitie
361 4834 391 4883 G.
406 4859 434 4870 -
445 4833 487 4884 25.
499 4835 591 4886 obsunt
603 4837 705 4887 Gilva
715 4850 744 4898 c,
763 4836 778 4886 3
791 4837 872 4892 Parr.;
891 4834 988 4884 cistam
998 4847 1031 4894 χ,
1048 4835 1106 4884 Par.
1117 4833 1141 4882 l.
1154 4833 1179 4884 8.
1194 4860 1222 4869 —
1234 4832 1275 4884 66.
1288 4833 1456 4896 confictionem
1467 4843 1520 4881 om.
1534 4833 1564 4882 G.

222 4943 226 4964 .
245 4934 272 4943 -
290 4907 331 4957 tl.
350 4907 543 4970 depoposcerunt
559 4911 626 4962 coni.
644 4911 748 4971 Lamia„
766 4912 796 4961 ut
812 4911 854 4961 est
870 4909 893 4974 ἓ.
913 4910 953 4960 96.
973 4936 1001 4945 -
1019 4910 1040 4958 ie
1057 4909 1100 4971 qni
1114 4908 1149 4972 pt.
1165 4911 1244 4970 poian
1255 4920 1308 4958 om.
1322 4907 1471 4958 Victorinus
1483 4916 1509 4968 p.
1523 4903 1564 4956 64.

241 4993 267 5032 v.
280 4980 321 5032 23.
335 4979 378 5032 ed.
392 4981 436 5032 Or.
451 5009 478 5018 -
496 4984 537 5034 49.
549 4985 607 5050 non]
619 4999 700 5036 nonna
712 4987 749 5048 ii;
767 4999 828 5036 num
839 4984 921 5047 Gud,
939 4996 1007 5048 qrme
1018 4981 1096 5034 lectio
1108 4980 1206 5032 codicis
1218 4979 1409 5046 corruptissimi
1421 4975 1565 5031 multorum

242 5056 351 5123 plausus
368 5055 440 5118 tulit;
459 5056 507 5108 sed
523 5061 596 5109 recte
613 5073 642 5111 se
660 5061 742 5111 hebet
758 5060 880 5112 codIcum
894 5061 996 5110 tautum
1008 5071 1061 5109 non
1072 5059 1192 5108 omnium
1203 5054 1290 5108 tectio.
1310 5053 1459 5108 cumcuim
1471 5053 1566 5105 dixeru

242 5134 347 5185 orator:
365 5132 395 5186 da
409 5131 474 5186 nien
490 5133 602 5188 unione
616 5134 689 5192 raon
703 5148 744 5190 mo
753 5137 833 5190 inne
849 5140 993 5203 oportere
1008 5133 1127 5201 innitipo,
1144 5133 1218 5185 recte
1228 5131 1330 5200 pergil:
1350 5129 1440 5183 Dicam
1450 5127 1564 5192 qnidam
