<?xml version="1.0" encoding="UTF-8"?>
<!DOCTYPE html PUBLIC "-//W3C//DTD XHTML 1.0 Transitional//EN"
    "http://www.w3.org/TR/xhtml1/DTD/xhtml1-transitional.dtd">
<html xmlns="http://www.w3.org/1999/xhtml" xml:lang="en" lang="en">
 <head>
  <title>
</title>
<meta http-equiv="Content-Type" content="text/html;charset=utf-8" />
  <meta name='ocr-system' content='tesseract 3.04.00' />
  <meta name='ocr-capabilities' content='ocr_page ocr_carea ocr_par ocr_line ocrx_word'/>
</head>
<body>
  <div class='ocr_page' id='page_1' title='image "./mtulliiciceroni00baitgoog_0270.png"; bbox 0 0 3642 5868; ppageno 0'>
   <div class='ocr_carea' id='block_1_1' title="bbox 296 397 1268 494">
    <p class='ocr_par' dir='ltr' id='par_1_1' title="bbox 296 397 1268 494">
     <span class='ocr_line' id='line_1_1' title="bbox 296 397 1268 494; baseline 0 -2"><span class='ocrx_word' id='word_1_1' title='bbox 296 397 384 492; x_wconf 67' lang='lat' dir='ltr'><strong>aar</strong></span> <span class='ocrx_word' id='word_1_2' title='bbox 685 425 1060 494; x_wconf 77' lang='lat' dir='ltr'><strong>mmnaauaouo</strong></span> <span class='ocrx_word' id='word_1_3' title='bbox 1084 425 1268 494; x_wconf 80' lang='lat' dir='ltr'><strong>snounna</strong></span> 
     </span>
    </p>
   </div>
   <div class='ocr_carea' id='block_1_2' title="bbox 88 596 1629 3810">
    <p class='ocr_par' dir='ltr' id='par_1_2' title="bbox 294 596 1626 683">
     <span class='ocr_line' id='line_1_2' title="bbox 294 596 1626 683; baseline -0.002 -21"><span class='ocrx_word' id='word_1_4' title='bbox 294 597 440 663; x_wconf 84' lang='lat' dir='ltr'><strong>facientt</strong></span> <span class='ocrx_word' id='word_1_5' title='bbox 461 618 532 663; x_wconf 90' lang='lat' dir='ltr'><strong>cum</strong></span> <span class='ocrx_word' id='word_1_6' title='bbox 554 596 698 662; x_wconf 74' lang='lat' dir='ltr'><strong>dederint</strong></span> <span class='ocrx_word' id='word_1_7' title='bbox 720 598 862 681; x_wconf 79' lang='lat' dir='ltr'><strong>Apronio</strong></span> <span class='ocrx_word' id='word_1_8' title='bbox 892 599 979 682; x_wconf 91' lang='lat' dir='ltr'><strong>quod</strong></span> <span class='ocrx_word' id='word_1_9' title='bbox 1009 599 1210 683; x_wconf 78' lang='lat' dir='ltr'><strong>poposcerit,</strong></span> <span class='ocrx_word' id='word_1_10' title='bbox 1237 598 1421 682; x_wconf 84' lang='lat' dir='ltr'><strong>relinquent</strong></span> <span class='ocrx_word' id='word_1_11' title='bbox 1442 597 1626 662; x_wconf 73' lang='lat' dir='ltr'><strong>uiuerent</strong></span> 
     </span>
    </p>

    <p class='ocr_par' dir='ltr' id='par_1_3' title="bbox 293 691 1626 780">
     <span class='ocr_line' id='line_1_3' title="bbox 293 691 1626 780; baseline 0.001 -25"><span class='ocrx_word' id='word_1_12' title='bbox 293 693 479 777; x_wconf 82' lang='lat' dir='ltr'><strong>relinquent</strong></span> <span class='ocrx_word' id='word_1_13' title='bbox 504 694 616 756; x_wconf 83' lang='lat' dir='ltr'><strong>Larem</strong></span> <span class='ocrx_word' id='word_1_14' title='bbox 645 691 834 757; x_wconf 79' lang='lat' dir='ltr'><strong>familiarem</strong></span> <span class='ocrx_word' id='word_1_15' title='bbox 855 697 970 758; x_wconf 71' lang='lat' dir='ltr'><strong>suum?</strong></span> <span class='ocrx_word' id='word_1_16' title='bbox 1000 695 1129 758; x_wconf 81' lang='lat' dir='ltr'><strong>venient</strong></span> <span class='ocrx_word' id='word_1_17' title='bbox 1151 695 1338 780; x_wconf 80' lang='lat' dir='ltr'><strong>Syracusas,</strong></span> <span class='ocrx_word' id='word_1_18' title='bbox 1368 700 1405 756; x_wconf 92' lang='lat' dir='ltr'><strong>ut</strong></span> <span class='ocrx_word' id='word_1_19' title='bbox 1425 700 1457 758; x_wconf 89' lang='lat' dir='ltr'><strong>te</strong></span> <span class='ocrx_word' id='word_1_20' title='bbox 1477 701 1626 776; x_wconf 89' lang='lat' dir='ltr'><strong>praetore</strong></span> 
     </span>
    </p>

    <p class='ocr_par' dir='ltr' id='par_1_4' title="bbox 117 787 1627 899">
     <span class='ocr_line' id='line_1_4' title="bbox 117 787 1627 899; baseline 0.001 -50"><span class='ocrx_word' id='word_1_21' title='bbox 117 807 132 899; x_wconf 54' lang='lat' dir='ltr'><strong>q</strong></span> <span class='ocrx_word' id='word_1_22' title='bbox 160 813 180 894; x_wconf 62' lang='lat' dir='ltr'><strong>q</strong></span> <span class='ocrx_word' id='word_1_23' title='bbox 293 787 444 850; x_wconf 84' lang='lat' dir='ltr'><strong>videlicet</strong></span> <span class='ocrx_word' id='word_1_24' title='bbox 465 807 570 871; x_wconf 88' lang='lat' dir='ltr'><strong>aequo</strong></span> <span class='ocrx_word' id='word_1_25' title='bbox 592 787 661 851; x_wconf 92' lang='lat' dir='ltr'><strong>iure</strong></span> <span class='ocrx_word' id='word_1_26' title='bbox 682 787 877 870; x_wconf 87' lang='lat' dir='ltr'><strong>Apronium,</strong></span> <span class='ocrx_word' id='word_1_27' title='bbox 901 787 1031 877; x_wconf 74' lang='lat' dir='ltr'><strong>delicias</strong></span> <span class='ocrx_word' id='word_1_28' title='bbox 1053 807 1089 851; x_wconf 91' lang='lat' dir='ltr'><strong>ac</strong></span> <span class='ocrx_word' id='word_1_29' title='bbox 1104 788 1200 852; x_wconf 76' lang='lat' dir='ltr'><strong>vitam</strong></span> <span class='ocrx_word' id='word_1_30' title='bbox 1225 795 1330 867; x_wconf 69' lang='lat' dir='ltr'><strong>tuam,</strong></span> <span class='ocrx_word' id='word_1_31' title='bbox 1352 787 1472 851; x_wconf 90' lang='lat' dir='ltr'><strong>iudicio</strong></span> <span class='ocrx_word' id='word_1_32' title='bbox 1491 807 1627 870; x_wconf 89' lang='lat' dir='ltr'><strong>recupe-</strong></span> 
     </span>
    </p>

    <p class='ocr_par' dir='ltr' id='par_1_5' title="bbox 147 877 1626 966">
     <span class='ocr_line' id='line_1_5' title="bbox 147 877 1626 966; baseline -0.001 -22"><span class='ocrx_word' id='word_1_33' title='bbox 147 877 153 922; x_wconf 81' lang='lat'>¹</span> <span class='ocrx_word' id='word_1_34' title='bbox 292 881 412 944; x_wconf 87' lang='lat' dir='ltr'><strong>raterio</strong></span> <span class='ocrx_word' id='word_1_35' title='bbox 432 884 688 966; x_wconf 73' lang='lat' dir='ltr'><strong>persequantur?</strong></span> <span class='ocrx_word' id='word_1_36' title='bbox 731 878 782 944; x_wconf 73' lang='lat'><strong>28.</strong></span> <span class='ocrx_word' id='word_1_37' title='bbox 805 883 922 944; x_wconf 87' lang='lat' dir='ltr'><strong>Verum</strong></span> <span class='ocrx_word' id='word_1_38' title='bbox 945 890 1029 945; x_wconf 85' lang='lat' dir='ltr'><strong>esto:</strong></span> <span class='ocrx_word' id='word_1_39' title='bbox 1052 881 1228 966; x_wconf 90' lang='lat' dir='ltr'><strong>reperietur</strong></span> <span class='ocrx_word' id='word_1_40' title='bbox 1242 881 1344 965; x_wconf 81' lang='lat' dir='ltr'><strong>aliqui</strong></span> <span class='ocrx_word' id='word_1_41' title='bbox 1364 879 1457 945; x_wconf 86' lang='lat' dir='ltr'><strong>fortis</strong></span> <span class='ocrx_word' id='word_1_42' title='bbox 1480 887 1514 944; x_wconf 87' lang='lat' dir='ltr'><strong>et</strong></span> <span class='ocrx_word' id='word_1_43' title='bbox 1527 899 1626 963; x_wconf 86' lang='lat' dir='ltr'><strong>expe-</strong></span> 
     </span>
    </p>

    <p class='ocr_par' dir='ltr' id='par_1_6' title="bbox 270 973 1624 1059">
     <span class='ocr_line' id='line_1_6' title="bbox 270 973 1624 1059; baseline 0 -23"><span class='ocrx_word' id='word_1_44' title='bbox 270 975 380 1038; x_wconf 77' lang='lat' dir='ltr'><strong>lriens</strong></span> <span class='ocrx_word' id='word_1_45' title='bbox 402 983 521 1050; x_wconf 91' lang='lat' dir='ltr'><strong>arator,</strong></span> <span class='ocrx_word' id='word_1_46' title='bbox 550 975 622 1059; x_wconf 90' lang='lat' dir='ltr'><strong>qui,</strong></span> <span class='ocrx_word' id='word_1_47' title='bbox 652 996 724 1038; x_wconf 92' lang='lat' dir='ltr'><strong>cum</strong></span> <span class='ocrx_word' id='word_1_48' title='bbox 746 983 868 1038; x_wconf 90' lang='lat' dir='ltr'><strong>tautum</strong></span> <span class='ocrx_word' id='word_1_49' title='bbox 891 974 1016 1040; x_wconf 86' lang='lat' dir='ltr'><strong>dederit</strong></span> <span class='ocrx_word' id='word_1_50' title='bbox 1037 977 1230 1051; x_wconf 91' lang='lat' dir='ltr'><strong>decumano,</strong></span> <span class='ocrx_word' id='word_1_51' title='bbox 1261 983 1415 1059; x_wconf 90' lang='lat' dir='ltr'><strong>quantum</strong></span> <span class='ocrx_word' id='word_1_52' title='bbox 1437 973 1492 1038; x_wconf 91' lang='lat' dir='ltr'><strong>ille</strong></span> <span class='ocrx_word' id='word_1_53' title='bbox 1515 973 1624 1038; x_wconf 88' lang='lat' dir='ltr'><strong>deberi</strong></span> 
     </span>
    </p>

    <p class='ocr_par' dir='ltr' id='par_1_7' title="bbox 293 1068 1623 1154">
     <span class='ocr_line' id='line_1_7' title="bbox 293 1068 1623 1154; baseline 0.001 -24"><span class='ocrx_word' id='word_1_54' title='bbox 293 1068 423 1144; x_wconf 80' lang='lat' dir='ltr'><strong>dixerit,</strong></span> <span class='ocrx_word' id='word_1_55' title='bbox 454 1069 571 1133; x_wconf 91' lang='lat' dir='ltr'><strong>iudicio</strong></span> <span class='ocrx_word' id='word_1_56' title='bbox 601 1077 724 1153; x_wconf 89' lang='lat' dir='ltr'><strong>repetat</strong></span> <span class='ocrx_word' id='word_1_57' title='bbox 754 1077 786 1132; x_wconf 89' lang='lat' dir='ltr'><strong>et</strong></span> <span class='ocrx_word' id='word_1_58' title='bbox 814 1090 951 1154; x_wconf 89' lang='lat' dir='ltr'><strong>poenam</strong></span> <span class='ocrx_word' id='word_1_59' title='bbox 974 1070 1095 1153; x_wconf 85' lang='lat' dir='ltr'><strong>octupli</strong></span> <span class='ocrx_word' id='word_1_60' title='bbox 1116 1077 1335 1154; x_wconf 83' lang='lat' dir='ltr'><strong>persequetur.</strong></span> <span class='ocrx_word' id='word_1_61' title='bbox 1378 1070 1538 1152; x_wconf 86' lang='lat' dir='ltr'><strong>Exspecto</strong></span> <span class='ocrx_word' id='word_1_62' title='bbox 1559 1070 1623 1132; x_wconf 84' lang='lat' dir='ltr'><strong>vim</strong></span> 
     </span>
    </p>

    <p class='ocr_par' dir='ltr' id='par_1_8' title="bbox 293 1162 1624 1246">
     <span class='ocr_line' id='line_1_8' title="bbox 293 1162 1624 1246; baseline -0.001 -21"><span class='ocrx_word' id='word_1_63' title='bbox 293 1162 404 1238; x_wconf 89' lang='lat' dir='ltr'><strong>edicti,</strong></span> <span class='ocrx_word' id='word_1_64' title='bbox 427 1164 625 1227; x_wconf 84' lang='lat' dir='ltr'><strong>severitatem</strong></span> <span class='ocrx_word' id='word_1_65' title='bbox 647 1165 821 1246; x_wconf 86' lang='lat' dir='ltr'><strong>praetoris:</strong></span> <span class='ocrx_word' id='word_1_66' title='bbox 843 1163 935 1228; x_wconf 87' lang='lat' dir='ltr'><strong>faveo</strong></span> <span class='ocrx_word' id='word_1_67' title='bbox 958 1166 1090 1238; x_wconf 89' lang='lat' dir='ltr'><strong>aratori,</strong></span> <span class='ocrx_word' id='word_1_68' title='bbox 1113 1165 1208 1246; x_wconf 88' lang='lat' dir='ltr'><strong>cupio</strong></span> <span class='ocrx_word' id='word_1_69' title='bbox 1230 1163 1351 1246; x_wconf 85' lang='lat' dir='ltr'><strong>octupli</strong></span> <span class='ocrx_word' id='word_1_70' title='bbox 1366 1162 1509 1226; x_wconf 86' lang='lat' dir='ltr'><strong>damnari</strong></span> <span class='ocrx_word' id='word_1_71' title='bbox 1522 1163 1624 1244; x_wconf 90' lang='lat' dir='ltr'><strong>Apro-</strong></span> 
     </span>
    </p>

    <p class='ocr_par' dir='ltr' id='par_1_9' title="bbox 291 1255 1623 1340">
     <span class='ocr_line' id='line_1_9' title="bbox 291 1255 1623 1340; baseline -0.002 -20"><span class='ocrx_word' id='word_1_72' title='bbox 291 1257 390 1321; x_wconf 92' lang='lat' dir='ltr'><strong>nium.</strong></span> <span class='ocrx_word' id='word_1_73' title='bbox 428 1257 514 1332; x_wconf 88' lang='lat' dir='ltr'><strong>Quid</strong></span> <span class='ocrx_word' id='word_1_74' title='bbox 545 1260 673 1321; x_wconf 90' lang='lat' dir='ltr'><strong>tandem</strong></span> <span class='ocrx_word' id='word_1_75' title='bbox 702 1257 845 1340; x_wconf 90' lang='lat' dir='ltr'><strong>postulat</strong></span> <span class='ocrx_word' id='word_1_76' title='bbox 866 1260 998 1321; x_wconf 81' lang='lat' dir='ltr'><strong>aratori</strong></span> <span class='ocrx_word' id='word_1_77' title='bbox 1038 1256 1122 1320; x_wconf 88' lang='lat' dir='ltr'><strong>Nihil</strong></span> <span class='ocrx_word' id='word_1_78' title='bbox 1144 1256 1207 1321; x_wconf 87' lang='lat' dir='ltr'><strong>nisi</strong></span> <span class='ocrx_word' id='word_1_79' title='bbox 1230 1277 1270 1320; x_wconf 85' lang='lat' dir='ltr'><strong>ex</strong></span> <span class='ocrx_word' id='word_1_80' title='bbox 1292 1257 1395 1320; x_wconf 91' lang='lat' dir='ltr'><strong>edicto</strong></span> <span class='ocrx_word' id='word_1_81' title='bbox 1416 1255 1568 1320; x_wconf 76' lang='lat' dir='ltr'><strong>iudicium</strong></span> <span class='ocrx_word' id='word_1_82' title='bbox 1589 1257 1623 1318; x_wconf 89' lang='lat' dir='ltr'><strong>in</strong></span> 
     </span>
    </p>

    <p class='ocr_par' dir='ltr' id='par_1_10' title="bbox 291 1349 1624 1434">
     <span class='ocr_line' id='line_1_10' title="bbox 291 1349 1624 1434; baseline -0.002 -21"><span class='ocrx_word' id='word_1_83' title='bbox 291 1349 464 1433; x_wconf 91' lang='lat' dir='ltr'><strong>octuplum.</strong></span> <span class='ocrx_word' id='word_1_84' title='bbox 497 1350 582 1426; x_wconf 90' lang='lat' dir='ltr'><strong>Quid</strong></span> <span class='ocrx_word' id='word_1_85' title='bbox 603 1353 787 1434; x_wconf 72' lang='lat' dir='ltr'><strong>Apronius?</strong></span> <span class='ocrx_word' id='word_1_86' title='bbox 819 1354 891 1415; x_wconf 88' lang='lat' dir='ltr'><strong>Non</strong></span> <span class='ocrx_word' id='word_1_87' title='bbox 912 1357 1047 1414; x_wconf 84' lang='lat' dir='ltr'><strong>recusat.</strong></span> <span class='ocrx_word' id='word_1_88' title='bbox 1084 1351 1169 1426; x_wconf 90' lang='lat' dir='ltr'><strong>Quid</strong></span> <span class='ocrx_word' id='word_1_89' title='bbox 1192 1353 1343 1434; x_wconf 82' lang='lat' dir='ltr'><strong>praetori</strong></span> <span class='ocrx_word' id='word_1_90' title='bbox 1379 1351 1471 1414; x_wconf 88' lang='lat' dir='ltr'><strong>lubet</strong></span> <span class='ocrx_word' id='word_1_91' title='bbox 1490 1369 1624 1433; x_wconf 89' lang='lat' dir='ltr'><strong>recupe-</strong></span> 
     </span>
    </p>

    <p class='ocr_par' dir='ltr' id='par_1_11' title="bbox 253 1445 1623 1522">
     <span class='ocr_line' id='line_1_11' title="bbox 253 1445 1623 1522; baseline 0.002 -16"><span class='ocrx_word' id='word_1_92' title='bbox 253 1450 280 1500; x_wconf 81' lang='lat'><strong>⁴⁰</strong></span> <span class='ocrx_word' id='word_1_93' title='bbox 289 1451 410 1508; x_wconf 86' lang='lat' dir='ltr'><strong>ratores</strong></span> <span class='ocrx_word' id='word_1_94' title='bbox 432 1445 573 1508; x_wconf 88' lang='lat' dir='ltr'><strong>relicere.</strong></span> <span class='ocrx_word' id='word_1_95' title='bbox 615 1447 767 1510; x_wconf 86' lang='lat' dir='ltr'><strong>Decurias</strong></span> <span class='ocrx_word' id='word_1_96' title='bbox 790 1446 974 1509; x_wconf 85' lang='lat' dir='ltr'><strong>scribamus.</strong></span> <span class='ocrx_word' id='word_1_97' title='bbox 1019 1445 1105 1522; x_wconf 88' lang='lat' dir='ltr'><strong>Quas</strong></span> <span class='ocrx_word' id='word_1_98' title='bbox 1129 1445 1297 1510; x_wconf 73' lang='lat' dir='ltr'><strong>decurias?</strong></span> <span class='ocrx_word' id='word_1_99' title='bbox 1330 1447 1378 1510; x_wconf 89' lang='lat' dir='ltr'><strong>De</strong></span> <span class='ocrx_word' id='word_1_100' title='bbox 1399 1445 1530 1509; x_wconf 84' lang='lat' dir='ltr'><strong>cohorte</strong></span> <span class='ocrx_word' id='word_1_101' title='bbox 1551 1465 1623 1509; x_wconf 83' lang='lat' dir='ltr'><strong>mea</strong></span> 
     </span>
    </p>

    <p class='ocr_par' dir='ltr' id='par_1_12' title="bbox 289 1539 1622 1624">
     <span class='ocr_line' id='line_1_12' title="bbox 289 1539 1622 1624; baseline 0.001 -23"><span class='ocrx_word' id='word_1_102' title='bbox 289 1539 430 1615; x_wconf 90' lang='lat' dir='ltr'><strong>reiicies,</strong></span> <span class='ocrx_word' id='word_1_103' title='bbox 452 1539 567 1622; x_wconf 91' lang='lat' dir='ltr'><strong>inquit.</strong></span> <span class='ocrx_word' id='word_1_104' title='bbox 612 1539 720 1615; x_wconf 84' lang='lat' dir='ltr'><strong>Quidl</strong></span> <span class='ocrx_word' id='word_1_105' title='bbox 751 1541 812 1604; x_wconf 91' lang='lat' dir='ltr'><strong>ista</strong></span> <span class='ocrx_word' id='word_1_106' title='bbox 834 1540 947 1603; x_wconf 82' lang='lat' dir='ltr'><strong>cohors</strong></span> <span class='ocrx_word' id='word_1_107' title='bbox 970 1559 1106 1624; x_wconf 91' lang='lat' dir='ltr'><strong>quorum</strong></span> <span class='ocrx_word' id='word_1_108' title='bbox 1127 1539 1293 1604; x_wconf 91' lang='lat' dir='ltr'><strong>homiuum</strong></span> <span class='ocrx_word' id='word_1_109' title='bbox 1317 1542 1388 1603; x_wconf 75' lang='lat' dir='ltr'><strong>eat?</strong></span> <span class='ocrx_word' id='word_1_110' title='bbox 1421 1539 1544 1604; x_wconf 80' lang='lat' dir='ltr'><strong>Volusii</strong></span> <span class='ocrx_word' id='word_1_111' title='bbox 1564 1539 1622 1603; x_wconf 81' lang='lat' dir='ltr'><strong>laa-</strong></span> 
     </span>
    </p>

    <p class='ocr_par' dir='ltr' id='par_1_13' title="bbox 288 1632 1620 1717">
     <span class='ocr_line' id='line_1_13' title="bbox 288 1632 1620 1717; baseline -0.002 -21"><span class='ocrx_word' id='word_1_112' title='bbox 288 1635 423 1717; x_wconf 89' lang='lat' dir='ltr'><strong>ruspicis</strong></span> <span class='ocrx_word' id='word_1_113' title='bbox 447 1640 479 1696; x_wconf 88' lang='lat' dir='ltr'><strong>et</strong></span> <span class='ocrx_word' id='word_1_114' title='bbox 501 1632 640 1698; x_wconf 88' lang='lat' dir='ltr'><strong>Cornelii</strong></span> <span class='ocrx_word' id='word_1_115' title='bbox 661 1635 775 1698; x_wconf 87' lang='lat' dir='ltr'><strong>medici</strong></span> <span class='ocrx_word' id='word_1_116' title='bbox 798 1634 965 1697; x_wconf 89' lang='lat' dir='ltr'><strong>ethorum</strong></span> <span class='ocrx_word' id='word_1_117' title='bbox 987 1654 1116 1708; x_wconf 91' lang='lat' dir='ltr'><strong>canum,</strong></span> <span class='ocrx_word' id='word_1_118' title='bbox 1139 1655 1222 1717; x_wconf 84' lang='lat' dir='ltr'><strong>quos</strong></span> <span class='ocrx_word' id='word_1_119' title='bbox 1244 1634 1383 1698; x_wconf 87' lang='lat' dir='ltr'><strong>tribunal</strong></span> <span class='ocrx_word' id='word_1_120' title='bbox 1404 1652 1510 1698; x_wconf 87' lang='lat' dir='ltr'><strong>meum</strong></span> <span class='ocrx_word' id='word_1_121' title='bbox 1530 1633 1620 1697; x_wconf 81' lang='lat' dir='ltr'><strong>vides</strong></span> 
     </span>
    </p>

    <p class='ocr_par' dir='ltr' id='par_1_14' title="bbox 287 1727 1620 1811">
     <span class='ocr_line' id='line_1_14' title="bbox 287 1727 1620 1811; baseline -0.001 -21"><span class='ocrx_word' id='word_1_122' title='bbox 287 1727 436 1791; x_wconf 79' lang='lat' dir='ltr'><strong>lambere.</strong></span> <span class='ocrx_word' id='word_1_123' title='bbox 468 1730 546 1792; x_wconf 88' lang='lat' dir='ltr'><strong>Nam</strong></span> <span class='ocrx_word' id='word_1_124' title='bbox 570 1728 611 1791; x_wconf 89' lang='lat' dir='ltr'><strong>de</strong></span> <span class='ocrx_word' id='word_1_125' title='bbox 633 1737 791 1792; x_wconf 88' lang='lat' dir='ltr'><strong>conventu</strong></span> <span class='ocrx_word' id='word_1_126' title='bbox 813 1727 937 1792; x_wconf 90' lang='lat' dir='ltr'><strong>nullum</strong></span> <span class='ocrx_word' id='word_1_127' title='bbox 958 1748 1111 1811; x_wconf 89' lang='lat' dir='ltr'><strong>umquam</strong></span> <span class='ocrx_word' id='word_1_128' title='bbox 1132 1727 1269 1793; x_wconf 91' lang='lat' dir='ltr'><strong>iudicem</strong></span> <span class='ocrx_word' id='word_1_129' title='bbox 1292 1749 1352 1792; x_wconf 82' lang='lat' dir='ltr'><strong>nee</strong></span> <span class='ocrx_word' id='word_1_130' title='bbox 1366 1734 1620 1811; x_wconf 86' lang='lat' dir='ltr'><strong>recuperatorem</strong></span> 
     </span>
    </p>

    <p class='ocr_par' dir='ltr' id='par_1_15' title="bbox 288 1821 1621 1908">
     <span class='ocr_line' id='line_1_15' title="bbox 288 1821 1621 1908; baseline -0.001 -24"><span class='ocrx_word' id='word_1_131' title='bbox 288 1821 393 1886; x_wconf 88' lang='lat' dir='ltr'><strong>dedit:</strong></span> <span class='ocrx_word' id='word_1_132' title='bbox 425 1821 557 1905; x_wconf 87' lang='lat' dir='ltr'><strong>iniquos</strong></span> <span class='ocrx_word' id='word_1_133' title='bbox 586 1822 771 1887; x_wconf 79' lang='lat' dir='ltr'><strong>decumanis</strong></span> <span class='ocrx_word' id='word_1_134' title='bbox 803 1823 908 1886; x_wconf 88' lang='lat' dir='ltr'><strong>aiebat</strong></span> <span class='ocrx_word' id='word_1_135' title='bbox 929 1843 1040 1887; x_wconf 89' lang='lat' dir='ltr'><strong>omnes</strong></span> <span class='ocrx_word' id='word_1_136' title='bbox 1069 1843 1156 1899; x_wconf 87' lang='lat' dir='ltr'><strong>esse,</strong></span> <span class='ocrx_word' id='word_1_137' title='bbox 1190 1825 1245 1908; x_wconf 92' lang='lat' dir='ltr'><strong>qui</strong></span> <span class='ocrx_word' id='word_1_138' title='bbox 1273 1825 1371 1888; x_wconf 86' lang='lat' dir='ltr'><strong>ullam</strong></span> <span class='ocrx_word' id='word_1_139' title='bbox 1403 1822 1470 1906; x_wconf 77' lang='lat' dir='ltr'><strong>agn·</strong></span> <span class='ocrx_word' id='word_1_140' title='bbox 1496 1821 1621 1904; x_wconf 81' lang='lat' dir='ltr'><strong>glebam</strong></span> 
     </span>
    </p>

    <p class='ocr_par' dir='ltr' id='par_1_16' title="bbox 250 1914 1620 2002">
     <span class='ocr_line' id='line_1_16' title="bbox 250 1914 1620 2002; baseline -0.003 -22"><span class='ocrx_word' id='word_1_141' title='bbox 250 1917 497 2000; x_wconf 71' lang='lat' dir='ltr'><strong>opossiderent</strong></span> <span class='ocrx_word' id='word_1_142' title='bbox 541 1916 742 1980; x_wconf 88' lang='lat' dir='ltr'><strong>Veniendum</strong></span> <span class='ocrx_word' id='word_1_143' title='bbox 775 1924 843 1981; x_wconf 89' lang='lat' dir='ltr'><strong>erat</strong></span> <span class='ocrx_word' id='word_1_144' title='bbox 875 1919 916 1980; x_wconf 92' lang='lat' dir='ltr'><strong>ad</strong></span> <span class='ocrx_word' id='word_1_145' title='bbox 949 1938 1004 1981; x_wconf 90' lang='lat' dir='ltr'><strong>eos</strong></span> <span class='ocrx_word' id='word_1_146' title='bbox 1036 1926 1147 1981; x_wconf 88' lang='lat' dir='ltr'><strong>contra</strong></span> <span class='ocrx_word' id='word_1_147' title='bbox 1175 1918 1369 2002; x_wconf 92' lang='lat' dir='ltr'><strong>Apronium,</strong></span> <span class='ocrx_word' id='word_1_148' title='bbox 1400 1915 1457 2001; x_wconf 91' lang='lat' dir='ltr'><strong>qui</strong></span> <span class='ocrx_word' id='word_1_149' title='bbox 1478 1914 1620 1978; x_wconf 92' lang='lat' dir='ltr'><strong>nondum</strong></span> 
     </span>
    </p>

    <p class='ocr_par' dir='ltr' id='par_1_17' title="bbox 285 2011 1621 2096">
     <span class='ocr_line' id='line_1_17' title="bbox 285 2011 1621 2096; baseline -0.002 -22"><span class='ocrx_word' id='word_1_150' title='bbox 285 2012 463 2094; x_wconf 91' lang='lat' dir='ltr'><strong>Aproniani</strong></span> <span class='ocrx_word' id='word_1_151' title='bbox 485 2011 624 2076; x_wconf 87' lang='lat' dir='ltr'><strong>convivii</strong></span> <span class='ocrx_word' id='word_1_152' title='bbox 648 2011 809 2094; x_wconf 85' lang='lat' dir='ltr'><strong>crapulam</strong></span> <span class='ocrx_word' id='word_1_153' title='bbox 832 2011 1045 2076; x_wconf 78' lang='lat' dir='ltr'><strong>exhalassent.</strong></span> <span class='ocrx_word' id='word_1_154' title='bbox 1077 2013 1150 2074; x_wconf 90' lang='lat' dir='ltr'><strong>llll.</strong></span> <span class='ocrx_word' id='word_1_155' title='bbox 1173 2013 1199 2076; x_wconf 91' lang='lat'>0</span> <span class='ocrx_word' id='word_1_156' title='bbox 1222 2012 1421 2096; x_wconf 88' lang='lat' dir='ltr'><strong>praeclarum</strong></span> <span class='ocrx_word' id='word_1_157' title='bbox 1438 2017 1471 2074; x_wconf 94' lang='lat' dir='ltr'><strong>et</strong></span> <span class='ocrx_word' id='word_1_158' title='bbox 1483 2027 1621 2072; x_wconf 88' lang='lat' dir='ltr'><strong>commo·</strong></span> 
     </span>
    </p>

    <p class='ocr_par' dir='ltr' id='par_1_18' title="bbox 286 2103 1619 2189">
     <span class='ocr_line' id='line_1_18' title="bbox 286 2103 1619 2189; baseline -0.002 -21"><span class='ocrx_word' id='word_1_159' title='bbox 286 2105 475 2170; x_wconf 90' lang='lat' dir='ltr'><strong>morandum</strong></span> <span class='ocrx_word' id='word_1_160' title='bbox 498 2104 668 2168; x_wconf 86' lang='lat' dir='ltr'><strong>iudiciuml</strong></span> <span class='ocrx_word' id='word_1_161' title='bbox 692 2128 711 2169; x_wconf 93' lang='grc' dir='ltr'><strong>ο</strong></span> <span class='ocrx_word' id='word_1_162' title='bbox 735 2127 880 2170; x_wconf 87' lang='lat' dir='ltr'><strong>severum</strong></span> <span class='ocrx_word' id='word_1_163' title='bbox 896 2105 1053 2170; x_wconf 78' lang='lat' dir='ltr'><strong>edictum!</strong></span> <span class='ocrx_word' id='word_1_164' title='bbox 1077 2127 1096 2168; x_wconf 93' lang='grc' dir='ltr'><strong>ο</strong></span> <span class='ocrx_word' id='word_1_165' title='bbox 1119 2111 1222 2170; x_wconf 91' lang='lat' dir='ltr'><strong>tutum</strong></span> <span class='ocrx_word' id='word_1_166' title='bbox 1244 2105 1424 2189; x_wconf 76' lang='lat' dir='ltr'><strong>perfugium</strong></span> <span class='ocrx_word' id='word_1_167' title='bbox 1443 2103 1619 2168; x_wconf 77' lang='lat' dir='ltr'><strong>aratorum!</strong></span> 
     </span>
    </p>

    <p class='ocr_par' dir='ltr' id='par_1_19' title="bbox 371 2187 1620 2290">
     <span class='ocr_line' id='line_1_19' title="bbox 371 2187 1620 2290; baseline -0.005 -24"><span class='ocrx_word' id='word_1_168' title='bbox 371 2197 424 2266; x_wconf 79' lang='lat'><strong>29.</strong></span> <span class='ocrx_word' id='word_1_169' title='bbox 444 2201 550 2286; x_wconf 90' lang='lat' dir='ltr'><strong>Atque</strong></span> <span class='ocrx_word' id='word_1_170' title='bbox 571 2209 608 2263; x_wconf 91' lang='lat' dir='ltr'><strong>ut</strong></span> <span class='ocrx_word' id='word_1_171' title='bbox 628 2201 822 2283; x_wconf 80' lang='lat' dir='ltr'><strong>intelligatis,</strong></span> <span class='ocrx_word' id='word_1_172' title='bbox 830 2191 936 2290; x_wconf 84' lang='lat' dir='ltr'><strong>(cuius</strong></span> <span class='ocrx_word' id='word_1_173' title='bbox 952 2198 1038 2263; x_wconf 89' lang='lat' dir='ltr'><strong>modi</strong></span> <span class='ocrx_word' id='word_1_174' title='bbox 1060 2201 1122 2263; x_wconf 91' lang='lat' dir='ltr'><strong>ista</strong></span> <span class='ocrx_word' id='word_1_175' title='bbox 1143 2199 1262 2264; x_wconf 92' lang='lat' dir='ltr'><strong>iudicia</strong></span> <span class='ocrx_word' id='word_1_176' title='bbox 1278 2202 1312 2264; x_wconf 93' lang='lat' dir='ltr'><strong>in</strong></span> <span class='ocrx_word' id='word_1_177' title='bbox 1327 2187 1620 2288; x_wconf 85' lang='lat' dir='ltr'><strong>octuplum,(cuiua</strong></span> 
     </span>
    </p>

    <p class='ocr_par' dir='ltr' id='par_1_20' title="bbox 88 2285 1619 2464">
     <span class='ocr_line' id='line_1_20' title="bbox 88 2285 1619 2453; baseline -0.004 0"><span class='ocrx_word' id='word_1_178' title='bbox 88 2302 150 2400; x_wconf 58' lang='lat' dir='ltr'><strong>ti</strong></span> <span class='ocrx_word' id='word_1_179' title='bbox 247 2288 571 2453; x_wconf 50' lang='lat' dir='ltr'><strong>ni⁰d¹f⁵⁵t¹l⁵aii</strong></span> <span class='ocrx_word' id='word_1_180' title='bbox 584 2294 734 2452; x_wconf 51' lang='lat' dir='ltr'><strong>fimf</strong></span> <span class='ocrx_word' id='word_1_181' title='bbox 753 2293 1028 2452; x_wconf 47' lang='lat' dir='ltr'><strong>filiiflii.</strong></span> <span class='ocrx_word' id='word_1_182' title='bbox 1043 2295 1215 2452; x_wconf 43' lang='lat' dir='ltr'><strong>‘&#39;fil-³2³</strong></span> <span class='ocrx_word' id='word_1_183' title='bbox 1249 2285 1333 2452; x_wconf 66' lang='lat' dir='ltr'><strong>lif</strong></span> <span class='ocrx_word' id='word_1_184' title='bbox 1357 2294 1425 2452; x_wconf 57' lang='grc' dir='ltr'><strong>ἕξ</strong></span> <span class='ocrx_word' id='word_1_185' title='bbox 1442 2290 1619 2451; x_wconf 62' lang='lat' dir='ltr'><strong>filiii.</strong></span> 
     </span>
     <span class='ocr_line' id='line_1_21' title="bbox 312 2410 1390 2464; baseline 0 -11"><span class='ocrx_word' id='word_1_186' title='bbox 312 2410 427 2453; x_wconf 91' lang='lat' dir='ltr'><strong>cum</strong></span> <span class='ocrx_word' id='word_1_187' title='bbox 644 2410 763 2452; x_wconf 92' lang='lat' dir='ltr'><strong>umnu</strong></span> <span class='ocrx_word' id='word_1_188' title='bbox 912 2410 922 2450; x_wconf 90' lang='lat' dir='ltr'><strong>r</strong></span> <span class='ocrx_word' id='word_1_189' title='bbox 1092 2410 1265 2464; x_wconf 87' lang='lat' dir='ltr'><strong>rmrss,u</strong></span> <span class='ocrx_word' id='word_1_190' title='bbox 1334 2410 1390 2453; x_wconf 91' lang='lat' dir='ltr'><strong>nu</strong></span> 
     </span>
    </p>

    <p class='ocr_par' dir='ltr' id='par_1_21' title="bbox 285 2409 1619 2568">
     <span class='ocr_line' id='line_1_22' title="bbox 285 2409 1619 2568; baseline -0.004 -22"><span class='ocrx_word' id='word_1_191' title='bbox 285 2410 664 2567; x_wconf 66' lang='lat' dir='ltr'><strong>qubtnmppoposcissst</strong></span> <span class='ocrx_word' id='word_1_192' title='bbox 685 2482 841 2558; x_wconf 78' lang='lat' dir='ltr'><strong>auferret,</strong></span> <span class='ocrx_word' id='word_1_193' title='bbox 864 2482 936 2566; x_wconf 88' lang='lat' dir='ltr'><strong>plus</strong></span> <span class='ocrx_word' id='word_1_194' title='bbox 960 2409 1245 2567; x_wconf 74' lang='lat' dir='ltr'><strong>quampdeberetur</strong></span> <span class='ocrx_word' id='word_1_195' title='bbox 1266 2483 1476 2568; x_wconf 82' lang='lat' dir='ltr'><strong>poposcisset</strong></span> <span class='ocrx_word' id='word_1_196' title='bbox 1509 2478 1619 2543; x_wconf 85' lang='lat' dir='ltr'><strong>Gensi-</strong></span> 
     </span>
    </p>

    <p class='ocr_par' dir='ltr' id='par_1_22' title="bbox 285 2575 1618 2662">
     <span class='ocr_line' id='line_1_23' title="bbox 285 2575 1618 2662; baseline -0.002 -24"><span class='ocrx_word' id='word_1_197' title='bbox 285 2577 393 2640; x_wconf 90' lang='lat' dir='ltr'><strong>derate</strong></span> <span class='ocrx_word' id='word_1_198' title='bbox 416 2595 488 2638; x_wconf 91' lang='lat' dir='ltr'><strong>cum</strong></span> <span class='ocrx_word' id='word_1_199' title='bbox 509 2577 622 2640; x_wconf 83' lang='lat' dir='ltr'><strong>vestris</strong></span> <span class='ocrx_word' id='word_1_200' title='bbox 644 2577 759 2639; x_wconf 88' lang='lat' dir='ltr'><strong>animis</strong></span> <span class='ocrx_word' id='word_1_201' title='bbox 781 2585 905 2640; x_wconf 87' lang='lat' dir='ltr'><strong>vosmet</strong></span> <span class='ocrx_word' id='word_1_202' title='bbox 925 2577 987 2660; x_wconf 90' lang='lat' dir='ltr'><strong>ipsi</strong></span> <span class='ocrx_word' id='word_1_203' title='bbox 1010 2597 1145 2662; x_wconf 89' lang='lat' dir='ltr'><strong>ecquem</strong></span> <span class='ocrx_word' id='word_1_204' title='bbox 1166 2578 1302 2662; x_wconf 89' lang='lat' dir='ltr'><strong>putetis,</strong></span> <span class='ocrx_word' id='word_1_205' title='bbox 1331 2575 1517 2661; x_wconf 86' lang='lat' dir='ltr'><strong>praesertim</strong></span> <span class='ocrx_word' id='word_1_206' title='bbox 1546 2591 1618 2636; x_wconf 88' lang='lat' dir='ltr'><strong>cum</strong></span> 
     </span>
    </p>

    <p class='ocr_par' dir='ltr' id='par_1_23' title="bbox 283 2667 1618 2754">
     <span class='ocr_line' id='line_1_24' title="bbox 283 2667 1618 2754; baseline -0.003 -23"><span class='ocrx_word' id='word_1_207' title='bbox 283 2668 317 2731; x_wconf 92' lang='lat' dir='ltr'><strong>id</strong></span> <span class='ocrx_word' id='word_1_208' title='bbox 339 2689 405 2731; x_wconf 93' lang='lat' dir='ltr'><strong>non</strong></span> <span class='ocrx_word' id='word_1_209' title='bbox 427 2669 531 2734; x_wconf 90' lang='lat' dir='ltr'><strong>solum</strong></span> <span class='ocrx_word' id='word_1_210' title='bbox 553 2670 704 2745; x_wconf 80' lang='lat' dir='ltr'><strong>avaritia,</strong></span> <span class='ocrx_word' id='word_1_211' title='bbox 728 2669 784 2733; x_wconf 88' lang='lat' dir='ltr'><strong>sed</strong></span> <span class='ocrx_word' id='word_1_212' title='bbox 806 2673 901 2734; x_wconf 87' lang='lat' dir='ltr'><strong>etiam</strong></span> <span class='ocrx_word' id='word_1_213' title='bbox 924 2671 1139 2754; x_wconf 88' lang='lat' dir='ltr'><strong>imprudentia</strong></span> <span class='ocrx_word' id='word_1_214' title='bbox 1160 2671 1304 2736; x_wconf 86' lang='lat' dir='ltr'><strong>accidere</strong></span> <span class='ocrx_word' id='word_1_215' title='bbox 1319 2672 1467 2754; x_wconf 77' lang='lat' dir='ltr'><strong>potuerit.</strong></span> <span class='ocrx_word' id='word_1_216' title='bbox 1499 2667 1618 2732; x_wconf 85' lang='lat' dir='ltr'><strong>Multos</strong></span> 
     </span>
    </p>

    <p class='ocr_par' dir='ltr' id='par_1_24' title="bbox 283 2760 1619 2849">
     <span class='ocr_line' id='line_1_25' title="bbox 283 2760 1619 2849; baseline -0.001 -24"><span class='ocrx_word' id='word_1_217' title='bbox 283 2781 415 2826; x_wconf 88' lang='lat' dir='ltr'><strong>necesse</strong></span> <span class='ocrx_word' id='word_1_218' title='bbox 437 2770 495 2825; x_wconf 90' lang='lat' dir='ltr'><strong>est.</strong></span> <span class='ocrx_word' id='word_1_219' title='bbox 530 2765 572 2826; x_wconf 89' lang='lat' dir='ltr'><strong>At</strong></span> <span class='ocrx_word' id='word_1_220' title='bbox 594 2783 653 2846; x_wconf 77' lang='lat' dir='ltr'><strong>ego</strong></span> <span class='ocrx_word' id='word_1_221' title='bbox 676 2783 787 2827; x_wconf 89' lang='lat' dir='ltr'><strong>omnes</strong></span> <span class='ocrx_word' id='word_1_222' title='bbox 810 2765 882 2828; x_wconf 91' lang='lat' dir='ltr'><strong>dico</strong></span> <span class='ocrx_word' id='word_1_223' title='bbox 904 2765 977 2848; x_wconf 90' lang='lat' dir='ltr'><strong>plus</strong></span> <span class='ocrx_word' id='word_1_224' title='bbox 1000 2785 1035 2828; x_wconf 95' lang='lat' dir='ltr'><strong>ac</strong></span> <span class='ocrx_word' id='word_1_225' title='bbox 1057 2767 1157 2829; x_wconf 89' lang='lat' dir='ltr'><strong>multo</strong></span> <span class='ocrx_word' id='word_1_226' title='bbox 1180 2766 1365 2849; x_wconf 88' lang='lat' dir='ltr'><strong>plusquam</strong></span> <span class='ocrx_word' id='word_1_227' title='bbox 1384 2763 1550 2828; x_wconf 88' lang='lat' dir='ltr'><strong>decumam</strong></span> <span class='ocrx_word' id='word_1_228' title='bbox 1564 2760 1619 2823; x_wconf 84' lang='lat' dir='ltr'><strong>ab·</strong></span> 
     </span>
    </p>

    <p class='ocr_par' dir='ltr' id='par_1_25' title="bbox 244 2856 1619 2944">
     <span class='ocr_line' id='line_1_26' title="bbox 244 2856 1619 2944; baseline -0.002 -24"><span class='ocrx_word' id='word_1_229' title='bbox 244 2857 421 2921; x_wconf 72' lang='lat' dir='ltr'><strong>uerutisse.</strong></span> <span class='ocrx_word' id='word_1_230' title='bbox 456 2857 541 2921; x_wconf 89' lang='lat' dir='ltr'><strong>Cedo</strong></span> <span class='ocrx_word' id='word_1_231' title='bbox 565 2857 642 2921; x_wconf 92' lang='lat' dir='ltr'><strong>mihi</strong></span> <span class='ocrx_word' id='word_1_232' title='bbox 664 2878 764 2920; x_wconf 91' lang='lat' dir='ltr'><strong>unum</strong></span> <span class='ocrx_word' id='word_1_233' title='bbox 786 2876 827 2920; x_wconf 84' lang='lat' dir='ltr'><strong>ex</strong></span> <span class='ocrx_word' id='word_1_234' title='bbox 849 2859 988 2922; x_wconf 89' lang='lat' dir='ltr'><strong>triennio</strong></span> <span class='ocrx_word' id='word_1_235' title='bbox 1011 2867 1178 2944; x_wconf 89' lang='lat' dir='ltr'><strong>praeturae</strong></span> <span class='ocrx_word' id='word_1_236' title='bbox 1195 2867 1267 2922; x_wconf 91' lang='lat' dir='ltr'><strong>tuae</strong></span> <span class='ocrx_word' id='word_1_237' title='bbox 1282 2861 1338 2943; x_wconf 90' lang='lat' dir='ltr'><strong>qui</strong></span> <span class='ocrx_word' id='word_1_238' title='bbox 1354 2857 1475 2941; x_wconf 86' lang='lat' dir='ltr'><strong>octupli</strong></span> <span class='ocrx_word' id='word_1_239' title='bbox 1489 2856 1619 2919; x_wconf 82' lang='lat' dir='ltr'><strong>damna-</strong></span> 
     </span>
    </p>

    <p class='ocr_par' dir='ltr' id='par_1_26' title="bbox 283 2953 1619 3037">
     <span class='ocr_line' id='line_1_27' title="bbox 283 2953 1619 3037; baseline -0.004 -21"><span class='ocrx_word' id='word_1_240' title='bbox 283 2961 334 3017; x_wconf 85' lang='lat' dir='ltr'><strong>tus</strong></span> <span class='ocrx_word' id='word_1_241' title='bbox 356 2953 407 3017; x_wconf 88' lang='lat' dir='ltr'><strong>sit.</strong></span> <span class='ocrx_word' id='word_1_242' title='bbox 450 2955 652 3018; x_wconf 78' lang='lat' dir='ltr'><strong>Damnaturi</strong></span> <span class='ocrx_word' id='word_1_243' title='bbox 685 2956 781 3018; x_wconf 91' lang='lat' dir='ltr'><strong>immo</strong></span> <span class='ocrx_word' id='word_1_244' title='bbox 804 2973 880 3016; x_wconf 87' lang='lat' dir='ltr'><strong>vero</strong></span> <span class='ocrx_word' id='word_1_245' title='bbox 902 2955 935 3017; x_wconf 95' lang='lat' dir='ltr'><strong>in</strong></span> <span class='ocrx_word' id='word_1_246' title='bbox 959 2975 1055 3037; x_wconf 89' lang='lat' dir='ltr'><strong>quem</strong></span> <span class='ocrx_word' id='word_1_247' title='bbox 1077 2953 1232 3017; x_wconf 90' lang='lat' dir='ltr'><strong>iudicium</strong></span> <span class='ocrx_word' id='word_1_248' title='bbox 1254 2973 1296 3017; x_wconf 84' lang='lat' dir='ltr'><strong>ex</strong></span> <span class='ocrx_word' id='word_1_249' title='bbox 1311 2953 1414 3016; x_wconf 89' lang='lat' dir='ltr'><strong>edicto</strong></span> <span class='ocrx_word' id='word_1_250' title='bbox 1430 2959 1486 3014; x_wconf 91' lang='lat' dir='ltr'><strong>tuo</strong></span> <span class='ocrx_word' id='word_1_251' title='bbox 1508 2955 1619 3032; x_wconf 87' lang='lat' dir='ltr'><strong>postu-</strong></span> 
     </span>
    </p>

    <p class='ocr_par' dir='ltr' id='par_1_27' title="bbox 282 3039 1618 3131">
     <span class='ocr_line' id='line_1_28' title="bbox 282 3039 1618 3131; baseline -0.006 -20"><span class='ocrx_word' id='word_1_252' title='bbox 282 3047 382 3111; x_wconf 91' lang='lat' dir='ltr'><strong>latum</strong></span> <span class='ocrx_word' id='word_1_253' title='bbox 405 3047 456 3110; x_wconf 92' lang='lat' dir='ltr'><strong>sit.</strong></span> <span class='ocrx_word' id='word_1_254' title='bbox 493 3049 593 3112; x_wconf 91' lang='lat' dir='ltr'><strong>Nemo</strong></span> <span class='ocrx_word' id='word_1_255' title='bbox 616 3057 685 3113; x_wconf 90' lang='lat' dir='ltr'><strong>erat</strong></span> <span class='ocrx_word' id='word_1_256' title='bbox 705 3049 856 3112; x_wconf 83' lang='lat' dir='ltr'><strong>videlicet</strong></span> <span class='ocrx_word' id='word_1_257' title='bbox 877 3055 1054 3123; x_wconf 90' lang='lat' dir='ltr'><strong>aratorum,</strong></span> <span class='ocrx_word' id='word_1_258' title='bbox 1078 3049 1134 3131; x_wconf 94' lang='lat' dir='ltr'><strong>qui</strong></span> <span class='ocrx_word' id='word_1_259' title='bbox 1155 3047 1304 3110; x_wconf 91' lang='lat' dir='ltr'><strong>iniuriam</strong></span> <span class='ocrx_word' id='word_1_260' title='bbox 1319 3047 1379 3110; x_wconf 90' lang='lat' dir='ltr'><strong>sibi</strong></span> <span class='ocrx_word' id='word_1_261' title='bbox 1393 3045 1510 3108; x_wconf 85' lang='lat' dir='ltr'><strong>factam</strong></span> <span class='ocrx_word' id='word_1_262' title='bbox 1525 3039 1618 3126; x_wconf 89' lang='lat' dir='ltr'><strong>queri</strong></span> 
     </span>
    </p>

    <p class='ocr_par' dir='ltr' id='par_1_28' title="bbox 281 3133 1619 3226">
     <span class='ocr_line' id='line_1_29' title="bbox 281 3133 1619 3226; baseline -0.006 -22"><span class='ocrx_word' id='word_1_263' title='bbox 281 3148 408 3224; x_wconf 86' lang='lat' dir='ltr'><strong>posset:</strong></span> <span class='ocrx_word' id='word_1_264' title='bbox 431 3161 524 3204; x_wconf 88' lang='lat' dir='ltr'><strong>nemo</strong></span> <span class='ocrx_word' id='word_1_265' title='bbox 546 3142 804 3217; x_wconf 90' lang='lat' dir='ltr'><strong>decumanorum,</strong></span> <span class='ocrx_word' id='word_1_266' title='bbox 828 3143 884 3226; x_wconf 91' lang='lat' dir='ltr'><strong>qui</strong></span> <span class='ocrx_word' id='word_1_267' title='bbox 906 3161 1005 3226; x_wconf 80' lang='lat' dir='ltr'><strong>grano</strong></span> <span class='ocrx_word' id='word_1_268' title='bbox 1027 3141 1164 3225; x_wconf 87' lang='lat' dir='ltr'><strong>amplius</strong></span> <span class='ocrx_word' id='word_1_269' title='bbox 1187 3141 1247 3204; x_wconf 87' lang='lat' dir='ltr'><strong>sibi</strong></span> <span class='ocrx_word' id='word_1_270' title='bbox 1263 3160 1359 3224; x_wconf 90' lang='lat' dir='ltr'><strong>quam</strong></span> <span class='ocrx_word' id='word_1_271' title='bbox 1374 3139 1544 3202; x_wconf 86' lang='lat' dir='ltr'><strong>deberetur</strong></span> <span class='ocrx_word' id='word_1_272' title='bbox 1562 3133 1619 3196; x_wconf 85' lang='lat' dir='ltr'><strong>de-</strong></span> 
     </span>
    </p>

    <p class='ocr_par' dir='ltr' id='par_1_29' title="bbox 281 3234 1618 3320">
     <span class='ocr_line' id='line_1_30' title="bbox 281 3234 1618 3320; baseline -0.005 -22"><span class='ocrx_word' id='word_1_273' title='bbox 281 3236 349 3300; x_wconf 91' lang='lat' dir='ltr'><strong>beri</strong></span> <span class='ocrx_word' id='word_1_274' title='bbox 372 3236 536 3320; x_wconf 89' lang='lat' dir='ltr'><strong>professus</strong></span> <span class='ocrx_word' id='word_1_275' title='bbox 559 3244 654 3300; x_wconf 86' lang='lat' dir='ltr'><strong>esset.</strong></span> <span class='ocrx_word' id='word_1_276' title='bbox 698 3238 798 3300; x_wconf 88' lang='lat' dir='ltr'><strong>bumo</strong></span> <span class='ocrx_word' id='word_1_277' title='bbox 819 3255 895 3300; x_wconf 83' lang='lat' dir='ltr'><strong>vero</strong></span> <span class='ocrx_word' id='word_1_278' title='bbox 918 3245 1028 3300; x_wconf 89' lang='lat' dir='ltr'><strong>contra</strong></span> <span class='ocrx_word' id='word_1_279' title='bbox 1049 3236 1193 3319; x_wconf 89' lang='lat' dir='ltr'><strong>rapiebat</strong></span> <span class='ocrx_word' id='word_1_280' title='bbox 1215 3244 1247 3298; x_wconf 87' lang='lat' dir='ltr'><strong>et</strong></span> <span class='ocrx_word' id='word_1_281' title='bbox 1265 3234 1448 3318; x_wconf 86' lang='lat' dir='ltr'><strong>asportabat</strong></span> <span class='ocrx_word' id='word_1_282' title='bbox 1461 3235 1618 3316; x_wconf 90' lang='lat' dir='ltr'><strong>quantum</strong></span> 
     </span>
    </p>

    <p class='ocr_par' dir='ltr' id='par_1_30' title="bbox 244 3325 1618 3416">
     <span class='ocr_line' id='line_1_31' title="bbox 244 3325 1618 3416; baseline -0.008 -22"><span class='ocrx_word' id='word_1_283' title='bbox 244 3333 302 3394; x_wconf 82' lang='lat' dir='ltr'><strong>³⁰a</strong></span> <span class='ocrx_word' id='word_1_284' title='bbox 324 3352 454 3416; x_wconf 92' lang='lat' dir='ltr'><strong>quoque</strong></span> <span class='ocrx_word' id='word_1_285' title='bbox 481 3329 609 3394; x_wconf 82' lang='lat' dir='ltr'><strong>volebat</strong></span> <span class='ocrx_word' id='word_1_286' title='bbox 633 3331 812 3415; x_wconf 84' lang='lat' dir='ltr'><strong>Apronius,</strong></span> <span class='ocrx_word' id='word_1_287' title='bbox 846 3330 995 3394; x_wconf 88' lang='lat' dir='ltr'><strong>omnibus</strong></span> <span class='ocrx_word' id='word_1_288' title='bbox 1023 3338 1130 3394; x_wconf 88' lang='lat' dir='ltr'><strong>autem</strong></span> <span class='ocrx_word' id='word_1_289' title='bbox 1160 3329 1238 3393; x_wconf 88' lang='lat' dir='ltr'><strong>locis</strong></span> <span class='ocrx_word' id='word_1_290' title='bbox 1268 3335 1409 3392; x_wconf 86' lang='lat' dir='ltr'><strong>aratores</strong></span> <span class='ocrx_word' id='word_1_291' title='bbox 1431 3325 1559 3409; x_wconf 88' lang='lat' dir='ltr'><strong>spoliati</strong></span> <span class='ocrx_word' id='word_1_292' title='bbox 1580 3341 1618 3386; x_wconf 90' lang='lat' dir='ltr'><strong>ac</strong></span> 
     </span>
    </p>

    <p class='ocr_par' dir='ltr' id='par_1_31' title="bbox 281 3412 1617 3510">
     <span class='ocr_line' id='line_1_32' title="bbox 281 3412 1617 3510; baseline -0.008 -22"><span class='ocrx_word' id='word_1_293' title='bbox 281 3426 389 3488; x_wconf 87' lang='lat' dir='ltr'><strong>vexati</strong></span> <span class='ocrx_word' id='word_1_294' title='bbox 412 3425 643 3509; x_wconf 88' lang='lat' dir='ltr'><strong>querebantur,</strong></span> <span class='ocrx_word' id='word_1_295' title='bbox 671 3445 777 3510; x_wconf 88' lang='lat' dir='ltr'><strong>neque</strong></span> <span class='ocrx_word' id='word_1_296' title='bbox 799 3430 905 3487; x_wconf 85' lang='lat' dir='ltr'><strong>tamen</strong></span> <span class='ocrx_word' id='word_1_297' title='bbox 927 3423 1028 3487; x_wconf 94' lang='lat' dir='ltr'><strong>ullum</strong></span> <span class='ocrx_word' id='word_1_298' title='bbox 1052 3422 1204 3486; x_wconf 92' lang='lat' dir='ltr'><strong>iudicium</strong></span> <span class='ocrx_word' id='word_1_299' title='bbox 1227 3424 1412 3507; x_wconf 88' lang='lat' dir='ltr'><strong>reperietur.</strong></span> <span class='ocrx_word' id='word_1_300' title='bbox 1456 3415 1508 3480; x_wconf 88' lang='grc'><strong>30.</strong></span> <span class='ocrx_word' id='word_1_301' title='bbox 1530 3412 1617 3491; x_wconf 90' lang='lat' dir='ltr'><strong>Quid</strong></span> 
     </span>
    </p>

    <p class='ocr_par' dir='ltr' id='par_1_32' title="bbox 282 3511 1617 3602">
     <span class='ocr_line' id='line_1_33' title="bbox 282 3511 1617 3602; baseline -0.006 -21"><span class='ocrx_word' id='word_1_302' title='bbox 282 3526 332 3582; x_wconf 88' lang='lat' dir='ltr'><strong>est</strong></span> <span class='ocrx_word' id='word_1_303' title='bbox 351 3519 437 3583; x_wconf 88' lang='lat' dir='ltr'><strong>boc‘t</strong></span> <span class='ocrx_word' id='word_1_304' title='bbox 471 3520 532 3581; x_wconf 89' lang='lat' dir='ltr'><strong>Tot</strong></span> <span class='ocrx_word' id='word_1_305' title='bbox 553 3518 612 3581; x_wconf 84' lang='lat' dir='ltr'><strong>viri</strong></span> <span class='ocrx_word' id='word_1_306' title='bbox 632 3518 746 3593; x_wconf 87' lang='lat' dir='ltr'><strong>fortes,</strong></span> <span class='ocrx_word' id='word_1_307' title='bbox 776 3517 922 3593; x_wconf 88' lang='lat' dir='ltr'><strong>honesti,</strong></span> <span class='ocrx_word' id='word_1_308' title='bbox 952 3517 1099 3602; x_wconf 83' lang='lat' dir='ltr'><strong>gratiosi,</strong></span> <span class='ocrx_word' id='word_1_309' title='bbox 1129 3525 1177 3581; x_wconf 90' lang='lat' dir='ltr'><strong>tot</strong></span> <span class='ocrx_word' id='word_1_310' title='bbox 1199 3517 1317 3591; x_wconf 89' lang='lat' dir='ltr'><strong>Siculi,</strong></span> <span class='ocrx_word' id='word_1_311' title='bbox 1339 3520 1388 3578; x_wconf 93' lang='lat' dir='ltr'><strong>tot</strong></span> <span class='ocrx_word' id='word_1_312' title='bbox 1408 3513 1532 3598; x_wconf 88' lang='lat' dir='ltr'><strong>equites</strong></span> <span class='ocrx_word' id='word_1_313' title='bbox 1554 3511 1617 3574; x_wconf 84' lang='lat' dir='ltr'><strong>lto-</strong></span> 
     </span>
    </p>

    <p class='ocr_par' dir='ltr' id='par_1_33' title="bbox 281 3600 1618 3697">
     <span class='ocr_line' id='line_1_34' title="bbox 281 3600 1618 3697; baseline -0.006 -24"><span class='ocrx_word' id='word_1_314' title='bbox 281 3613 367 3676; x_wconf 88' lang='lat' dir='ltr'><strong>mani</strong></span> <span class='ocrx_word' id='word_1_315' title='bbox 388 3612 427 3675; x_wconf 89' lang='lat' dir='ltr'><strong>ab</strong></span> <span class='ocrx_word' id='word_1_316' title='bbox 449 3613 579 3676; x_wconf 92' lang='lat' dir='ltr'><strong>bomine</strong></span> <span class='ocrx_word' id='word_1_317' title='bbox 601 3613 797 3697; x_wconf 86' lang='lat' dir='ltr'><strong>nequissime</strong></span> <span class='ocrx_word' id='word_1_318' title='bbox 819 3631 856 3675; x_wconf 88' lang='lat' dir='ltr'><strong>ac</strong></span> <span class='ocrx_word' id='word_1_319' title='bbox 878 3612 1063 3695; x_wconf 89' lang='lat' dir='ltr'><strong>turpissimo</strong></span> <span class='ocrx_word' id='word_1_320' title='bbox 1080 3611 1159 3675; x_wconf 89' lang='lat' dir='ltr'><strong>laesi</strong></span> <span class='ocrx_word' id='word_1_321' title='bbox 1180 3631 1315 3695; x_wconf 89' lang='lat' dir='ltr'><strong>poenam</strong></span> <span class='ocrx_word' id='word_1_322' title='bbox 1332 3607 1452 3692; x_wconf 91' lang='lat' dir='ltr'><strong>octupli</strong></span> <span class='ocrx_word' id='word_1_323' title='bbox 1468 3609 1536 3670; x_wconf 88' lang='lat' dir='ltr'><strong>sine</strong></span> <span class='ocrx_word' id='word_1_324' title='bbox 1550 3600 1618 3667; x_wconf 91' lang='lat' dir='ltr'><strong>ulla</strong></span> 
     </span>
    </p>

    <p class='ocr_par' dir='ltr' id='par_1_34' title="bbox 169 3693 1629 3810">
     <span class='ocr_line' id='line_1_35' title="bbox 169 3693 1629 3810; baseline -0.011 -35"><span class='ocrx_word' id='word_1_325' title='bbox 169 3699 178 3775; x_wconf 66' lang='grc' dir='ltr'><em>ἶ</em></span> <span class='ocrx_word' id='word_1_326' title='bbox 282 3705 481 3770; x_wconf 90' lang='lat' dir='ltr'><strong>dubitatione</strong></span> <span class='ocrx_word' id='word_1_327' title='bbox 503 3707 704 3771; x_wconf 89' lang='lat' dir='ltr'><strong>commissam</strong></span> <span class='ocrx_word' id='word_1_328' title='bbox 718 3725 783 3770; x_wconf 91' lang='lat' dir='ltr'><strong>non</strong></span> <span class='ocrx_word' id='word_1_329' title='bbox 798 3706 1095 3790; x_wconf 74' lang='lat' dir='ltr'><strong>persequebantur?</strong></span> <span class='ocrx_word' id='word_1_330' title='bbox 1109 3696 1214 3810; x_wconf 66' lang='lat' dir='ltr'><strong>(Quae</strong></span> <span class='ocrx_word' id='word_1_331' title='bbox 1229 3723 1335 3781; x_wconf 83' lang='lat' dir='ltr'><strong>causa,</strong></span> <span class='ocrx_word' id='word_1_332' title='bbox 1356 3722 1441 3800; x_wconf 84' lang='lat' dir='ltr'><strong>quae</strong></span> <span class='ocrx_word' id='word_1_333' title='bbox 1454 3700 1535 3766; x_wconf 89' lang='lat' dir='ltr'><strong>ratio</strong></span> <span class='ocrx_word' id='word_1_334' title='bbox 1549 3693 1629 3795; x_wconf 76' lang='lat' dir='ltr'><strong>ortt)</strong></span> 
     </span>
    </p>
   </div>
   <div class='ocr_carea' id='block_1_3' title="bbox 227 3989 1619 5212">
    <p class='ocr_par' dir='ltr' id='par_1_35' title="bbox 227 3989 1619 5212">
     <span class='ocr_line' id='line_1_36' title="bbox 227 3989 1617 4089; baseline -0.005 -14"><span class='ocrx_word' id='word_1_335' title='bbox 227 3989 246 4018; x_wconf 53' lang='lat'><strong>⁸⁹</strong></span> <span class='ocrx_word' id='word_1_336' title='bbox 349 4024 373 4075; x_wconf 87' lang='lat' dir='ltr'><strong>l.</strong></span> <span class='ocrx_word' id='word_1_337' title='bbox 392 4030 507 4076; x_wconf 70' lang='lat' dir='ltr'><strong>naiores</strong></span> <span class='ocrx_word' id='word_1_338' title='bbox 523 4023 642 4089; x_wconf 78' lang='lat' dir='ltr'><strong>tgtttt.</strong></span> <span class='ocrx_word' id='word_1_339' title='bbox 663 4052 690 4062; x_wconf 86' lang='lat'><strong>·-</strong></span> <span class='ocrx_word' id='word_1_340' title='bbox 709 4023 734 4077; x_wconf 88' lang='lat' dir='ltr'><strong>l.</strong></span> <span class='ocrx_word' id='word_1_341' title='bbox 752 4025 878 4089; x_wconf 80' lang='lat' dir='ltr'><strong>reperitur</strong></span> <span class='ocrx_word' id='word_1_342' title='bbox 894 4025 994 4088; x_wconf 64' lang='lat' dir='ltr'><strong>Lgner</strong></span> <span class='ocrx_word' id='word_1_343' title='bbox 1012 4024 1075 4082; x_wconf 85' lang='lat' dir='ltr'><strong>dtt.;</strong></span> <span class='ocrx_word' id='word_1_344' title='bbox 1092 4021 1250 4086; x_wconf 80' lang='lat' dir='ltr'><strong>repperietur</strong></span> <span class='ocrx_word' id='word_1_345' title='bbox 1265 4021 1287 4070; x_wconf 98' lang='lat' dir='ltr'><strong>V</strong></span> <span class='ocrx_word' id='word_1_346' title='bbox 1305 4032 1375 4070; x_wconf 89' lang='lat' dir='ltr'><strong>corr.</strong></span> <span class='ocrx_word' id='word_1_347' title='bbox 1394 4031 1431 4070; x_wconf 91' lang='lat' dir='ltr'><strong>m.</strong></span> <span class='ocrx_word' id='word_1_348' title='bbox 1451 4018 1476 4069; x_wconf 89' lang='lat' dir='ltr'><strong>t.</strong></span> <span class='ocrx_word' id='word_1_349' title='bbox 1495 4029 1528 4069; x_wconf 85' lang='lat' dir='ltr'><strong>ex</strong></span> <span class='ocrx_word' id='word_1_350' title='bbox 1543 4027 1617 4079; x_wconf 60' lang='lat' dir='ltr'><strong>repta</strong></span> 
     </span>
     <span class='ocr_line' id='line_1_37' title="bbox 281 4089 1616 4164; baseline -0.005 -14"><span class='ocrx_word' id='word_1_351' title='bbox 281 4099 370 4150; x_wconf 67' lang='lat' dir='ltr'><strong>rain.</strong></span> <span class='ocrx_word' id='word_1_352' title='bbox 391 4127 419 4137; x_wconf 96' lang='lat'>-</span> <span class='ocrx_word' id='word_1_353' title='bbox 438 4100 518 4162; x_wconf 65' lang='lat' dir='ltr'><strong>olion</strong></span> <span class='ocrx_word' id='word_1_354' title='bbox 534 4099 603 4164; x_wconf 78' lang='lat' dir='ltr'><strong>Lglt</strong></span> <span class='ocrx_word' id='word_1_355' title='bbox 614 4100 651 4149; x_wconf 88' lang='lat' dir='ltr'><strong>V:</strong></span> <span class='ocrx_word' id='word_1_356' title='bbox 674 4099 766 4162; x_wconf 82' lang='lat' dir='ltr'><strong>aliquis</strong></span> <span class='ocrx_word' id='word_1_357' title='bbox 783 4102 829 4152; x_wconf 91' lang='lat' dir='ltr'><strong>ctt.</strong></span> <span class='ocrx_word' id='word_1_358' title='bbox 849 4102 878 4151; x_wconf 92' lang='lat'><strong>0.</strong></span> <span class='ocrx_word' id='word_1_359' title='bbox 900 4127 926 4137; x_wconf 94' lang='lat'><em>-</em></span> <span class='ocrx_word' id='word_1_360' title='bbox 946 4106 970 4151; x_wconf 84' lang='lat' dir='ltr'><strong>et</strong></span> <span class='ocrx_word' id='word_1_361' title='bbox 986 4114 1040 4152; x_wconf 92' lang='lat' dir='ltr'><strong>om.</strong></span> <span class='ocrx_word' id='word_1_362' title='bbox 1059 4099 1108 4150; x_wconf 92' lang='lat' dir='ltr'><strong>dtt.</strong></span> <span class='ocrx_word' id='word_1_363' title='bbox 1129 4124 1156 4136; x_wconf 89' lang='lat'><em>-</em></span> <span class='ocrx_word' id='word_1_364' title='bbox 1181 4099 1205 4148; x_wconf 85' lang='lat' dir='ltr'><strong>c.</strong></span> <span class='ocrx_word' id='word_1_365' title='bbox 1221 4109 1304 4160; x_wconf 79' lang='lat' dir='ltr'><strong>ponsa</strong></span> <span class='ocrx_word' id='word_1_366' title='bbox 1320 4094 1398 4159; x_wconf 71' lang='lat' dir='ltr'><strong>egla.</strong></span> <span class='ocrx_word' id='word_1_367' title='bbox 1419 4119 1446 4129; x_wconf 94' lang='lat'>—</span> <span class='ocrx_word' id='word_1_368' title='bbox 1465 4095 1568 4154; x_wconf 62' lang='lat' dir='ltr'><strong>macto</strong></span> <span class='ocrx_word' id='word_1_369' title='bbox 1584 4089 1616 4140; x_wconf 89' lang='lat' dir='ltr'><strong>V.</strong></span> 
     </span>
     <span class='ocr_line' id='line_1_38' title="bbox 284 4166 1614 4238; baseline -0.003 -14"><span class='ocrx_word' id='word_1_370' title='bbox 284 4200 312 4210; x_wconf 89' lang='lat'>—</span> <span class='ocrx_word' id='word_1_371' title='bbox 331 4174 356 4224; x_wconf 87' lang='grc'><strong>8.</strong></span> <span class='ocrx_word' id='word_1_372' title='bbox 373 4174 423 4224; x_wconf 82' lang='lat' dir='ltr'><strong>nisi</strong></span> <span class='ocrx_word' id='word_1_373' title='bbox 439 4185 573 4238; x_wconf 86' lang='lat' dir='ltr'><strong>superscr.</strong></span> <span class='ocrx_word' id='word_1_374' title='bbox 593 4175 619 4223; x_wconf 90' lang='lat' dir='ltr'><strong>iu</strong></span> <span class='ocrx_word' id='word_1_375' title='bbox 636 4174 667 4223; x_wconf 93' lang='lat' dir='ltr'><strong>V.</strong></span> <span class='ocrx_word' id='word_1_376' title='bbox 685 4201 713 4211; x_wconf 88' lang='lat'><em>-</em></span> <span class='ocrx_word' id='word_1_377' title='bbox 733 4177 773 4225; x_wconf 80' lang='lat' dir='ltr'><strong>ie.</strong></span> <span class='ocrx_word' id='word_1_378' title='bbox 791 4175 964 4226; x_wconf 64' lang='lat' dir='ltr'><strong>ascribamur</strong></span> <span class='ocrx_word' id='word_1_379' title='bbox 980 4174 1124 4238; x_wconf 69' lang='lat' dir='ltr'><strong>natiue.</strong></span> <span class='ocrx_word' id='word_1_380' title='bbox 1139 4201 1167 4210; x_wconf 87' lang='lat'><strong>-</strong></span> <span class='ocrx_word' id='word_1_381' title='bbox 1185 4173 1296 4222; x_wconf 83' lang='lat' dir='ltr'><strong>reticere.</strong></span> <span class='ocrx_word' id='word_1_382' title='bbox 1315 4171 1390 4222; x_wconf 77' lang='lat' dir='ltr'><strong>«Dec.</strong></span> <span class='ocrx_word' id='word_1_383' title='bbox 1408 4166 1572 4219; x_wconf 65' lang='lat' dir='ltr'><strong>scribam»</strong></span> <span class='ocrx_word' id='word_1_384' title='bbox 1587 4189 1614 4203; x_wconf 92' lang='lat'><strong>··</strong></span> 
     </span>
     <span class='ocr_line' id='line_1_39' title="bbox 283 4239 1616 4313; baseline -0.005 -15"><span class='ocrx_word' id='word_1_385' title='bbox 283 4249 351 4310; x_wconf 80' lang='lat' dir='ltr'><strong>onos</strong></span> <span class='ocrx_word' id='word_1_386' title='bbox 368 4247 501 4299; x_wconf 65' lang='lat' dir='ltr'><strong>mnas?</strong></span> <span class='ocrx_word' id='word_1_387' title='bbox 517 4275 545 4286; x_wconf 90' lang='lat'>-</span> <span class='ocrx_word' id='word_1_388' title='bbox 564 4249 603 4298; x_wconf 85' lang='lat' dir='ltr'><strong>De</strong></span> <span class='ocrx_word' id='word_1_389' title='bbox 618 4249 717 4298; x_wconf 77' lang='lat' dir='ltr'><strong>cohorte</strong></span> <span class='ocrx_word' id='word_1_390' title='bbox 733 4261 798 4300; x_wconf 83' lang='lat' dir='ltr'><strong>nien.</strong></span> <span class='ocrx_word' id='word_1_391' title='bbox 825 4250 940 4310; x_wconf 68' lang='lat' dir='ltr'><strong>lteticns,</strong></span> <span class='ocrx_word' id='word_1_392' title='bbox 961 4251 1051 4313; x_wconf 82' lang='lat' dir='ltr'><strong>inquit.</strong></span> <span class='ocrx_word' id='word_1_393' title='bbox 1077 4251 1119 4300; x_wconf 88' lang='lat' dir='ltr'><strong>Sic</strong></span> <span class='ocrx_word' id='word_1_394' title='bbox 1138 4247 1256 4299; x_wconf 85' lang='lat' dir='ltr'><strong>distinxit</strong></span> <span class='ocrx_word' id='word_1_395' title='bbox 1273 4247 1301 4298; x_wconf 92' lang='lat'><strong>0.</strong></span> <span class='ocrx_word' id='word_1_396' title='bbox 1323 4247 1423 4308; x_wconf 68' lang='lat' dir='ltr'><strong>(retem</strong></span> <span class='ocrx_word' id='word_1_397' title='bbox 1440 4245 1467 4294; x_wconf 92' lang='lat' dir='ltr'><strong>et</strong></span> <span class='ocrx_word' id='word_1_398' title='bbox 1482 4241 1570 4294; x_wconf 73' lang='lat' dir='ltr'><strong>nieles</strong></span> <span class='ocrx_word' id='word_1_399' title='bbox 1585 4239 1616 4301; x_wconf 90' lang='lat' dir='ltr'><strong>V,</strong></span> 
     </span>
     <span class='ocr_line' id='line_1_40' title="bbox 281 4313 1615 4389; baseline -0.008 -15"><span class='ocrx_word' id='word_1_400' title='bbox 281 4327 312 4374; x_wconf 90' lang='lat' dir='ltr'><strong>ut</strong></span> <span class='ocrx_word' id='word_1_401' title='bbox 327 4324 454 4387; x_wconf 81' lang='lat' dir='ltr'><strong>semper.)</strong></span> <span class='ocrx_word' id='word_1_402' title='bbox 474 4351 502 4360; x_wconf 89' lang='lat'>-</span> <span class='ocrx_word' id='word_1_403' title='bbox 523 4324 562 4374; x_wconf 90' lang='lat' dir='ltr'><strong>lt.</strong></span> <span class='ocrx_word' id='word_1_404' title='bbox 581 4324 668 4374; x_wconf 76' lang='lat' dir='ltr'><strong>cotors</strong></span> <span class='ocrx_word' id='word_1_405' title='bbox 685 4325 734 4374; x_wconf 84' lang='lat' dir='ltr'><strong>isto</strong></span> <span class='ocrx_word' id='word_1_406' title='bbox 745 4325 776 4374; x_wconf 95' lang='lat' dir='ltr'><strong>V.</strong></span> <span class='ocrx_word' id='word_1_407' title='bbox 792 4351 820 4361; x_wconf 92' lang='lat'><em>-</em></span> <span class='ocrx_word' id='word_1_408' title='bbox 843 4324 924 4374; x_wconf 79' lang='lat' dir='ltr'><strong>Voturi</strong></span> <span class='ocrx_word' id='word_1_409' title='bbox 941 4325 1000 4386; x_wconf 87' lang='lat' dir='ltr'><strong>BV,</strong></span> <span class='ocrx_word' id='word_1_410' title='bbox 1019 4327 1097 4388; x_wconf 81' lang='lat' dir='ltr'><strong>lagg.</strong></span> <span class='ocrx_word' id='word_1_411' title='bbox 1111 4322 1247 4389; x_wconf 87' lang='lat' dir='ltr'><strong>plerique;</strong></span> <span class='ocrx_word' id='word_1_412' title='bbox 1268 4320 1358 4372; x_wconf 81' lang='lat' dir='ltr'><strong>Vcbtsii</strong></span> <span class='ocrx_word' id='word_1_413' title='bbox 1374 4317 1458 4384; x_wconf 52' lang='grc' dir='ltr'><strong>[μὴ</strong></span> <span class='ocrx_word' id='word_1_414' title='bbox 1475 4315 1576 4368; x_wconf 71' lang='lat' dir='ltr'><strong>oduini</strong></span> <span class='ocrx_word' id='word_1_415' title='bbox 1585 4313 1615 4364; x_wconf 90' lang='lat' dir='ltr'><strong>A.</strong></span> 
     </span>
     <span class='ocr_line' id='line_1_41' title="bbox 282 4385 1619 4464; baseline -0.004 -17"><span class='ocrx_word' id='word_1_416' title='bbox 282 4396 321 4447; x_wconf 82' lang='lat' dir='ltr'><strong>cr.</strong></span> <span class='ocrx_word' id='word_1_417' title='bbox 340 4395 364 4460; x_wconf 68' lang='grc' dir='ltr'><strong>ε.</strong></span> <span class='ocrx_word' id='word_1_418' title='bbox 383 4395 423 4447; x_wconf 80' lang='lat' dir='ltr'><strong>nt.</strong></span> <span class='ocrx_word' id='word_1_419' title='bbox 445 4425 473 4433; x_wconf 96' lang='lat'>-</span> <span class='ocrx_word' id='word_1_420' title='bbox 493 4399 532 4449; x_wconf 79' lang='lat' dir='ltr'><strong>ie.</strong></span> <span class='ocrx_word' id='word_1_421' title='bbox 552 4399 650 4450; x_wconf 73' lang='lat' dir='ltr'><strong>conen</strong></span> <span class='ocrx_word' id='word_1_422' title='bbox 665 4400 696 4449; x_wconf 91' lang='lat' dir='ltr'><strong>v.</strong></span> <span class='ocrx_word' id='word_1_423' title='bbox 717 4427 745 4438; x_wconf 81' lang='lat'><em>-</em></span> <span class='ocrx_word' id='word_1_424' title='bbox 770 4399 810 4450; x_wconf 79' lang='lat' dir='ltr'><strong>re.</strong></span> <span class='ocrx_word' id='word_1_425' title='bbox 829 4401 1024 4461; x_wconf 64' lang='lat' dir='ltr'><strong>respersionem</strong></span> <span class='ocrx_word' id='word_1_426' title='bbox 1039 4385 1163 4464; x_wconf 70' lang='lat' dir='ltr'><strong>ugron&#39;</strong></span> <span class='ocrx_word' id='word_1_427' title='bbox 1178 4400 1205 4448; x_wconf 78' lang='lat' dir='ltr'><strong>ei</strong></span> <span class='ocrx_word' id='word_1_428' title='bbox 1221 4398 1260 4448; x_wconf 77' lang='lat' dir='ltr'><strong>sn</strong></span> <span class='ocrx_word' id='word_1_429' title='bbox 1276 4408 1395 4460; x_wconf 77' lang='lat' dir='ltr'><strong>semper.</strong></span> <span class='ocrx_word' id='word_1_430' title='bbox 1420 4421 1449 4432; x_wconf 92' lang='lat'>-</span> <span class='ocrx_word' id='word_1_431' title='bbox 1476 4391 1517 4444; x_wconf 83' lang='lat' dir='ltr'><strong>u.</strong></span> <span class='ocrx_word' id='word_1_432' title='bbox 1535 4388 1619 4442; x_wconf 63' lang='lat' dir='ltr'><strong>men</strong></span> 
     </span>
     <span class='ocr_line' id='line_1_42' title="bbox 281 4466 1615 4536; baseline -0.003 -15"><span class='ocrx_word' id='word_1_433' title='bbox 281 4483 365 4521; x_wconf 77' lang='lat' dir='ltr'><strong>munes</strong></span> <span class='ocrx_word' id='word_1_434' title='bbox 379 4484 430 4522; x_wconf 81' lang='lat' dir='ltr'><strong>esse</strong></span> <span class='ocrx_word' id='word_1_435' title='bbox 446 4471 548 4535; x_wconf 77' lang='lat' dir='ltr'><strong>nglev</strong></span> <span class='ocrx_word' id='word_1_436' title='bbox 566 4472 624 4536; x_wconf 84' lang='lat' dir='ltr'><strong>(sed</strong></span> <span class='ocrx_word' id='word_1_437' title='bbox 639 4473 662 4522; x_wconf 96' lang='lat' dir='ltr'><strong>V</strong></span> <span class='ocrx_word' id='word_1_438' title='bbox 679 4471 784 4533; x_wconf 68' lang='lat' dir='ltr'><strong>cambi:</strong></span> <span class='ocrx_word' id='word_1_439' title='bbox 807 4485 857 4523; x_wconf 77' lang='lat' dir='ltr'><strong>esre</strong></span> <span class='ocrx_word' id='word_1_440' title='bbox 874 4473 957 4524; x_wconf 71' lang='lat' dir='ltr'><strong>abbat</strong></span> <span class='ocrx_word' id='word_1_441' title='bbox 974 4487 1057 4524; x_wconf 74' lang='lat' dir='ltr'><strong>enaim</strong></span> <span class='ocrx_word' id='word_1_442' title='bbox 1072 4475 1170 4534; x_wconf 60' lang='lat' dir='ltr'><strong>Altum</strong></span> <span class='ocrx_word' id='word_1_443' title='bbox 1193 4484 1277 4523; x_wconf 80' lang='lat' dir='ltr'><strong>omnes</strong></span> <span class='ocrx_word' id='word_1_444' title='bbox 1292 4470 1388 4521; x_wconf 82' lang='lat' dir='ltr'><strong>dicebat</strong></span> <span class='ocrx_word' id='word_1_445' title='bbox 1403 4479 1454 4520; x_wconf 73' lang='lat' dir='ltr'><strong>esu</strong></span> <span class='ocrx_word' id='word_1_446' title='bbox 1470 4466 1517 4518; x_wconf 88' lang='lat' dir='ltr'><strong>dtt.</strong></span> <span class='ocrx_word' id='word_1_447' title='bbox 1537 4467 1566 4517; x_wconf 92' lang='lat'><strong>0.</strong></span> <span class='ocrx_word' id='word_1_448' title='bbox 1587 4491 1615 4502; x_wconf 88' lang='lat'><em>-</em></span> 
     </span>
     <span class='ocr_line' id='line_1_43' title="bbox 280 4536 1617 4626; baseline -0.007 -28"><span class='ocrx_word' id='word_1_449' title='bbox 280 4546 359 4598; x_wconf 62' lang='lat' dir='ltr'><strong>omni</strong></span> <span class='ocrx_word' id='word_1_450' title='bbox 368 4547 437 4610; x_wconf 74' lang='lat' dir='ltr'><strong>LglV</strong></span> <span class='ocrx_word' id='word_1_451' title='bbox 448 4547 576 4608; x_wconf 78' lang='lat' dir='ltr'><strong>ABch:</strong></span> <span class='ocrx_word' id='word_1_452' title='bbox 594 4547 691 4598; x_wconf 67' lang='lat' dir='ltr'><strong>natm</strong></span> <span class='ocrx_word' id='word_1_453' title='bbox 702 4545 785 4626; x_wconf 64' lang='lat' dir='ltr'><strong>Lgl23</strong></span> <span class='ocrx_word' id='word_1_454' title='bbox 804 4561 883 4598; x_wconf 79' lang='lat' dir='ltr'><strong>unam</strong></span> <span class='ocrx_word' id='word_1_455' title='bbox 894 4549 942 4598; x_wconf 86' lang='lat' dir='ltr'><strong>dit.</strong></span> <span class='ocrx_word' id='word_1_456' title='bbox 953 4551 1014 4598; x_wconf 85' lang='lat'><strong>0.-</strong></span> <span class='ocrx_word' id='word_1_457' title='bbox 1030 4549 1069 4599; x_wconf 77' lang='lat' dir='ltr'><strong>tt.</strong></span> <span class='ocrx_word' id='word_1_458' title='bbox 1082 4548 1235 4598; x_wconf 84' lang='lat' dir='ltr'><strong>veniundum</strong></span> <span class='ocrx_word' id='word_1_459' title='bbox 1249 4544 1361 4609; x_wconf 78' lang='lat' dir='ltr'><strong>Lgte.-</strong></span> <span class='ocrx_word' id='word_1_460' title='bbox 1379 4541 1490 4592; x_wconf 73' lang='lat' dir='ltr'><strong>nondam</strong></span> <span class='ocrx_word' id='word_1_461' title='bbox 1500 4537 1570 4602; x_wconf 67' lang='lat' dir='ltr'><strong>Lata</strong></span> <span class='ocrx_word' id='word_1_462' title='bbox 1580 4536 1617 4586; x_wconf 81' lang='lat' dir='ltr'><strong>V:</strong></span> 
     </span>
     <span class='ocr_line' id='line_1_44' title="bbox 281 4611 1616 4682; baseline -0.004 -10"><span class='ocrx_word' id='word_1_463' title='bbox 281 4623 392 4672; x_wconf 70' lang='lat' dir='ltr'><strong>nondun</strong></span> <span class='ocrx_word' id='word_1_464' title='bbox 408 4622 485 4672; x_wconf 75' lang='lat' dir='ltr'><strong>niam</strong></span> <span class='ocrx_word' id='word_1_465' title='bbox 501 4621 558 4673; x_wconf 89' lang='lat' dir='ltr'><strong>rell.</strong></span> <span class='ocrx_word' id='word_1_466' title='bbox 576 4625 605 4674; x_wconf 92' lang='lat'><strong>0.</strong></span> <span class='ocrx_word' id='word_1_467' title='bbox 621 4650 648 4659; x_wconf 94' lang='lat'><strong>·-</strong></span> <span class='ocrx_word' id='word_1_468' title='bbox 669 4623 708 4673; x_wconf 80' lang='lat' dir='ltr'><strong>tu.</strong></span> <span class='ocrx_word' id='word_1_469' title='bbox 727 4623 870 4674; x_wconf 63' lang='lat' dir='ltr'><strong>enumerem</strong></span> <span class='ocrx_word' id='word_1_470' title='bbox 884 4623 914 4672; x_wconf 92' lang='lat' dir='ltr'><strong>V.</strong></span> <span class='ocrx_word' id='word_1_471' title='bbox 929 4651 957 4660; x_wconf 90' lang='lat'>-</span> <span class='ocrx_word' id='word_1_472' title='bbox 977 4625 1015 4674; x_wconf 85' lang='lat' dir='ltr'><strong>ll.</strong></span> <span class='ocrx_word' id='word_1_473' title='bbox 1033 4627 1111 4672; x_wconf 83' lang='lat' dir='ltr'><strong>totum</strong></span> <span class='ocrx_word' id='word_1_474' title='bbox 1127 4623 1210 4674; x_wconf 82' lang='lat' dir='ltr'><strong>Maius</strong></span> <span class='ocrx_word' id='word_1_475' title='bbox 1228 4633 1319 4671; x_wconf 86' lang='lat' dir='ltr'><strong>errore</strong></span> <span class='ocrx_word' id='word_1_476' title='bbox 1336 4621 1456 4682; x_wconf 53' lang='lat' dir='ltr'><strong>typogrd</strong></span> <span class='ocrx_word' id='word_1_477' title='bbox 1473 4620 1546 4666; x_wconf 70' lang='lat' dir='ltr'><strong>anm</strong></span> <span class='ocrx_word' id='word_1_478' title='bbox 1556 4611 1616 4663; x_wconf 85' lang='lat' dir='ltr'><strong>AB·</strong></span> 
     </span>
     <span class='ocr_line' id='line_1_45' title="bbox 285 4686 1615 4762; baseline -0.004 -16"><span class='ocrx_word' id='word_1_479' title='bbox 285 4723 312 4734; x_wconf 88' lang='lat'><em>-</em></span> <span class='ocrx_word' id='word_1_480' title='bbox 327 4697 366 4748; x_wconf 90' lang='lat' dir='ltr'><strong>t8.</strong></span> <span class='ocrx_word' id='word_1_481' title='bbox 384 4697 531 4760; x_wconf 74' lang='lat' dir='ltr'><strong>intelloqatis</strong></span> <span class='ocrx_word' id='word_1_482' title='bbox 542 4697 572 4758; x_wconf 91' lang='lat' dir='ltr'><strong>V,</strong></span> <span class='ocrx_word' id='word_1_483' title='bbox 592 4699 622 4747; x_wconf 91' lang='lat' dir='ltr'><strong>ut</strong></span> <span class='ocrx_word' id='word_1_484' title='bbox 636 4709 753 4762; x_wconf 85' lang='lat' dir='ltr'><strong>semper.</strong></span> <span class='ocrx_word' id='word_1_485' title='bbox 773 4725 799 4735; x_wconf 98' lang='lat'><em>-</em></span> <span class='ocrx_word' id='word_1_486' title='bbox 819 4699 890 4748; x_wconf 83' lang='lat' dir='ltr'><strong>cutus</strong></span> <span class='ocrx_word' id='word_1_487' title='bbox 906 4699 977 4748; x_wconf 80' lang='lat' dir='ltr'><strong>calcu</strong></span> <span class='ocrx_word' id='word_1_488' title='bbox 990 4705 995 4758; x_wconf 82' lang='grc' dir='ltr'>ι</span> <span class='ocrx_word' id='word_1_489' title='bbox 1009 4698 1076 4748; x_wconf 84' lang='lat' dir='ltr'><strong>modi</strong></span> <span class='ocrx_word' id='word_1_490' title='bbox 1092 4698 1163 4748; x_wconf 81' lang='lat' dir='ltr'><strong>istius</strong></span> <span class='ocrx_word' id='word_1_491' title='bbox 1172 4697 1203 4746; x_wconf 95' lang='lat' dir='ltr'><strong>V.</strong></span> <span class='ocrx_word' id='word_1_492' title='bbox 1219 4723 1247 4734; x_wconf 89' lang='lat'><strong>·-</strong></span> <span class='ocrx_word' id='word_1_493' title='bbox 1268 4695 1309 4746; x_wconf 81' lang='lat' dir='ltr'><strong>ta.</strong></span> <span class='ocrx_word' id='word_1_494' title='bbox 1328 4693 1369 4743; x_wconf 82' lang='lat' dir='ltr'><strong>isti</strong></span> <span class='ocrx_word' id='word_1_495' title='bbox 1384 4690 1464 4755; x_wconf 66' lang='lat' dir='ltr'><strong>Lati.</strong></span> <span class='ocrx_word' id='word_1_496' title='bbox 1484 4689 1518 4740; x_wconf 87' lang='lat' dir='ltr'><strong>cl.</strong></span> <span class='ocrx_word' id='word_1_497' title='bbox 1537 4687 1562 4752; x_wconf 73' lang='lat'><strong>8.</strong></span> <span class='ocrx_word' id='word_1_498' title='bbox 1575 4686 1615 4736; x_wconf 77' lang='lat'><strong>³⁴·</strong></span> 
     </span>
     <span class='ocr_line' id='line_1_46' title="bbox 284 4765 1619 4835; baseline -0.007 -14"><span class='ocrx_word' id='word_1_499' title='bbox 284 4797 311 4808; x_wconf 90' lang='lat'><em>-</em></span> <span class='ocrx_word' id='word_1_500' title='bbox 330 4771 372 4822; x_wconf 76' lang='lat' dir='ltr'><strong>tt.</strong></span> <span class='ocrx_word' id='word_1_501' title='bbox 391 4777 414 4821; x_wconf 86' lang='lat' dir='ltr'><strong>et</strong></span> <span class='ocrx_word' id='word_1_502' title='bbox 430 4783 502 4834; x_wconf 84' lang='lat' dir='ltr'><strong>quem</strong></span> <span class='ocrx_word' id='word_1_503' title='bbox 519 4771 550 4820; x_wconf 92' lang='lat' dir='ltr'><strong>V.</strong></span> <span class='ocrx_word' id='word_1_504' title='bbox 566 4797 592 4808; x_wconf 93' lang='lat'>-</span> <span class='ocrx_word' id='word_1_505' title='bbox 609 4773 705 4834; x_wconf 79' lang='lat' dir='ltr'><strong>putatis</strong></span> <span class='ocrx_word' id='word_1_506' title='bbox 721 4772 798 4835; x_wconf 74' lang='lat' dir='ltr'><strong>agee.</strong></span> <span class='ocrx_word' id='word_1_507' title='bbox 813 4799 841 4808; x_wconf 92' lang='lat'>-</span> <span class='ocrx_word' id='word_1_508' title='bbox 860 4773 901 4822; x_wconf 77' lang='lat' dir='ltr'><strong>te.</strong></span> <span class='ocrx_word' id='word_1_509' title='bbox 920 4787 970 4824; x_wconf 86' lang='lat' dir='ltr'><strong>non</strong></span> <span class='ocrx_word' id='word_1_510' title='bbox 986 4773 1066 4823; x_wconf 81' lang='lat' dir='ltr'><strong>solnm</strong></span> <span class='ocrx_word' id='word_1_511' title='bbox 1081 4772 1195 4823; x_wconf 63' lang='lat' dir='ltr'><strong>ouantia</strong></span> <span class='ocrx_word' id='word_1_512' title='bbox 1209 4772 1262 4834; x_wconf 77' lang='lat' dir='ltr'><strong>nge</strong></span> <span class='ocrx_word' id='word_1_513' title='bbox 1274 4770 1306 4822; x_wconf 71' lang='lat' dir='ltr'><strong>ti</strong></span> <span class='ocrx_word' id='word_1_514' title='bbox 1318 4768 1350 4821; x_wconf 77' lang='lat' dir='ltr'><strong>te</strong></span> <span class='ocrx_word' id='word_1_515' title='bbox 1366 4765 1424 4819; x_wconf 82' lang='lat' dir='ltr'><strong>uv</strong></span> <span class='ocrx_word' id='word_1_516' title='bbox 1440 4767 1549 4816; x_wconf 74' lang='lat' dir='ltr'><strong>irene:</strong></span> <span class='ocrx_word' id='word_1_517' title='bbox 1566 4774 1619 4812; x_wconf 87' lang='lat' dir='ltr'><strong>non</strong></span> 
     </span>
     <span class='ocr_line' id='line_1_47' title="bbox 280 4835 1618 4910; baseline -0.006 -16"><span class='ocrx_word' id='word_1_518' title='bbox 280 4844 360 4894; x_wconf 80' lang='lat' dir='ltr'><strong>solans</strong></span> <span class='ocrx_word' id='word_1_519' title='bbox 375 4846 428 4896; x_wconf 82' lang='lat' dir='ltr'><strong>cine</strong></span> <span class='ocrx_word' id='word_1_520' title='bbox 443 4847 557 4896; x_wconf 71' lang='lat' dir='ltr'><strong>ovantia</strong></span> <span class='ocrx_word' id='word_1_521' title='bbox 573 4849 618 4897; x_wconf 84' lang='lat' dir='ltr'><strong>ott.</strong></span> <span class='ocrx_word' id='word_1_522' title='bbox 639 4873 666 4884; x_wconf 88' lang='lat'><em>-</em></span> <span class='ocrx_word' id='word_1_523' title='bbox 684 4849 846 4910; x_wconf 78' lang='lat' dir='ltr'><strong>inprudentia</strong></span> <span class='ocrx_word' id='word_1_524' title='bbox 863 4848 893 4899; x_wconf 88' lang='lat' dir='ltr'><strong>V.</strong></span> <span class='ocrx_word' id='word_1_525' title='bbox 918 4876 945 4885; x_wconf 90' lang='lat'>-</span> <span class='ocrx_word' id='word_1_526' title='bbox 971 4849 1013 4900; x_wconf 74' lang='lat' dir='ltr'><strong>tl.</strong></span> <span class='ocrx_word' id='word_1_527' title='bbox 1032 4847 1112 4899; x_wconf 79' lang='lat' dir='ltr'><strong>omnis</strong></span> <span class='ocrx_word' id='word_1_528' title='bbox 1126 4847 1158 4896; x_wconf 94' lang='lat' dir='ltr'><strong>V.</strong></span> <span class='ocrx_word' id='word_1_529' title='bbox 1185 4873 1212 4883; x_wconf 89' lang='lat'>-</span> <span class='ocrx_word' id='word_1_530' title='bbox 1240 4857 1271 4894; x_wconf 86' lang='lat' dir='ltr'><strong>oc</strong></span> <span class='ocrx_word' id='word_1_531' title='bbox 1292 4843 1370 4894; x_wconf 84' lang='lat' dir='ltr'><strong>mutto</strong></span> <span class='ocrx_word' id='word_1_532' title='bbox 1382 4841 1441 4904; x_wconf 79' lang='lat' dir='ltr'><strong>plus</strong></span> <span class='ocrx_word' id='word_1_533' title='bbox 1456 4839 1505 4902; x_wconf 79' lang='lat' dir='ltr'><strong>bgt</strong></span> <span class='ocrx_word' id='word_1_534' title='bbox 1520 4835 1618 4889; x_wconf 70' lang='lat' dir='ltr'><strong>tritt</strong></span> 
     </span>
     <span class='ocr_line' id='line_1_48' title="bbox 281 4913 1618 4988; baseline -0.005 -19"><span class='ocrx_word' id='word_1_535' title='bbox 281 4919 348 4969; x_wconf 83' lang='lat' dir='ltr'><strong>NV:</strong></span> <span class='ocrx_word' id='word_1_536' title='bbox 368 4932 420 4970; x_wconf 89' lang='lat' dir='ltr'><strong>om.</strong></span> <span class='ocrx_word' id='word_1_537' title='bbox 441 4923 487 4970; x_wconf 89' lang='lat' dir='ltr'><strong>ctt.</strong></span> <span class='ocrx_word' id='word_1_538' title='bbox 502 4949 530 4958; x_wconf 95' lang='lat'>-</span> <span class='ocrx_word' id='word_1_539' title='bbox 549 4922 679 4972; x_wconf 61' lang='lat' dir='ltr'><strong>wunsam</strong></span> <span class='ocrx_word' id='word_1_540' title='bbox 695 4921 797 4986; x_wconf 72' lang='lat' dir='ltr'><strong>Lgltv</strong></span> <span class='ocrx_word' id='word_1_541' title='bbox 816 4923 857 4984; x_wconf 80' lang='lat' dir='ltr'><strong>(ct.</strong></span> <span class='ocrx_word' id='word_1_542' title='bbox 874 4923 898 4987; x_wconf 73' lang='lat' dir='ltr'><strong>fi.</strong></span> <span class='ocrx_word' id='word_1_543' title='bbox 911 4925 952 4974; x_wconf 77' lang='lat' dir='ltr'><strong>tt.</strong></span> <span class='ocrx_word' id='word_1_544' title='bbox 966 4924 1032 4988; x_wconf 82' lang='lat'><strong>36.):</strong></span> <span class='ocrx_word' id='word_1_545' title='bbox 1051 4925 1168 4974; x_wconf 69' lang='lat' dir='ltr'><strong>tecm</strong></span> <span class='ocrx_word' id='word_1_546' title='bbox 1185 4919 1241 4972; x_wconf 85' lang='lat' dir='ltr'><strong>rell.</strong></span> <span class='ocrx_word' id='word_1_547' title='bbox 1259 4921 1288 4972; x_wconf 91' lang='lat'><strong>0.</strong></span> <span class='ocrx_word' id='word_1_548' title='bbox 1307 4945 1335 4958; x_wconf 90' lang='lat'><strong>·-</strong></span> <span class='ocrx_word' id='word_1_549' title='bbox 1359 4917 1402 4968; x_wconf 77' lang='lat'><strong>26.</strong></span> <span class='ocrx_word' id='word_1_550' title='bbox 1420 4913 1618 4966; x_wconf 76' lang='lat' dir='ltr'><strong>demoniaci--</strong></span> 
     </span>
     <span class='ocr_line' id='line_1_49' title="bbox 278 4986 1618 5062; baseline -0.002 -17"><span class='ocrx_word' id='word_1_551' title='bbox 278 4999 343 5058; x_wconf 77' lang='lat' dir='ltr'><strong>post.</strong></span> <span class='ocrx_word' id='word_1_552' title='bbox 361 4997 394 5046; x_wconf 81' lang='lat' dir='ltr'><strong>att</strong></span> <span class='ocrx_word' id='word_1_553' title='bbox 409 5009 463 5047; x_wconf 93' lang='lat' dir='ltr'><strong>om.</strong></span> <span class='ocrx_word' id='word_1_554' title='bbox 477 4997 524 5048; x_wconf 93' lang='lat' dir='ltr'><strong>dtt.</strong></span> <span class='ocrx_word' id='word_1_555' title='bbox 540 5024 567 5035; x_wconf 89' lang='lat'><em>-</em></span> <span class='ocrx_word' id='word_1_556' title='bbox 586 4998 662 5048; x_wconf 87' lang='lat' dir='ltr'><strong>immo</strong></span> <span class='ocrx_word' id='word_1_557' title='bbox 676 4997 744 5062; x_wconf 82' lang='lat' dir='ltr'><strong>cero]</strong></span> <span class='ocrx_word' id='word_1_558' title='bbox 762 4999 839 5050; x_wconf 87' lang='lat' dir='ltr'><strong>nimio</strong></span> <span class='ocrx_word' id='word_1_559' title='bbox 855 5012 900 5049; x_wconf 83' lang='lat' dir='ltr'><strong>nec</strong></span> <span class='ocrx_word' id='word_1_560' title='bbox 916 4997 994 5061; x_wconf 74' lang='lat' dir='ltr'><strong>Lglt.</strong></span> <span class='ocrx_word' id='word_1_561' title='bbox 1010 5025 1038 5036; x_wconf 94' lang='lat'>-</span> <span class='ocrx_word' id='word_1_562' title='bbox 1056 4998 1097 5049; x_wconf 74' lang='lat' dir='ltr'><strong>t8.</strong></span> <span class='ocrx_word' id='word_1_563' title='bbox 1116 4995 1201 5061; x_wconf 82' lang='lat' dir='ltr'><strong>qnam]</strong></span> <span class='ocrx_word' id='word_1_564' title='bbox 1220 5007 1297 5056; x_wconf 83' lang='lat' dir='ltr'><strong>quom</strong></span> <span class='ocrx_word' id='word_1_565' title='bbox 1313 4992 1360 5044; x_wconf 83' lang='lat' dir='ltr'><strong>sibi</strong></span> <span class='ocrx_word' id='word_1_566' title='bbox 1374 4989 1452 5055; x_wconf 71' lang='lat' dir='ltr'><strong>agla.</strong></span> <span class='ocrx_word' id='word_1_567' title='bbox 1467 5013 1496 5026; x_wconf 97' lang='lat'><em>-</em></span> <span class='ocrx_word' id='word_1_568' title='bbox 1515 4986 1556 5038; x_wconf 79' lang='lat'><strong>3⁴.</strong></span> <span class='ocrx_word' id='word_1_569' title='bbox 1574 4997 1618 5035; x_wconf 70' lang='lat' dir='ltr'><strong>rt·</strong></span> 
     </span>
     <span class='ocr_line' id='line_1_50' title="bbox 279 5061 1618 5136; baseline -0.005 -16"><span class='ocrx_word' id='word_1_570' title='bbox 279 5070 379 5132; x_wconf 79' lang='lat' dir='ltr'><strong>peritur</strong></span> <span class='ocrx_word' id='word_1_571' title='bbox 395 5070 472 5135; x_wconf 77' lang='lat' dir='ltr'><strong>Lglt.</strong></span> <span class='ocrx_word' id='word_1_572' title='bbox 488 5099 516 5108; x_wconf 98' lang='lat'><em>-</em></span> <span class='ocrx_word' id='word_1_573' title='bbox 534 5071 575 5122; x_wconf 75' lang='lat'><strong>32.</strong></span> <span class='ocrx_word' id='word_1_574' title='bbox 594 5071 768 5136; x_wconf 73' lang='lat' dir='ltr'><strong>totoiriLgli</strong></span> <span class='ocrx_word' id='word_1_575' title='bbox 780 5087 816 5134; x_wconf 75' lang='lat' dir='ltr'><strong>qi:</strong></span> <span class='ocrx_word' id='word_1_576' title='bbox 836 5086 889 5124; x_wconf 80' lang='lat' dir='ltr'><strong>oni.</strong></span> <span class='ocrx_word' id='word_1_577' title='bbox 907 5078 943 5123; x_wconf 86' lang='lat' dir='ltr'><strong>tot</strong></span> <span class='ocrx_word' id='word_1_578' title='bbox 959 5071 1015 5124; x_wconf 88' lang='lat' dir='ltr'><strong>rell.</strong></span> <span class='ocrx_word' id='word_1_579' title='bbox 1030 5099 1058 5112; x_wconf 92' lang='lat'><em>-</em></span> <span class='ocrx_word' id='word_1_580' title='bbox 1077 5071 1118 5124; x_wconf 86' lang='grc'><strong>33.</strong></span> <span class='ocrx_word' id='word_1_581' title='bbox 1134 5071 1167 5123; x_wconf 81' lang='lat' dir='ltr'><strong>ab</strong></span> <span class='ocrx_word' id='word_1_582' title='bbox 1182 5085 1234 5124; x_wconf 81' lang='lat' dir='ltr'><strong>nne</strong></span> <span class='ocrx_word' id='word_1_583' title='bbox 1249 5070 1347 5122; x_wconf 79' lang='lat' dir='ltr'><strong>bomine</strong></span> <span class='ocrx_word' id='word_1_584' title='bbox 1358 5069 1386 5121; x_wconf 84' lang='lat'><strong>1..</strong></span> <span class='ocrx_word' id='word_1_585' title='bbox 1399 5061 1472 5130; x_wconf 74' lang='lat' dir='ltr'><strong>titt.</strong></span> <span class='ocrx_word' id='word_1_586' title='bbox 1486 5064 1507 5116; x_wconf 94' lang='lat'>0</span> <span class='ocrx_word' id='word_1_587' title='bbox 1524 5062 1618 5117; x_wconf 64' lang='lat' dir='ltr'><strong>conus</strong></span> 
     </span>
     <span class='ocr_line' id='line_1_51' title="bbox 283 5143 934 5212; baseline 0.005 -16"><span class='ocrx_word' id='word_1_588' title='bbox 283 5143 362 5197; x_wconf 85' lang='lat' dir='ltr'><strong>codd.</strong></span> <span class='ocrx_word' id='word_1_589' title='bbox 382 5171 410 5184; x_wconf 91' lang='lat'><em>-</em></span> <span class='ocrx_word' id='word_1_590' title='bbox 428 5159 460 5197; x_wconf 86' lang='lat' dir='ltr'><strong>oc</strong></span> <span class='ocrx_word' id='word_1_591' title='bbox 476 5151 544 5210; x_wconf 69' lang='lat' dir='ltr'><strong>inm.</strong></span> <span class='ocrx_word' id='word_1_592' title='bbox 562 5159 616 5198; x_wconf 90' lang='lat' dir='ltr'><strong>om.</strong></span> <span class='ocrx_word' id='word_1_593' title='bbox 635 5145 719 5210; x_wconf 72' lang='lat' dir='ltr'><strong>Lgl23</strong></span> <span class='ocrx_word' id='word_1_594' title='bbox 738 5161 756 5198; x_wconf 85' lang='lat' dir='ltr'><strong>o</strong></span> <span class='ocrx_word' id='word_1_595' title='bbox 771 5153 838 5212; x_wconf 78' lang='lat' dir='ltr'><strong>turp.</strong></span> <span class='ocrx_word' id='word_1_596' title='bbox 856 5147 934 5212; x_wconf 60' lang='lat' dir='ltr'><strong>tht.</strong></span> 
     </span>
    </p>
   </div>
   <div class='ocr_carea' id='block_1_4' title="bbox 0 0 1826 5864">
    <p class='ocr_par' dir='ltr' id='par_1_36' title="bbox 0 0 1826 5864">
     <span class='ocr_line' id='line_1_52' title="bbox 0 0 1826 5864; baseline 0 0"><span class='ocrx_word' id='word_1_597' title='bbox 0 0 1826 5864; x_wconf 95' lang='lat' dir='ltr'><strong> </strong></span> 
     </span>
    </p>
   </div>
  </div>
 </body>
</html>
