3638 5868
294 357 356 430 bil
665 367 708 434 Ili
729 367 897 434 tumn
916 366 1040 436 torto
1061 367 1246 436 SECUNDA

294 542 420 620 tempus
448 536 743 602 innocentissimam
773 538 916 604 omnium
948 537 1286 624 diligentissimamque
1317 547 1497 624 praeturam
1528 541 1616 610 illius

293 628 433 694 bominis
454 630 639 696 existimati
675 631 843 696 Biennium
864 632 1061 714 provinciam
1083 632 1236 708 obtinuit,
1264 653 1336 698 cum
1357 634 1438 700 alter
1458 656 1561 703 annus
1581 639 1617 702 in

293 723 431 800 vilitate,
458 724 539 791 alter
564 726 599 789 in
627 745 750 790 summa
771 725 900 790 cantate
928 723 1033 789 luerit
1076 728 1157 789 Num
1178 732 1234 789 aut
1253 727 1288 791 in
1309 728 1430 794 vilitate
1451 751 1616 798 nummum

294 822 400 881 mator
420 819 592 903 quisquam
613 818 701 884 dedit
721 828 777 884 aut
803 820 836 884 in
858 819 988 883 carimte
1010 820 1049 882 de
1071 819 1289 886 aestimatione
1310 820 1462 888 immenti
1484 832 1616 909 questus

270 913 367 974 sesti
388 943 430 958 -
450 912 660 978 armanore
680 911 799 978 cibaria
818 912 900 976 facta
922 919 998 978 sunt
1019 914 1158 978 caritate.
1179 945 1221 960 -
1243 914 1363 992 Gredo;
1385 937 1492 1002 neque
1513 917 1546 983 id
1569 925 1618 983 est

167 993 199 1112 (s
293 1021 411 1067 novum
433 1024 538 1089 neque
558 1005 865 1089 reprehendendum.
909 1002 980 1070 ill.
1002 1008 1098 1071 blodo
1121 1006 1155 1072 C.
1172 1007 1315 1072 Sentium
1336 1011 1493 1087 vidimus,
1514 1011 1617 1096 bomi-

293 1115 365 1160 nem
388 1103 493 1162 vetere
514 1098 570 1166 illa
590 1120 627 1163 ac
648 1100 803 1184 singulari
817 1100 999 1166 innocentia
1014 1101 1209 1184 praeditum,
1229 1109 1361 1186 propter
1374 1105 1537 1170 caritatem
1550 1105 1617 1168 iru-

293 1192 408 1265 menti,
430 1212 513 1276 quae
533 1193 638 1258 luerat
658 1195 692 1257 in
713 1195 916 1269 Macedonia,
938 1213 1141 1277 permagnam
1163 1215 1204 1258 cx
1221 1194 1348 1260 cibariis
1371 1197 1539 1281 pecuniam
1561 1197 1617 1262 dc-

292 1291 429 1366 portare.
452 1286 555 1364 Quam
578 1290 618 1353 ob
640 1309 707 1354 rem
722 1309 787 1353 non
802 1307 860 1372 ego
875 1289 1003 1352 invideo
1023 1289 1198 1352 commodis
1214 1291 1287 1363 tuis,
1301 1290 1329 1354 si
1345 1309 1429 1374 quae
1442 1291 1482 1355 ad
1498 1299 1529 1356 te
1546 1291 1615 1376 lege

256 1387 463 1452 revenerunt:
486 1383 635 1449 iniuriam
659 1405 793 1468 queror,
814 1382 1049 1466 improbitatem
1072 1401 1227 1466 coarguo,
1253 1384 1418 1448 armiliam
1440 1385 1474 1448 in
1496 1386 1614 1450 cumen

292 1479 325 1536 et
343 1473 378 1537 in
398 1473 552 1540 iudicium
572 1496 664 1542 voco.

377 1567 471 1646 Quod
499 1571 525 1634 si
548 1571 747 1654 suspiciones
768 1572 900 1637 iniicere
921 1571 1043 1647 velitis,
1064 1571 1105 1635 ad
1126 1570 1234 1654 plures
1254 1571 1418 1647 homines,
1446 1573 1486 1638 ad
1508 1576 1613 1660 plures

291 1662 473 1745 provincias
501 1665 620 1731 crimen
644 1666 707 1730 boc
734 1666 909 1749 pertinere:
937 1686 1001 1730 non
1030 1685 1090 1750 ego
1119 1664 1213 1729 istam
1240 1665 1456 1732 defensionem
1477 1677 1613 1734 vestram

292 1757 529 1840 pertimescam,
551 1759 607 1824 sed
629 1780 679 1824 me
702 1761 843 1824 omnium
865 1761 1099 1842 provinciarum
1119 1758 1318 1824 defensorem
1340 1781 1410 1824 esse
1431 1759 1613 1845 profitebor.

254 1867 284 1918 tt
292 1850 416 1916 Etenim
436 1852 499 1918 boc
520 1855 592 1918 dico
613 1861 647 1918 et
667 1874 780 1938 magna
794 1873 871 1918 voce
894 1854 982 1919 dico:
1010 1853 1225 1938 «Ubicumque
1246 1852 1308 1916 boc
1329 1853 1448 1920 tactum
1470 1864 1532 1933 est,
1554 1859 1613 1922 im-

292 1946 391 2032 probe
412 1947 530 2014 tactum
552 1957 609 2012 est.
654 1949 855 2034 Quicumque
875 1948 937 2012 hoc
957 1948 1048 2023 iecit,
1074 1947 1232 2031 supplicio
1254 1947 1369 2029 dignus
1390 1956 1466 2013 esta
1506 1952 1614 2017 xciv.

292 2034 327 2104 ii
335 2037 364 2103 8.
386 2043 484 2117 Nam,
505 2062 563 2126 per
584 2043 662 2108 deos
683 2042 893 2109 immortales!
925 2041 1047 2118 ridete,
1073 2041 1211 2116 iudices,
1242 2049 1274 2105 et
1296 2043 1469 2126 prospicite
1491 2045 1614 2120 animis,

293 2135 371 2220 quid
391 2135 533 2202 futurum
556 2137 607 2202 sit.
642 2137 734 2202 Multi
756 2156 884 2221 magnas
905 2137 1056 2219 pecunias
1078 2136 1117 2200 ab
1139 2135 1248 2199 invitis
1270 2136 1451 2202 civitatibus
1465 2146 1561 2223 atque
1575 2139 1614 2204 ab

291 2228 399 2298 invitis
420 2232 597 2296 aratoribus
619 2233 680 2296 ista
700 2232 823 2296 ratione
843 2230 942 2295 cellae
963 2231 1091 2294 nomine
1114 2236 1307 2313 coigerunt:
1330 2229 1471 2312 (omnino
1487 2253 1546 2317 ego
1561 2253 1616 2298 ue·

254 2324 409 2390 nominem
430 2325 538 2401 video,
561 2333 686 2409 praeter
699 2327 812 2400 istum,
833 2323 889 2388 sed
912 2324 953 2387 do
974 2324 1037 2388 boc
1049 2324 1141 2386 vobis
1156 2330 1188 2387 ct
1203 2322 1361 2398 concedo,
1384 2344 1454 2388 esse
1468 2325 1614 2409 multon)

293 2417 327 2481 in
348 2417 411 2483 boc
431 2418 560 2484 bomine
581 2439 649 2485 rem
670 2420 839 2484 adductam
859 2420 894 2482 in
915 2418 1068 2482 iudicium
1084 2417 1214 2480 videtis:
1237 2418 1316 2500 quid
1334 2416 1438 2482 iacere
1459 2421 1614 2502 potestist

291 2519 414 2588 utrum,
440 2533 513 2576 cum
534 2515 656 2578 iudices
678 2515 747 2578 sitis
769 2514 809 2576 de
828 2513 965 2597 pecunia
987 2519 1077 2594 capta
1100 2512 1282 2585 conciliata,
1305 2519 1424 2575 tanum
1447 2514 1615 2596 pecuniam

292 2613 416 2690 captam
437 2607 597 2691 negligere
617 2627 676 2682 an,
698 2627 770 2671 cum
793 2607 846 2672 lex
867 2607 1029 2672 sociorum
1052 2624 1147 2669 causa
1160 2613 1270 2689 rogata
1285 2605 1342 2679 sit,
1363 2605 1523 2670 sociorum
1538 2627 1615 2691 que-

292 2700 444 2764 rimonias
466 2721 532 2768 non
553 2700 685 2765 audiret
728 2697 800 2764 tte.
822 2702 938 2764 Verum
960 2699 1021 2764 boc
1044 2719 1173 2783 quoque
1187 2699 1277 2763 vobis
1299 2699 1444 2762 remitto:
1464 2700 1614 2784 negligite

255 2796 477 2880 repraeterita,
500 2796 526 2858 si
549 2795 661 2872 vultis3
688 2795 743 2860 sed
766 2815 806 2858 nc
828 2794 967 2878 reliquas
990 2813 1063 2876 spes
1084 2794 1216 2857 turbetis
1237 2799 1334 2877 atque
1356 2812 1466 2857 omnes
1487 2795 1616 2877 provin-

293 2889 357 2954 cias
380 2890 546 2965 evertatis,
569 2889 602 2953 id
624 2890 806 2977 providete,
829 2909 868 2954 ne
889 2889 1059 2963 avaritiae,
1082 2907 1163 2971 quae
1185 2885 1319 2951 antebac
1341 2885 1475 2950 occultis
1495 2887 1616 2952 itineri·

292 2985 352 3052 bus
374 2989 471 3068 atque
492 2984 635 3068 angustis
657 2987 705 3050 uti
726 2984 863 3058 solebat,
893 2983 1078 3047 auctoritate
1099 2989 1204 3046 vestra
1224 2981 1307 3044 viam
1327 2979 1522 3062 patefaciatis
1544 2982 1617 3044 illu·

292 3085 388 3142 strem
410 3085 507 3162 atque
528 3079 634 3144 latam.
677 3082 756 3143 Nam
778 3079 805 3142 si
832 3078 895 3141 boc
916 3077 1058 3161 probatis
1080 3083 1112 3139 et
1134 3076 1161 3140 si
1183 3074 1279 3138 licere
1301 3073 1453 3158 pecunias
1474 3075 1536 3139 isto
1558 3096 1616 3139 uo·

293 3172 378 3236 mine
407 3172 477 3257 oapi
506 3172 672 3238 iudicatis:
705 3181 790 3239 certe
815 3174 893 3244 boe,
922 3171 1008 3255 quod
1037 3169 1140 3234 adbuc
1161 3187 1255 3232 nemo
1279 3167 1341 3232 nisi
1362 3167 1615 3252 improbissimus

254 3265 535 3356 etsocialpostbac
557 3287 650 3333 nemo
672 3268 735 3332 nisi
757 3267 961 3332 stultissimus
983 3285 1048 3330 uon
1069 3263 1174 3328 saciet.
1210 3262 1350 3346 Improbi
1371 3269 1460 3337 sunt,
1483 3262 1539 3346 qui
1561 3283 1615 3346 pe·

292 3361 403 3426 cuniae
424 3369 535 3427 contra
556 3360 642 3444 leges
665 3368 797 3446 cogunt:
820 3359 921 3434 stulti,
944 3360 1014 3441 qui,
1037 3357 1124 3442 quod
1142 3356 1237 3419 licere
1253 3355 1427 3417 iudicatum
1442 3362 1503 3430 est,
1525 3375 1615 3439 prae·

291 3457 477 3520 termittunt.
519 3453 592 3519 220.
614 3455 751 3529 Deinde,
777 3455 917 3528 iudices,
939 3452 1062 3526 videte,
1085 3469 1181 3535 quam
1204 3445 1359 3512 inlinitum
1381 3447 1452 3511 istis
1478 3449 1616 3512 bomini·

289 3551 350 3618 bns
371 3550 533 3615 licentiam
554 3550 760 3634 pecuniarum
783 3547 1017 3630 eripiendarum
1039 3544 1143 3608 daturi
1165 3542 1243 3611 sitis.
1267 3543 1317 3619 Si,
1345 3549 1453 3606 ternos
1469 3543 1615 3606 denarios

292 3645 349 3731 qui
370 3645 491 3728 coiigit,
513 3644 576 3708 erit
594 3643 776 3708 absolutus:
807 3648 994 3726 quaternos,
1017 3639 1151 3724 quinos,
1174 3638 1274 3702 denos
1297 3637 1435 3720 denique
1457 3644 1512 3702 aut
1533 3637 1617 3702 vice-

356 3883 551 3936 conmanenti
571 3883 637 3936 dett.
656 3883 686 3936 0.
715 3909 742 3920 -
769 3881 894 3934 bienniren
914 3879 983 3946 ugit
996 3882 1030 3932 N:
1058 3877 1154 3929 biennio
1171 3873 1227 3929 rell.
1257 3901 1283 3912 -
1310 3873 1334 3926 3.
1351 3875 1436 3940 40044]
1454 3877 1617 3930 Coniunctivi

291 3959 357 4010 ratic
375 3958 470 4010 idonea
486 3972 540 4010 uon
557 3959 685 4024 suppetit;
710 3957 759 4021 fuit
774 3955 862 4021 legere
880 3953 979 4006 malim.
1008 3982 1035 3993 -
1063 3953 1087 4003 6.
1105 3952 1235 4002 sentim
1251 3948 1329 4014 Lgli.
1350 3976 1377 3986 —
1404 3949 1428 4000 8.
1447 3949 1617 4013 departureN

291 4033 363 4086 rell:
381 4039 512 4098 reportare
527 4034 666 4086 Victorius.
681 4058 710 4070 -
729 4033 753 4084 9.
772 4045 860 4083 comm.
879 4031 929 4081 4040
945 4028 1040 4081 codd:
1059 4029 1109 4080 tnta
1124 4040 1212 4077 conen.
1226 4027 1255 4076 0.
1270 4051 1298 4062 -
1317 4038 1381 4088 quoe
1392 4023 1477 4088 talc:
1497 4037 1549 4088 pne
1560 4024 1616 4076 rell.

291 4109 322 4160 O.
342 4138 369 4148 -
389 4111 430 4161 40.
448 4109 545 4160 iniuria
561 4123 638 4173 pano
648 4107 726 4172 Lgli.
741 4134 769 4144 -
787 4120 898 4172 coarguo
909 4105 978 4170 Lgli
990 4105 1054 4156 FN:
1074 4117 1155 4168 arguo
1171 4099 1227 4152 rell.
1243 4127 1270 4136 -·
1290 4101 1330 4150 li.
1342 4099 1422 4150 volitis
1431 4097 1517 4164 Lgli:
1534 4101 1619 4151 noblis

290 4182 347 4236 rell.
366 4185 396 4236 0.
417 4212 444 4221 -
461 4185 543 4247 pinnis
559 4183 637 4248 Lgli.
658 4212 686 4220 -
704 4184 739 4233 cd
752 4183 834 4246 piaris
846 4196 921 4246 proc.
939 4179 1026 4244 igit:
1046 4184 1069 4229 et
1086 4181 1119 4228 nd
1133 4177 1169 4241 pl.
1184 4189 1258 4240 pron
1277 4175 1334 4227 rell.
1352 4177 1382 4227 0.
1404 4201 1431 4212 -
1451 4177 1490 4226 to.
1509 4175 1619 4239 inprobe

289 4259 385 4324 {notem
401 4265 436 4311 cst
452 4272 506 4311 cm.
519 4259 603 4324 Lgl23
623 4260 687 4310 item
705 4259 744 4309 48.
763 4258 830 4308 cinit.
848 4263 925 4320 04000
940 4257 973 4306 ub
988 4256 1085 4316 invitis,
1104 4255 1145 4306 20.
1163 4254 1234 4304 uideo
1245 4251 1469 4310 --bominernn‚
1487 4249 1528 4301 23.
1541 4264 1619 4302 00000

290 4348 346 4399 cop.
364 4335 395 4386 sit
410 4335 543 4386 sociorum.
564 4361 592 4370 -
619 4335 660 4386 to.
678 4333 752 4384 004440
768 4333 845 4397 4349.
871 4361 898 4370 -
924 4333 1035 4394 reliquas
1050 4329 1112 4395 sper]
1130 4328 1239 4392 00440040
1254 4341 1296 4392 spe
1312 4327 1394 4391 Lg29;
1411 4339 1486 4388 repen
1503 4325 1557 4389 (sic)
1576 4325 1616 4378 li.

291 4409 361 4474 [hinc
378 4409 438 4460 lert.
457 4409 606 4472 0040440440
629 4406 801 4460 scribendum
820 4409 868 4459 est.
887 4406 980 4470 lietu]
1000 4432 1026 4441 —
1053 4405 1094 4456 26.
1113 4404 1243 4464 metata·
1266 4403 1293 4453 id
1308 4401 1470 4466 interpunxit
1486 4402 1522 4458 ος
1548 4403 1575 4451 et
1591 4414 1616 4452 v.

253 4505 255 4510 ·
290 4487 412 4551 Madvigii
429 4486 525 4550 Opusc.
545 4487 576 4537 ll.
595 4498 622 4550 p.
635 4485 691 4536 406.
708 4513 735 4522 -
754 4485 795 4536 il.
814 4486 926 4548 angustie
942 4482 1026 4546 Lgte:
1045 4481 1167 4545 angustiis
1184 4477 1240 4530 rell.
1259 4480 1338 4543 4033.
1351 4480 1378 4528 et
1395 4475 1474 4528 codd.
1488 4475 1616 4541 plerique.

293 4589 320 4598 -
339 4562 380 4614 te.
399 4562 473 4611 licere
489 4579 512 4625 φ
530 4565 557 4612 et
573 4560 603 4612 l:
621 4560 666 4611 itoc
683 4561 757 4611 licere
773 4559 837 4610 dett.
851 4560 879 4609 0.
901 4586 930 4597 -
948 4559 988 4610 30.
1007 4557 1186 4621 improbiorem
1198 4556 1319 4620 pecunias
1335 4553 1430 4618 colligis
1445 4557 1536 4617 cogunt
1549 4551 1618 4617 Lgli

292 4634 438 4690 mendose:
464 4635 829 4699 inproot--praeonntunnt
854 4647 903 4701 pro
928 4634 1025 4697 spuriis
1050 4631 1133 4682 habet
1157 4633 1212 4681 Rau
1236 4632 1295 4682 Vcr.
1318 4631 1393 4680 lectt.
1411 4629 1442 4679 ll.
1466 4642 1491 4694 p.
1510 4627 1567 4680 tlt.
1588 4651 1615 4664 -

291 4713 332 4764 32.
350 4712 453 4778 infinitis
469 4711 546 4775 4349.
566 4710 629 4776 [000
646 4709 727 4774 4344,
747 4712 776 4761 ut
793 4712 835 4760 est
845 4708 916 4774 apud
928 4708 965 4774 Ζ.]
986 4735 1013 4742 -
1032 4708 1085 4758 istis
1101 4707 1238 4758 bominibus
1250 4732 1287 4746 --
1299 4707 1385 4758 onan
1400 4705 1453 4756 sitis
1463 4703 1548 4768 ugit:
1566 4704 1619 4756 sitis

290 4787 473 4840 4004044400--
484 4787 571 4838 dnturt
586 4785 643 4838 rell.
662 4787 691 4837 0.
709 4785 877 4850 [Recepimus
894 4783 963 4836 banc
980 4783 1152 4848 scripturam,
1171 4783 1295 4845 quoniam
1313 4795 1346 4832 ex
1362 4779 1474 4844 Zumptii
1491 4777 1618 4829 relatione

292 4861 435 4914 obscurata
459 4864 524 4912 crat.
547 4859 639 4925 Ham]
660 4888 687 4898 -
712 4861 752 4912 3³.
770 4860 957 4924 eripiendorum
978 4871 1030 4908 ont.
1050 4855 1127 4920 Lgli.
1147 4881 1174 4894 ·-
1194 4855 1222 4906 Si
1238 4861 1320 4906 nenos
1336 4854 1460 4916 mones]
1481 4865 1506 4902 ::
1523 4866 1528 4901 :
1545 4866 1550 4900 :
1566 4851 1621 4902 :111

292 4937 370 5002 Lgli.
390 4935 497 5002 [Puncta
513 4937 541 4988 in
557 4934 633 4988 Nieb.
651 4936 805 5000 apographo
820 4934 943 4986 lacunam
960 4933 1108 4998 siguificare
1125 4930 1261 4994 videntum
1283 4928 1416 4981 intercidit
1436 4931 1482 4979 aut
1497 4927 1547 4992 legi
1566 4941 1617 4980 uon

292 5013 378 5079 potuit
393 5013 421 5063 in
438 5011 600 5076 archetypo:
618 5011 639 5062 si
654 5011 684 5062 X.
701 5015 762 5074 post
776 5011 841 5071 sitin,
860 5013 890 5060 ut
906 5011 947 5060 est
963 5020 1042 5073 supra
1060 5007 1101 5072 55.
1114 5004 1163 5058 ill
1175 5019 1216 5071 sq.
1230 5005 1326 5058 ecdem
1342 5003 1488 5058 uerborum
1505 5003 1618 5070 ordina]

296 5111 324 5128 -·
345 5085 387 5140 34.
405 5089 492 5158 witon
507 5086 577 5158 4342
589 5087 624 5140 N:
643 5098 698 5142 om.
716 5084 773 5138 rell.
794 5111 821 5122 -
840 5083 922 5156 dones]
941 5083 1056 5136 onnon
1072 5081 1140 5152 Lgil
1152 5082 1193 5134 29.

994 5192 1011 5242 t
