<?xml version="1.0" encoding="UTF-8"?>
<!DOCTYPE html PUBLIC "-//W3C//DTD XHTML 1.0 Transitional//EN"
    "http://www.w3.org/TR/xhtml1/DTD/xhtml1-transitional.dtd">
<html xmlns="http://www.w3.org/1999/xhtml" xml:lang="en" lang="en">
 <head>
  <title>
</title>
<meta http-equiv="Content-Type" content="text/html;charset=utf-8" />
  <meta name='ocr-system' content='tesseract 3.04.00' />
  <meta name='ocr-capabilities' content='ocr_page ocr_carea ocr_par ocr_line ocrx_word'/>
</head>
<body>
  <div class='ocr_page' id='page_1' title='image "./mtulliiciceroni00baitgoog_0449.png"; bbox 0 0 3642 5862; ppageno 0'>
   <div class='ocr_carea' id='block_1_1' title="bbox 509 400 1544 489">
    <p class='ocr_par' dir='ltr' id='par_1_1' title="bbox 509 400 1544 489">
     <span class='ocr_line' id='line_1_1' title="bbox 509 400 1544 489; baseline 0.005 -21"><span class='ocrx_word' id='word_1_1' title='bbox 509 404 575 470; x_wconf 68' lang='lat' dir='ltr'><strong>ns.</strong></span> <span class='ocrx_word' id='word_1_2' title='bbox 598 404 635 470; x_wconf 90' lang='lat' dir='ltr'><strong>v.</strong></span> <span class='ocrx_word' id='word_1_3' title='bbox 666 402 739 470; x_wconf 71' lang='lat' dir='ltr'><strong>cn.</strong></span> <span class='ocrx_word' id='word_1_4' title='bbox 760 402 950 472; x_wconf 78' lang='lat' dir='ltr'><strong>xus-s.</strong></span> <span class='ocrx_word' id='word_1_5' title='bbox 981 401 1038 489; x_wconf 74' lang='lat' dir='ltr'><strong>pp.</strong></span> <span class='ocrx_word' id='word_1_6' title='bbox 1061 400 1250 472; x_wconf 80' lang='lat' dir='ltr'><strong>ree-iai.</strong></span> <span class='ocrx_word' id='word_1_7' title='bbox 1481 403 1544 474; x_wconf 82' lang='lat' dir='ltr'><strong>aaa</strong></span> 
     </span>
    </p>
   </div>
   <div class='ocr_carea' id='block_1_2' title="bbox 7 563 1643 1862">
    <p class='ocr_par' dir='ltr' id='par_1_2' title="bbox 7 563 1643 1131">
     <span class='ocr_line' id='line_1_2' title="bbox 7 563 1643 668; baseline -0.001 -24"><span class='ocrx_word' id='word_1_8' title='bbox 7 571 30 668; x_wconf 49' lang='grc' dir='ltr'>ἢ</span> <span class='ocrx_word' id='word_1_9' title='bbox 221 577 362 652; x_wconf 88' lang='lat' dir='ltr'><strong>verbera,</strong></span> <span class='ocrx_word' id='word_1_10' title='bbox 382 596 424 640; x_wconf 93' lang='lat' dir='ltr'><strong>ne</strong></span> <span class='ocrx_word' id='word_1_11' title='bbox 445 594 582 650; x_wconf 83' lang='lat' dir='ltr'><strong>secures,</strong></span> <span class='ocrx_word' id='word_1_12' title='bbox 604 595 645 640; x_wconf 91' lang='lat' dir='ltr'><strong>ne</strong></span> <span class='ocrx_word' id='word_1_13' title='bbox 667 575 823 640; x_wconf 84' lang='lat' dir='ltr'><strong>cmaiatus</strong></span> <span class='ocrx_word' id='word_1_14' title='bbox 844 575 1013 652; x_wconf 82' lang='lat' dir='ltr'><strong>scciomm,</strong></span> <span class='ocrx_word' id='word_1_15' title='bbox 1035 591 1075 642; x_wconf 86' lang='lat' dir='ltr'><strong>ne</strong></span> <span class='ocrx_word' id='word_1_16' title='bbox 1096 576 1225 658; x_wconf 88' lang='lat' dir='ltr'><strong>sanguis</strong></span> <span class='ocrx_word' id='word_1_17' title='bbox 1247 577 1480 653; x_wconf 84' lang='lat' dir='ltr'><strong>innocentium,</strong></span> <span class='ocrx_word' id='word_1_18' title='bbox 1502 563 1570 668; x_wconf 85' lang='lat' dir='ltr'><strong>aa)</strong></span> <span class='ocrx_word' id='word_1_19' title='bbox 1603 576 1643 663; x_wconf 42' lang='lat' dir='ltr'><strong>¹ss</strong></span> 
     </span>
     <span class='ocr_line' id='line_1_3' title="bbox 7 657 1543 754; baseline 0.003 -24"><span class='ocrx_word' id='word_1_20' title='bbox 7 669 26 730; x_wconf 69' lang='grc'><strong>4</strong></span> <span class='ocrx_word' id='word_1_21' title='bbox 222 669 360 754; x_wconf 85' lang='lat' dir='ltr'><strong>denique</strong></span> <span class='ocrx_word' id='word_1_22' title='bbox 383 671 477 736; x_wconf 88' lang='lat' dir='ltr'><strong>etiem</strong></span> <span class='ocrx_word' id='word_1_23' title='bbox 499 657 828 754; x_wconf 66' lang='lat' dir='ltr'><strong>exsanguiaGJerpora</strong></span> <span class='ocrx_word' id='word_1_24' title='bbox 853 675 1069 747; x_wconf 86' lang='lat' dir='ltr'><strong>mortuorum,</strong></span> <span class='ocrx_word' id='word_1_25' title='bbox 1095 691 1136 736; x_wconf 87' lang='lat' dir='ltr'><strong>ne</strong></span> <span class='ocrx_word' id='word_1_26' title='bbox 1163 690 1288 742; x_wconf 84' lang='lat' dir='ltr'><strong>maeror</strong></span> <span class='ocrx_word' id='word_1_27' title='bbox 1313 680 1480 754; x_wconf 88' lang='lat' dir='ltr'><strong>parentum</strong></span> <span class='ocrx_word' id='word_1_28' title='bbox 1507 691 1543 735; x_wconf 89' lang='lat' dir='ltr'><strong>ac</strong></span> 
     </span>
     <span class='ocr_line' id='line_1_4' title="bbox 7 759 1544 854; baseline 0 -26"><span class='ocrx_word' id='word_1_29' title='bbox 7 764 27 814; x_wconf 80' lang='grc' dir='ltr'>Ι</span> <span class='ocrx_word' id='word_1_30' title='bbox 219 765 472 850; x_wconf 88' lang='lat' dir='ltr'><strong>propinquorum</strong></span> <span class='ocrx_word' id='word_1_31' title='bbox 500 762 734 847; x_wconf 87' lang='lat' dir='ltr'><strong>magistratibus</strong></span> <span class='ocrx_word' id='word_1_32' title='bbox 761 764 877 828; x_wconf 90' lang='lat' dir='ltr'><strong>nostris</strong></span> <span class='ocrx_word' id='word_1_33' title='bbox 899 766 1046 847; x_wconf 85' lang='lat' dir='ltr'><strong>quaestui</strong></span> <span class='ocrx_word' id='word_1_34' title='bbox 1067 772 1177 850; x_wconf 68' lang='lat' dir='ltr'><strong>posset</strong></span> <span class='ocrx_word' id='word_1_35' title='bbox 1196 759 1278 854; x_wconf 87' lang='lat' dir='ltr'><strong>esse)</strong></span> <span class='ocrx_word' id='word_1_36' title='bbox 1318 765 1412 830; x_wconf 86' lang='lat' dir='ltr'><strong>Hunc</strong></span> <span class='ocrx_word' id='word_1_37' title='bbox 1434 785 1494 849; x_wconf 89' lang='lat' dir='ltr'><strong>ego</strong></span> <span class='ocrx_word' id='word_1_38' title='bbox 1516 764 1544 829; x_wconf 89' lang='lat' dir='ltr'><strong>si</strong></span> 
     </span>
     <span class='ocr_line' id='line_1_5' title="bbox 7 855 1545 942; baseline 0 -20"><span class='ocrx_word' id='word_1_39' title='bbox 7 859 24 908; x_wconf 69' lang='grc' dir='ltr'>Ι</span> <span class='ocrx_word' id='word_1_40' title='bbox 220 867 338 924; x_wconf 89' lang='lat' dir='ltr'><strong>metum</strong></span> <span class='ocrx_word' id='word_1_41' title='bbox 353 859 479 924; x_wconf 74' lang='lat' dir='ltr'><strong>Siciliae</strong></span> <span class='ocrx_word' id='word_1_42' title='bbox 502 860 700 924; x_wconf 74' lang='lat' dir='ltr'><strong>damnatione</strong></span> <span class='ocrx_word' id='word_1_43' title='bbox 722 858 815 923; x_wconf 83' lang='lat' dir='ltr'><strong>istius</strong></span> <span class='ocrx_word' id='word_1_44' title='bbox 836 879 894 942; x_wconf 92' lang='lat' dir='ltr'><strong>per</strong></span> <span class='ocrx_word' id='word_1_45' title='bbox 914 865 1051 922; x_wconf 88' lang='lat' dir='ltr'><strong>vestram</strong></span> <span class='ocrx_word' id='word_1_46' title='bbox 1072 855 1167 923; x_wconf 91' lang='lat' dir='ltr'><strong>fidem</strong></span> <span class='ocrx_word' id='word_1_47' title='bbox 1188 866 1221 922; x_wconf 89' lang='lat' dir='ltr'><strong>et</strong></span> <span class='ocrx_word' id='word_1_48' title='bbox 1241 859 1441 924; x_wconf 87' lang='lat' dir='ltr'><strong>severitatem</strong></span> <span class='ocrx_word' id='word_1_49' title='bbox 1457 858 1545 923; x_wconf 86' lang='lat' dir='ltr'><strong>deie-</strong></span> 
     </span>
     <span class='ocr_line' id='line_1_6' title="bbox 7 948 1581 1037; baseline -0.006 -16"><span class='ocrx_word' id='word_1_50' title='bbox 7 957 24 1021; x_wconf 78' lang='lat' dir='ltr'><strong>i</strong></span> <span class='ocrx_word' id='word_1_51' title='bbox 219 973 311 1027; x_wconf 85' lang='lat' dir='ltr'><strong>cero,</strong></span> <span class='ocrx_word' id='word_1_52' title='bbox 341 953 478 1028; x_wconf 87' lang='lat' dir='ltr'><strong>iudices,</strong></span> <span class='ocrx_word' id='word_1_53' title='bbox 506 953 582 1018; x_wconf 87' lang='lat' dir='ltr'><strong>satie</strong></span> <span class='ocrx_word' id='word_1_54' title='bbox 605 948 710 1016; x_wconf 88' lang='lat' dir='ltr'><strong>officio</strong></span> <span class='ocrx_word' id='word_1_55' title='bbox 733 971 818 1026; x_wconf 91' lang='lat' dir='ltr'><strong>meo,</strong></span> <span class='ocrx_word' id='word_1_56' title='bbox 847 952 923 1018; x_wconf 90' lang='lat' dir='ltr'><strong>satis</strong></span> <span class='ocrx_word' id='word_1_57' title='bbox 944 952 1071 1024; x_wconf 81' lang='lat' dir='ltr'><strong>illorum</strong></span> <span class='ocrx_word' id='word_1_58' title='bbox 1092 952 1263 1029; x_wconf 90' lang='lat' dir='ltr'><strong>voluntati,</strong></span> <span class='ocrx_word' id='word_1_59' title='bbox 1292 952 1348 1037; x_wconf 87' lang='lat' dir='ltr'><strong>qui</strong></span> <span class='ocrx_word' id='word_1_60' title='bbox 1369 973 1389 1020; x_wconf 89' lang='lat' dir='ltr'><strong>a</strong></span> <span class='ocrx_word' id='word_1_61' title='bbox 1409 973 1461 1018; x_wconf 91' lang='lat' dir='ltr'><strong>me</strong></span> <span class='ocrx_word' id='word_1_62' title='bbox 1481 951 1581 1018; x_wconf 86' lang='lat' dir='ltr'><strong>boae</strong></span> 
     </span>
     <span class='ocr_line' id='line_1_7' title="bbox 7 1045 850 1131; baseline -0.004 -18"><span class='ocrx_word' id='word_1_63' title='bbox 7 1051 21 1096; x_wconf 84' lang='lat'><strong>¹</strong></span> <span class='ocrx_word' id='word_1_64' title='bbox 219 1047 414 1131; x_wconf 82' lang='lat' dir='ltr'><strong>petiverunt,</strong></span> <span class='ocrx_word' id='word_1_65' title='bbox 434 1046 552 1112; x_wconf 88' lang='lat' dir='ltr'><strong>factum</strong></span> <span class='ocrx_word' id='word_1_66' title='bbox 575 1065 645 1110; x_wconf 90' lang='lat' dir='ltr'><strong>esse</strong></span> <span class='ocrx_word' id='word_1_67' title='bbox 666 1045 850 1111; x_wconf 88' lang='lat' dir='ltr'><strong>arbitrabor.</strong></span> 
     </span>
    </p>

    <p class='ocr_par' dir='ltr' id='par_1_3' title="bbox 7 1135 1544 1226">
     <span class='ocr_line' id='line_1_8' title="bbox 7 1135 1544 1226; baseline 0 -20"><span class='ocrx_word' id='word_1_68' title='bbox 7 1147 23 1194; x_wconf 79' lang='grc' dir='ltr'>Ι</span> <span class='ocrx_word' id='word_1_69' title='bbox 303 1142 339 1206; x_wconf 89' lang='lat' dir='ltr'><strong>L.</strong></span> <span class='ocrx_word' id='word_1_70' title='bbox 361 1135 433 1204; x_wconf 91' lang='grc'><strong>434.</strong></span> <span class='ocrx_word' id='word_1_71' title='bbox 456 1139 655 1224; x_wconf 77' lang='lat' dir='ltr'>Quapropter</span> <span class='ocrx_word' id='word_1_72' title='bbox 677 1141 820 1223; x_wconf 86' lang='lat' dir='ltr'><strong>siquem</strong></span> <span class='ocrx_word' id='word_1_73' title='bbox 842 1139 924 1204; x_wconf 90' lang='lat' dir='ltr'><strong>forte</strong></span> <span class='ocrx_word' id='word_1_74' title='bbox 944 1141 1121 1218; x_wconf 88' lang='lat' dir='ltr'><strong>inveneris,</strong></span> <span class='ocrx_word' id='word_1_75' title='bbox 1144 1141 1199 1226; x_wconf 85' lang='lat' dir='ltr'><strong>qui</strong></span> <span class='ocrx_word' id='word_1_76' title='bbox 1219 1141 1281 1206; x_wconf 91' lang='lat' dir='ltr'><strong>boc</strong></span> <span class='ocrx_word' id='word_1_77' title='bbox 1298 1141 1411 1206; x_wconf 85' lang='lat' dir='ltr'><strong>navale</strong></span> <span class='ocrx_word' id='word_1_78' title='bbox 1426 1141 1544 1206; x_wconf 80' lang='lat' dir='ltr'><strong>crimen</strong></span> 
     </span>
    </p>

    <p class='ocr_par' dir='ltr' id='par_1_4' title="bbox 7 1231 1544 1321">
     <span class='ocr_line' id='line_1_9' title="bbox 7 1231 1544 1321; baseline 0.001 -22"><span class='ocrx_word' id='word_1_79' title='bbox 7 1244 20 1288; x_wconf 87' lang='grc' dir='ltr'>Ι</span> <span class='ocrx_word' id='word_1_80' title='bbox 219 1241 351 1300; x_wconf 88' lang='lat' dir='ltr'><strong>conetur</strong></span> <span class='ocrx_word' id='word_1_81' title='bbox 372 1232 558 1309; x_wconf 82' lang='lat' dir='ltr'><strong>defendere,</strong></span> <span class='ocrx_word' id='word_1_82' title='bbox 580 1234 607 1296; x_wconf 91' lang='lat' dir='ltr'><strong>is</strong></span> <span class='ocrx_word' id='word_1_83' title='bbox 628 1234 672 1298; x_wconf 90' lang='lat' dir='ltr'><strong>ita</strong></span> <span class='ocrx_word' id='word_1_84' title='bbox 695 1231 859 1297; x_wconf 87' lang='lat' dir='ltr'><strong>defendat:</strong></span> <span class='ocrx_word' id='word_1_85' title='bbox 888 1235 943 1298; x_wconf 88' lang='lat' dir='ltr'><strong>illa</strong></span> <span class='ocrx_word' id='word_1_86' title='bbox 965 1237 1158 1312; x_wconf 89' lang='lat' dir='ltr'><strong>communia,</strong></span> <span class='ocrx_word' id='word_1_87' title='bbox 1182 1256 1264 1321; x_wconf 89' lang='lat' dir='ltr'><strong>quae</strong></span> <span class='ocrx_word' id='word_1_88' title='bbox 1286 1236 1326 1300; x_wconf 93' lang='lat' dir='ltr'><strong>ad</strong></span> <span class='ocrx_word' id='word_1_89' title='bbox 1348 1255 1474 1300; x_wconf 88' lang='lat' dir='ltr'><strong>causam</strong></span> <span class='ocrx_word' id='word_1_90' title='bbox 1495 1238 1544 1300; x_wconf 93' lang='lat' dir='ltr'><strong>ni·</strong></span> 
     </span>
    </p>

    <p class='ocr_par' dir='ltr' id='par_1_5' title="bbox 7 1327 1543 1413">
     <span class='ocr_line' id='line_1_10' title="bbox 7 1327 1543 1413; baseline 0.005 -27"><span class='ocrx_word' id='word_1_91' title='bbox 7 1327 20 1386; x_wconf 89' lang='lat' dir='ltr'><strong>l</strong></span> <span class='ocrx_word' id='word_1_92' title='bbox 217 1329 263 1394; x_wconf 92' lang='lat' dir='ltr'><strong>bil</strong></span> <span class='ocrx_word' id='word_1_93' title='bbox 285 1329 458 1412; x_wconf 82' lang='lat' dir='ltr'><strong>pertinent,</strong></span> <span class='ocrx_word' id='word_1_94' title='bbox 486 1328 729 1411; x_wconf 78' lang='lat' dir='ltr'><strong>praetermittet,</strong></span> <span class='ocrx_word' id='word_1_95' title='bbox 750 1347 801 1390; x_wconf 89' lang='lat' dir='ltr'><strong>me</strong></span> <span class='ocrx_word' id='word_1_96' title='bbox 824 1329 935 1411; x_wconf 89' lang='lat' dir='ltr'><strong>culpae</strong></span> <span class='ocrx_word' id='word_1_97' title='bbox 958 1329 1114 1394; x_wconf 89' lang='lat' dir='ltr'><strong>fortunam</strong></span> <span class='ocrx_word' id='word_1_98' title='bbox 1136 1333 1313 1413; x_wconf 88' lang='lat' dir='ltr'><strong>assignare,</strong></span> <span class='ocrx_word' id='word_1_99' title='bbox 1336 1331 1543 1394; x_wconf 87' lang='lat' dir='ltr'><strong>calamitatem</strong></span> 
     </span>
    </p>

    <p class='ocr_par' dir='ltr' id='par_1_6' title="bbox 7 1421 1580 1578">
     <span class='ocr_line' id='line_1_11' title="bbox 7 1421 1580 1501; baseline 0.004 -19"><span class='ocrx_word' id='word_1_100' title='bbox 7 1421 17 1482; x_wconf 86' lang='lat' dir='ltr'><strong>i</strong></span> <span class='ocrx_word' id='word_1_101' title='bbox 219 1421 341 1488; x_wconf 80' lang='lat' dir='ltr'><strong>crimini</strong></span> <span class='ocrx_word' id='word_1_102' title='bbox 368 1422 460 1498; x_wconf 88' lang='lat' dir='ltr'><strong>darc,</strong></span> <span class='ocrx_word' id='word_1_103' title='bbox 488 1443 539 1486; x_wconf 94' lang='lat' dir='ltr'><strong>me</strong></span> <span class='ocrx_word' id='word_1_104' title='bbox 567 1421 770 1486; x_wconf 88' lang='lat' dir='ltr'><strong>amissionem</strong></span> <span class='ocrx_word' id='word_1_105' title='bbox 791 1421 903 1484; x_wconf 89' lang='lat' dir='ltr'><strong>classis</strong></span> <span class='ocrx_word' id='word_1_106' title='bbox 924 1423 1077 1501; x_wconf 89' lang='lat' dir='ltr'><strong>obiicere,</strong></span> <span class='ocrx_word' id='word_1_107' title='bbox 1106 1445 1179 1488; x_wconf 88' lang='lat' dir='ltr'><strong>cum</strong></span> <span class='ocrx_word' id='word_1_108' title='bbox 1200 1424 1292 1490; x_wconf 89' lang='lat' dir='ltr'><strong>multi</strong></span> <span class='ocrx_word' id='word_1_109' title='bbox 1313 1424 1372 1490; x_wconf 90' lang='lat' dir='ltr'><strong>viri</strong></span> <span class='ocrx_word' id='word_1_110' title='bbox 1392 1424 1488 1490; x_wconf 89' lang='lat' dir='ltr'><strong>fortes</strong></span> <span class='ocrx_word' id='word_1_111' title='bbox 1508 1425 1580 1488; x_wconf 84' lang='lat' dir='ltr'><strong>into</strong></span> 
     </span>
     <span class='ocr_line' id='line_1_12' title="bbox 7 1533 15 1578; baseline 0 0"><span class='ocrx_word' id='word_1_112' title='bbox 7 1533 15 1578; x_wconf 84' lang='lat' dir='ltr'><strong>i</strong></span> 
     </span>
    </p>

    <p class='ocr_par' dir='ltr' id='par_1_7' title="bbox 7 1627 14 1672">
     <span class='ocr_line' id='line_1_13' title="bbox 7 1627 14 1672; baseline 0 0"><span class='ocrx_word' id='word_1_113' title='bbox 7 1627 14 1672; x_wconf 88' lang='lat' dir='ltr'><strong>r</strong></span> 
     </span>
    </p>

    <p class='ocr_par' dir='ltr' id='par_1_8' title="bbox 7 1725 13 1768">
     <span class='ocr_line' id='line_1_14' title="bbox 7 1725 13 1768; baseline 0 0"><span class='ocrx_word' id='word_1_114' title='bbox 7 1725 13 1768; x_wconf 82' lang='lat' dir='ltr'><strong>r</strong></span> 
     </span>
    </p>

    <p class='ocr_par' dir='ltr' id='par_1_9' title="bbox 7 1815 12 1862">
     <span class='ocr_line' id='line_1_15' title="bbox 7 1815 12 1862; baseline 0 0"><span class='ocrx_word' id='word_1_115' title='bbox 7 1815 12 1862; x_wconf 85' lang='lat' dir='ltr'><strong>i</strong></span> 
     </span>
    </p>
   </div>
   <div class='ocr_carea' id='block_1_3' title="bbox 186 1515 1711 2076">
    <p class='ocr_par' dir='ltr' id='par_1_10' title="bbox 186 1515 1711 2076">
     <span class='ocr_line' id='line_1_16' title="bbox 218 1515 1542 1603; baseline 0.004 -23"><span class='ocrx_word' id='word_1_116' title='bbox 218 1516 377 1580; x_wconf 89' lang='lat' dir='ltr'><strong>communi</strong></span> <span class='ocrx_word' id='word_1_117' title='bbox 404 1517 588 1599; x_wconf 85' lang='lat' dir='ltr'><strong>incertoque</strong></span> <span class='ocrx_word' id='word_1_118' title='bbox 621 1515 763 1597; x_wconf 88' lang='lat' dir='ltr'><strong>periculo</strong></span> <span class='ocrx_word' id='word_1_119' title='bbox 792 1515 868 1578; x_wconf 91' lang='lat' dir='ltr'><strong>belii</strong></span> <span class='ocrx_word' id='word_1_120' title='bbox 899 1525 932 1580; x_wconf 93' lang='lat' dir='ltr'><strong>et</strong></span> <span class='ocrx_word' id='word_1_121' title='bbox 958 1525 1041 1584; x_wconf 89' lang='lat' dir='ltr'><strong>terra</strong></span> <span class='ocrx_word' id='word_1_122' title='bbox 1069 1527 1100 1584; x_wconf 88' lang='lat' dir='ltr'><strong>et</strong></span> <span class='ocrx_word' id='word_1_123' title='bbox 1125 1519 1205 1582; x_wconf 87' lang='lat' dir='ltr'><strong>mari</strong></span> <span class='ocrx_word' id='word_1_124' title='bbox 1226 1537 1322 1603; x_wconf 89' lang='lat' dir='ltr'><strong>saepe</strong></span> <span class='ocrx_word' id='word_1_125' title='bbox 1344 1519 1542 1584; x_wconf 80' lang='lat' dir='ltr'><strong>offenderint.</strong></span> 
     </span>
     <span class='ocr_line' id='line_1_17' title="bbox 217 1608 1544 1695; baseline 0.001 -20"><span class='ocrx_word' id='word_1_126' title='bbox 217 1611 344 1676; x_wconf 82' lang='lat' dir='ltr'><strong>Nullam</strong></span> <span class='ocrx_word' id='word_1_127' title='bbox 365 1611 423 1674; x_wconf 91' lang='lat' dir='ltr'><strong>tibi</strong></span> <span class='ocrx_word' id='word_1_128' title='bbox 444 1611 556 1674; x_wconf 90' lang='lat' dir='ltr'><strong>obiicio</strong></span> <span class='ocrx_word' id='word_1_129' title='bbox 576 1609 750 1674; x_wconf 88' lang='lat' dir='ltr'><strong>fortunam:</strong></span> <span class='ocrx_word' id='word_1_130' title='bbox 772 1608 852 1672; x_wconf 90' lang='lat' dir='ltr'><strong>nihil</strong></span> <span class='ocrx_word' id='word_1_131' title='bbox 874 1619 937 1685; x_wconf 88' lang='lat' dir='ltr'><strong>est,</strong></span> <span class='ocrx_word' id='word_1_132' title='bbox 960 1611 1044 1695; x_wconf 88' lang='lat' dir='ltr'><strong>quod</strong></span> <span class='ocrx_word' id='word_1_133' title='bbox 1061 1620 1238 1678; x_wconf 89' lang='lat' dir='ltr'><strong>ceterorum</strong></span> <span class='ocrx_word' id='word_1_134' title='bbox 1261 1634 1316 1690; x_wconf 77' lang='lat' dir='ltr'><strong>ree</strong></span> <span class='ocrx_word' id='word_1_135' title='bbox 1333 1615 1437 1678; x_wconf 89' lang='lat' dir='ltr'><strong>minus</strong></span> <span class='ocrx_word' id='word_1_136' title='bbox 1459 1634 1544 1678; x_wconf 89' lang='lat' dir='ltr'><strong>corn·</strong></span> 
     </span>
     <span class='ocr_line' id='line_1_18' title="bbox 218 1701 1544 1793; baseline 0.001 -25"><span class='ocrx_word' id='word_1_137' title='bbox 218 1705 312 1768; x_wconf 90' lang='lat' dir='ltr'><strong>mode</strong></span> <span class='ocrx_word' id='word_1_138' title='bbox 354 1711 436 1768; x_wconf 86' lang='lat' dir='ltr'><strong>estas</strong></span> <span class='ocrx_word' id='word_1_139' title='bbox 457 1703 617 1788; x_wconf 88' lang='lat' dir='ltr'><strong>pmleras:</strong></span> <span class='ocrx_word' id='word_1_140' title='bbox 639 1701 719 1766; x_wconf 89' lang='lat' dir='ltr'><strong>nibil</strong></span> <span class='ocrx_word' id='word_1_141' title='bbox 741 1709 805 1778; x_wconf 88' lang='lat' dir='ltr'><strong>est,</strong></span> <span class='ocrx_word' id='word_1_142' title='bbox 828 1705 915 1788; x_wconf 88' lang='lat' dir='ltr'><strong>quod</strong></span> <span class='ocrx_word' id='word_1_143' title='bbox 936 1706 1106 1772; x_wconf 91' lang='lat' dir='ltr'><strong>multorum</strong></span> <span class='ocrx_word' id='word_1_144' title='bbox 1128 1708 1292 1793; x_wconf 88' lang='lat' dir='ltr'><strong>naufragia</strong></span> <span class='ocrx_word' id='word_1_145' title='bbox 1311 1710 1457 1774; x_wconf 74' lang='lat' dir='ltr'><strong>fortunae</strong></span> <span class='ocrx_word' id='word_1_146' title='bbox 1478 1706 1544 1771; x_wconf 90' lang='lat' dir='ltr'><strong>ool-</strong></span> 
     </span>
     <span class='ocr_line' id='line_1_19' title="bbox 202 1791 1711 1892; baseline 0.001 -30"><span class='ocrx_word' id='word_1_147' title='bbox 202 1801 307 1881; x_wconf 78' lang='lat' dir='ltr'><strong>.ligas.</strong></span> <span class='ocrx_word' id='word_1_148' title='bbox 364 1799 515 1888; x_wconf 83' lang='lat' dir='ltr'><strong>go)naves</strong></span> <span class='ocrx_word' id='word_1_149' title='bbox 529 1797 640 1860; x_wconf 88' lang='lat' dir='ltr'><strong>inanes</strong></span> <span class='ocrx_word' id='word_1_150' title='bbox 654 1791 855 1881; x_wconf 76' lang='lat' dir='ltr'><strong>fuisse&lt;diao,</strong></span> <span class='ocrx_word' id='word_1_151' title='bbox 876 1801 1011 1882; x_wconf 77' lang='lat' dir='ltr'><strong>remiges</strong></span> <span class='ocrx_word' id='word_1_152' title='bbox 1026 1810 1205 1887; x_wconf 88' lang='lat' dir='ltr'><strong>nautasque</strong></span> <span class='ocrx_word' id='word_1_153' title='bbox 1220 1803 1384 1888; x_wconf 73' lang='lat' dir='ltr'><strong>dimissos)</strong></span> <span class='ocrx_word' id='word_1_154' title='bbox 1402 1799 1543 1883; x_wconf 90' lang='lat' dir='ltr'><strong>reliquos</strong></span> <span class='ocrx_word' id='word_1_155' title='bbox 1615 1803 1711 1892; x_wconf 44' lang='lat' dir='ltr'><strong>‚Ab</strong></span> 
     </span>
     <span class='ocr_line' id='line_1_20' title="bbox 219 1891 1580 1980; baseline 0 -21"><span class='ocrx_word' id='word_1_156' title='bbox 219 1894 367 1978; x_wconf 75' lang='lat' dir='ltr'><strong>stirpibus</strong></span> <span class='ocrx_word' id='word_1_157' title='bbox 399 1891 516 1957; x_wconf 79' lang='lat' dir='ltr'><strong>vixisse</strong></span> <span class='ocrx_word' id='word_1_158' title='bbox 548 1891 738 1976; x_wconf 88' lang='lat' dir='ltr'><strong>palmarum,</strong></span> <span class='ocrx_word' id='word_1_159' title='bbox 769 1891 943 1975; x_wconf 78' lang='lat' dir='ltr'><strong>praefuisse</strong></span> <span class='ocrx_word' id='word_1_160' title='bbox 976 1893 1070 1960; x_wconf 86' lang='lat' dir='ltr'><strong>classi</strong></span> <span class='ocrx_word' id='word_1_161' title='bbox 1097 1897 1209 1980; x_wconf 89' lang='lat' dir='ltr'><strong>populi</strong></span> <span class='ocrx_word' id='word_1_162' title='bbox 1237 1897 1371 1962; x_wconf 87' lang='lat' dir='ltr'><strong>Romani</strong></span> <span class='ocrx_word' id='word_1_163' title='bbox 1392 1895 1580 1972; x_wconf 63' lang='lat' dir='ltr'><strong>Siculone</strong></span> 
     </span>
     <span class='ocr_line' id='line_1_21' title="bbox 186 1985 1544 2076; baseline 0.002 -23"><span class='ocrx_word' id='word_1_164' title='bbox 186 2053 189 2060; x_wconf 82' lang='grc'><strong>,</strong></span> <span class='ocrx_word' id='word_1_165' title='bbox 218 1987 371 2075; x_wconf 84' lang='lat' dir='ltr'><strong>perpetud</strong></span> <span class='ocrx_word' id='word_1_166' title='bbox 393 1986 486 2050; x_wconf 89' lang='lat' dir='ltr'><strong>sociis</strong></span> <span class='ocrx_word' id='word_1_167' title='bbox 509 1992 605 2071; x_wconf 84' lang='lat' dir='ltr'><strong>atque</strong></span> <span class='ocrx_word' id='word_1_168' title='bbox 626 1985 734 2050; x_wconf 89' lang='lat' dir='ltr'><strong>amicis</strong></span> <span class='ocrx_word' id='word_1_169' title='bbox 749 1987 996 2070; x_wconf 80' lang='lat' dir='ltr'><strong>Syracusanum:</strong></span> <span class='ocrx_word' id='word_1_170' title='bbox 1018 1996 1050 2053; x_wconf 91' lang='lat' dir='ltr'><strong>te</strong></span> <span class='ocrx_word' id='word_1_171' title='bbox 1070 1988 1127 2054; x_wconf 91' lang='lat' dir='ltr'><strong>illo</strong></span> <span class='ocrx_word' id='word_1_172' title='bbox 1150 1997 1291 2075; x_wconf 87' lang='lat' dir='ltr'><strong>tempore</strong></span> <span class='ocrx_word' id='word_1_173' title='bbox 1313 1993 1384 2076; x_wconf 91' lang='lat' dir='ltr'><strong>ipso</strong></span> <span class='ocrx_word' id='word_1_174' title='bbox 1403 1991 1544 2076; x_wconf 86' lang='lat' dir='ltr'><strong>superio·</strong></span> 
     </span>
    </p>
   </div>
   <div class='ocr_carea' id='block_1_4' title="bbox 213 2245 1544 3078">
    <p class='ocr_par' dir='ltr' id='par_1_11' title="bbox 213 2245 1544 3078">
     <span class='ocr_line' id='line_1_22' title="bbox 282 2245 1543 2320; baseline 0.001 -18"><span class='ocrx_word' id='word_1_175' title='bbox 282 2251 307 2302; x_wconf 77' lang='lat' dir='ltr'><strong>i.</strong></span> <span class='ocrx_word' id='word_1_176' title='bbox 326 2247 454 2316; x_wconf 77' lang='lat' dir='ltr'><strong>ecanputa</strong></span> <span class='ocrx_word' id='word_1_177' title='bbox 469 2247 507 2308; x_wconf 85' lang='lat' dir='ltr'><strong>V;</strong></span> <span class='ocrx_word' id='word_1_178' title='bbox 526 2247 691 2312; x_wconf 72' lang='grc'><strong>4444444444</strong></span> <span class='ocrx_word' id='word_1_179' title='bbox 707 2245 764 2298; x_wconf 90' lang='lat' dir='ltr'><strong>reli.</strong></span> <span class='ocrx_word' id='word_1_180' title='bbox 784 2247 812 2298; x_wconf 92' lang='lat'><strong>0.</strong></span> <span class='ocrx_word' id='word_1_181' title='bbox 833 2276 861 2286; x_wconf 86' lang='lat'><em>-</em></span> <span class='ocrx_word' id='word_1_182' title='bbox 881 2261 966 2299; x_wconf 87' lang='lat' dir='ltr'><strong>meror</strong></span> <span class='ocrx_word' id='word_1_183' title='bbox 981 2247 1013 2311; x_wconf 90' lang='lat' dir='ltr'><strong>V,</strong></span> <span class='ocrx_word' id='word_1_184' title='bbox 1033 2263 1101 2302; x_wconf 89' lang='lat' dir='ltr'><strong>corr.</strong></span> <span class='ocrx_word' id='word_1_185' title='bbox 1121 2266 1153 2303; x_wconf 88' lang='lat' dir='ltr'><strong>ex</strong></span> <span class='ocrx_word' id='word_1_186' title='bbox 1169 2266 1264 2304; x_wconf 76' lang='lat' dir='ltr'><strong>menas</strong></span> <span class='ocrx_word' id='word_1_187' title='bbox 1282 2254 1352 2318; x_wconf 66' lang='lat' dir='ltr'><strong>(Bri.</strong></span> <span class='ocrx_word' id='word_1_188' title='bbox 1373 2281 1400 2290; x_wconf 89' lang='lat'>-</span> <span class='ocrx_word' id='word_1_189' title='bbox 1419 2253 1443 2306; x_wconf 84' lang='grc'><strong>3.</strong></span> <span class='ocrx_word' id='word_1_190' title='bbox 1463 2269 1543 2320; x_wconf 81' lang='lat' dir='ltr'><strong>puce-</strong></span> 
     </span>
     <span class='ocr_line' id='line_1_23' title="bbox 217 2321 1541 2395; baseline 0.002 -16"><span class='ocrx_word' id='word_1_191' title='bbox 217 2325 275 2392; x_wconf 81' lang='lat' dir='ltr'><strong>rtai]</strong></span> <span class='ocrx_word' id='word_1_192' title='bbox 292 2325 377 2390; x_wconf 80' lang='lat' dir='ltr'><strong>postet</strong></span> <span class='ocrx_word' id='word_1_193' title='bbox 393 2325 422 2374; x_wconf 85' lang='lat' dir='ltr'><strong>li.</strong></span> <span class='ocrx_word' id='word_1_194' title='bbox 437 2350 464 2360; x_wconf 93' lang='lat'><em>-</em></span> <span class='ocrx_word' id='word_1_195' title='bbox 483 2321 507 2373; x_wconf 85' lang='grc'><strong>4.</strong></span> <span class='ocrx_word' id='word_1_196' title='bbox 526 2327 550 2373; x_wconf 90' lang='grc'><strong>44</strong></span> <span class='ocrx_word' id='word_1_197' title='bbox 564 2323 694 2373; x_wconf 84' lang='lat' dir='ltr'><strong>veritatem</strong></span> <span class='ocrx_word' id='word_1_198' title='bbox 710 2321 745 2382; x_wconf 87' lang='lat' dir='ltr'><strong>V;</strong></span> <span class='ocrx_word' id='word_1_199' title='bbox 765 2328 788 2374; x_wconf 89' lang='lat' dir='ltr'><strong>et</strong></span> <span class='ocrx_word' id='word_1_200' title='bbox 804 2325 920 2375; x_wconf 84' lang='lat' dir='ltr'><strong>virtatem</strong></span> <span class='ocrx_word' id='word_1_201' title='bbox 932 2324 995 2376; x_wconf 89' lang='grc'><strong>4444.</strong></span> <span class='ocrx_word' id='word_1_202' title='bbox 1015 2326 1048 2377; x_wconf 86' lang='grc'><strong>44.</strong></span> <span class='ocrx_word' id='word_1_203' title='bbox 1063 2327 1096 2378; x_wconf 88' lang='grc'><strong>44</strong></span> <span class='ocrx_word' id='word_1_204' title='bbox 1113 2328 1156 2378; x_wconf 90' lang='lat' dir='ltr'><strong>lV.</strong></span> <span class='ocrx_word' id='word_1_205' title='bbox 1170 2328 1194 2393; x_wconf 71' lang='lat' dir='ltr'><strong>S.</strong></span> <span class='ocrx_word' id='word_1_206' title='bbox 1209 2330 1220 2379; x_wconf 90' lang='grc'><strong>4</strong></span> <span class='ocrx_word' id='word_1_207' title='bbox 1226 2329 1265 2379; x_wconf 85' lang='grc'><strong>43.</strong></span> <span class='ocrx_word' id='word_1_208' title='bbox 1285 2327 1344 2380; x_wconf 90' lang='lat' dir='ltr'><strong>coll.</strong></span> <span class='ocrx_word' id='word_1_209' title='bbox 1362 2329 1427 2380; x_wconf 84' lang='lat' dir='ltr'><strong>inira</strong></span> <span class='ocrx_word' id='word_1_210' title='bbox 1446 2329 1470 2395; x_wconf 68' lang='lat' dir='ltr'><strong>g.</strong></span> <span class='ocrx_word' id='word_1_211' title='bbox 1485 2331 1541 2382; x_wconf 79' lang='lat' dir='ltr'><strong>tii.</strong></span> 
     </span>
     <span class='ocr_line' id='line_1_24' title="bbox 218 2396 1542 2470; baseline 0.002 -15"><span class='ocrx_word' id='word_1_212' title='bbox 218 2402 333 2468; x_wconf 73' lang='grc'><strong>[4444444</strong></span> <span class='ocrx_word' id='word_1_213' title='bbox 351 2399 429 2464; x_wconf 85' lang='lat' dir='ltr'><strong>igitur</strong></span> <span class='ocrx_word' id='word_1_214' title='bbox 444 2398 526 2450; x_wconf 84' lang='lat' dir='ltr'><strong>listas</strong></span> <span class='ocrx_word' id='word_1_215' title='bbox 543 2399 569 2447; x_wconf 93' lang='lat' dir='ltr'><strong>in</strong></span> <span class='ocrx_word' id='word_1_216' title='bbox 586 2396 671 2448; x_wconf 86' lang='lat' dir='ltr'><strong>Praei.</strong></span> <span class='ocrx_word' id='word_1_217' title='bbox 689 2409 716 2462; x_wconf 91' lang='lat' dir='ltr'><strong>p.</strong></span> <span class='ocrx_word' id='word_1_218' title='bbox 729 2398 782 2448; x_wconf 86' lang='lat' dir='ltr'><strong>xv.</strong></span> <span class='ocrx_word' id='word_1_219' title='bbox 796 2401 957 2462; x_wconf 84' lang='lat' dir='ltr'><strong>conquestus</strong></span> <span class='ocrx_word' id='word_1_220' title='bbox 975 2402 1046 2463; x_wconf 88' lang='lat' dir='ltr'><strong>erat,</strong></span> <span class='ocrx_word' id='word_1_221' title='bbox 1065 2402 1095 2452; x_wconf 89' lang='lat' dir='ltr'><strong>ui</strong></span> <span class='ocrx_word' id='word_1_222' title='bbox 1110 2399 1167 2454; x_wconf 90' lang='lat' dir='ltr'><strong>aliis</strong></span> <span class='ocrx_word' id='word_1_223' title='bbox 1184 2401 1248 2455; x_wconf 89' lang='lat' dir='ltr'><strong>iocis</strong></span> <span class='ocrx_word' id='word_1_224' title='bbox 1264 2405 1304 2456; x_wconf 90' lang='lat' dir='ltr'><strong>sic</strong></span> <span class='ocrx_word' id='word_1_225' title='bbox 1320 2404 1371 2455; x_wconf 87' lang='lat' dir='ltr'><strong>hcc</strong></span> <span class='ocrx_word' id='word_1_226' title='bbox 1389 2417 1496 2470; x_wconf 76' lang='lat' dir='ltr'><strong>quonam</strong></span> <span class='ocrx_word' id='word_1_227' title='bbox 1509 2406 1542 2458; x_wconf 90' lang='lat' dir='ltr'><strong>eb</strong></span> 
     </span>
     <span class='ocr_line' id='line_1_25' title="bbox 216 2471 1544 2544; baseline 0.001 -13"><span class='ocrx_word' id='word_1_228' title='bbox 216 2478 327 2532; x_wconf 84' lang='grc'><strong>44444444</strong></span> <span class='ocrx_word' id='word_1_229' title='bbox 344 2475 441 2527; x_wconf 88' lang='lat' dir='ltr'><strong>criticis</strong></span> <span class='ocrx_word' id='word_1_230' title='bbox 456 2485 536 2524; x_wconf 85' lang='lat' dir='ltr'><strong>verse</strong></span> <span class='ocrx_word' id='word_1_231' title='bbox 553 2471 658 2524; x_wconf 90' lang='lat' dir='ltr'><strong>lectioni</strong></span> <span class='ocrx_word' id='word_1_232' title='bbox 672 2473 805 2524; x_wconf 76' lang='grc'><strong>4444444444</strong></span> <span class='ocrx_word' id='word_1_233' title='bbox 821 2472 981 2526; x_wconf 90' lang='lat' dir='ltr'><strong>vocabulum</strong></span> <span class='ocrx_word' id='word_1_234' title='bbox 996 2477 1151 2528; x_wconf 76' lang='grc'><strong>4444444444</strong></span> <span class='ocrx_word' id='word_1_235' title='bbox 1167 2477 1308 2530; x_wconf 85' lang='lat' dir='ltr'><strong>obtrusum</strong></span> <span class='ocrx_word' id='word_1_236' title='bbox 1320 2491 1393 2544; x_wconf 88' lang='lat' dir='ltr'><strong>esse,</strong></span> <span class='ocrx_word' id='word_1_237' title='bbox 1412 2480 1487 2531; x_wconf 87' lang='lat' dir='ltr'><strong>cuius</strong></span> <span class='ocrx_word' id='word_1_238' title='bbox 1498 2480 1544 2532; x_wconf 89' lang='lat' dir='ltr'><strong>fai·</strong></span> 
     </span>
     <span class='ocr_line' id='line_1_26' title="bbox 215 2546 1542 2623; baseline 0 -17"><span class='ocrx_word' id='word_1_239' title='bbox 215 2554 279 2606; x_wconf 86' lang='lat' dir='ltr'><strong>sitas</strong></span> <span class='ocrx_word' id='word_1_240' title='bbox 296 2552 324 2602; x_wconf 91' lang='lat' dir='ltr'><strong>b.</strong></span> <span class='ocrx_word' id='word_1_241' title='bbox 341 2549 359 2602; x_wconf 90' lang='lat' dir='ltr'><strong>i.</strong></span> <span class='ocrx_word' id='word_1_242' title='bbox 378 2551 435 2615; x_wconf 90' lang='lat' dir='ltr'><strong>ipsa</strong></span> <span class='ocrx_word' id='word_1_243' title='bbox 451 2546 565 2599; x_wconf 88' lang='lat' dir='ltr'><strong>lectione</strong></span> <span class='ocrx_word' id='word_1_244' title='bbox 583 2547 707 2600; x_wconf 89' lang='lat' dir='ltr'><strong>codicum</strong></span> <span class='ocrx_word' id='word_1_245' title='bbox 723 2548 789 2599; x_wconf 89' lang='lat' dir='ltr'><strong>dett.</strong></span> <span class='ocrx_word' id='word_1_246' title='bbox 806 2547 982 2612; x_wconf 78' lang='lat' dir='ltr'><strong>redarguitur.</strong></span> <span class='ocrx_word' id='word_1_247' title='bbox 1010 2549 1050 2600; x_wconf 87' lang='lat' dir='ltr'><strong>ci.</strong></span> <span class='ocrx_word' id='word_1_248' title='bbox 1068 2551 1099 2601; x_wconf 90' lang='lat' dir='ltr'><strong>V.</strong></span> <span class='ocrx_word' id='word_1_249' title='bbox 1117 2550 1142 2615; x_wconf 70' lang='lat'><strong>5.</strong></span> <span class='ocrx_word' id='word_1_250' title='bbox 1161 2552 1219 2604; x_wconf 90' lang='grc'><strong>488.</strong></span> <span class='ocrx_word' id='word_1_251' title='bbox 1237 2553 1330 2619; x_wconf 69' lang='lat' dir='ltr'><strong>Herm]</strong></span> <span class='ocrx_word' id='word_1_252' title='bbox 1349 2579 1376 2590; x_wconf 96' lang='lat'>-</span> <span class='ocrx_word' id='word_1_253' title='bbox 1396 2553 1420 2604; x_wconf 84' lang='grc'><strong>6.</strong></span> <span class='ocrx_word' id='word_1_254' title='bbox 1437 2555 1542 2623; x_wconf 62' lang='lat' dir='ltr'><strong>{aalma}</strong></span> 
     </span>
     <span class='ocr_line' id='line_1_27' title="bbox 214 2622 1540 2693; baseline 0.002 -14"><span class='ocrx_word' id='word_1_255' title='bbox 214 2627 370 2692; x_wconf 69' lang='grc'><strong>4444444444</strong></span> <span class='ocrx_word' id='word_1_256' title='bbox 385 2625 417 2674; x_wconf 93' lang='lat' dir='ltr'><strong>V.</strong></span> <span class='ocrx_word' id='word_1_257' title='bbox 438 2651 465 2661; x_wconf 98' lang='lat'>-</span> <span class='ocrx_word' id='word_1_258' title='bbox 484 2623 508 2673; x_wconf 82' lang='grc'><strong>7.</strong></span> <span class='ocrx_word' id='word_1_259' title='bbox 526 2622 548 2671; x_wconf 84' lang='lat' dir='ltr'><strong>si</strong></span> <span class='ocrx_word' id='word_1_260' title='bbox 565 2622 646 2688; x_wconf 79' lang='lat' dir='ltr'><strong>paam]</strong></span> <span class='ocrx_word' id='word_1_261' title='bbox 663 2622 710 2685; x_wconf 81' lang='lat' dir='ltr'><strong>sip.</strong></span> <span class='ocrx_word' id='word_1_262' title='bbox 723 2623 754 2674; x_wconf 87' lang='lat' dir='ltr'><strong>V.</strong></span> <span class='ocrx_word' id='word_1_263' title='bbox 769 2650 796 2659; x_wconf 93' lang='lat'><em>-</em></span> <span class='ocrx_word' id='word_1_264' title='bbox 814 2624 878 2689; x_wconf 77' lang='lat' dir='ltr'><strong>forte</strong></span> <span class='ocrx_word' id='word_1_265' title='bbox 895 2636 949 2674; x_wconf 92' lang='lat' dir='ltr'><strong>om.</strong></span> <span class='ocrx_word' id='word_1_266' title='bbox 968 2623 1046 2687; x_wconf 77' lang='lat' dir='ltr'><strong>agea.</strong></span> <span class='ocrx_word' id='word_1_267' title='bbox 1061 2652 1088 2662; x_wconf 93' lang='lat'><em>-</em></span> <span class='ocrx_word' id='word_1_268' title='bbox 1108 2625 1132 2676; x_wconf 92' lang='grc'><strong>8.</strong></span> <span class='ocrx_word' id='word_1_269' title='bbox 1150 2627 1172 2675; x_wconf 81' lang='lat' dir='ltr'><strong>is</strong></span> <span class='ocrx_word' id='word_1_270' title='bbox 1188 2627 1225 2677; x_wconf 87' lang='lat' dir='ltr'><strong>ita</strong></span> <span class='ocrx_word' id='word_1_271' title='bbox 1242 2627 1291 2690; x_wconf 83' lang='grc'><strong>443,</strong></span> <span class='ocrx_word' id='word_1_272' title='bbox 1309 2629 1341 2693; x_wconf 88' lang='lat' dir='ltr'><strong>V,</strong></span> <span class='ocrx_word' id='word_1_273' title='bbox 1360 2629 1418 2680; x_wconf 91' lang='lat' dir='ltr'><strong>cod.</strong></span> <span class='ocrx_word' id='word_1_274' title='bbox 1432 2632 1540 2682; x_wconf 78' lang='lat' dir='ltr'><strong>Mureti:</strong></span> 
     </span>
     <span class='ocr_line' id='line_1_28' title="bbox 214 2695 1542 2767; baseline 0.002 -12"><span class='ocrx_word' id='word_1_275' title='bbox 214 2705 263 2756; x_wconf 82' lang='lat' dir='ltr'><strong>ista</strong></span> <span class='ocrx_word' id='word_1_276' title='bbox 279 2702 344 2752; x_wconf 87' lang='lat' dir='ltr'><strong>deit.</strong></span> <span class='ocrx_word' id='word_1_277' title='bbox 369 2699 410 2750; x_wconf 87' lang='lat' dir='ltr'><strong>lta</strong></span> <span class='ocrx_word' id='word_1_278' title='bbox 425 2698 451 2749; x_wconf 91' lang='lat' dir='ltr'><strong>h.</strong></span> <span class='ocrx_word' id='word_1_279' title='bbox 465 2695 482 2747; x_wconf 93' lang='grc'><strong>1.</strong></span> <span class='ocrx_word' id='word_1_280' title='bbox 501 2696 616 2748; x_wconf 85' lang='lat' dir='ltr'><strong>retertur</strong></span> <span class='ocrx_word' id='word_1_281' title='bbox 632 2697 667 2748; x_wconf 89' lang='lat' dir='ltr'><strong>ad</strong></span> <span class='ocrx_word' id='word_1_282' title='bbox 684 2711 727 2758; x_wconf 91' lang='lat' dir='ltr'><strong>ea,</strong></span> <span class='ocrx_word' id='word_1_283' title='bbox 751 2711 818 2763; x_wconf 89' lang='lat' dir='ltr'><strong>quae</strong></span> <span class='ocrx_word' id='word_1_284' title='bbox 836 2699 902 2750; x_wconf 85' lang='lat' dir='ltr'><strong>inira</strong></span> <span class='ocrx_word' id='word_1_285' title='bbox 919 2701 1068 2764; x_wconf 81' lang='lat' dir='ltr'><strong>sequuntur</strong></span> <span class='ocrx_word' id='word_1_286' title='bbox 1084 2699 1145 2751; x_wconf 91' lang='lat' dir='ltr'><strong>inde</strong></span> <span class='ocrx_word' id='word_1_287' title='bbox 1163 2715 1178 2752; x_wconf 92' lang='lat' dir='ltr'><strong>a</strong></span> <span class='ocrx_word' id='word_1_288' title='bbox 1196 2701 1211 2766; x_wconf 72' lang='lat'>5</span> <span class='ocrx_word' id='word_1_289' title='bbox 1234 2702 1306 2764; x_wconf 82' lang='lat' dir='ltr'><strong>tae.;</strong></span> <span class='ocrx_word' id='word_1_290' title='bbox 1325 2717 1394 2767; x_wconf 88' lang='lat' dir='ltr'><strong>quae</strong></span> <span class='ocrx_word' id='word_1_291' title='bbox 1410 2706 1437 2755; x_wconf 92' lang='lat' dir='ltr'><strong>in</strong></span> <span class='ocrx_word' id='word_1_292' title='bbox 1453 2707 1542 2758; x_wconf 89' lang='lat' dir='ltr'><strong>medio</strong></span> 
     </span>
     <span class='ocr_line' id='line_1_29' title="bbox 213 2771 1543 2847; baseline 0.002 -17"><span class='ocrx_word' id='word_1_293' title='bbox 213 2780 299 2847; x_wconf 88' lang='lat' dir='ltr'><strong>posita</strong></span> <span class='ocrx_word' id='word_1_294' title='bbox 316 2777 391 2836; x_wconf 88' lang='lat' dir='ltr'><strong>sunt,</strong></span> <span class='ocrx_word' id='word_1_295' title='bbox 410 2773 445 2824; x_wconf 89' lang='lat' dir='ltr'><strong>sd</strong></span> <span class='ocrx_word' id='word_1_296' title='bbox 462 2773 629 2823; x_wconf 80' lang='lat' dir='ltr'><strong>«communie</strong></span> <span class='ocrx_word' id='word_1_297' title='bbox 645 2771 699 2834; x_wconf 91' lang='grc'><strong>4444,</strong></span> <span class='ocrx_word' id='word_1_298' title='bbox 719 2785 788 2837; x_wconf 89' lang='lat' dir='ltr'><strong>quae</strong></span> <span class='ocrx_word' id='word_1_299' title='bbox 806 2772 840 2824; x_wconf 96' lang='grc'><strong>44</strong></span> <span class='ocrx_word' id='word_1_300' title='bbox 853 2786 962 2826; x_wconf 90' lang='lat' dir='ltr'><strong>cansam</strong></span> <span class='ocrx_word' id='word_1_301' title='bbox 979 2773 1041 2826; x_wconf 83' lang='lat' dir='ltr'><strong>nihil</strong></span> <span class='ocrx_word' id='word_1_302' title='bbox 1059 2777 1206 2840; x_wconf 75' lang='lat' dir='ltr'><strong>pertinent»</strong></span> <span class='ocrx_word' id='word_1_303' title='bbox 1218 2776 1362 2830; x_wconf 88' lang='lat' dir='ltr'><strong>refellenda</strong></span> <span class='ocrx_word' id='word_1_304' title='bbox 1374 2781 1450 2844; x_wconf 87' lang='lat' dir='ltr'><strong>quasi</strong></span> <span class='ocrx_word' id='word_1_305' title='bbox 1461 2795 1543 2846; x_wconf 90' lang='lat' dir='ltr'><strong>prae·</strong></span> 
     </span>
     <span class='ocr_line' id='line_1_30' title="bbox 214 2846 1543 2926; baseline 0.002 -19"><span class='ocrx_word' id='word_1_306' title='bbox 214 2855 313 2908; x_wconf 88' lang='lat' dir='ltr'><strong>teriens</strong></span> <span class='ocrx_word' id='word_1_307' title='bbox 329 2849 435 2904; x_wconf 87' lang='lat' dir='ltr'><strong>subiicit</strong></span> <span class='ocrx_word' id='word_1_308' title='bbox 451 2846 557 2899; x_wconf 84' lang='lat' dir='ltr'><strong>Tullius.</strong></span> <span class='ocrx_word' id='word_1_309' title='bbox 586 2847 662 2909; x_wconf 84' lang='lat' dir='ltr'><strong>Quod</strong></span> <span class='ocrx_word' id='word_1_310' title='bbox 679 2849 725 2912; x_wconf 86' lang='lat' dir='ltr'><strong>qui</strong></span> <span class='ocrx_word' id='word_1_311' title='bbox 742 2862 794 2899; x_wconf 91' lang='lat' dir='ltr'><strong>non</strong></span> <span class='ocrx_word' id='word_1_312' title='bbox 811 2848 1000 2913; x_wconf 77' lang='lat' dir='ltr'><strong>intelligerent,</strong></span> <span class='ocrx_word' id='word_1_313' title='bbox 1028 2854 1073 2902; x_wconf 86' lang='lat' dir='ltr'><strong>eut</strong></span> <span class='ocrx_word' id='word_1_314' title='bbox 1089 2851 1239 2926; x_wconf 68' lang='lat' dir='ltr'><strong>captiuam</strong></span> <span class='ocrx_word' id='word_1_315' title='bbox 1255 2856 1295 2906; x_wconf 87' lang='grc'><strong>444</strong></span> <span class='ocrx_word' id='word_1_316' title='bbox 1310 2858 1437 2920; x_wconf 86' lang='lat' dir='ltr'><strong>putarunt</strong></span> <span class='ocrx_word' id='word_1_317' title='bbox 1452 2859 1499 2910; x_wconf 87' lang='lat' dir='ltr'><strong>aut</strong></span> <span class='ocrx_word' id='word_1_318' title='bbox 1514 2863 1543 2909; x_wconf 85' lang='lat' dir='ltr'><strong>at</strong></span> 
     </span>
     <span class='ocr_line' id='line_1_31' title="bbox 213 2923 1544 2998; baseline -0.001 -17"><span class='ocrx_word' id='word_1_319' title='bbox 213 2931 259 2982; x_wconf 89' lang='lat' dir='ltr'><strong>itta</strong></span> <span class='ocrx_word' id='word_1_320' title='bbox 276 2928 318 2994; x_wconf 78' lang='lat' dir='ltr'><strong>ide</strong></span> <span class='ocrx_word' id='word_1_321' title='bbox 336 2927 396 2977; x_wconf 88' lang='lat' dir='ltr'><strong>liet.</strong></span> <span class='ocrx_word' id='word_1_322' title='bbox 416 2925 484 2976; x_wconf 88' lang='lat' dir='ltr'><strong>coni.</strong></span> <span class='ocrx_word' id='word_1_323' title='bbox 503 2923 618 2986; x_wconf 88' lang='lat' dir='ltr'><strong>Schiitz.)</strong></span> <span class='ocrx_word' id='word_1_324' title='bbox 637 2924 809 2988; x_wconf 87' lang='lat' dir='ltr'><strong>scripserunt.</strong></span> <span class='ocrx_word' id='word_1_325' title='bbox 830 2949 857 2961; x_wconf 92' lang='grc'><strong>-</strong></span> <span class='ocrx_word' id='word_1_326' title='bbox 877 2925 901 2974; x_wconf 90' lang='grc'><strong>9.</strong></span> <span class='ocrx_word' id='word_1_327' title='bbox 918 2927 1025 2989; x_wconf 84' lang='lat' dir='ltr'><strong>pertinet</strong></span> <span class='ocrx_word' id='word_1_328' title='bbox 1037 2931 1241 2990; x_wconf 80' lang='lat' dir='ltr'><strong>praetermittam</strong></span> <span class='ocrx_word' id='word_1_329' title='bbox 1257 2931 1289 2981; x_wconf 90' lang='lat' dir='ltr'><strong>V.</strong></span> <span class='ocrx_word' id='word_1_330' title='bbox 1310 2958 1338 2967; x_wconf 96' lang='lat'>-</span> <span class='ocrx_word' id='word_1_331' title='bbox 1356 2933 1445 2996; x_wconf 79' lang='lat' dir='ltr'><strong>culpae</strong></span> <span class='ocrx_word' id='word_1_332' title='bbox 1459 2934 1544 2998; x_wconf 66' lang='grc'><strong>[4444.</strong></span> 
     </span>
     <span class='ocr_line' id='line_1_32' title="bbox 213 2997 1542 3078; baseline -0.002 -20"><span class='ocrx_word' id='word_1_333' title='bbox 213 3019 274 3058; x_wconf 86' lang='lat' dir='ltr'><strong>nam</strong></span> <span class='ocrx_word' id='word_1_334' title='bbox 285 3004 307 3053; x_wconf 88' lang='lat' dir='ltr'>V</span> <span class='ocrx_word' id='word_1_335' title='bbox 319 3000 391 3068; x_wconf 75' lang='grc'><strong>(84.4,</strong></span> <span class='ocrx_word' id='word_1_336' title='bbox 407 3001 437 3049; x_wconf 83' lang='grc'><strong>44</strong></span> <span class='ocrx_word' id='word_1_337' title='bbox 454 2997 558 3050; x_wconf 89' lang='lat' dir='ltr'><strong>Ernesti</strong></span> <span class='ocrx_word' id='word_1_338' title='bbox 575 2999 700 3049; x_wconf 86' lang='lat' dir='ltr'><strong>coniecit:</strong></span> <span class='ocrx_word' id='word_1_339' title='bbox 719 2999 952 3078; x_wconf 61' lang='lat' dir='ltr'><strong>culpam-soriaaae</strong></span> <span class='ocrx_word' id='word_1_340' title='bbox 969 3004 1030 3052; x_wconf 89' lang='lat' dir='ltr'><strong>cett.</strong></span> <span class='ocrx_word' id='word_1_341' title='bbox 1045 3003 1078 3064; x_wconf 79' lang='lat'><strong>03</strong></span> <span class='ocrx_word' id='word_1_342' title='bbox 1096 3005 1124 3055; x_wconf 92' lang='lat' dir='ltr'><strong>in</strong></span> <span class='ocrx_word' id='word_1_343' title='bbox 1140 3003 1157 3054; x_wconf 84' lang='grc'><strong>4</strong></span> <span class='ocrx_word' id='word_1_344' title='bbox 1173 3005 1216 3055; x_wconf 84' lang='lat' dir='ltr'><strong>tibi</strong></span> <span class='ocrx_word' id='word_1_345' title='bbox 1232 3005 1334 3068; x_wconf 87' lang='lat' dir='ltr'><strong>culpam</strong></span> <span class='ocrx_word' id='word_1_346' title='bbox 1347 3005 1465 3071; x_wconf 73' lang='grc'><strong>44444444</strong></span> <span class='ocrx_word' id='word_1_347' title='bbox 1482 3021 1542 3062; x_wconf 80' lang='lat' dir='ltr'><strong>esse</strong></span> 
     </span>
    </p>
   </div>
   <div class='ocr_carea' id='block_1_5' title="bbox 209 3083 1544 5192">
    <p class='ocr_par' dir='ltr' id='par_1_12' title="bbox 209 3083 1544 5192">
     <span class='ocr_line' id='line_1_33' title="bbox 213 3083 1542 3154; baseline 0.002 -12"><span class='ocrx_word' id='word_1_348' title='bbox 213 3090 332 3144; x_wconf 85' lang='lat' dir='ltr'><strong>traditur.</strong></span> <span class='ocrx_word' id='word_1_349' title='bbox 357 3110 385 3121; x_wconf 97' lang='lat'>-</span> <span class='ocrx_word' id='word_1_350' title='bbox 412 3085 547 3148; x_wconf 76' lang='lat' dir='ltr'><strong>adnpnme</strong></span> <span class='ocrx_word' id='word_1_351' title='bbox 563 3083 623 3133; x_wconf 80' lang='lat' dir='ltr'><strong>RV.</strong></span> <span class='ocrx_word' id='word_1_352' title='bbox 650 3109 678 3118; x_wconf 96' lang='lat'><em>-</em></span> <span class='ocrx_word' id='word_1_353' title='bbox 706 3083 746 3134; x_wconf 84' lang='lat' dir='ltr'><strong>to.</strong></span> <span class='ocrx_word' id='word_1_354' title='bbox 766 3084 855 3146; x_wconf 84' lang='lat' dir='ltr'><strong>darae,</strong></span> <span class='ocrx_word' id='word_1_355' title='bbox 880 3085 896 3134; x_wconf 92' lang='lat' dir='ltr'><strong>i.</strong></span> <span class='ocrx_word' id='word_1_356' title='bbox 916 3099 941 3134; x_wconf 88' lang='lat' dir='ltr'><strong>c.</strong></span> <span class='ocrx_word' id='word_1_357' title='bbox 960 3086 1021 3136; x_wconf 88' lang='lat' dir='ltr'><strong>dare</strong></span> <span class='ocrx_word' id='word_1_358' title='bbox 1037 3101 1077 3138; x_wconf 87' lang='lat' dir='ltr'><strong>me</strong></span> <span class='ocrx_word' id='word_1_359' title='bbox 1094 3089 1175 3141; x_wconf 87' lang='lat' dir='ltr'><strong>etism</strong></span> <span class='ocrx_word' id='word_1_360' title='bbox 1190 3090 1222 3148; x_wconf 83' lang='lat' dir='ltr'><strong>V,</strong></span> <span class='ocrx_word' id='word_1_361' title='bbox 1241 3101 1293 3140; x_wconf 93' lang='lat' dir='ltr'><strong>non</strong></span> <span class='ocrx_word' id='word_1_362' title='bbox 1311 3091 1394 3154; x_wconf 88' lang='lat' dir='ltr'><strong>darei,</strong></span> <span class='ocrx_word' id='word_1_363' title='bbox 1413 3094 1443 3143; x_wconf 89' lang='lat' dir='ltr'><strong>ut</strong></span> <span class='ocrx_word' id='word_1_364' title='bbox 1459 3094 1542 3146; x_wconf 77' lang='lat' dir='ltr'><strong>Maius</strong></span> 
     </span>
     <span class='ocr_line' id='line_1_34' title="bbox 213 3155 1544 3228; baseline 0.002 -12"><span class='ocrx_word' id='word_1_365' title='bbox 213 3165 284 3228; x_wconf 89' lang='lat' dir='ltr'><strong>legit.</strong></span> <span class='ocrx_word' id='word_1_366' title='bbox 304 3188 331 3198; x_wconf 93' lang='lat'>—</span> <span class='ocrx_word' id='word_1_367' title='bbox 358 3160 454 3212; x_wconf 77' lang='lat' dir='ltr'><strong>obicem</strong></span> <span class='ocrx_word' id='word_1_368' title='bbox 469 3159 529 3220; x_wconf 83' lang='lat' dir='ltr'><strong>iiV,</strong></span> <span class='ocrx_word' id='word_1_369' title='bbox 547 3157 631 3208; x_wconf 82' lang='grc'><strong>44444</strong></span> <span class='ocrx_word' id='word_1_370' title='bbox 647 3155 784 3222; x_wconf 87' lang='lat' dir='ltr'><strong>deinceps.</strong></span> <span class='ocrx_word' id='word_1_371' title='bbox 805 3185 832 3195; x_wconf 90' lang='lat'><em>-</em></span> <span class='ocrx_word' id='word_1_372' title='bbox 858 3159 940 3208; x_wconf 85' lang='lat' dir='ltr'><strong>muita</strong></span> <span class='ocrx_word' id='word_1_373' title='bbox 955 3160 992 3210; x_wconf 80' lang='lat' dir='ltr'><strong>lta</strong></span> <span class='ocrx_word' id='word_1_374' title='bbox 1004 3161 1034 3212; x_wconf 88' lang='lat' dir='ltr'><strong>C.</strong></span> <span class='ocrx_word' id='word_1_375' title='bbox 1060 3189 1087 3199; x_wconf 98' lang='lat'>-</span> <span class='ocrx_word' id='word_1_376' title='bbox 1111 3164 1151 3214; x_wconf 89' lang='lat' dir='ltr'><strong>tt.</strong></span> <span class='ocrx_word' id='word_1_377' title='bbox 1170 3164 1323 3228; x_wconf 72' lang='lat' dir='ltr'><strong>defenderint</strong></span> <span class='ocrx_word' id='word_1_378' title='bbox 1337 3165 1368 3216; x_wconf 90' lang='lat' dir='ltr'><strong>V.</strong></span> <span class='ocrx_word' id='word_1_379' title='bbox 1388 3193 1416 3204; x_wconf 91' lang='lat'>-</span> <span class='ocrx_word' id='word_1_380' title='bbox 1440 3168 1481 3219; x_wconf 78' lang='lat' dir='ltr'><strong>ia.</strong></span> <span class='ocrx_word' id='word_1_381' title='bbox 1499 3168 1544 3218; x_wconf 84' lang='lat' dir='ltr'><strong>tibi</strong></span> 
     </span>
     <span class='ocr_line' id='line_1_35' title="bbox 214 3233 1541 3303; baseline 0.006 -15"><span class='ocrx_word' id='word_1_382' title='bbox 214 3253 268 3292; x_wconf 87' lang='lat' dir='ltr'><strong>cm.</strong></span> <span class='ocrx_word' id='word_1_383' title='bbox 286 3236 365 3300; x_wconf 76' lang='lat' dir='ltr'><strong>Lgii.</strong></span> <span class='ocrx_word' id='word_1_384' title='bbox 386 3262 413 3272; x_wconf 95' lang='lat'>-</span> <span class='ocrx_word' id='word_1_385' title='bbox 432 3233 585 3284; x_wconf 78' lang='lat' dir='ltr'><strong>incmnmode</strong></span> <span class='ocrx_word' id='word_1_386' title='bbox 600 3233 651 3292; x_wconf 77' lang='lat' dir='ltr'><strong>li33</strong></span> <span class='ocrx_word' id='word_1_387' title='bbox 677 3233 804 3282; x_wconf 81' lang='grc'><strong>44444444</strong></span> <span class='ocrx_word' id='word_1_388' title='bbox 821 3233 899 3296; x_wconf 79' lang='lat' dir='ltr'><strong>igis.</strong></span> <span class='ocrx_word' id='word_1_389' title='bbox 919 3259 946 3269; x_wconf 94' lang='lat'><em>-</em></span> <span class='ocrx_word' id='word_1_390' title='bbox 966 3233 1006 3284; x_wconf 83' lang='grc'><strong>43.</strong></span> <span class='ocrx_word' id='word_1_391' title='bbox 1024 3235 1141 3297; x_wconf 73' lang='lat' dir='ltr'><strong>fortunae</strong></span> <span class='ocrx_word' id='word_1_392' title='bbox 1155 3239 1219 3290; x_wconf 88' lang='lat' dir='ltr'><strong>Ern.</strong></span> <span class='ocrx_word' id='word_1_393' title='bbox 1238 3238 1322 3290; x_wconf 89' lang='lat' dir='ltr'><strong>deleri</strong></span> <span class='ocrx_word' id='word_1_394' title='bbox 1337 3240 1428 3303; x_wconf 77' lang='lat' dir='ltr'><strong>voluit.</strong></span> <span class='ocrx_word' id='word_1_395' title='bbox 1457 3243 1491 3293; x_wconf 86' lang='grc' dir='ltr'><strong>Α4</strong></span> <span class='ocrx_word' id='word_1_396' title='bbox 1506 3243 1541 3296; x_wconf 83' lang='lat' dir='ltr'><strong>ci.</strong></span> 
     </span>
     <span class='ocr_line' id='line_1_36' title="bbox 213 3305 1543 3381; baseline 0.002 -16"><span class='ocrx_word' id='word_1_397' title='bbox 213 3313 300 3366; x_wconf 85' lang='lat' dir='ltr'><strong>liadv.</strong></span> <span class='ocrx_word' id='word_1_398' title='bbox 318 3325 346 3376; x_wconf 90' lang='lat' dir='ltr'><strong>p,</strong></span> <span class='ocrx_word' id='word_1_399' title='bbox 363 3309 421 3360; x_wconf 81' lang='lat' dir='ltr'><strong>iai.</strong></span> <span class='ocrx_word' id='word_1_400' title='bbox 439 3307 502 3360; x_wconf 82' lang='lat' dir='ltr'><strong>Bai.</strong></span> <span class='ocrx_word' id='word_1_401' title='bbox 521 3321 547 3372; x_wconf 91' lang='lat' dir='ltr'><strong>p.</strong></span> <span class='ocrx_word' id='word_1_402' title='bbox 566 3308 606 3356; x_wconf 83' lang='lat' dir='ltr'><strong>ei.</strong></span> <span class='ocrx_word' id='word_1_403' title='bbox 632 3333 659 3343; x_wconf 89' lang='lat'><em>-</em></span> <span class='ocrx_word' id='word_1_404' title='bbox 685 3305 725 3359; x_wconf 85' lang='grc'><strong>44.</strong></span> <span class='ocrx_word' id='word_1_405' title='bbox 743 3308 816 3356; x_wconf 66' lang='lat' dir='ltr'><strong>aava</strong></span> <span class='ocrx_word' id='word_1_406' title='bbox 832 3310 861 3360; x_wconf 83' lang='lat' dir='ltr'><strong>ii.</strong></span> <span class='ocrx_word' id='word_1_407' title='bbox 887 3333 915 3344; x_wconf 87' lang='lat'><strong>—-</strong></span> <span class='ocrx_word' id='word_1_408' title='bbox 937 3309 1023 3360; x_wconf 83' lang='lat' dir='ltr'><strong>inanis</strong></span> <span class='ocrx_word' id='word_1_409' title='bbox 1037 3311 1098 3363; x_wconf 80' lang='lat' dir='ltr'><strong>iiV.</strong></span> <span class='ocrx_word' id='word_1_410' title='bbox 1119 3339 1147 3350; x_wconf 95' lang='lat'>-</span> <span class='ocrx_word' id='word_1_411' title='bbox 1164 3327 1216 3364; x_wconf 83' lang='lat' dir='ltr'><strong>esse</strong></span> <span class='ocrx_word' id='word_1_412' title='bbox 1232 3315 1286 3366; x_wconf 82' lang='grc'><strong>4444</strong></span> <span class='ocrx_word' id='word_1_413' title='bbox 1303 3315 1381 3379; x_wconf 78' lang='lat' dir='ltr'><strong>igit.</strong></span> <span class='ocrx_word' id='word_1_414' title='bbox 1400 3341 1429 3352; x_wconf 89' lang='lat'><em>-</em></span> <span class='ocrx_word' id='word_1_415' title='bbox 1447 3318 1543 3381; x_wconf 79' lang='lat' dir='ltr'><strong>retiprra</strong></span> 
     </span>
     <span class='ocr_line' id='line_1_37' title="bbox 213 3380 1543 3455; baseline 0.003 -19"><span class='ocrx_word' id='word_1_416' title='bbox 213 3390 244 3441; x_wconf 84' lang='lat' dir='ltr'><strong>V.</strong></span> <span class='ocrx_word' id='word_1_417' title='bbox 264 3388 324 3452; x_wconf 76' lang='lat' dir='ltr'><strong>(Er.)</strong></span> <span class='ocrx_word' id='word_1_418' title='bbox 344 3412 372 3422; x_wconf 88' lang='lat'><em>-</em></span> <span class='ocrx_word' id='word_1_419' title='bbox 391 3385 431 3435; x_wconf 83' lang='lat' dir='ltr'><strong>ia.</strong></span> <span class='ocrx_word' id='word_1_420' title='bbox 445 3387 567 3448; x_wconf 66' lang='lat' dir='ltr'><strong>perpenso</strong></span> <span class='ocrx_word' id='word_1_421' title='bbox 583 3380 662 3432; x_wconf 90' lang='lat' dir='ltr'><strong>codd.</strong></span> <span class='ocrx_word' id='word_1_422' title='bbox 680 3383 788 3447; x_wconf 89' lang='lat' dir='ltr'><strong>praeter</strong></span> <span class='ocrx_word' id='word_1_423' title='bbox 801 3383 833 3446; x_wconf 84' lang='lat' dir='ltr'><strong>V,</strong></span> <span class='ocrx_word' id='word_1_424' title='bbox 852 3385 878 3434; x_wconf 90' lang='lat' dir='ltr'><strong>in</strong></span> <span class='ocrx_word' id='word_1_425' title='bbox 896 3396 950 3447; x_wconf 89' lang='lat' dir='ltr'><strong>quo</strong></span> <span class='ocrx_word' id='word_1_426' title='bbox 963 3392 1094 3449; x_wconf 81' lang='lat' dir='ltr'><strong>perpetem</strong></span> <span class='ocrx_word' id='word_1_427' title='bbox 1109 3390 1250 3452; x_wconf 79' lang='grc'><strong>4444444444</strong></span> <span class='ocrx_word' id='word_1_428' title='bbox 1266 3390 1353 3441; x_wconf 70' lang='lat' dir='ltr'><strong>mamis</strong></span> <span class='ocrx_word' id='word_1_429' title='bbox 1368 3387 1476 3454; x_wconf 66' lang='lat' dir='ltr'><strong>tegetum</strong></span> <span class='ocrx_word' id='word_1_430' title='bbox 1492 3406 1543 3455; x_wconf 88' lang='lat' dir='ltr'><strong>po-</strong></span> 
     </span>
     <span class='ocr_line' id='line_1_38' title="bbox 209 3456 1542 3529; baseline 0.003 -15"><span class='ocrx_word' id='word_1_431' title='bbox 209 3465 266 3529; x_wconf 78' lang='lat' dir='ltr'><strong>puii</strong></span> <span class='ocrx_word' id='word_1_432' title='bbox 282 3465 311 3514; x_wconf 86' lang='lat' dir='ltr'><strong>ii.</strong></span> <span class='ocrx_word' id='word_1_433' title='bbox 330 3459 399 3512; x_wconf 82' lang='lat' dir='ltr'><strong>coni.</strong></span> <span class='ocrx_word' id='word_1_434' title='bbox 418 3459 495 3520; x_wconf 86' lang='lat' dir='ltr'><strong>Ern.;</strong></span> <span class='ocrx_word' id='word_1_435' title='bbox 517 3459 690 3520; x_wconf 68' lang='lat' dir='ltr'><strong>promeritam</strong></span> <span class='ocrx_word' id='word_1_436' title='bbox 707 3456 776 3507; x_wconf 88' lang='lat' dir='ltr'><strong>coni.</strong></span> <span class='ocrx_word' id='word_1_437' title='bbox 794 3458 837 3509; x_wconf 91' lang='lat' dir='ltr'><strong>Or.</strong></span> <span class='ocrx_word' id='word_1_438' title='bbox 856 3460 899 3520; x_wconf 80' lang='lat' dir='ltr'><strong>i.;</strong></span> <span class='ocrx_word' id='word_1_439' title='bbox 922 3459 1076 3525; x_wconf 72' lang='lat' dir='ltr'><strong>praesmissa</strong></span> <span class='ocrx_word' id='word_1_440' title='bbox 1095 3463 1156 3515; x_wconf 92' lang='lat' dir='ltr'><strong>cod.</strong></span> <span class='ocrx_word' id='word_1_441' title='bbox 1176 3463 1226 3528; x_wconf 86' lang='lat' dir='ltr'><strong>(vei</strong></span> <span class='ocrx_word' id='word_1_442' title='bbox 1243 3465 1343 3527; x_wconf 82' lang='lat' dir='ltr'><strong>conii)</strong></span> <span class='ocrx_word' id='word_1_443' title='bbox 1361 3466 1417 3517; x_wconf 85' lang='lat' dir='ltr'><strong>lire.</strong></span> <span class='ocrx_word' id='word_1_444' title='bbox 1444 3466 1542 3519; x_wconf 81' lang='lat' dir='ltr'><strong>«linias</strong></span> 
     </span>
     <span class='ocr_line' id='line_1_39' title="bbox 213 3533 1542 3605; baseline -0.002 -11"><span class='ocrx_word' id='word_1_445' title='bbox 213 3541 354 3594; x_wconf 87' lang='lat' dir='ltr'><strong>lectionem</strong></span> <span class='ocrx_word' id='word_1_446' title='bbox 372 3534 472 3588; x_wconf 89' lang='lat' dir='ltr'><strong>codicis</strong></span> <span class='ocrx_word' id='word_1_447' title='bbox 488 3533 603 3600; x_wconf 88' lang='lat' dir='ltr'><strong>probare</strong></span> <span class='ocrx_word' id='word_1_448' title='bbox 620 3547 673 3584; x_wconf 93' lang='lat' dir='ltr'><strong>non</strong></span> <span class='ocrx_word' id='word_1_449' title='bbox 689 3546 814 3599; x_wconf 87' lang='lat' dir='ltr'><strong>possum;</strong></span> <span class='ocrx_word' id='word_1_450' title='bbox 838 3533 903 3598; x_wconf 87' lang='lat' dir='ltr'><strong>quid</strong></span> <span class='ocrx_word' id='word_1_451' title='bbox 924 3536 995 3586; x_wconf 89' lang='lat' dir='ltr'><strong>enim</strong></span> <span class='ocrx_word' id='word_1_452' title='bbox 1017 3541 1153 3604; x_wconf 87' lang='lat' dir='ltr'><strong>repetatur</strong></span> <span class='ocrx_word' id='word_1_453' title='bbox 1164 3539 1320 3603; x_wconf 73' lang='lat' dir='ltr'><strong>praefectam</strong></span> <span class='ocrx_word' id='word_1_454' title='bbox 1337 3551 1399 3590; x_wconf 88' lang='lat' dir='ltr'><strong>oum</strong></span> <span class='ocrx_word' id='word_1_455' title='bbox 1416 3552 1542 3605; x_wconf 90' lang='lat' dir='ltr'><strong>praeces-</strong></span> 
     </span>
     <span class='ocr_line' id='line_1_40' title="bbox 213 3608 1543 3680; baseline -0.001 -13"><span class='ocrx_word' id='word_1_456' title='bbox 213 3615 279 3668; x_wconf 88' lang='lat' dir='ltr'><strong>serit</strong></span> <span class='ocrx_word' id='word_1_457' title='bbox 292 3611 463 3675; x_wconf 71' lang='grc'><strong>44444444444,</strong></span> <span class='ocrx_word' id='word_1_458' title='bbox 490 3623 543 3675; x_wconf 85' lang='lat' dir='ltr'><strong>quc</strong></span> <span class='ocrx_word' id='word_1_459' title='bbox 561 3609 644 3660; x_wconf 89' lang='lat' dir='ltr'><strong>verbo</strong></span> <span class='ocrx_word' id='word_1_460' title='bbox 665 3610 734 3660; x_wconf 86' lang='lat' dir='ltr'><strong>haee</strong></span> <span class='ocrx_word' id='word_1_461' title='bbox 750 3609 839 3660; x_wconf 90' lang='lat' dir='ltr'><strong>omnia</strong></span> <span class='ocrx_word' id='word_1_462' title='bbox 855 3608 933 3674; x_wconf 89' lang='lat' dir='ltr'><strong>longe</strong></span> <span class='ocrx_word' id='word_1_463' title='bbox 950 3609 1095 3675; x_wconf 87' lang='lat' dir='ltr'><strong>elegantius</strong></span> <span class='ocrx_word' id='word_1_464' title='bbox 1111 3617 1275 3678; x_wconf 88' lang='lat' dir='ltr'><strong>regerentur.</strong></span> <span class='ocrx_word' id='word_1_465' title='bbox 1312 3614 1364 3665; x_wconf 83' lang='lat' dir='ltr'><strong>sed</strong></span> <span class='ocrx_word' id='word_1_466' title='bbox 1381 3627 1469 3680; x_wconf 88' lang='lat' dir='ltr'><strong>neque</strong></span> <span class='ocrx_word' id='word_1_467' title='bbox 1485 3615 1543 3666; x_wconf 88' lang='grc'><strong>444-</strong></span> 
     </span>
     <span class='ocr_line' id='line_1_41' title="bbox 213 3683 1543 3755; baseline -0.001 -14"><span class='ocrx_word' id='word_1_468' title='bbox 213 3690 317 3744; x_wconf 89' lang='lat' dir='ltr'><strong>nntium</strong></span> <span class='ocrx_word' id='word_1_469' title='bbox 333 3687 425 3746; x_wconf 80' lang='lat' dir='ltr'><strong>audio,</strong></span> <span class='ocrx_word' id='word_1_470' title='bbox 450 3686 496 3751; x_wconf 84' lang='lat' dir='ltr'><strong>qai</strong></span> <span class='ocrx_word' id='word_1_471' title='bbox 512 3684 645 3750; x_wconf 77' lang='lat' dir='ltr'><strong>vulgatam</strong></span> <span class='ocrx_word' id='word_1_472' title='bbox 662 3687 697 3737; x_wconf 91' lang='lat' dir='ltr'><strong>ita</strong></span> <span class='ocrx_word' id='word_1_473' title='bbox 715 3683 841 3750; x_wconf 82' lang='lat' dir='ltr'><strong>explicat,</strong></span> <span class='ocrx_word' id='word_1_474' title='bbox 865 3687 894 3736; x_wconf 89' lang='lat' dir='ltr'><strong>ut</strong></span> <span class='ocrx_word' id='word_1_475' title='bbox 916 3685 1073 3740; x_wconf 85' lang='lat' dir='ltr'><strong>adverbium</strong></span> <span class='ocrx_word' id='word_1_476' title='bbox 1088 3691 1277 3753; x_wconf 78' lang='lat' dir='ltr'><strong>perpetuaret,</strong></span> <span class='ocrx_word' id='word_1_477' title='bbox 1296 3701 1365 3753; x_wconf 88' lang='lat' dir='ltr'><strong>quae</strong></span> <span class='ocrx_word' id='word_1_478' title='bbox 1383 3702 1436 3740; x_wconf 89' lang='lat' dir='ltr'><strong>non</strong></span> <span class='ocrx_word' id='word_1_479' title='bbox 1453 3690 1543 3755; x_wconf 79' lang='lat' dir='ltr'><strong>expri-</strong></span> 
     </span>
     <span class='ocr_line' id='line_1_42' title="bbox 212 3761 1542 3829; baseline -0.002 -12"><span class='ocrx_word' id='word_1_480' title='bbox 212 3771 294 3820; x_wconf 88' lang='lat' dir='ltr'><strong>mitur</strong></span> <span class='ocrx_word' id='word_1_481' title='bbox 311 3777 399 3829; x_wconf 81' lang='lat' dir='ltr'><strong>neque</strong></span> <span class='ocrx_word' id='word_1_482' title='bbox 417 3761 493 3814; x_wconf 84' lang='lat' dir='ltr'><strong>lectio</strong></span> <span class='ocrx_word' id='word_1_483' title='bbox 510 3761 680 3824; x_wconf 86' lang='lat' dir='ltr'><strong>subauditur,</strong></span> <span class='ocrx_word' id='word_1_484' title='bbox 708 3763 859 3826; x_wconf 85' lang='lat' dir='ltr'><strong>oppositum</strong></span> <span class='ocrx_word' id='word_1_485' title='bbox 877 3765 965 3826; x_wconf 87' lang='lat' dir='ltr'><strong>putet,</strong></span> <span class='ocrx_word' id='word_1_486' title='bbox 991 3761 1163 3816; x_wconf 86' lang='lat' dir='ltr'><strong>Cleomenem</strong></span> <span class='ocrx_word' id='word_1_487' title='bbox 1185 3776 1282 3828; x_wconf 87' lang='lat' dir='ltr'><strong>nempe</strong></span> <span class='ocrx_word' id='word_1_488' title='bbox 1300 3763 1379 3815; x_wconf 84' lang='lat' dir='ltr'><strong>classi</strong></span> <span class='ocrx_word' id='word_1_489' title='bbox 1403 3766 1432 3815; x_wconf 85' lang='lat' dir='ltr'><strong>P.</strong></span> <span class='ocrx_word' id='word_1_490' title='bbox 1450 3765 1479 3815; x_wconf 84' lang='lat' dir='ltr'><strong>ii.</strong></span> <span class='ocrx_word' id='word_1_491' title='bbox 1493 3777 1542 3827; x_wconf 88' lang='lat' dir='ltr'><strong>per</strong></span> 
     </span>
     <span class='ocr_line' id='line_1_43' title="bbox 212 3837 1541 3906; baseline -0.004 -11"><span class='ocrx_word' id='word_1_492' title='bbox 212 3843 309 3906; x_wconf 74' lang='grc'><strong>4444444</strong></span> <span class='ocrx_word' id='word_1_493' title='bbox 325 3841 376 3892; x_wconf 82' lang='lat' dir='ltr'><strong>dics</strong></span> <span class='ocrx_word' id='word_1_494' title='bbox 391 3839 547 3905; x_wconf 85' lang='lat' dir='ltr'><strong>praefuisse.</strong></span> <span class='ocrx_word' id='word_1_495' title='bbox 573 3838 684 3890; x_wconf 86' lang='lat' dir='ltr'><strong>Omnino</strong></span> <span class='ocrx_word' id='word_1_496' title='bbox 701 3837 787 3900; x_wconf 87' lang='lat' dir='ltr'><strong>agitur</strong></span> <span class='ocrx_word' id='word_1_497' title='bbox 803 3837 837 3889; x_wconf 90' lang='lat' dir='ltr'><strong>de</strong></span> <span class='ocrx_word' id='word_1_498' title='bbox 854 3852 905 3889; x_wconf 90' lang='lat' dir='ltr'><strong>una</strong></span> <span class='ocrx_word' id='word_1_499' title='bbox 924 3841 1024 3890; x_wconf 82' lang='grc'><strong>444444]</strong></span> <span class='ocrx_word' id='word_1_500' title='bbox 1042 3840 1209 3904; x_wconf 81' lang='lat' dir='ltr'><strong>expeditione</strong></span> <span class='ocrx_word' id='word_1_501' title='bbox 1222 3841 1300 3904; x_wconf 87' lang='lat' dir='ltr'><strong>eique</strong></span> <span class='ocrx_word' id='word_1_502' title='bbox 1312 3841 1469 3906; x_wconf 88' lang='lat' dir='ltr'><strong>oppositioni</strong></span> <span class='ocrx_word' id='word_1_503' title='bbox 1481 3838 1541 3890; x_wconf 92' lang='lat' dir='ltr'><strong>nul-</strong></span> 
     </span>
     <span class='ocr_line' id='line_1_44' title="bbox 211 3912 1540 3981; baseline -0.004 -10"><span class='ocrx_word' id='word_1_504' title='bbox 211 3918 253 3971; x_wconf 88' lang='lat' dir='ltr'><strong>los</strong></span> <span class='ocrx_word' id='word_1_505' title='bbox 270 3919 313 3970; x_wconf 87' lang='lat' dir='ltr'><strong>est</strong></span> <span class='ocrx_word' id='word_1_506' title='bbox 327 3914 411 3968; x_wconf 86' lang='lat' dir='ltr'><strong>lacus.</strong></span> <span class='ocrx_word' id='word_1_507' title='bbox 437 3915 516 3966; x_wconf 86' lang='lat' dir='ltr'><strong>Dicas</strong></span> <span class='ocrx_word' id='word_1_508' title='bbox 532 3912 595 3964; x_wconf 84' lang='lat' dir='ltr'><strong>licat</strong></span> <span class='ocrx_word' id='word_1_509' title='bbox 610 3913 767 3965; x_wconf 78' lang='lat' dir='ltr'><strong>adverbium</strong></span> <span class='ocrx_word' id='word_1_510' title='bbox 784 3927 833 3978; x_wconf 91' lang='lat' dir='ltr'><strong>pro</strong></span> <span class='ocrx_word' id='word_1_511' title='bbox 849 3914 980 3965; x_wconf 85' lang='lat' dir='ltr'><strong>adiectivo</strong></span> <span class='ocrx_word' id='word_1_512' title='bbox 996 3913 1071 3979; x_wconf 90' lang='lat' dir='ltr'><strong>poni,</strong></span> <span class='ocrx_word' id='word_1_513' title='bbox 1091 3915 1162 3979; x_wconf 85' lang='lat' dir='ltr'><strong>quod</strong></span> <span class='ocrx_word' id='word_1_514' title='bbox 1182 3914 1267 3981; x_wconf 90' lang='lat' dir='ltr'><strong>probe</strong></span> <span class='ocrx_word' id='word_1_515' title='bbox 1284 3915 1394 3967; x_wconf 89' lang='lat' dir='ltr'><strong>latinum</strong></span> <span class='ocrx_word' id='word_1_516' title='bbox 1414 3917 1455 3967; x_wconf 88' lang='lat' dir='ltr'><strong>est</strong></span> <span class='ocrx_word' id='word_1_517' title='bbox 1471 3915 1540 3980; x_wconf 73' lang='grc'><strong>(4444</strong></span> 
     </span>
     <span class='ocr_line' id='line_1_45' title="bbox 213 3987 1540 4055; baseline -0.002 -10"><span class='ocrx_word' id='word_1_518' title='bbox 213 3994 284 4046; x_wconf 89' lang='lat' dir='ltr'><strong>Cart.</strong></span> <span class='ocrx_word' id='word_1_519' title='bbox 308 3991 343 4042; x_wconf 88' lang='lat' dir='ltr'><strong>ad</strong></span> <span class='ocrx_word' id='word_1_520' title='bbox 364 3989 424 4043; x_wconf 87' lang='lat' dir='ltr'><strong>Sall.</strong></span> <span class='ocrx_word' id='word_1_521' title='bbox 442 3992 498 4054; x_wconf 78' lang='lat' dir='ltr'><strong>lug.</strong></span> <span class='ocrx_word' id='word_1_522' title='bbox 517 3989 582 4040; x_wconf 87' lang='lat' dir='ltr'><strong>lllV.</strong></span> <span class='ocrx_word' id='word_1_523' title='bbox 600 3991 641 4040; x_wconf 90' lang='lat' dir='ltr'><strong>ti.</strong></span> <span class='ocrx_word' id='word_1_524' title='bbox 660 3992 688 4040; x_wconf 86' lang='lat' dir='ltr'><strong>et</strong></span> <span class='ocrx_word' id='word_1_525' title='bbox 703 3987 767 4040; x_wconf 90' lang='lat' dir='ltr'><strong>ibid.</strong></span> <span class='ocrx_word' id='word_1_526' title='bbox 785 3991 849 4041; x_wconf 84' lang='lat' dir='ltr'><strong>Erc.</strong></span> <span class='ocrx_word' id='word_1_527' title='bbox 866 3992 909 4042; x_wconf 94' lang='grc'><strong>444.</strong></span> <span class='ocrx_word' id='word_1_528' title='bbox 929 3993 956 4041; x_wconf 86' lang='grc'><strong>44</strong></span> <span class='ocrx_word' id='word_1_529' title='bbox 977 3991 1104 4043; x_wconf 82' lang='lat' dir='ltr'><strong>Scbvars.</strong></span> <span class='ocrx_word' id='word_1_530' title='bbox 1123 3991 1158 4042; x_wconf 89' lang='lat' dir='ltr'><strong>ad</strong></span> <span class='ocrx_word' id='word_1_531' title='bbox 1174 3989 1239 4042; x_wconf 86' lang='lat' dir='ltr'><strong>Plin.</strong></span> <span class='ocrx_word' id='word_1_532' title='bbox 1257 3993 1354 4055; x_wconf 85' lang='lat' dir='ltr'><strong>Paneg.</strong></span> <span class='ocrx_word' id='word_1_533' title='bbox 1373 3992 1401 4043; x_wconf 88' lang='lat' dir='ltr'><strong>i..</strong></span> <span class='ocrx_word' id='word_1_534' title='bbox 1420 3990 1464 4052; x_wconf 81' lang='grc'><strong>6.),</strong></span> <span class='ocrx_word' id='word_1_535' title='bbox 1483 3991 1540 4043; x_wconf 87' lang='lat' dir='ltr'><strong>sive</strong></span> 
     </span>
     <span class='ocr_line' id='line_1_46' title="bbox 211 4058 1542 4136; baseline -0.002 -15"><span class='ocrx_word' id='word_1_536' title='bbox 211 4070 316 4136; x_wconf 88' lang='lat' dir='ltr'><strong>potius,</strong></span> <span class='ocrx_word' id='word_1_537' title='bbox 334 4069 365 4118; x_wconf 90' lang='lat' dir='ltr'><strong>ut</strong></span> <span class='ocrx_word' id='word_1_538' title='bbox 380 4081 397 4118; x_wconf 90' lang='lat' dir='ltr'><strong>a</strong></span> <span class='ocrx_word' id='word_1_539' title='bbox 414 4065 521 4118; x_wconf 87' lang='lat' dir='ltr'><strong>Graecis</strong></span> <span class='ocrx_word' id='word_1_540' title='bbox 538 4058 596 4128; x_wconf 82' lang='lat' dir='ltr'><strong>ciet,</strong></span> <span class='ocrx_word' id='word_1_541' title='bbox 614 4067 650 4116; x_wconf 90' lang='lat' dir='ltr'><strong>iia</strong></span> <span class='ocrx_word' id='word_1_542' title='bbox 667 4065 712 4118; x_wconf 88' lang='lat' dir='ltr'><strong>bic</strong></span> <span class='ocrx_word' id='word_1_543' title='bbox 729 4067 851 4130; x_wconf 87' lang='lat' dir='ltr'><strong>usurpari</strong></span> <span class='ocrx_word' id='word_1_544' title='bbox 865 4071 1000 4129; x_wconf 79' lang='lat' dir='ltr'><strong>pepetra:</strong></span> <span class='ocrx_word' id='word_1_545' title='bbox 1019 4079 1088 4130; x_wconf 84' lang='lat' dir='ltr'><strong>quse</strong></span> <span class='ocrx_word' id='word_1_546' title='bbox 1105 4079 1149 4118; x_wconf 87' lang='lat' dir='ltr'><strong>res</strong></span> <span class='ocrx_word' id='word_1_547' title='bbox 1167 4065 1292 4132; x_wconf 82' lang='lat' dir='ltr'><strong>explicari</strong></span> <span class='ocrx_word' id='word_1_548' title='bbox 1303 4068 1451 4133; x_wconf 88' lang='lat' dir='ltr'><strong>potestper</strong></span> <span class='ocrx_word' id='word_1_549' title='bbox 1461 4066 1542 4118; x_wconf 74' lang='grc'><strong>44444·</strong></span> 
     </span>
     <span class='ocr_line' id='line_1_47' title="bbox 213 4134 1539 4206; baseline -0.004 -10"><span class='ocrx_word' id='word_1_550' title='bbox 213 4147 312 4196; x_wconf 74' lang='lat' dir='ltr'><strong>dmum</strong></span> <span class='ocrx_word' id='word_1_551' title='bbox 332 4143 474 4196; x_wconf 86' lang='lat' dir='ltr'><strong>latinorum</strong></span> <span class='ocrx_word' id='word_1_552' title='bbox 490 4134 578 4204; x_wconf 67' lang='lat' dir='ltr'><strong>iota,</strong></span> <span class='ocrx_word' id='word_1_553' title='bbox 602 4141 637 4194; x_wconf 87' lang='lat' dir='ltr'><strong>de</strong></span> <span class='ocrx_word' id='word_1_554' title='bbox 654 4154 708 4206; x_wconf 88' lang='lat' dir='ltr'><strong>quo</strong></span> <span class='ocrx_word' id='word_1_555' title='bbox 731 4143 830 4192; x_wconf 82' lang='lat' dir='ltr'><strong>Parcus</strong></span> <span class='ocrx_word' id='word_1_556' title='bbox 846 4142 872 4192; x_wconf 93' lang='lat' dir='ltr'><strong>in</strong></span> <span class='ocrx_word' id='word_1_557' title='bbox 890 4143 951 4193; x_wconf 83' lang='lat' dir='ltr'><strong>Lex.</strong></span> <span class='ocrx_word' id='word_1_558' title='bbox 970 4140 1052 4193; x_wconf 86' lang='lat' dir='ltr'><strong>Plaut.</strong></span> <span class='ocrx_word' id='word_1_559' title='bbox 1072 4143 1099 4194; x_wconf 88' lang='lat' dir='ltr'><strong>ei</strong></span> <span class='ocrx_word' id='word_1_560' title='bbox 1115 4143 1246 4194; x_wconf 85' lang='lat' dir='ltr'><strong>Passerat.</strong></span> <span class='ocrx_word' id='word_1_561' title='bbox 1265 4155 1297 4194; x_wconf 90' lang='lat' dir='ltr'><strong>sc</strong></span> <span class='ocrx_word' id='word_1_562' title='bbox 1313 4139 1391 4206; x_wconf 93' lang='lat' dir='ltr'><strong>Vuip.</strong></span> <span class='ocrx_word' id='word_1_563' title='bbox 1409 4139 1442 4191; x_wconf 91' lang='grc'><strong>44</strong></span> <span class='ocrx_word' id='word_1_564' title='bbox 1460 4141 1539 4206; x_wconf 83' lang='lat' dir='ltr'><strong>Prop.</strong></span> 
     </span>
     <span class='ocr_line' id='line_1_48' title="bbox 212 4215 1540 4283; baseline -0.002 -12"><span class='ocrx_word' id='word_1_565' title='bbox 212 4221 232 4271; x_wconf 91' lang='lat'><strong>1.</strong></span> <span class='ocrx_word' id='word_1_566' title='bbox 251 4221 292 4281; x_wconf 73' lang='lat' dir='ltr'><strong>ii,</strong></span> <span class='ocrx_word' id='word_1_567' title='bbox 309 4220 334 4270; x_wconf 77' lang='lat' dir='ltr'><strong>i.</strong></span> <span class='ocrx_word' id='word_1_568' title='bbox 352 4221 381 4269; x_wconf 88' lang='lat' dir='ltr'><strong>et</strong></span> <span class='ocrx_word' id='word_1_569' title='bbox 397 4218 469 4270; x_wconf 87' lang='lat' dir='ltr'><strong>Cari.</strong></span> <span class='ocrx_word' id='word_1_570' title='bbox 487 4215 522 4268; x_wconf 90' lang='lat' dir='ltr'><strong>ad</strong></span> <span class='ocrx_word' id='word_1_571' title='bbox 542 4215 601 4268; x_wconf 84' lang='lat' dir='ltr'><strong>Sall.</strong></span> <span class='ocrx_word' id='word_1_572' title='bbox 619 4216 685 4268; x_wconf 90' lang='lat' dir='ltr'><strong>liist.</strong></span> <span class='ocrx_word' id='word_1_573' title='bbox 705 4216 728 4268; x_wconf 88' lang='lat' dir='ltr'><strong>t.</strong></span> <span class='ocrx_word' id='word_1_574' title='bbox 752 4217 779 4268; x_wconf 91' lang='lat' dir='ltr'><strong>in</strong></span> <span class='ocrx_word' id='word_1_575' title='bbox 803 4219 869 4267; x_wconf 90' lang='lat' dir='ltr'><strong>orat.</strong></span> <span class='ocrx_word' id='word_1_576' title='bbox 889 4217 979 4281; x_wconf 88' lang='lat' dir='ltr'><strong>Lepid.</strong></span> <span class='ocrx_word' id='word_1_577' title='bbox 998 4232 1024 4266; x_wconf 92' lang='lat' dir='ltr'><strong>n.</strong></span> <span class='ocrx_word' id='word_1_578' title='bbox 1043 4217 1067 4269; x_wconf 86' lang='lat'><strong>6.</strong></span> <span class='ocrx_word' id='word_1_579' title='bbox 1094 4218 1137 4268; x_wconf 83' lang='lat' dir='ltr'><strong>Sic</strong></span> <span class='ocrx_word' id='word_1_580' title='bbox 1157 4216 1258 4283; x_wconf 90' lang='lat' dir='ltr'><strong>pluries</strong></span> <span class='ocrx_word' id='word_1_581' title='bbox 1280 4221 1338 4270; x_wconf 82' lang='grc'><strong>4444</strong></span> <span class='ocrx_word' id='word_1_582' title='bbox 1356 4217 1427 4280; x_wconf 73' lang='lat' dir='ltr'><strong>facta</strong></span> <span class='ocrx_word' id='word_1_583' title='bbox 1446 4215 1540 4268; x_wconf 88' lang='lat' dir='ltr'><strong>Cicero</strong></span> 
     </span>
     <span class='ocr_line' id='line_1_49' title="bbox 213 4289 1542 4356; baseline -0.004 -10"><span class='ocrx_word' id='word_1_584' title='bbox 213 4295 289 4356; x_wconf 78' lang='lat' dir='ltr'><strong>dixit,</strong></span> <span class='ocrx_word' id='word_1_585' title='bbox 308 4295 339 4346; x_wconf 88' lang='lat' dir='ltr'><strong>ut</strong></span> <span class='ocrx_word' id='word_1_586' title='bbox 353 4293 518 4346; x_wconf 88' lang='lat' dir='ltr'><strong>ostendimus</strong></span> <span class='ocrx_word' id='word_1_587' title='bbox 534 4291 569 4344; x_wconf 88' lang='grc'><strong>44</strong></span> <span class='ocrx_word' id='word_1_588' title='bbox 585 4306 610 4343; x_wconf 91' lang='lat' dir='ltr'><strong>c.</strong></span> <span class='ocrx_word' id='word_1_589' title='bbox 629 4291 670 4342; x_wconf 80' lang='grc'><strong>44.</strong></span> <span class='ocrx_word' id='word_1_590' title='bbox 688 4304 737 4356; x_wconf 92' lang='lat' dir='ltr'><strong>pro</strong></span> <span class='ocrx_word' id='word_1_591' title='bbox 748 4292 882 4342; x_wconf 88' lang='lat' dir='ltr'><strong>Deiotaro.</strong></span> <span class='ocrx_word' id='word_1_592' title='bbox 910 4293 987 4344; x_wconf 86' lang='lat' dir='ltr'><strong>Certe</strong></span> <span class='ocrx_word' id='word_1_593' title='bbox 1000 4290 1097 4344; x_wconf 81' lang='lat' dir='ltr'><strong>iuliius</strong></span> <span class='ocrx_word' id='word_1_594' title='bbox 1113 4293 1165 4345; x_wconf 88' lang='lat' dir='ltr'><strong>hoc</strong></span> <span class='ocrx_word' id='word_1_595' title='bbox 1182 4293 1261 4345; x_wconf 88' lang='lat' dir='ltr'><strong>dicit:</strong></span> <span class='ocrx_word' id='word_1_596' title='bbox 1279 4292 1417 4344; x_wconf 87' lang='lat' dir='ltr'><strong>hominem</strong></span> <span class='ocrx_word' id='word_1_597' title='bbox 1426 4289 1542 4352; x_wconf 71' lang='grc'><strong>844444·</strong></span> 
     </span>
     <span class='ocr_line' id='line_1_50' title="bbox 211 4363 1541 4432; baseline -0.005 -12"><span class='ocrx_word' id='word_1_598' title='bbox 211 4382 302 4420; x_wconf 84' lang='lat' dir='ltr'><strong>sanum</strong></span> <span class='ocrx_word' id='word_1_599' title='bbox 317 4368 344 4419; x_wconf 86' lang='lat' dir='ltr'><strong>ir.</strong></span> <span class='ocrx_word' id='word_1_600' title='bbox 362 4382 388 4419; x_wconf 91' lang='lat' dir='ltr'><strong>e.</strong></span> <span class='ocrx_word' id='word_1_601' title='bbox 407 4381 440 4420; x_wconf 81' lang='lat' dir='ltr'><strong>ex</strong></span> <span class='ocrx_word' id='word_1_602' title='bbox 457 4381 488 4418; x_wconf 89' lang='lat' dir='ltr'><strong>ea</strong></span> <span class='ocrx_word' id='word_1_603' title='bbox 505 4367 626 4429; x_wconf 88' lang='lat' dir='ltr'><strong>civitate,</strong></span> <span class='ocrx_word' id='word_1_604' title='bbox 645 4379 713 4432; x_wconf 83' lang='lat' dir='ltr'><strong>quae</strong></span> <span class='ocrx_word' id='word_1_605' title='bbox 730 4369 846 4418; x_wconf 84' lang='lat' dir='ltr'><strong>maxime</strong></span> <span class='ocrx_word' id='word_1_606' title='bbox 862 4368 967 4418; x_wconf 91' lang='lat' dir='ltr'><strong>inimice</strong></span> <span class='ocrx_word' id='word_1_607' title='bbox 983 4366 1081 4432; x_wconf 82' lang='lat' dir='ltr'><strong>poprdo</strong></span> <span class='ocrx_word' id='word_1_608' title='bbox 1097 4369 1127 4420; x_wconf 83' lang='grc'><strong>44.</strong></span> <span class='ocrx_word' id='word_1_609' title='bbox 1145 4367 1193 4419; x_wconf 89' lang='lat' dir='ltr'><strong>fuit</strong></span> <span class='ocrx_word' id='word_1_610' title='bbox 1209 4381 1242 4418; x_wconf 89' lang='lat' dir='ltr'><strong>ec</strong></span> <span class='ocrx_word' id='word_1_611' title='bbox 1259 4365 1329 4419; x_wconf 87' lang='lat' dir='ltr'><strong>bello</strong></span> <span class='ocrx_word' id='word_1_612' title='bbox 1347 4365 1457 4417; x_wconf 87' lang='lat' dir='ltr'><strong>demum</strong></span> <span class='ocrx_word' id='word_1_613' title='bbox 1473 4363 1541 4416; x_wconf 91' lang='lat' dir='ltr'><strong>sub-</strong></span> 
     </span>
     <span class='ocr_line' id='line_1_51' title="bbox 213 4439 1541 4508; baseline -0.002 -13"><span class='ocrx_word' id='word_1_614' title='bbox 213 4447 282 4506; x_wconf 85' lang='lat' dir='ltr'><strong>acta,</strong></span> <span class='ocrx_word' id='word_1_615' title='bbox 297 4447 416 4508; x_wconf 81' lang='lat' dir='ltr'><strong>perpetuo</strong></span> <span class='ocrx_word' id='word_1_616' title='bbox 431 4442 504 4494; x_wconf 79' lang='grc'><strong>444444</strong></span> <span class='ocrx_word' id='word_1_617' title='bbox 519 4448 594 4506; x_wconf 74' lang='lat' dir='ltr'><strong>aspra</strong></span> <span class='ocrx_word' id='word_1_618' title='bbox 609 4443 697 4494; x_wconf 74' lang='grc'><strong>4444444</strong></span> <span class='ocrx_word' id='word_1_619' title='bbox 712 4440 802 4508; x_wconf 80' lang='lat' dir='ltr'><strong>poprdi</strong></span> <span class='ocrx_word' id='word_1_620' title='bbox 818 4443 847 4493; x_wconf 86' lang='grc'><strong>44.</strong></span> <span class='ocrx_word' id='word_1_621' title='bbox 866 4441 1022 4508; x_wconf 78' lang='lat' dir='ltr'><strong>praefuisse,</strong></span> <span class='ocrx_word' id='word_1_622' title='bbox 1040 4443 1068 4494; x_wconf 89' lang='lat' dir='ltr'><strong>b.</strong></span> <span class='ocrx_word' id='word_1_623' title='bbox 1086 4456 1111 4495; x_wconf 91' lang='lat' dir='ltr'><strong>e.</strong></span> <span class='ocrx_word' id='word_1_624' title='bbox 1126 4444 1261 4508; x_wconf 75' lang='lat' dir='ltr'><strong>perpetuis,</strong></span> <span class='ocrx_word' id='word_1_625' title='bbox 1279 4455 1360 4507; x_wconf 81' lang='lat' dir='ltr'><strong>quam</strong></span> <span class='ocrx_word' id='word_1_626' title='bbox 1371 4452 1467 4492; x_wconf 88' lang='lat' dir='ltr'><strong>vocem</strong></span> <span class='ocrx_word' id='word_1_627' title='bbox 1484 4439 1541 4492; x_wconf 89' lang='lat' dir='ltr'><strong>vnl-</strong></span> 
     </span>
     <span class='ocr_line' id='line_1_52' title="bbox 213 4515 1538 4585; baseline -0.002 -16"><span class='ocrx_word' id='word_1_628' title='bbox 213 4521 289 4584; x_wconf 85' lang='lat' dir='ltr'><strong>gatae</strong></span> <span class='ocrx_word' id='word_1_629' title='bbox 306 4518 441 4571; x_wconf 87' lang='lat' dir='ltr'><strong>substituit</strong></span> <span class='ocrx_word' id='word_1_630' title='bbox 457 4517 592 4582; x_wconf 86' lang='lat' dir='ltr'><strong>ediditque</strong></span> <span class='ocrx_word' id='word_1_631' title='bbox 609 4516 767 4581; x_wconf 88' lang='lat' dir='ltr'><strong>Lambinus,</strong></span> <span class='ocrx_word' id='word_1_632' title='bbox 785 4519 827 4572; x_wconf 86' lang='lat' dir='ltr'><strong>vel</strong></span> <span class='ocrx_word' id='word_1_633' title='bbox 845 4521 889 4584; x_wconf 81' lang='lat' dir='ltr'><strong>qui</strong></span> <span class='ocrx_word' id='word_1_634' title='bbox 906 4520 1037 4585; x_wconf 87' lang='lat' dir='ltr'><strong>perpetuo</strong></span> <span class='ocrx_word' id='word_1_635' title='bbox 1053 4519 1119 4571; x_wconf 88' lang='lat' dir='ltr'><strong>socii</strong></span> <span class='ocrx_word' id='word_1_636' title='bbox 1135 4523 1162 4572; x_wconf 91' lang='grc'><strong>44</strong></span> <span class='ocrx_word' id='word_1_637' title='bbox 1178 4521 1258 4571; x_wconf 86' lang='lat' dir='ltr'><strong>amici</strong></span> <span class='ocrx_word' id='word_1_638' title='bbox 1273 4521 1301 4570; x_wconf 85' lang='lat' dir='ltr'><strong>P.</strong></span> <span class='ocrx_word' id='word_1_639' title='bbox 1320 4519 1350 4570; x_wconf 82' lang='grc'><strong>44.</strong></span> <span class='ocrx_word' id='word_1_640' title='bbox 1368 4515 1480 4567; x_wconf 87' lang='lat' dir='ltr'><strong>fuerant.</strong></span> <span class='ocrx_word' id='word_1_641' title='bbox 1496 4516 1538 4568; x_wconf 76' lang='lat' dir='ltr'><strong>af.</strong></span> 
     </span>
     <span class='ocr_line' id='line_1_53' title="bbox 212 4591 1540 4662; baseline -0.002 -18"><span class='ocrx_word' id='word_1_642' title='bbox 212 4608 240 4661; x_wconf 87' lang='lat' dir='ltr'><strong>p.</strong></span> <span class='ocrx_word' id='word_1_643' title='bbox 258 4595 326 4646; x_wconf 86' lang='lat' dir='ltr'><strong>sest.</strong></span> <span class='ocrx_word' id='word_1_644' title='bbox 345 4607 370 4644; x_wconf 89' lang='lat' dir='ltr'><strong>o.</strong></span> <span class='ocrx_word' id='word_1_645' title='bbox 388 4593 429 4646; x_wconf 75' lang='lat'><strong>27.</strong></span> <span class='ocrx_word' id='word_1_646' title='bbox 461 4593 504 4644; x_wconf 90' lang='grc'><strong>4444</strong></span> <span class='ocrx_word' id='word_1_647' title='bbox 521 4592 627 4656; x_wconf 64' lang='lat' dir='ltr'><strong>oppam</strong></span> <span class='ocrx_word' id='word_1_648' title='bbox 645 4593 736 4655; x_wconf 80' lang='lat' dir='ltr'><strong>miser,</strong></span> <span class='ocrx_word' id='word_1_649' title='bbox 758 4597 802 4657; x_wconf 83' lang='lat' dir='ltr'><strong>pai</strong></span> <span class='ocrx_word' id='word_1_650' title='bbox 817 4609 913 4659; x_wconf 85' lang='lat' dir='ltr'><strong>semper</strong></span> <span class='ocrx_word' id='word_1_651' title='bbox 927 4597 1020 4662; x_wconf 82' lang='grc'><strong>444444,</strong></span> <span class='ocrx_word' id='word_1_652' title='bbox 1036 4608 1134 4659; x_wconf 72' lang='lat' dir='ltr'><strong>seraper</strong></span> <span class='ocrx_word' id='word_1_653' title='bbox 1150 4597 1245 4647; x_wconf 78' lang='grc'><strong>444444</strong></span> <span class='ocrx_word' id='word_1_654' title='bbox 1260 4596 1316 4662; x_wconf 76' lang='lat' dir='ltr'><strong>{tiit</strong></span> <span class='ocrx_word' id='word_1_655' title='bbox 1336 4592 1395 4658; x_wconf 89' lang='lat' dir='ltr'><strong>[sed</strong></span> <span class='ocrx_word' id='word_1_656' title='bbox 1410 4593 1439 4643; x_wconf 90' lang='lat' dir='ltr'><strong>b.</strong></span> <span class='ocrx_word' id='word_1_657' title='bbox 1456 4591 1474 4643; x_wconf 89' lang='grc'><strong>4,</strong></span> <span class='ocrx_word' id='word_1_658' title='bbox 1491 4593 1540 4657; x_wconf 75' lang='lat' dir='ltr'><strong>snit</strong></span> 
     </span>
     <span class='ocr_line' id='line_1_54' title="bbox 212 4667 1538 4735; baseline -0.005 -12"><span class='ocrx_word' id='word_1_659' title='bbox 212 4669 357 4735; x_wconf 87' lang='lat' dir='ltr'><strong>adiicituri]</strong></span> <span class='ocrx_word' id='word_1_660' title='bbox 376 4671 449 4721; x_wconf 88' lang='lat' dir='ltr'><strong>itanc</strong></span> <span class='ocrx_word' id='word_1_661' title='bbox 466 4667 669 4734; x_wconf 81' lang='lat' dir='ltr'><strong>explicationem</strong></span> <span class='ocrx_word' id='word_1_662' title='bbox 684 4682 739 4721; x_wconf 92' lang='lat' dir='ltr'><strong>non</strong></span> <span class='ocrx_word' id='word_1_663' title='bbox 756 4671 914 4722; x_wconf 83' lang='lat' dir='ltr'><strong>confirmant</strong></span> <span class='ocrx_word' id='word_1_664' title='bbox 931 4669 1025 4731; x_wconf 91' lang='lat' dir='ltr'><strong>modo,</strong></span> <span class='ocrx_word' id='word_1_665' title='bbox 1044 4683 1138 4722; x_wconf 89' lang='lat' dir='ltr'><strong>verum</strong></span> <span class='ocrx_word' id='word_1_666' title='bbox 1157 4672 1237 4722; x_wconf 90' lang='lat' dir='ltr'><strong>etiam</strong></span> <span class='ocrx_word' id='word_1_667' title='bbox 1253 4670 1393 4734; x_wconf 78' lang='lat' dir='ltr'><strong>mqaunnt</strong></span> <span class='ocrx_word' id='word_1_668' title='bbox 1404 4681 1450 4730; x_wconf 88' lang='lat' dir='ltr'><strong>ea,</strong></span> <span class='ocrx_word' id='word_1_669' title='bbox 1469 4679 1538 4732; x_wconf 87' lang='lat' dir='ltr'><strong>quae</strong></span> 
     </span>
     <span class='ocr_line' id='line_1_55' title="bbox 213 4743 1539 4810; baseline -0.002 -13"><span class='ocrx_word' id='word_1_670' title='bbox 213 4747 267 4798; x_wconf 85' lang='lat' dir='ltr'><strong>toto</strong></span> <span class='ocrx_word' id='word_1_671' title='bbox 284 4757 343 4809; x_wconf 88' lang='lat' dir='ltr'><strong>cap.</strong></span> <span class='ocrx_word' id='word_1_672' title='bbox 362 4743 402 4796; x_wconf 77' lang='grc'><strong>34.</strong></span> <span class='ocrx_word' id='word_1_673' title='bbox 421 4757 501 4810; x_wconf 89' lang='lat' dir='ltr'><strong>supra</strong></span> <span class='ocrx_word' id='word_1_674' title='bbox 518 4745 658 4796; x_wconf 86' lang='lat' dir='ltr'><strong>dicuntur:</strong></span> <span class='ocrx_word' id='word_1_675' title='bbox 681 4745 753 4796; x_wconf 89' lang='lat' dir='ltr'><strong>unde</strong></span> <span class='ocrx_word' id='word_1_676' title='bbox 771 4745 819 4798; x_wconf 88' lang='lat' dir='ltr'><strong>hos</strong></span> <span class='ocrx_word' id='word_1_677' title='bbox 837 4759 897 4798; x_wconf 87' lang='lat' dir='ltr'><strong>esse</strong></span> <span class='ocrx_word' id='word_1_678' title='bbox 913 4745 970 4798; x_wconf 89' lang='lat' dir='ltr'><strong>iilos</strong></span> <span class='ocrx_word' id='word_1_679' title='bbox 988 4747 1187 4810; x_wconf 81' lang='lat' dir='ltr'><strong>cognoscimus,</strong></span> <span class='ocrx_word' id='word_1_680' title='bbox 1212 4746 1255 4809; x_wconf 83' lang='lat' dir='ltr'><strong>pai</strong></span> <span class='ocrx_word' id='word_1_681' title='bbox 1270 4747 1298 4797; x_wconf 91' lang='lat' dir='ltr'><strong>in</strong></span> <span class='ocrx_word' id='word_1_682' title='bbox 1314 4745 1428 4796; x_wconf 83' lang='lat' dir='ltr'><strong>amicitia</strong></span> <span class='ocrx_word' id='word_1_683' title='bbox 1442 4745 1539 4810; x_wconf 75' lang='lat' dir='ltr'><strong>pdepae</strong></span> 
     </span>
     <span class='ocr_line' id='line_1_56' title="bbox 212 4819 1539 4887; baseline -0.005 -13"><span class='ocrx_word' id='word_1_684' title='bbox 212 4824 238 4874; x_wconf 83' lang='lat' dir='ltr'><strong>P.</strong></span> <span class='ocrx_word' id='word_1_685' title='bbox 257 4824 285 4873; x_wconf 82' lang='grc'><strong>44.</strong></span> <span class='ocrx_word' id='word_1_686' title='bbox 301 4827 421 4884; x_wconf 79' lang='lat' dir='ltr'><strong>perpetuo</strong></span> <span class='ocrx_word' id='word_1_687' title='bbox 436 4827 581 4872; x_wconf 74' lang='grc'><strong>4444444444</strong></span> <span class='ocrx_word' id='word_1_688' title='bbox 599 4821 631 4885; x_wconf 68' lang='lat' dir='ltr'><strong>is.</strong></span> <span class='ocrx_word' id='word_1_689' title='bbox 644 4821 705 4886; x_wconf 73' lang='lat' dir='ltr'><strong>Sil.</strong></span> <span class='ocrx_word' id='word_1_690' title='bbox 731 4822 805 4872; x_wconf 89' lang='lat' dir='ltr'><strong>idem</strong></span> <span class='ocrx_word' id='word_1_691' title='bbox 822 4823 866 4874; x_wconf 89' lang='lat' dir='ltr'><strong>hic</strong></span> <span class='ocrx_word' id='word_1_692' title='bbox 883 4822 1057 4887; x_wconf 86' lang='lat' dir='ltr'><strong>significatur,</strong></span> <span class='ocrx_word' id='word_1_693' title='bbox 1076 4821 1148 4886; x_wconf 87' lang='lat' dir='ltr'><strong>quod</strong></span> <span class='ocrx_word' id='word_1_694' title='bbox 1165 4835 1199 4873; x_wconf 92' lang='lat' dir='ltr'><strong>eo</strong></span> <span class='ocrx_word' id='word_1_695' title='bbox 1214 4821 1275 4874; x_wconf 89' lang='lat' dir='ltr'><strong>loco</strong></span> <span class='ocrx_word' id='word_1_696' title='bbox 1292 4822 1394 4873; x_wconf 84' lang='lat' dir='ltr'><strong>eximiis</strong></span> <span class='ocrx_word' id='word_1_697' title='bbox 1410 4819 1474 4871; x_wconf 91' lang='lat' dir='ltr'><strong>artis</strong></span> <span class='ocrx_word' id='word_1_698' title='bbox 1491 4831 1539 4870; x_wconf 92' lang='lat' dir='ltr'><strong>co-</strong></span> 
     </span>
     <span class='ocr_line' id='line_1_57' title="bbox 212 4894 1538 4962; baseline -0.005 -11"><span class='ocrx_word' id='word_1_699' title='bbox 212 4896 313 4951; x_wconf 89' lang='lat' dir='ltr'><strong>loribus</strong></span> <span class='ocrx_word' id='word_1_700' title='bbox 330 4897 459 4961; x_wconf 88' lang='lat' dir='ltr'><strong>pingitur,</strong></span> <span class='ocrx_word' id='word_1_701' title='bbox 477 4898 504 4948; x_wconf 92' lang='lat' dir='ltr'><strong>in</strong></span> <span class='ocrx_word' id='word_1_702' title='bbox 521 4910 574 4961; x_wconf 91' lang='lat' dir='ltr'><strong>qno</strong></span> <span class='ocrx_word' id='word_1_703' title='bbox 591 4899 634 4948; x_wconf 88' lang='lat' dir='ltr'><strong>est</strong></span> <span class='ocrx_word' id='word_1_704' title='bbox 649 4895 684 4949; x_wconf 90' lang='grc'><strong>44</strong></span> <span class='ocrx_word' id='word_1_705' title='bbox 695 4899 858 4948; x_wconf 82' lang='lat' dir='ltr'><strong>extremum:</strong></span> <span class='ocrx_word' id='word_1_706' title='bbox 878 4909 986 4960; x_wconf 77' lang='lat' dir='ltr'><strong>pamma</strong></span> <span class='ocrx_word' id='word_1_707' title='bbox 1000 4899 1124 4949; x_wconf 77' lang='grc'><strong>44444444</strong></span> <span class='ocrx_word' id='word_1_708' title='bbox 1141 4911 1218 4962; x_wconf 87' lang='lat' dir='ltr'><strong>opera</strong></span> <span class='ocrx_word' id='word_1_709' title='bbox 1228 4895 1463 4961; x_wconf 79' lang='lat' dir='ltr'><strong>Spracaaaninobie</strong></span> <span class='ocrx_word' id='word_1_710' title='bbox 1473 4894 1538 4944; x_wconf 81' lang='grc'><strong>44444</strong></span> 
     </span>
     <span class='ocr_line' id='line_1_58' title="bbox 212 4971 1538 5038; baseline -0.003 -16"><span class='ocrx_word' id='word_1_711' title='bbox 212 4972 338 5022; x_wconf 68' lang='lat' dir='ltr'><strong>audem</strong></span> <span class='ocrx_word' id='word_1_712' title='bbox 354 4976 423 5034; x_wconf 83' lang='grc'><strong>4444,</strong></span> <span class='ocrx_word' id='word_1_713' title='bbox 441 4985 482 5022; x_wconf 83' lang='grc'><strong>444</strong></span> <span class='ocrx_word' id='word_1_714' title='bbox 497 4972 659 5034; x_wconf 59' lang='lat' dir='ltr'><strong>secanam</strong></span> <span class='ocrx_word' id='word_1_715' title='bbox 676 4973 740 5022; x_wconf 83' lang='grc'><strong>44444</strong></span> <span class='ocrx_word' id='word_1_716' title='bbox 757 4973 884 5024; x_wconf 82' lang='lat' dir='ltr'><strong>audientes</strong></span> <span class='ocrx_word' id='word_1_717' title='bbox 900 4985 949 5023; x_wconf 78' lang='lat' dir='ltr'><strong>esse</strong></span> <span class='ocrx_word' id='word_1_718' title='bbox 965 4973 1056 5024; x_wconf 79' lang='grc'><strong>44444444</strong></span> <span class='ocrx_word' id='word_1_719' title='bbox 1073 4971 1105 5038; x_wconf 72' lang='grc'><strong>(5.</strong></span> <span class='ocrx_word' id='word_1_720' title='bbox 1118 4973 1196 5038; x_wconf 71' lang='lat' dir='ltr'><strong>sep..</strong></span> <span class='ocrx_word' id='word_1_721' title='bbox 1225 4977 1317 5026; x_wconf 75' lang='lat' dir='ltr'><strong>Gerar.</strong></span> <span class='ocrx_word' id='word_1_722' title='bbox 1337 4974 1378 5034; x_wconf 81' lang='lat'><strong>11..</strong></span> <span class='ocrx_word' id='word_1_723' title='bbox 1397 4972 1471 5023; x_wconf 88' lang='lat' dir='ltr'><strong>cuius</strong></span> <span class='ocrx_word' id='word_1_724' title='bbox 1490 4981 1538 5019; x_wconf 86' lang='lat' dir='ltr'><strong>ex-</strong></span> 
     </span>
     <span class='ocr_line' id='line_1_59' title="bbox 212 5042 1537 5115; baseline -0.002 -16"><span class='ocrx_word' id='word_1_725' title='bbox 212 5046 344 5113; x_wconf 88' lang='lat' dir='ltr'><strong>plicationi</strong></span> <span class='ocrx_word' id='word_1_726' title='bbox 360 5047 537 5112; x_wconf 84' lang='lat' dir='ltr'><strong>suffragentur</strong></span> <span class='ocrx_word' id='word_1_727' title='bbox 552 5049 654 5112; x_wconf 91' lang='lat' dir='ltr'><strong>Zumpt.</strong></span> <span class='ocrx_word' id='word_1_728' title='bbox 674 5051 702 5100; x_wconf 88' lang='grc'><strong>44</strong></span> <span class='ocrx_word' id='word_1_729' title='bbox 717 5048 845 5100; x_wconf 86' lang='lat' dir='ltr'><strong>Halmius.</strong></span> <span class='ocrx_word' id='word_1_730' title='bbox 868 5048 903 5098; x_wconf 78' lang='lat' dir='ltr'><strong>it</strong></span> <span class='ocrx_word' id='word_1_731' title='bbox 922 5047 1006 5112; x_wconf 82' lang='lat' dir='ltr'><strong>figure</strong></span> <span class='ocrx_word' id='word_1_732' title='bbox 1023 5042 1074 5111; x_wconf 74' lang='grc' dir='ltr'><strong>ὕφ’</strong></span> <span class='ocrx_word' id='word_1_733' title='bbox 1092 5043 1123 5100; x_wconf 74' lang='lat' dir='ltr'><strong>iv</strong></span> <span class='ocrx_word' id='word_1_734' title='bbox 1139 5049 1211 5115; x_wconf 89' lang='lat' dir='ltr'><strong>apud</strong></span> <span class='ocrx_word' id='word_1_735' title='bbox 1227 5049 1383 5102; x_wconf 84' lang='lat' dir='ltr'><strong>Ciceronem</strong></span> <span class='ocrx_word' id='word_1_736' title='bbox 1401 5046 1537 5100; x_wconf 86' lang='lat' dir='ltr'><strong>rarissima</strong></span> 
     </span>
     <span class='ocr_line' id='line_1_60' title="bbox 214 5121 1535 5192; baseline -0.006 -12"><span class='ocrx_word' id='word_1_737' title='bbox 214 5125 255 5180; x_wconf 85' lang='grc'><strong>444</strong></span> <span class='ocrx_word' id='word_1_738' title='bbox 270 5126 299 5179; x_wconf 87' lang='grc'><strong>44</strong></span> <span class='ocrx_word' id='word_1_739' title='bbox 313 5125 340 5178; x_wconf 86' lang='lat' dir='ltr'><strong>iu</strong></span> <span class='ocrx_word' id='word_1_740' title='bbox 357 5122 528 5180; x_wconf 83' lang='lat' dir='ltr'><strong>substantivis</strong></span> <span class='ocrx_word' id='word_1_741' title='bbox 543 5121 697 5190; x_wconf 80' lang='lat' dir='ltr'><strong>verbalibus</strong></span> <span class='ocrx_word' id='word_1_742' title='bbox 714 5124 771 5178; x_wconf 88' lang='lat' dir='ltr'><strong>iere</strong></span> <span class='ocrx_word' id='word_1_743' title='bbox 787 5123 874 5176; x_wconf 89' lang='lat' dir='ltr'><strong>obvie.</strong></span> <span class='ocrx_word' id='word_1_744' title='bbox 894 5123 941 5190; x_wconf 82' lang='lat' dir='ltr'><strong>(Cf.</strong></span> <span class='ocrx_word' id='word_1_745' title='bbox 958 5125 1063 5191; x_wconf 86' lang='lat' dir='ltr'><strong>iieisigii</strong></span> <span class='ocrx_word' id='word_1_746' title='bbox 1079 5123 1175 5177; x_wconf 88' lang='lat' dir='ltr'><strong>scholi.</strong></span> <span class='ocrx_word' id='word_1_747' title='bbox 1193 5139 1220 5192; x_wconf 93' lang='lat' dir='ltr'><strong>p.</strong></span> <span class='ocrx_word' id='word_1_748' title='bbox 1233 5125 1281 5178; x_wconf 77' lang='grc'><strong>344</strong></span> <span class='ocrx_word' id='word_1_749' title='bbox 1295 5137 1356 5192; x_wconf 87' lang='lat' dir='ltr'><strong>sqq.</strong></span> <span class='ocrx_word' id='word_1_750' title='bbox 1369 5121 1433 5174; x_wconf 88' lang='lat' dir='ltr'><strong>ibid.</strong></span> <span class='ocrx_word' id='word_1_751' title='bbox 1445 5123 1535 5190; x_wconf 81' lang='grc'><strong>44444.)</strong></span> 
     </span>
    </p>
   </div>
   <div class='ocr_carea' id='block_1_6' title="bbox 0 0 1826 5862">
    <p class='ocr_par' dir='ltr' id='par_1_13' title="bbox 0 0 1826 5862">
     <span class='ocr_line' id='line_1_61' title="bbox 0 0 1826 5862; baseline 0 2"><span class='ocrx_word' id='word_1_752' title='bbox 0 0 1826 5862; x_wconf 95' lang='lat' dir='ltr'><strong> </strong></span> 
     </span>
    </p>
   </div>
  </div>
 </body>
</html>
