3642 5868
478 478 548 544 sn.
570 473 609 540 u.
637 473 712 540 cn.
732 471 995 538 xxo-xxm.
1022 467 1079 556 sc.
1100 467 1248 536 ea-ss.
1460 463 1522 531 roo

204 665 275 712 esse
295 623 448 711 edurum.
491 643 542 710 56.
563 646 728 730 Epicrates
747 643 893 709 homiues
915 641 1022 708 multis
1042 643 1147 706 verbis
1168 642 1251 706 male
1272 648 1420 726 acceptos
1435 641 1475 706 ab
1489 662 1524 706 se

203 741 350 806 dimittit:
380 741 517 805 redeunt
535 739 583 804 illi
604 738 726 822 Rhegio
749 739 935 822 Syracusas:
962 737 1053 822 queri
1074 757 1146 800 cum
1168 736 1290 810 multis,
1316 743 1353 800 ut
1373 732 1424 811 lit,
1446 735 1526 798 inei-

203 837 297 918 piunt
328 855 399 899 sese
429 833 489 898 tis
512 851 599 898 cxxx
627 852 790 896 nummum
818 831 935 895 frustra
963 832 1097 895 dedisse.
1140 833 1201 894 Bes
1222 830 1419 914 percrebruit
1439 837 1473 893 et
1492 830 1526 894 in

204 935 378 1014 creatque
400 949 545 994 sermone
567 927 709 992 omnium
731 927 838 1009 coepit
863 947 943 990 esse.
985 927 1100 989 Verres
1122 945 1187 988 rem
1210 924 1306 988 refert
1326 922 1414 990 illam
1437 943 1527 989 susm

205 1023 450 1106 Syracusanam:
473 1023 517 1086 ait
538 1043 573 1086 sc
594 1023 676 1087 velle
698 1021 738 1084 de
759 1019 824 1083 illis
839 1021 898 1084 HS
913 1039 1000 1084 uxxx
1022 1039 1230 1102 cognoscere:
1251 1021 1386 1085 advocat
1399 1019 1552 1084 multos-o

204 1117 321 1181 Dicunt
341 1118 447 1181 Bidini
469 1117 615 1181 Volcatio
638 1137 673 1179 se
695 1115 838 1179 dedisse:
861 1113 939 1177 illud
962 1133 1028 1176 uon
1049 1112 1184 1186 addunt,
1206 1113 1295 1177 iussu
1317 1116 1419 1178 istius.
1452 1115 1528 1178 Vol·

205 1212 322 1275 catium
342 1220 455 1275 vocat:
477 1211 646 1295 pecuniam
667 1208 776 1272 reterri
799 1207 895 1270 iubet.
929 1207 1091 1270 Volcatius
1106 1207 1211 1270 auimo
1229 1209 1422 1292 aequissimo
1437 1229 1529 1272 num·

205 1324 274 1368 mos
292 1307 399 1380 affert,
422 1305 478 1389 qui
492 1304 573 1367 nibil
587 1303 766 1366 amitteret:
787 1301 891 1365 reddit
905 1300 1155 1384 inspectantibus
1170 1301 1294 1364 multis:
1316 1303 1422 1366 Bidini
1438 1323 1529 1366 num-

206 1417 276 1462 mos
298 1398 455 1463 auicrunt.
498 1395 549 1460 57.
573 1398 663 1460 Dicet
683 1395 821 1479 aliquis:
844 1394 929 1469 Quid
945 1413 1020 1478 ergo
1038 1395 1073 1456 in
1090 1394 1153 1456 boc
1168 1395 1297 1458 Verrem
1311 1397 1529 1480 reprehendis,

206 1493 262 1575 qui
284 1513 350 1556 non
371 1492 467 1555 modo
488 1491 559 1575 ipse
580 1491 632 1553 fur
652 1509 718 1552 non
740 1494 808 1564 est,
830 1489 886 1551 sed
908 1507 949 1550 ue
970 1487 1067 1551 alium
1082 1489 1213 1573 quidem
1234 1511 1346 1573 passus
1368 1502 1417 1558 cst
1438 1495 1569 1558 esse‘lro

206 1586 386 1650 Attendite:
408 1586 471 1648 iam
494 1583 679 1665 intelligetis
701 1582 783 1645 banc
805 1581 987 1664 pecuniam,
1011 1601 1093 1666 quae
1107 1584 1159 1646 ria
1180 1586 1276 1648 modo
1297 1588 1366 1652 visa
1381 1595 1430 1652 est
1443 1589 1531 1652 exire

207 1679 247 1742 ab
268 1679 347 1755 isto,
380 1699 449 1742 eam
471 1679 584 1741 semita
604 1677 781 1741 revertisse.
825 1676 910 1752 Quid
931 1676 1017 1738 enirn
1038 1675 1148 1739 debuit
1168 1685 1296 1760 praetor
1316 1679 1437 1757 lacere,
1459 1702 1531 1746 cuna

208 1773 343 1837 consilio
372 1772 500 1854 cognita
528 1790 624 1835 causa
653 1791 724 1834 cum
754 1770 961 1853 comperisset
989 1789 1083 1834 suum
1104 1774 1252 1835 comitem
1273 1773 1368 1852 iuris,
1397 1777 1533 1852 decreti,

208 1866 320 1931 iudicii
342 1865 565 1948 corrumpendi
588 1847 784 1954 oausa,(qua
805 1864 839 1927 iu
860 1883 895 1927 re
916 1863 1018 1946 ipsius
1040 1865 1196 1946 praetoris
1218 1876 1313 1949 eaput
1326 1870 1535 1934 existimatio·

210 1979 273 2044 que
294 1955 454 2043 ageretur)
475 1957 643 2041 pecuniam
666 1957 844 2040 accepisse,
866 1958 998 2021 Bidinos
1013 1965 1120 2021 autern
1134 1961 1302 2041 pecuniam
1318 1971 1428 2029 contra
1442 1976 1571 2050 prae-ro
1605 1901 1693 2012 d

209 2053 288 2117 toris
308 2051 424 2116 lamam
446 2071 483 2114 ac
503 2050 646 2114 fortunas
668 2049 818 2114 dedisset
848 2071 914 2114 non
942 2059 974 2114 et
995 2052 1030 2116 in
1051 2072 1141 2128 eum,
1172 2054 1228 2137 qui
1250 2056 1439 2140 accepisset,
1466 2061 1535 2124 ani·

209 2146 428 2210 madvertisset
449 2152 481 2208 et
502 2145 535 2207 in
558 2164 631 2220 cos,
660 2146 714 2228 qui
736 2144 924 2208 dedissent?
958 2147 1023 2221 Tu,
1051 2147 1107 2230 qui
1128 2147 1311 2214 institueras
1333 2151 1367 2214 in
1389 2173 1445 2218 eos
1466 2155 1535 2217 ani·

210 2240 421 2313 madvertere,
450 2238 505 2323 qui
531 2256 695 2323 perperam
723 2238 935 2314 iudicassent,
964 2239 1052 2322 quod
1080 2259 1175 2324 saepo
1203 2261 1261 2326 per
1288 2243 1535 2330 imprudentiam

211 2331 261 2410 lit,
281 2333 340 2398 hos
363 2335 480 2418 pateris
501 2331 633 2416 impunc
655 2333 833 2408 discedere,
856 2333 913 2416 qui
937 2333 978 2396 ob
999 2341 1090 2397 tuum
1112 2336 1289 2413 decretum,
1311 2340 1353 2402 ob
1374 2346 1465 2402 tuum
1487 2339 1536 2402 iu-
1678 2327 1704 2394 3

211 2427 329 2490 dicium
349 2427 517 2508 pecuniam
539 2433 596 2490 aut
609 2425 743 2490 dandam
759 2435 814 2489 aut
828 2413 1231 2511 accipiendeffi'putarantl
1262 2431 1378 2497 XXIV.
1393 2415 1444 2496 dd.
1459 2434 1573 2500 Vol-io

211 2519 311 2584 catius
338 2518 423 2582 idem
446 2520 531 2602 apud
553 2528 585 2582 te
607 2528 720 2602 postca
740 2520 818 2596 fuit,
853 2541 952 2605 eques
980 2521 1155 2598 Romanus,
1184 2531 1273 2589 teuta
1294 2536 1423 2612 accepta
1445 2531 1536 2616 iguo-

210 2613 318 2676 minia.
354 2613 432 2676 Nam
456 2613 533 2698 quid
556 2621 604 2676 cst
625 2614 750 2696 turpius
771 2615 924 2697 ingenuo,
946 2615 1025 2698 quid
1048 2617 1153 2679 miuus
1175 2617 1277 2682 libero
1293 2621 1424 2705 dignum
1439 2647 1536 2711 quam

210 2707 244 2771 iu
265 2713 424 2770 conventu
444 2706 586 2770 maximo
601 2707 671 2789 cogi
687 2727 706 2770 a
720 2708 905 2790 magistratu
919 2707 1039 2771 furtum
1053 2708 1214 2774 redderet
1235 2714 1309 2797 qui,
1332 2717 1359 2780 si
1374 2739 1415 2782 eo
1429 2721 1535 2785 animo

210 2805 309 2874 esset,
330 2817 395 2883 quo
417 2819 482 2863 nou
503 2800 600 2863 modo
623 2820 720 2884 eques
742 2802 919 2876 Romanus,
949 2802 1005 2865 sed
1028 2803 1134 2886 quivis
1156 2804 1236 2868 liber
1256 2808 1352 2873 debet
1372 2833 1458 2889 esse,
1481 2815 1537 2878 ad-

210 2894 333 2978 spicere
354 2899 385 2956 te
406 2901 519 2975 postea
540 2913 606 2958 uon
627 2895 801 2977 potuisset:
823 2895 989 2972 inimicus,
1010 2895 1113 2960 bostis
1135 2907 1220 2962 esset
1240 2905 1329 2965 tanta
1343 2907 1573 2972 contumelia*

210 2993 356 3070 accepta,
389 2987 453 3050 uisi
485 2994 591 3050 tecum
621 2987 802 3051 collusisset
831 2998 863 3052 et
889 2997 962 3052 tuae
991 2991 1099 3073 potius
1132 2993 1359 3059 existimationi
1388 3001 1539 3068 servisset

212 3100 309 3166 mam
331 3099 418 3144 suae.
447 3079 511 3155 Qui
534 3100 630 3165 quam
650 3082 709 3144 tihi
731 3082 852 3146 amicus
874 3103 939 3146 non
961 3083 1056 3146 modo
1078 3093 1146 3148 tum
1166 3085 1277 3164 luerit,
1303 3109 1399 3174 qum
1415 3095 1470 3158 diu
1491 3105 1538 3162 ω-

212 3196 285 3239 cum
305 3174 339 3237 in
361 3173 527 3258 provincia
546 3174 626 3249 mit,
647 3194 757 3238 verum
780 3176 874 3239 etiam
896 3197 981 3239 nunc
997 3177 1053 3253 sit,
1075 3198 1147 3241 cum
1169 3180 1233 3242 iam
1252 3201 1273 3245 a
1293 3186 1406 3250 ceteris
1428 3191 1538 3254 amicis

211 3268 341 3332 relictus
363 3285 414 3342 es,
438 3275 470 3330 ct
490 3275 527 3331 tu
547 3267 698 3351 intelligis
720 3276 752 3332 et
776 3289 836 3332 nos
857 3270 1037 3334 existimare
1058 3291 1240 3354 possumus.
1281 3277 1331 3340 An
1352 3277 1414 3344 boc
1435 3284 1538 3348 solum

211 3365 433 3445 argumentum
461 3368 508 3425 est
537 3361 618 3426 nibil
645 3363 707 3426 isto
736 3362 938 3446 imprudente
960 3362 1095 3440 lactum,
1127 3367 1215 3450 quod
1236 3368 1400 3436 Volcatius
1421 3375 1452 3438 ei
1474 3387 1576 3442 uonac

213 3455 416 3522 succensuit?
446 3454 533 3539 quod
561 3455 621 3518 istc
648 3475 707 3518 nec
734 3457 768 3520 iu
789 3454 967 3522 Volcatium
995 3478 1055 3522 ucc
1081 3458 1115 3521 in
1141 3459 1272 3526 bidiuos
1293 3465 1539 3536 animadversis:

213 3548 265 3615 59.
286 3551 345 3616 Est
365 3567 513 3631 maguum
534 3555 771 3631 argumentum:
800 3570 910 3614 verum
939 3550 1019 3614 illud
1045 3553 1235 3630 maximum,
1255 3558 1353 3640 lquod
1374 3560 1439 3626 illis
1460 3565 1539 3648 ipsis

221 3677 1539 3712 mmm-„-

279 3747 304 3797 l·
321 3743 388 3796 'Ml‘
404 3747 517 3806 1111111101
532 3741 564 3794 ⁰⁶
580 3744 655 3794 BV:
673 3741 705 3794 οὗ
721 3757 747 3794 11
761 3757 796 3794 m.
815 3757 868 3795 occ.
887 3744 1033 3808 [1829le
1050 3747 1116 3796 mole
1132 3749 1328 3814 oseocc.dtt.;
1347 3760 1539 3814 crematam,

214 3821 244 3874 0.
257 3817 326 3885 egis
337 3819 480 3871 lectionem
491 3816 561 3882 vulg.
574 3831 628 3870 ose
638 3833 672 3869 m.
685 3832 711 3870 o.
726 3819 830 3870 uidetur
840 3819 950 3870 habere.
963 3845 991 3858 ·-
1010 3820 1034 3872 2.
1048 3821 1149 3873 6111111111
1165 3823 1233 3887 Lgtr
1243 3839 1270 3891 p.
1284 3840 1321 3880 m.
1339 3829 1369 3880 V:
1389 3835 1481 3889 omna
1491 3844 1537 3894 οη,

215 3899 245 3950 ο.
265 3923 294 3936 -
312 3896 388 3962 liscio
404 3893 478 3946 1.-
496 3894 1271 3960 1111111311ρ.ιη.11;11661111611.0.-611611-
1288 3915 1418 3961 amm
1435 3913 1538 3970 evm

217 3999 245 4010 -
261 3970 419 4037 morsi:
433 3968 519 4034 igit:
533 3971 675 4034 paesici:
691 3971 729 4022 eV
745 3973 808 4035 1133.
826 3969 882 4022 rell.
896 3970 926 4022 0.
946 3995 974 4008 -
992 3976 1017 4021 st
1031 3970 1066 4021 V:
1085 3985 1139 4024 om.
1153 3976 1200 4025 ott.
1219 4001 1248 4014 -
1267 3975 1292 4028 1.
1309 3993 1363 4032 :sss
1377 3987 1455 4050 reson
1469 3991 1506 4042 aa,
1519 4006 1539 4044 ,‚

215 4049 243 4100 s.
261 4048 331 4099 coni.
348 4046 436 4098 Kslrnt
451 4059 478 4112 p.
498 4048 538 4098 11.
557 4046 616 4099 coll.
635 4047 659 4112 5.
678 4047 734 4099 tia:
757 4061 813 4098 rou
828 4059 883 4098 om.
901 4046 980 4097 codd.
999 4046 1028 4097 0.
1046 4047 1205 4100 luvverba
1221 4064 1312 4102 orsu
1326 4055 1413 4110 Vm:
1428 4065 1456 4113 ss
1470 4065 1505 4116 w,
1519 4080 1539 4118 ³,

215 4124 244 4176 s.
262 4123 332 4176 osric
353 4123 417 4174 sunt
441 4135 526 4174 emsa.
552 4121 638 4174 iiadu
657 4123 706 4187 op.
724 4123 744 4173 1.
762 4137 788 4188 p.
807 4121 880 4172 eit:
906 4123 978 4173 «Nou
995 4120 1089 4172 dubito
1107 4124 1171 4188 qaiu
1186 4125 1300 4179 verbum
1319 4129 1426 4186 Latinos
1442 4149 1541 4192 scenae

215 4197 385 4251 admonuerit
399 4198 500 4250 omisso
517 4211 550 4249 ex
566 4196 685 4250 familiari
702 4197 895 4249 cousuetudine
904 4197 1005 4260 sabaoc
1016 4196 1156 4263 rocchulo,
1175 4203 1312 4266 umquem
1323 4205 1487 4267 wemma
1496 4229 1543 4266 uo-

214 4287 279 4328 men
301 4274 382 4326 esset.
404 4273 458 4324 rid.
477 4273 536 4324 Ter.
554 4273 652 4337 Hecyr.
671 4270 737 4339 prol.
754 4273 780 4324 1.
799 4285 823 4322 v.
842 4273 883 4323 11.
902 4271 942 4324 30.
961 4271 1019 4324 coll.
1039 4273 1093 4324 Cic.
1111 4286 1139 4339 p.
1158 4273 1261 4328 Cluent.
1280 4278 1304 4343 5.
1323 4282 1381 4332 86..
1405 4285 1460 4350 Ego
1476 4303 1542 4343 vero

214 4347 391 4402 vehementer
416 4345 523 4408 dubito:
550 4359 639 4412 neque
661 4347 733 4398 euim
756 4345 839 4398 ullum
861 4348 1001 4411 praeterea
1022 4347 1138 4400 verbum
1160 4349 1187 4401 h.
1207 4349 1223 4402 1.
1242 4351 1277 4404 de
1299 4367 1380 4408 scena
1401 4361 1528 4415 admonet

214 4426 244 4475 u:
259 4424 288 4475 u
302 4421 364 4474 noo
380 4418 498 4473 runcano
514 4434 543 4486 p.
556 4420 659 4473 cluent.
673 4449 700 4460 -
718 4423 744 4472 a.
761 4435 787 4473 s
803 4421 936 4486 :grava
953 4424 1027 4474 oruc.
1046 4425 1089 4488 (ex
1104 4425 1178 4488 usi:
1198 4439 1249 4478 ses
1265 4431 1311 4482 cr:
1330 4432 1359 4483 o.
1375 4459 1402 4470 -
1421 4435 1445 4486 c.
1459 4404 1544 4489 scm}

214 4511 269 4551 om.
288 4497 357 4563 ogia
373 4509 400 4562 p.
413 4508 450 4547 m.
470 4521 500 4535 -
518 4497 543 4548 1.
560 4495 711 4561 iniecisti
728 4511 820 4562 p.m.:
838 4499 947 4560 irruperat
962 4500 1008 4549 cti.
1021 4499 1051 4549 0.
1071 4521 1099 4536 -·
1119 4500 1160 4550 tt.
1178 4515 1244 4564 quos
1259 4505 1329 4556 coni.
1348 4507 1407 4558 lici.
1428 4513 1544 4576 etwyt·

214 4572 287 4625 teuta
299 4570 378 4638 prob.
392 4571 435 4622 Or.
447 4571 552 4636 Zumpt.
564 4571 619 4622 itt:
639 4585 691 4635 oco
708 4570 787 4623 codd.
803 4595 830 4630 -·,
851 4574 891 4623 11.
909 4587 967 4624 eom
983 4572 1051 4637 Lgli
1063 4585 1089 4638 p.
1103 4587 1156 4625 m:
1173 4577 1261 4628 1661111
1277 4582 1335 4640 ott:
1352 4583 1456 4635 acridae
1472 4587 1541 4638 conl,

214 4648 276 4700 Boi.
293 4644 432 4711 wyttenb
445 4645 554 4711 0me.
568 4647 655 4698 iissre
672 4659 698 4712 p.
717 4647 758 4698 16.
779 4673 807 4686 -
823 4647 908 4712 torm
924 4647 957 4700 l:
985 4659 1039 4699 om.
1057 4651 1103 4700 ott.
1123 4649 1152 4700 0.
1173 4677 1201 4688 -
1218 4665 1276 4704 caso
1291 4668 1358 4707 coss.
1376 4671 1447 4724 eope.
1466 4673 1544 4712 cm

214 4720 285 4786 scir
301 4733 329 4786 p.
342 4731 395 4772 m.:
419 4733 478 4772 crass
492 4735 559 4772 cous.
576 4735 606 4774 rs
620 4723 723 4788 coceio
738 4720 819 4788 vulgo
834 4726 895 4789 post
911 4726 1009 4788 Naue:
1026 4723 1129 4774 coucilia
1144 4729 1272 4791 recopnttc
1288 4730 1366 4782 codd.
1385 4733 1433 4784 dtt.
1453 4759 1481 4774 -
1501 4736 1542 4786 111.

212 4793 348 4860 pacm
362 4791 393 4858 i,
411 4795 451 4846 N:
478 4807 532 4847 om.
551 4797 597 4848 ott.
615 4797 645 4848 0.
668 4821 697 4834 -
724 4797 765 4848 16.
783 4798 999 4851 mutassemus
1014 4797 1083 4862 1.ng
1099 4812 1126 4864 p.
1145 4811 1181 4852 m.
1200 4801 1219 4852 F
1239 4802 1324 4868 (prob.
1342 4807 1470 4859 WessnB.
1488 4808 1506 4860 l.
1524 4808 1541 4861 1.

215 4883 243 4937 p.
262 4869 287 4922 a.
304 4869 323 4920 1.
341 4881 366 4921 e.
385 4881 439 4921 nou
456 4871 669 4924 animadvertere
684 4871 789 4924 61111111
811 4870 869 4924 coll.
888 4871 919 4923 V.
938 4872 963 4937 s.
982 4873 1039 4924 soa.
1057 4871 1093 4923 sd
1108 4873 1161 4924 111.
1178 4875 1210 4926 11.
1229 4877 1254 4940 1,
1272 4877 1296 4940 1)
1309 4891 1315 4928 :
1340 4882 1545 4936 amaremus:

216 4947 251 5008 0:
269 4944 384 4996 6611111111
399 4945 534 4998 adomim
544 4947 670 5012 micae
688 4946 721 4998 al.
734 4950 762 5000 et
777 4947 816 5000 sic
833 4947 923 4999 statim
937 4947 1008 5012 post.
1022 4973 1051 4986 -
1068 4949 1109 5000 2⁰.
1123 4949 1250 5012 waben!
1265 4953 1334 5016 beli
1346 4967 1371 5020 p.
1385 4967 1422 5007 m.
1441 4957 1544 5023 [recte]

218 5019 301 5072 -16
320 5019 1308 5087 dmmwwtgiip.m.;sicoopseosimcsrtsoqooi.-
1327 5029 1368 5080 io.
1386 5032 1564 5095 ammiror

217 5099 301 5148 isam
316 5095 365 5158 ir:
391 5101 446 5148 m
460 5095 539 5160 lagg.
558 5093 630 5156 rsit:
656 5100 737 5146 uoco
756 5099 809 5146 lim
830 5095 935 5161 Zumpt.
961 5097 1024 5160 [tm
1039 5110 1089 5149 nos
1106 5100 1294 5165 expunximus,
1321 5104 1447 5167 quonium
1463 5107 1491 5157 Ζ.
1509 5105 1544 5159 de

218 5168 298 5226 cedd.
316 5170 396 5238 tsoe.
414 5171 520 5225 errem
537 5169 632 5236 iiim]
651 5195 679 5210 -
696 5171 739 5224 11.
756 5170 802 5224 ret.
820 5181 847 5222 es
861 5169 932 5236 igit
946 5183 1029 5237 pru:
1046 5173 1093 5226 rel.
1109 5175 1144 5226 si:
1160 5175 1221 5237 ott:
1238 5175 1274 5228 sir
1286 5177 1333 5230 nt.
1351 5178 1381 5229 ο.
