3578 5862
314 403 376 470 dil
723 405 875 472 ORATIO
897 405 976 472 PRO
999 405 1033 472 G.
1053 405 1219 472 alelmo

314 585 359 649 rei
381 585 525 670 publicae
547 583 778 650 defenderunt?
799 586 878 670 quid
893 586 933 650 de
946 585 1081 650 tribunis
1095 586 1225 650 aerariis
1239 594 1479 672 ceterorumque
1491 589 1641 654 ordinum

314 681 455 744 omnium
485 679 686 754 bominibus,
722 681 777 763 qui
803 689 871 744 tum
901 699 988 744 arma
1018 699 1076 764 pro
1105 680 1263 744 communi
1291 680 1435 744 libertate
1464 689 1641 767 ceperunt?

315 777 356 838 X.
378 774 442 838 Sed
458 773 536 856 qnid
551 794 611 856 ego
626 774 666 837 de
681 775 721 838 iis
736 774 893 850 omnibus,
909 774 964 857 qui
979 775 1137 838 consulari
1152 775 1284 858 imperio
1299 785 1481 857 paruerunt,
1501 778 1640 861 loquor?

315 870 355 933 de
378 869 519 953 ipsorum
541 868 708 932 consulum
736 868 819 932 lema
846 868 924 952 quid
951 868 1092 932 futurum
1121 872 1189 932 est?
1231 869 1267 931 L.
1288 870 1449 944 Flaccum,
1477 871 1639 935 bominem

289 973 386 1027 tcum
407 981 532 1044 semper
552 961 586 1024 iu
607 981 642 1026 re
664 962 805 1046 publica,
827 971 894 1027 tum
916 962 950 1025 in
971 962 1206 1045 magistratibus
1227 963 1391 1045 gerendis,
1413 963 1447 1026 in
1461 945 1639 1028 sace'r'dotio

313 1056 598 1139 caerimoniisque,
630 1055 747 1140 quibus
780 1065 938 1138 praeerat,
972 1056 1261 1138 diligentissimum,
1298 1056 1409 1121 nefarii
1442 1059 1569 1122 sceleris
1601 1078 1639 1122 ae

313 1149 474 1236 parricidii
496 1157 654 1213 mortuum
677 1149 978 1214 condemnabimus?
1006 1149 1215 1232 adiungemus
1243 1149 1282 1214 ad
1312 1150 1393 1214 banc
1415 1151 1518 1214 labem
1548 1154 1638 1234 iguo-

313 1246 507 1328 miniamque
529 1242 641 1306 mortis
663 1243 758 1306 etiam
782 1243 816 1305 C.
832 1244 922 1308 blatii
938 1245 1074 1308 nomen?
1097 1243 1130 1306 C.
1145 1244 1296 1319 llarium,
1319 1264 1414 1328 quem
1428 1267 1502 1310 rere
1515 1256 1635 1329 patrem

312 1341 451 1424 patriae,
473 1344 650 1422 parentem,
671 1337 820 1421 inquam,
841 1345 965 1402 vestrae
986 1339 1140 1401 libertatis
1162 1345 1255 1420 atque
1277 1339 1410 1402 buiusce
1431 1339 1634 1423 reipublicae

275 1448 303 1494 eo
311 1452 481 1518 possumus
503 1431 625 1506 dicere,
647 1431 774 1495 scalaris
797 1452 834 1494 ac
855 1432 1016 1514 parricidii
1034 1429 1145 1495 usarii
1160 1440 1318 1496 mortuum
1333 1434 1636 1514 condemnabimus?

311 1526 363 1592 28.
391 1527 516 1592 Etenim
546 1528 572 1589 si
600 1526 633 1590 C.
655 1525 801 1602 Rabirio,
830 1525 916 1610 quod
946 1526 983 1590 iit
1012 1527 1051 1590 ad
1079 1545 1183 1600 arma,
1212 1545 1337 1590 crucem
1358 1529 1394 1590 T.
1416 1529 1573 1592 Labienus
1603 1531 1634 1592 in

312 1643 425 1707 campo
447 1621 561 1686 llartio
584 1619 781 1701 defigendam
807 1621 945 1703 putavit,
975 1620 1062 1703 quod
1091 1618 1217 1684 taudem
1245 1621 1474 1703 excogitabitur
1500 1625 1534 1686 iu
1563 1643 1635 1687 eum

312 1716 522 1802 supplicium,
544 1715 599 1800 qui
620 1713 770 1778 vocavit?
812 1715 873 1788 Ac,
897 1715 924 1778 si
946 1711 1024 1778 fides
1045 1715 1217 1778 Saturnino
1239 1715 1311 1778 data
1333 1725 1397 1790 est,
1421 1717 1507 1801 quod
1527 1719 1584 1780 aba
1605 1725 1637 1780 te

312 1810 497 1896 saepissime
520 1809 652 1883 dicitur,
673 1827 740 1871 non
761 1827 830 1872 eam
853 1808 888 1871 C.
909 1809 1072 1882 Rabirius,
1094 1809 1150 1872 sed
1173 1808 1207 1871 C.
1221 1811 1340 1874 llarius
1362 1809 1467 1884 dedit,
1489 1811 1637 1895 idemque

274 1905 455 1979 redolevit,
486 1905 513 1968 si
542 1903 577 1966 in
605 1899 667 1966 lide
692 1922 757 1966 non
780 1903 878 1966 stetit.
930 1903 1020 1980 Quae
1047 1902 1144 1977 tides,
1169 1904 1323 1979 Labiene,
1352 1905 1407 1988 qui
1435 1907 1541 1987 potuit
1568 1907 1637 1968 sinc

312 2005 442 2066 senatus
464 1997 607 2062 consulto
629 1995 718 2060 deri?
746 1997 877 2060 Adeone
897 1997 1014 2082 bospes
1036 2018 1070 2062 es
1092 1998 1224 2062 huiusce
1246 1999 1351 2074 urbis,
1372 1999 1494 2063 adeone
1509 2000 1637 2081 ignarus

311 2093 496 2177 discipliuae
526 2090 831 2176 consuetudinisque
858 2101 1001 2168 nostrae,
1032 2101 1069 2157 ut
1095 2093 1175 2158 baec
1204 2096 1342 2168 nescias,
1377 2103 1413 2158 ut
1441 2095 1635 2178 peregrinari

311 2189 343 2252 in
365 2186 471 2252 aliena
493 2187 636 2262 civitate,
667 2205 732 2250 non
757 2187 791 2249 iu
819 2195 873 2251 tua
901 2187 1118 2269 magistratum
1145 2206 1254 2270 gerere
1276 2187 1425 2252 videare?
1468 2185 1519 2250 29.
1549 2187 1635 2263 Quid

310 2282 373 2345 iam
404 2281 466 2346 ista
500 2281 534 2344 C.
566 2279 682 2354 llario,
718 2279 840 2365 inquit,
873 2301 987 2344 nocere
1018 2289 1168 2364 possunt,
1201 2284 1352 2366 quoniam
1382 2304 1478 2348 seusu
1508 2290 1540 2346 et
1571 2283 1636 2344 vita

272 2378 417 2441 secaret?
438 2410 481 2422 —
501 2376 591 2438 itane
612 2376 710 2438 vero?
740 2376 836 2439 tantis
861 2375 895 2438 in
916 2375 1077 2438 laboribus
1100 2375 1134 2438 C.
1155 2377 1274 2440 Meuius
1296 2377 1510 2460 periculisque
1538 2376 1637 2440 vixis·

310 2478 373 2546 set,
394 2471 422 2534 si
443 2469 523 2533 nibil
544 2468 687 2552 longius,
717 2489 812 2554 ᾳιιιιιιι
833 2470 916 2534 vitee
937 2468 1063 2532 termini
1086 2470 1304 2552 postulabant,
1332 2491 1389 2556 spe
1410 2479 1506 2556 atque
1528 2472 1634 2533 animo

310 2566 350 2630 de
371 2585 407 2628 se
429 2573 461 2629 et
482 2564 583 2647 gloria
604 2583 662 2627 sua
683 2565 875 2646 cogitasset?
918 2565 974 2637 lt,
1002 2562 1112 2638 credo,
1138 2585 1209 2627 cum
1231 2565 1476 2629 innumerabiles
1497 2564 1635 2628 hostium

310 2661 418 2743 copias
441 2658 473 2722 in
496 2658 586 2721 ltalie
606 2657 743 2721 fudisset
764 2665 860 2740 atque
882 2655 1049 2720 obsidione
1071 2677 1136 2720 rem
1152 2657 1310 2740 publicam
1326 2658 1507 2732 liberasset,
1529 2657 1636 2720 omnia

310 2775 367 2818 sua
388 2774 496 2818 secum
518 2770 583 2815 una
597 2751 750 2815 moritura
763 2750 981 2814 arbitrabatur.
1013 2752 1085 2813 Non
1100 2760 1148 2814 est
1162 2753 1222 2827 ita,
1245 2752 1403 2828 Quirites:
1425 2771 1529 2834 neque
1543 2750 1633 2834 quis-

271 2859 404 2933 ssquam
426 2853 569 2910 nostrum
591 2845 624 2907 in
645 2845 691 2907 rei
711 2843 859 2927 publicae
880 2842 1030 2926 periculis
1058 2864 1129 2908 cum
1156 2845 1249 2910 leude
1277 2866 1314 2910 ac
1342 2849 1458 2911 virtute
1479 2852 1633 2918 versatur,

213 2955 216 2962 ·
308 2941 387 3026 quin
415 2959 472 3024 spe
500 2938 693 3022 posteritatis
721 2936 891 3021 fructuque
919 2937 1060 3000 ducatur.
1110 2940 1222 3024 ltaque
1250 2960 1322 3003 cnm
1352 2940 1460 3003 multis
1490 2939 1563 3004 aliis
1593 2939 1634 3000 de

308 3033 413 3098 causis
433 3034 574 3098 virorum
595 3031 750 3096 bonorum
780 3037 900 3095 mentes
927 3030 1054 3094 divinae
1082 3032 1160 3095 mibi
1189 3041 1284 3115 atque
1312 3044 1459 3097 aeternae
1487 3033 1636 3097 videntur

308 3149 394 3205 esse,
426 3136 493 3191 tum
522 3128 673 3202 maxime,
705 3126 792 3209 quod
821 3125 931 3209 optimi
959 3133 990 3189 et
1018 3126 1241 3208 sapientissimi
1268 3127 1423 3210 cuiusque
1445 3131 1569 3192 animus
1590 3128 1634 3189 ita

308 3222 482 3308 praesentit
509 3221 542 3284 in
570 3227 750 3305 posterum,
783 3226 818 3284 ut
849 3218 928 3283 nibil
959 3220 1020 3283 nisi
1047 3219 1273 3302 sempiternum
1306 3229 1447 3303 spectare
1478 3221 1633 3285 videatur.

270 3317 359 3382 ³030.
389 3316 593 3398 Quapropter
618 3314 766 3399 equidem
797 3320 829 3378 et
858 3313 891 3376 C.
912 3314 1003 3378 Marii
1031 3321 1063 3376 et
1084 3322 1261 3378 ceterorum
1279 3317 1418 3379 virorum
1439 3315 1633 3398 sapientissi-

307 3433 431 3478 morum
452 3431 490 3474 ac
509 3409 755 3474 fortissimorum
777 3408 894 3472 civium
915 3415 1055 3482 mentes,
1085 3427 1166 3492 quec
1195 3409 1272 3473 mibi
1300 3409 1449 3473 videntur
1470 3429 1511 3472 ex
1531 3409 1633 3473 bomi-

307 3529 384 3572 uum
404 3505 470 3570 vita
492 3502 532 3592 ad
555 3504 688 3568 deorum
710 3501 896 3584 religionem
915 3509 947 3564 et
960 3501 1200 3566 sanctimoniam
1216 3503 1423 3586 demigrasse,
1444 3510 1562 3578 testor,
1583 3521 1632 3565 me

306 3623 365 3685 pro
386 3602 514 3665 illorum
535 3596 636 3672 mma,
658 3595 775 3680 gloria,
797 3595 950 3660 memoria
971 3615 1037 3660 non
1058 3615 1149 3660 secus
1170 3616 1207 3660 ac
1228 3616 1286 3679 pro
1309 3596 1418 3681 patriis
1437 3595 1521 3660 tanis
1534 3604 1633 3680 atque

307 3695 447 3760 delubris
479 3688 742 3778 propugnandum
774 3697 902 3774 putare;
938 3709 976 3753 ac
1007 3689 1033 3754 si
1066 3710 1125 3774 pro
1158 3690 1285 3753 illorum
1315 3689 1409 3754 laude
1440 3689 1516 3754 mibi
1547 3710 1633 3753 arma

268 3789 462 3875 escapienda
483 3793 608 3860 essent,
638 3805 704 3848 non
723 3784 829 3848 miuus
850 3791 978 3848 strenue
1006 3804 1172 3868 caperem,
1203 3803 1299 3868 quarn
1326 3782 1374 3847 illi
1395 3802 1454 3868 pro
1475 3783 1633 3847 communi

307 3886 408 3948 salute
442 3887 604 3967 ceperunt.
652 3879 798 3954 Etenim,
832 3877 988 3954 Quirites,
1021 3878 1171 3961 exiguum
1204 3877 1297 3942 uobis
1329 3877 1413 3940 ritae
1445 3875 1633 3940 curriculum

306 3985 420 4041 natura
440 3972 702 4058 circumscripsit,
734 3972 923 4036 immensum
947 3972 1078 4055 gloriae.
1122 3973 1179 4035 XI.
1210 3971 1316 4047 Quare
1338 3973 1365 4034 si
1388 3991 1462 4046 eos,
1494 3971 1551 4055 qni
1571 3970 1633 4033 iam

306 4069 347 4134 de
379 4069 444 4134 vita
476 4067 697 4141 decesserunt,
730 4065 931 4142 creabimus,
963 4065 1126 4130 iustiorem
1155 4065 1247 4129 nobis
1276 4064 1387 4128 mortis
1419 4065 1634 4129 conditionem

305 4162 532 4246 relinquemus.
576 4159 638 4226 Sed
661 4161 688 4224 si
717 4159 804 4236 illos,
836 4159 992 4235 Labiene,
1025 4179 1107 4244 quos
1136 4159 1199 4224 iam
1227 4158 1335 4223 videre
1362 4177 1427 4223 non
1453 4175 1634 4241 possumus,

369 4434 393 4484 3.
412 4434 443 4484 de
457 4432 495 4482 leia
511 4431 575 4482 abe
588 4430 632 4482 tir.
650 4457 684 4468 -
700 4429 806 4493 bauer?
827 4431 940 4494 ipsorum
961 4443 1034 4498 susp.
1058 4427 1211 4482 Lambinus.
1233 4455 1259 4464 —
1279 4429 1303 4479 6.
1327 4428 1534 4490 commentisque
1555 4427 1583 4478 l..
1604 4453 1631 4464 -

304 4510 345 4560 tt.
364 4509 394 4558 iit
410 4509 436 4558 in
453 4503 555 4558 manat
577 4506 659 4556 Oxou.
679 4505 715 4568 [Sl
732 4531 759 4542 -
780 4505 805 4555 T.
824 4517 878 4556 om.
897 4518 921 4568 g.
936 4531 962 4540 -
978 4505 1018 4555 te.
1036 4505 1120 4567 boapes
1136 4516 1161 4555 es
1177 4503 1284 4568 scripsi:
1303 4515 1328 4552 es
1344 4515 1397 4554 om.
1416 4503 1494 4555 codd.
1514 4506 1541 4554 et
1557 4504 1631 4553 editt.

304 4583 398 4646 [hospes
412 4595 438 4633 es
454 4581 542 4632 firmat
553 4581 612 4631 cod.
626 4581 764 4632 Torrentii.
783 4581 862 4647 lietu]
877 4608 904 4618 -
917 4581 1023 4644 ipsimae
1032 4593 1057 4631 es
1068 4581 1212 4643 disciplinae
1224 4579 1271 4630 Lo
1285 4580 1377 4629 contra
1389 4579 1466 4631 codd.
1480 4579 1633 4630 Lectioucm

304 4659 420 4723 primum
437 4657 525 4708 iuveni
545 4657 698 4708 indecens.
719 4657 792 4706 eset.
813 4683 840 4694 -
859 4657 899 4706 tt.
917 4655 1026 4722 murce]
1048 4661 1149 4708 nocuos
1169 4656 1276 4706 οίιιίιαιίι
1293 4653 1372 4704 illu.
1393 4679 1419 4690 —
1440 4653 1480 4704 49.
1504 4651 1632 4716 quonian}

303 4734 347 4796 qui
362 4730 591 4795 consequendo
611 4732 664 4782 mm
685 4744 758 4796 susp.
782 4731 894 4782 Ernesti.
915 4757 942 4768 —
962 4731 1004 4782 22.
1022 4730 1209 4782 mecoenatia
1229 4731 1281 4782 mei
1302 4730 1408 4796 praeter
1424 4727 1441 4780 t.
1461 4753 1489 4763 -
1507 4727 1548 4778 il.
1567 4727 1634 4790 qub-

303 4821 381 4870 qeam
398 4809 452 4870 ek,
476 4808 506 4858 ut
522 4805 642 4858 videtur:
666 4806 777 4870 quisquis
793 4805 813 4866 ις
832 4807 936 4869 quaque
955 4808 972 4857 s
989 4808 1017 4856 et
1033 4805 1089 4859 rell.
1109 4807 1186 4870 lagg.
1207 4831 1234 4842 —
1253 4805 1294 4856 28.
1312 4804 1406 4868 optent
1422 4817 1449 4854 n.
1469 4830 1496 4839 —
1515 4803 1557 4854 29.
1574 4803 1631 4868 nist]

299 4888 404 4946 preater
419 4899 447 4944 χ.
468 4905 497 4920 -
516 4880 557 4933 34.
580 4894 611 4932 ac
629 4881 822 4944 [ultumum
844 4893 898 4931 om.
916 4882 942 4931 k.
963 4908 990 4918 -
1010 4880 1051 4931 32.
1069 4882 1104 4932 ud
1125 4882 1227 4932 deenen
1247 4880 1374 4944 regionesve
1393 4891 1467 4944 susp.
1491 4877 1584 4929 Lamb.
1605 4878 1630 4928 in

304 4969 388 5020 marg.
410 4985 437 4996 -
455 4957 497 5009 33.
514 4957 590 5022 [aab]
617 4957 668 5009 «Ut
684 4958 747 5008 sunt
762 4955 798 5006 dii
814 4956 891 5021 patrii
907 4957 936 5007 et
951 4957 1075 5020 penates,
1102 4957 1141 5006 sic
1164 4969 1257 5006 eorum
1277 4955 1335 5006 tene
1357 4969 1389 5006 ac
1411 4951 1522 5005 delubra
1539 4952 1630 5017 quidni

301 5035 391 5095 patrio
407 5031 534 5098 appellari
549 5032 669 5098 possint?
685 5030 848 5083 ltoncudum
863 5032 916 5082 hoc
933 5033 991 5082 erat
1006 5033 1116 5097 propter
1133 5032 1297 5092 Emestium,
1315 5032 1361 5094 qui
1377 5043 1426 5096 pro
1441 5031 1509 5098 [ιιιιίε
1524 5028 1630 5081 volebat

305 5107 410 5158 meets.»
427 5107 471 5157 oa.
489 5107 514 5159 2.
534 5133 561 5144 -
580 5106 622 5158 37.
640 5105 728 5172 quoae]
745 5119 797 5170 qsso
811 5107 964 5158 Torrentius
980 5105 1007 5157 in
1023 5118 1108 5170 marg.
1127 5133 1154 5146 -
1174 5105 1215 5159 38.
1233 5105 1410 5158 mndictimm
1426 5117 1462 5158 m.
