3638 5868
547 429 617 496 nn.
639 428 694 492 m.
723 427 797 494 on.
818 428 930 492 xum.
958 425 1015 510 33.
1037 422 1225 492 loo-toa.
1493 424 1549 492 an

229 599 420 683 Cognoscite
441 597 603 682 pactiones
623 598 848 662 Menaenorum
869 617 941 662 cum
955 597 1092 662 Venerio
1114 617 1214 662 servo.
1250 596 1360 662 Recita
1380 618 1421 662 ex
1442 599 1555 664 litteris

228 693 363 776 publicis
385 692 596 776 professiones
618 693 771 755 sationum
794 699 826 756 et
850 692 1013 775 pactiones
1034 694 1268 756 Menaenorum.
1303 691 1486 766 Patiemini,
1507 691 1555 754 iu-

228 787 331 860 dices,
364 786 403 849 ah
432 785 542 860 sociis,
572 785 610 850 ab
632 785 805 850 aratoribus
826 785 936 868 populi
957 787 1105 862 Romani,
1133 785 1172 850 ab
1194 786 1257 860 eis,
1280 787 1335 869 qui
1356 787 1446 852 vohis
1468 786 1555 850 laho-

225 890 314 955 rant,
335 881 425 944 vobis
448 882 601 955 serviunt,
624 878 679 962 qui
701 881 744 943 ita
766 881 890 962 plebem
904 881 1074 944 Romanam
1096 882 1136 944 ab
1151 900 1220 944 sese
1234 880 1276 942 ali
1292 880 1417 955 volunt,
1439 889 1474 944 ut
1495 881 1554 945 sihi

226 997 263 1040 ac
284 975 393 1039 liberis
414 976 479 1038 sais
500 981 622 1038 mnium
644 975 793 1056 supersit,
816 995 878 1059 quo
901 974 962 1057 ipsi
983 973 1025 1036 ali
1046 975 1183 1056 possint,
1205 974 1245 1038 ab
1266 973 1317 1037 his
1331 995 1389 1058 per
1402 991 1579 1038 summarnt

225 1068 387 1142 iniuriam,
412 1089 469 1151 per
483 1067 700 1131 acerbissimas
715 1068 918 1133 contumelias
940 1068 1010 1151 plus
1025 1068 1185 1151 aliquanto
1199 1068 1337 1132 ablatum
1352 1087 1437 1144 esse,
1460 1089 1555 1153 quam

225 1169 334 1226 natum
355 1163 421 1225 siti
465 1157 537 1222 l03.
560 1162 685 1237 Sentio,
718 1161 856 1236 iudices,
889 1161 1116 1226 moderandum
1144 1160 1220 1224 milri
1249 1181 1319 1225 esse
1340 1163 1402 1226 iam
1423 1161 1555 1226 orationi

225 1275 315 1320 meae
335 1254 582 1338 fugiendamque
604 1262 738 1320 vestram
760 1257 943 1320 satietatem.
975 1257 1045 1318 Non
1060 1255 1209 1319 versabor
1229 1255 1263 1319 iu
1277 1276 1341 1319 uno
1356 1276 1471 1339 genere
1486 1256 1555 1320 diu·

225 1352 286 1414 tius
309 1357 341 1412 et
361 1351 406 1412 ita
427 1355 532 1412 cetera
554 1348 593 1411 de
615 1349 756 1412 oratione
778 1369 849 1412 mea
870 1349 996 1425 tollam,
1018 1355 1178 1412 attamen
1198 1349 1233 1411 in
1253 1369 1347 1414 causa
1368 1351 1554 1436 relinquam.

115 1511 119 1518 ,
225 1444 368 1508 audietis
389 1442 685 1524 Agrigentinorum,
716 1442 958 1539 iortigsjmomm
979 1443 1132 1518 virorum,
1155 1441 1465 1524 diligentissimorum
1486 1463 1592 1510 ara-to
1688 1423 1716 1514 ί
1752 1453 1755 1460 ⁴

226 1546 328 1604 torum
358 1537 589 1622 querimonias:
619 1537 814 1620 cognoscetis
840 1536 1082 1610 Entellinorum,
1112 1535 1275 1630 hominum
1304 1537 1418 1618 summi
1439 1539 1554 1603 laboris
1635 1546 1662 1622 3
1713 1555 1737 1626 3

227 1650 431 1715 summaeque
453 1631 644 1706 industriae,
674 1631 815 1694 dolorem
836 1638 868 1694 et
888 1629 1040 1694 iniurias:
1073 1629 1338 1706 Heracliensium,
1361 1630 1554 1710 Gelensium,
1675 1625 1688 1658 ¹

227 1715 461 1789 Soluntinorum
495 1724 693 1790 incommoda
724 1724 941 1808 proferentur:
974 1723 1203 1798 Catinensium,
1236 1725 1555 1812 locupletissimorum
1689 1721 1718 1818 ό

226 1818 390 1883 hominum
410 1819 745 1902 amicissimorumque,
766 1838 857 1900 agros
876 1823 1007 1880 vexatos
1023 1816 1063 1879 alt
1078 1817 1220 1900 Apronio
1235 1809 1429 1900 cognoscetis
1440 1805 1556 1906 :iTym

227 1911 415 1987 daritanam,
437 1911 666 1976 nobilissimam
687 1913 861 1986 civitatem,
885 1909 1194 1994 Cephaloeditanum,
1219 1911 1438 1989 Haluntinam,
1459 1915 1593 2000 Apol-ts
1686 1903 1717 2000 (ἴ

227 2005 420 2082 loniensem,
442 1991 636 2087 daguinum,
660 2006 833 2089 Capitinam
855 2003 999 2094 perditas·
1015 2024 1085 2068 esse
1102 2004 1162 2069 hac
1176 2006 1340 2089 iniquitate
1355 2007 1555 2075 dccrrmamm
1660 2038 1746 2116 ,ὦ

227 2089 444 2184 4444443444εῇ
467 2099 651 2173 loensilrus,
685 2098 909 2181 ldurgentiais,
942 2097 1117 2172 Assorinis,
1150 2099 1301 2174 Elorinis,
1332 2101 1443 2166 Ietinis
1475 2105 1556 2168 nihil

228 2194 356 2258 omnino
388 2193 551 2258 relietum:
585 2192 762 2266 Cetarinos,
796 2191 985 2265 Acherinos,
1018 2211 1183 2275 parvarum
1211 2193 1368 2258 civitatum
1392 2195 1555 2274 homines,

228 2287 355 2350 omnino
376 2287 513 2352 abiectos
535 2307 606 2350 esse
627 2306 664 2350 ac
685 2286 842 2370 perditos:
871 2304 979 2350 omnes
1008 2285 1146 2368 denique
1175 2305 1266 2370 apros
1288 2287 1478 2355 decumanos
1498 2313 1557 2377 per

227 2381 396 2446 triennium
424 2381 541 2465 poprdc
570 2381 710 2446 Romano
732 2401 773 2446 ex
800 2387 888 2465 parte
911 2379 1059 2454 decuma,
1094 2379 1128 2442 C.
1150 2380 1240 2444 Verri
1262 2401 1302 2447 ex
1324 2375 1410 2447 omni
1431 2385 1593 2470 reliquato

230 2727 312 2778 Recita
331 2727 440 2777 sationes
462 2731 485 2777 st
503 2727 631 2789 pactiones
646 2740 680 2777 aa
701 2726 789 2777 litteris
804 2725 918 2791 publicis.
953 2727 1047 2778 Recita.
1073 2725 1248 2779 PACYIONES
1262 2729 1474 2785 alstsnsil'li
1490 2731 1558 2786 otii

232 2803 281 2854 CN.
299 2802 415 2852 sanato
431 2801 477 2852 EX
490 2801 634 2852 sirianis
649 2801 799 2853 PVBLICIS.
827 2803 969 2865 vamoseio
991 2803 1051 2852 item
1068 2803 1232 2866 professiones
1253 2806 1377 2857 sotionem
1393 2811 1417 2858 et
1429 2811 1557 2871 pactiones

230 2879 389 2929 limmoum
405 2877 578 2927 aemimonto
588 2889 667 2926 semo.
694 2877 778 2926 Recito
795 2891 828 2926 sc
843 2878 931 2927 litteris
944 2877 1058 2940 pollicis.
1083 2879 1321 2930 Paossssionss
1337 2882 1500 2938 sarlonl'rs
1515 2886 1559 2938 iit

228 2953 402 3005 PACTIONES
416 2952 577 3004 MENENOR
583 2953 628 3003 Vll
644 2952 712 3002 CVM
731 2953 871 3004 Vls'itiitiiio
887 2953 947 3004 ssa
953 2952 991 3004 VO
1007 2955 1052 3004 ls'ii
1072 2954 1373 3009 tirannisrvstlcls
1389 2960 1418 3010 0.
1445 2961 1485 3026 illl
1500 2967 1558 3014 ret·

228 3027 286 3078 tulit
302 3028 451 3094 Zumptius,
469 3026 552 3079 verba
569 3029 596 3078 in
612 3028 681 3091 4344
698 3028 821 3078 videntur
838 3031 951 3090 exstare,
970 3029 1019 3080 nisi
1036 3029 1108 3092 quod
1126 3033 1187 3080 ante
1199 3033 1336 3094 copooscite
1351 3032 1444 3085 lacuna
1462 3038 1512 3099 est,
1530 3039 1557 3090 in

229 3115 311 3166 marg.
339 3102 422 3153 verbo
443 3103 524 3154 recito
545 3101 688 3167 adscripto.
723 3101 789 3153 Nihil
808 3105 897 3152 mmeu
914 3115 963 3165 ego
981 3104 1117 3168 praestare
1134 3101 1227 3164 velim,
1255 3107 1380 3170 quoniam
1396 3109 1423 3159 ir.
1441 3107 1459 3160 l.
1477 3113 1556 3162 notae

228 3177 364 3228 Niebuhr-ii
381 3177 437 3230 lere
453 3177 649 3229 inextricabiles
661 3181 729 3229 sunt.
757 3177 858 3240 iteiiqui
870 3179 947 3240 lagg.
959 3178 998 3228 sic
1009 3175 1123 3239 habent,
1141 3179 1171 3229 ut
1182 3179 1307 3242 equidem
1318 3180 1389 3245 apud
1401 3183 1477 3234 illel).
1490 3183 1554 3248 legi:

227 3252 314 3302 Recito
329 3252 437 3303 Mones
452 3259 476 3304 et
494 3254 622 3316 pactiones
638 3265 671 3304 su
687 3255 775 3304 litteris
788 3253 894 3316 putllca
908 3253 987 3302 mou
1005 3253 1093 3316 (recita
1109 3265 1162 3304 om.
1180 3253 1213 3304 49
1229 3254 1257 3305 iu
1273 3253 1348 3318 lec.),
1373 3269 1408 3306 aa
1423 3257 1469 3308 litt.
1486 3260 1555 3322 pull.

229 3328 366 3392 copscscite
379 3330 507 3391 pactiones
517 3331 680 3381 limenorum
696 3342 753 3379 mem
767 3328 868 3378 Venerio
883 3339 964 3377 socc.
981 3326 1061 3377 recila
1076 3340 1110 3377 eo
1125 3327 1172 3378 litt.
1185 3327 1256 3390 publ.
1274 3329 1411 3394 semaraim
1421 3332 1480 3382 iton
1493 3347 1557 3396 pro-

227 3401 344 3465 fessiones
359 3403 484 3454 sationum
500 3408 523 3454 et
537 3404 666 3466 pactiones
681 3404 842 3455 limenorum
860 3402 942 3467 (addit
957 3400 989 3452 49
1006 3414 1062 3453 sec.
1079 3415 1115 3452 m.
1128 3415 1186 3452 cum
1200 3403 1300 3453 Vmsrio
1316 3404 1406 3471 mmo).
1429 3409 1509 3458 recito
1525 3424 1558 3462 ec

229 3477 276 3528 litt.
300 3477 367 3540 poti.
394 3479 557 3542 protodoctor
575 3479 700 3530 sationum
721 3483 745 3529 st
763 3478 891 3541 pactiones
909 3477 1070 3528 limenorum
1090 3491 1147 3528 cum
1173 3477 1274 3528 Vmoio
1290 3491 1361 3529 mmo
1376 3491 1410 3530 sa
1425 3479 1472 3532 litt.
1487 3483 1556 3546 poor.

229 3554 291 3617 Lag.
311 3553 351 3604 44.
369 3555 410 3605 44.
429 3554 470 3605 49,
489 3553 545 3615 48.;
571 3554 657 3605 itecttu
676 3553 783 3604 setiam
803 3557 826 3603 el
845 3553 972 3615 pactiones
987 3563 1021 3602 eor
1036 3551 1083 3603 litt.
1098 3551 1212 3614 poclm
1236 3553 1324 3602 molto.
1344 3555 1485 3618 ccpncsclte
1498 3560 1558 3610 torn

227 3629 391 3693 professiones
405 3629 531 3679 sotlcnmn
546 3634 570 3679 et
586 3629 714 3692 pactiones
734 3630 896 3682 lucumonem
913 3628 995 3691 (addit
1011 3628 1042 3680 ts
1059 3642 1116 3678 cum
1134 3628 1236 3679 Venerio
1251 3629 1343 3695 sono).
1365 3632 1445 3682 recita
1461 3646 1494 3684 aa
1509 3634 1556 3687 tto.

226 3705 340 3769 publicis
356 3706 521 3770 massulanos
537 3705 661 3756 sationum
678 3712 701 3757 st
714 3707 841 3768 pactiones
851 3707 1013 3758 limenorum
1027 3718 1085 3755 mam
1098 3704 1200 3754 Venerio
1215 3718 1286 3756 sarco
1301 3719 1334 3756 eu
1349 3706 1397 3756 till.
1404 3707 1475 3770 pool.
1493 3710 1555 3774 Lag.
1594 3715 1599 3724 '

233 3781 254 3830 4.
272 3781 297 3831 t.
316 3777 357 3831 ts.
377 3779 469 3844 linum]
489 3805 517 3817 -
534 3781 559 3830 4.
574 3781 693 3844 patierint
702 3777 778 3845 ’4344
795 3795 820 3847 p.
840 3795 877 3832 m.
898 3806 925 3819 -
944 3779 968 3830 9.
988 3777 1020 3828 (ιο
1036 3791 1085 3828 soc.
1103 3777 1172 3841 4349
1184 3776 1216 3830 48
1231 3779 1298 3829 AB:
1317 3793 1335 3830 o
1350 3793 1400 3832 sac.
1419 3783 1464 3832 alt.
1482 3784 1511 3835 0.
1527 3811 1555 3822 -

231 3852 263 3904 ab
280 3854 314 3904 sis
330 3851 407 3918 4344.
427 3854 469 3918 (ci.
488 3853 513 3920 ἓ.
531 3855 572 3907 64.
591 3857 648 3907 las.
671 3857 767 3909 Osann
786 3858 820 3908 ed
837 3859 902 3922 ch.
919 3869 945 3920 p.
966 3853 1023 3904 464.
1041 3851 1127 3916 slot:
1154 3851 1186 3902 (44
1206 3853 1244 3902 lits
1262 3853 1297 3914 s;
1323 3853 1356 3904 cl
1377 3855 1409 3904 its
1424 3853 1457 3906 al.
1476 3857 1506 3907 0.
1526 3881 1554 3896 -

230 3927 255 3980 4.
274 3929 385 3980 sunium
401 3929 497 3982 codd:
514 3937 599 3982 sermst
615 3933 684 3982 coni.
702 3931 888 3985 Lailemandus
903 3928 981 3996 prob.
1000 3925 1077 3978 orell.
1096 3926 1155 3978 coll.
1174 3927 1198 3992 5.
1217 3929 1261 3979 444
1282 3931 1349 3980 extr.
1363 3955 1391 3966 -
1410 3931 1435 3982 0.
1453 3931 1559 3982 mertis·

231 4003 308 4054 dmos
323 4003 352 4065 4,
371 4006 410 4056 N:
427 4017 539 4055 stammas
554 4004 620 4056 dett.
640 4033 667 4042 -
687 4007 710 4057 l.
729 4007 761 4057 sil
777 4019 830 4058 om.
849 4004 918 4068 4344
936 4002 1049 4068 [videtur
1064 4006 1100 4052 est
1115 4003 1177 4051 anto
1193 4001 1278 4052 Sentio
1294 4001 1434 4055 excidisse.
1453 4005 1557 4071 limu.];

231 4083 313 4129 misen
329 4080 361 4129 stt
377 4081 445 4132 coni.
463 4077 543 4131 Orelli
560 4077 618 4130 coll.
636 4080 709 4132 initio
725 4081 803 4132 huius
820 4080 844 4145 3.
864 4083 890 4130 et
906 4078 930 4143 g.
949 4077 1005 4128 449.
1031 4103 1058 4114 -
1085 4076 1109 4127 8.
1132 4076 1278 4141 Mundam
1294 4077 1359 4128 dett.
1383 4104 1412 4115 -
1433 4078 1457 4129 9.
1475 4084 1559 4132 tossen

231 4151 616 4216 {nonantulanorum
633 4156 811 4220 4349444φς
829 4161 913 4206 tamon
929 4165 982 4204 om.
996 4151 1061 4202 dett.
1076 4177 1103 4186 —
1122 4152 1162 4201 40.
1180 4151 1250 4215 diiip.
1268 4157 1402 4202 oratam
1417 4153 1503 4216 43444
1522 4155 1560 4206 di·

232 4225 449 4289 lipentissimcrsnn
465 4234 489 4280 el
505 4229 751 4292 locupletissimam
766 4231 893 4281 tmnioum
908 4232 947 4289 Ν;
966 4227 1256 4290 mtpenmmmunw
1271 4233 1295 4278 sl
1309 4227 1356 4278 lca.
1374 4235 1508 4281 oratmssm
1523 4245 1556 4294 qn

232 4299 473 4364 dtlipsnlissimomsm
488 4305 615 4354 lonclnmn
630 4304 688 4357 rell.
707 4307 800 4370 iagg,;
818 4304 1108 4370 diiipmtissimomnoque
1124 4302 1152 4352 0.
1173 4327 1201 4337 -
1221 4302 1261 4352 44.
1279 4305 1428 4368 copnomsde
1443 4303 1511 4370 4344
1523 4307 1557 4357 F:

232 4386 315 4436 copto,
333 4374 425 4427 ludices
440 4379 485 4428 ott.
505 4378 534 4428 0.
549 4405 577 4415 -
595 4378 723 4429 manen
740 4381 764 4440 t,
776 4393 812 4442 m:
831 4393 885 4432 om.
898 4379 960 4430 dett.
974 4379 1003 4429 0.
1019 4405 1046 4415 -
1066 4377 1106 4428 44.
1125 4376 1343 4440 domnamaria
1354 4393 1391 4440 p:
1409 4393 1463 4430 om.
1475 4375 1557 4445 4349;

233 4448 376 4500 Cilseneissm
387 4451 402 4500 6
413 4451 492 4515 4433.
504 4450 578 4512 rell.;
596 4452 744 4505 ladmnsium
755 4455 942 4519 sodimon-sium
961 4451 1159 4515 Cmciiiorsium)
1176 4450 1226 4503 alii.
1240 4453 1364 4516 Sequitur
1379 4454 1407 4504 in
1418 4454 1483 4507 dett.
1497 4457 1558 4518 (uon

233 4524 298 4574 item
313 4524 339 4574 in
351 4523 391 4576 49.
404 4524 455 4589 44.)
472 4527 637 4578 iimnmisimn
647 4527 690 4578 vel
700 4531 897 4582 Aetnensium.-·
915 4529 956 4580 43.
969 4529 1157 4579 Soluntinorum
1167 4527 1236 4591 4344
1250 4540 1255 4576 :
1272 4528 1455 4580 Solnuinmum
1466 4546 1489 4592 φ
1500 4529 1557 4582 rell.

233 4599 273 4650 Ci.
291 4599 326 4650 ad
342 4601 373 4651 11.
392 4600 416 4665 5.
429 4603 486 4653 404.
502 4629 528 4641 -
545 4604 711 4668 proterantur
727 4605 792 4658 dett.
812 4631 840 4642 -
859 4607 899 4656 ss.
917 4603 1081 4654 Haluntinum
1097 4604 1200 4667 zumpt.
1219 4600 1287 4664 (coli.
1300 4603 1344 4653 lv.
1363 4602 1387 4667 5.
1399 4603 1466 4667 till:
1483 4604 1560 4654 Alsie-

232 4675 312 4725 tinam
328 4674 397 4738 4344
408 4675 456 4737 48;
481 4677 639 4729 lialisninam
654 4679 725 4744 4349
736 4683 800 4742 AB;
826 4679 986 4731 lismonam
1007 4677 1057 4742 (vel
1072 4677 1161 4740 alem.)
1183 4676 1248 4728 dett.
1266 4678 1296 4728 0.
1319 4704 1348 4715 -
1372 4678 1560 4741 Apollanensem

232 4749 301 4812 4344
312 4747 354 4800 44.
373 4775 403 4788 -
421 4751 461 4802 to.
479 4753 623 4817 linostimo
639 4756 742 4820 Zumpt
761 4757 851 4821 (quem
867 4767 893 4805 v.
907 4751 967 4805 coll.
984 4755 1026 4804 lv.
1045 4753 1069 4818 3.
1082 4753 1148 4817 97.);
1170 4752 1295 4817 Epistula,
1311 4752 1458 4818 Apppnam,
1476 4754 1560 4818 lippu-

231 4837 332 4876 menom
343 4823 391 4887 444)
409 4826 498 4887 codd.;
515 4829 649 4894 depastam
665 4831 731 4881 0.-
750 4831 912 4882 domnam
927 4825 996 4891 4344
1007 4827 1072 4878 BN:
1091 4827 1285 4877 domnionem
1301 4829 1346 4877 ctt.
1359 4855 1387 4864 -
1407 4827 1446 4878 tl.
1464 4827 1560 4877 omis

233 4899 278 4950 ltus
293 4901 416 4950 cumton
433 4901 476 4965 (ci.
494 4904 624 4969 Zumpt.):
644 4906 767 4957 menibus
782 4906 865 4971 4344;
884 4915 938 4956 om
956 4900 1013 4952 rell.
1033 4903 1062 4953 0.
1083 4927 1110 4938 —
1126 4902 1238 4952 Elmx'nis
1253 4898 1338 4966 ugia:
1356 4903 1466 4954 lilarirds
1481 4903 1559 4966 (Flam

234 4975 313 5038 Lapa¹
332 4975 447 5039 omnes]‚
472 4977 627 5029 Ennensibaes
642 4978 698 5032 reli.
717 4982 746 5032 0.
774 5009 802 5020 -
827 4980 911 5031 ictinis
926 4978 1070 5030 Graevius:
1096 4977 1189 5030 Latinis
1205 4976 1284 5030 codd.
1311 5001 1338 5015 -·
1363 4977 1403 5028 ts.
1422 4975 1558 5042 auom]

235 5049 391 5101 olomucen
406 5051 488 5114 4344;
512 5053 690 5116 0333034440(
705 5054 749 5118 49,
769 5053 925 5106 Gimlarinm
940 5053 1018 5118 4433.
1036 5049 1093 5104 roll.
1113 5079 1141 5091 -
1162 5051 1304 5114 mnas]
1330 5050 1484 5106 uouoims
1500 5047 1558 5114 [dc]

234 5125 319 5190 4344,
337 5126 467 5180 &lomnes
482 5127 518 5182 do
534 5129 647 5194 Zumptii
663 5130 731 5182 coai.
749 5127 830 5180 illota.
