3578 5862
293 421 379 505 'ees
714 440 866 510 orario
887 443 967 508 nno
988 441 1026 509 a.
1049 441 1249 510 musano

315 613 423 678 Larini
445 621 494 677 est
514 619 721 678 commorata:
742 621 855 697 postea
868 621 974 678 autem
991 633 1086 698 quam
1101 613 1362 698 appropInquare
1375 613 1506 678 huius
1525 609 1683 676 iudicium

317 709 346 770 ci
376 707 554 771 nuntiatum
583 715 646 783 esi,
675 708 841 772 confestim
869 709 933 772 huc
963 706 1140 782 advolavit,
1167 727 1209 770 ne
1236 715 1294 771 aut
1313 706 1597 770 accusatoribus
1620 705 1686 768 dili-
1729 708 1736 775 '.

316 801 421 885 gentia
442 809 498 865 aut
517 803 654 884 pecuale
674 803 807 866 testibus
829 801 969 877 deesset,
991 807 1046 864 aut
1068 821 1109 864 ne
1130 802 1212 866 iorte
1233 808 1335 864 mater
1355 801 1430 864 hoc
1449 799 1532 864 sibi
1552 801 1684 884 optatis·

315 896 429 958 simum
456 895 670 976 spectaculum
690 896 787 960 huius
809 897 950 961 sordIum
971 904 1068 980 atque
1093 895 1195 960 luctus
1218 903 1250 958 et
1270 895 1351 959 tanti
1372 893 1577 979 squaloris
1601 895 1687 956 anii-

291 995 404 1050 steret
447 987 586 1051 LXVIII.
614 991 681 1054 Iam
701 1009 777 1054 vero
800 991 887 1074 quod
912 990 974 1054 iter
996 990 1128 1052 Romam
1150 988 1220 1054 eius
1243 989 1385 1053 mulieris
1410 988 1548 1052 fuisse
1574 987 1686 1051 existi-

216 1083 221 1096 '
315 1081 428 1144 matisi
450 1113 492 1128 -
508 1082 594 1166 quod
608 1101 667 1166 ego
690 1091 822 1166 propter
834 1083 1028 1147 ricInitatcm
1044 1083 1251 1168 Aquinatium
1267 1091 1299 1148 et
1314 1083 1628 1148 Fabraternorum
1650 1101 1686 1144 er

314 1174 421 1238 mriltis
441 1175 549 1240 audivi
572 1185 604 1240 et
625 1179 764 1261 comperi
786 1195 928 1260 -quos
950 1195 1123 1239 concursus
1145 1177 1177 1239 in
1200 1175 1251 1240 his
1274 1176 1427 1261 oppidis,
1472 1183 1639 1260 quantos
1658 1183 1686 1238 et

313 1270 452 1332 virorum
480 1276 512 1333 et
539 1270 705 1334 mulierum
734 1271 866 1353 gemitus
892 1289 962 1334 esse
989 1270 1114 1332 iactos?
1143 1271 1309 1334 mulierem
1339 1271 1533 1357 quandam
1566 1271 1685 1332 larino

313 1368 409 1445 atque
431 1363 517 1426 illam
538 1384 642 1448 usque
664 1383 683 1428 a
705 1364 783 1427 mari
805 1383 922 1446 supero
936 1366 1069 1428 Romam
1092 1362 1248 1448 proficisci
1270 1385 1343 1429 cum
1362 1383 1503 1448 magno
1522 1363 1684 1428 comitatu

277 1463 344 1522 soet
372 1458 521 1538 pecunia,
550 1478 615 1542 quo
642 1457 766 1522 facilius
794 1459 1020 1523 circumvenire
1049 1458 1168 1522 iudicio
1198 1459 1311 1542 capitis
1341 1461 1457 1544 atqu'e'
1480 1459 1684 1542 opprimere

313 1546 410 1613 filium
432 1551 553 1633 possiti
597 1547 669 1614 t93.
691 1554 790 1615 Nemo
814 1559 881 1616 erat
904 1552 1318 1634 illorum,paeuedicau1,
1341 1554 1421 1638 quin
1458 1551 1680 1636 expiandum

236 1709 238 1714 ,
312 1644 402 1707 illurn
423 1644 528 1709 locum
550 1666 620 1710 esse
636 1647 857 1720 arbitraretur,
877 1665 1077 1729 quacumque
1102 1645 1159 1708 illa
1183 1647 1243 1710 iter
1264 1645 1407 1710 iecisset:
1434 1667 1581 1721 nemo,
1606 1646 1682 1728 quin

313 1743 428 1802 terram
456 1737 558 1822 ipsam
583 1740 714 1814 violari,
745 1759 827 1824 quae
856 1747 956 1804 mater
983 1749 1030 1802 est
1051 1739 1211 1813 omnium,
1239 1741 1382 1823 vestigiis
1404 1740 1678 1806 consceleratae

313 1831 421 1894 matris
442 1841 576 1917 putaret.
601 1835 713 1918 Itaque
735 1824 824 1896 nullo
847 1835 878 1896 in
902 1833 1021 1915 oppido
1038 1832 1231 1896 consistendi
1248 1839 1390 1916 potestas
1405 1837 1438 1898 ei
1458 1834 1560 1898 fuit:
1587 1851 1681 1896 nemo

276 1945 354 1991 inex
375 1933 423 1989 tot
444 1927 622 2012 hospitibus
644 1929 793 1992 inventus
814 1934 881 2003 est,
910 1926 965 2012 qui
987 1945 1053 1989 non
1075 1927 1294 2009 contagionem
1317 1927 1508 2010 adspectus
1533 1927 1677 2010 sugeret

313 2019 404 2081 Nocti
427 2039 460 2082 se
483 2021 590 2104 potius
612 2041 649 2085 ac
670 2021 834 2086 solitudini
858 2040 953 2106 φιιιιι
974 2020 1032 2082 ιιΙΙί
1055 2029 1111 2084 aut
1128 2020 1199 2083 urbi
1214 2026 1269 2083 aut
1283 2020 1399 2103 hospiti
1416 2021 1677 2085 committebat.

313 2108 386 2175 tsi.
408 2115 498 2178 Nunc
520 2116 690 2201 veroquid
712 2123 801 2198 agat,
825 2116 902 2200 quid
918 2115 1083 2188 moliatur,
1106 2113 1184 2198 quid
1200 2115 1340 2197 denique
1354 2116 1519 2198 quotidie
1542 2114 1674 2197 cogitet

313 2228 409 2291 quem
432 2209 577 2290 ignorare
600 2218 744 2274 nostrum
766 2213 881 2293 putati
916 2210 1004 2285 Quos
1026 2208 1211 2292 appellarit,
1226 2209 1356 2292 ⁴quihus
1378 2209 1578 2291 pecuniam
1602 2225 1675 2290 pro-

312 2301 451 2376 miserit,
485 2323 621 2386 quorum
648 2300 742 2367 fidem
779 2303 882 2387 pretio
911 2302 1099 2366 labefactare
1129 2309 1242 2365 conata
1271 2303 1328 2377 sit,
1359 2309 1535 2367 tenemus.
1587 2302 1671 2379 Quin

273 2395 407 2463 scotiam
429 2405 584 2461 nocturna
606 2395 775 2472 sacrificia,
798 2417 880 2481 quae
902 2405 992 2482 putet
1012 2397 1188 2461 occultiora
1209 2415 1296 2471 esse,
1319 2397 1579 2480 sceleratasque
1603 2395 1671 2458 eins

312 2510 423 2572 preces
452 2497 485 2553 et
513 2491 634 2556 nelarIa
661 2499 735 2555 rota
765 2493 990 2573 cognovimus:
1020 2489 1136 2574 quibus
1158 2490 1213 2554 illa
1234 2490 1329 2552 etiam
1351 2489 1427 2554 deos
1449 2489 1669 2554 immortales

312 2582 352 2646 de
383 2605 441 2648 suo
470 2586 589 2648 scelere
620 2593 754 2649 testatur
781 2603 889 2668 neque
919 2583 1085 2666 inteIIIgii,
1119 2583 1236 2666 pietate
1265 2592 1298 2646 et
1322 2582 1483 2666 religione
1511 2593 1551 2648 et
1574 2585 1668 2647 iustis

312 2678 459 2760 precibus
482 2678 612 2742 deomm
635 2685 774 2754 mentes,
796 2697 863 2741 non
884 2677 1097 2741 contaminata
1119 2678 1343 2761 superstitione
1361 2696 1472 2760 neque
1491 2679 1541 2742 ad
1558 2677 1666 2758 scelus

311 2769 541 2854 perficiendum
574 2772 674 2835 caesis
701 2771 816 2836 hostiis
844 2791 938 2854 posse
971 2769 1100 2853 placari.
1152 2771 1250 2834 Cuius
1275 2789 1335 2854 ego
1371 2769 1523 2835 furorem
1564 2779 1664 2853 atque

273 2865 531 2934 incrudelitatem
559 2865 642 2938 deos
666 2865 860 2930 immortales
882 2883 901 2927 a
923 2866 989 2929 suis
1011 2863 1073 2926 aris
1095 2871 1192 2949 atque
1215 2865 1342 2947 templis
1364 2872 1568 2948 aspernatos
1593 2881 1661 2925 esse

312 2955 449 3022 conlido.
486 2959 600 3022 LXIII.
623 2938 694 3021 tait.
718 2961 798 3033 Vos,
820 2958 961 3033 iudices,
983 2978 1064 3042 quos
1085 2957 1216 3022 huicA.
1233 2958 1378 3022 Cluentio
1400 2960 1498 3042 quasi
1527 2959 1659 3038 aliquos

312 3052 389 3116 deos
420 3053 461 3115 ad
489 3072 584 3116 omne
604 3053 689 3116 ritae
712 3059 837 3136 ternpus
860 3052 986 3116 fortuna
1007 3071 1077 3120 esse
1098 3053 1219 3126 voluit,
1247 3051 1343 3116 huius
1371 3051 1657 3136 importunitatem

312 3146 419 3208 matris
441 3166 460 3210 a
481 3144 538 3209 lilii
561 3147 664 3230 capite
688 3146 848 3229 depeIIIte.
882 3148 973 3210 Multi
995 3166 1090 3229 saepe
1113 3146 1147 3207 in
1168 3144 1341 3209 iudicando
1362 3154 1498 3233 peccata
1515 3145 1655 3206 liberum

311 3247 477 3323 parentum
501 3241 738 3312 misericordiae
760 3249 1005 3306 concesserunt:
1026 3261 1102 3315 vos,
1125 3259 1165 3303 ne
1187 3238 1283 3302 huius
1304 3239 1536 3303 honestissime
1552 3245 1654 3301 actam

273 3359 302 3404 30
312 3335 405 3398 vitam
428 3336 537 3398 matris
558 3335 738 3398 crudelitati
762 3334 968 3409 condonetis,
991 3353 1155 3417 rogamus,
1181 3334 1365 3416 praesertim
1387 3353 1458 3396 cum
1481 3354 1530 3398 ex
1553 3331 1652 3395 altera

313 3436 402 3511 parte
424 3435 524 3492 totum
547 3428 757 3511 municipium
779 3428 887 3492 videre
909 3429 1050 3512 possitis.
1082 3428 1201 3490 Omnes
1223 3427 1350 3501 scitote,
1371 3425 1587 3502 iudices,-
1540 3424 1653 3487 —in·

312 3523 464 3587 credibile
487 3523 573 3586 dictu
597 3529 664 3596 est,
686 3522 754 3616 sed·
766 3523 1026 3586 amaverissime
1041 3521 1243 3595 dicetur,-
1202 3540 1366 3584 -omnes
1381 3520 1572 3594 Larinates,
1594 3513 1650 3599 qui

311 3617 497 3692 valuerunt,
519 3616 646 3680 venisse
668 3618 816 3691 Romam,
838 3623 873 3679 ut
894 3615 979 3680 hunc
1002 3615 1107 3679 studio
1126 3615 1443 3706 frequentiaque
1391 3634 1465 3688 sua,
1487 3618 1649 3698 quantum

232 3788 235 3794 Ι
313 3718 459 3794 possent,
481 3711 514 3773 iu
537 3716 625 3774 tanto
648 3711 716 3772 eius
739 3709 881 3792 periculo
904 3711 1122 3774 sublevarent:
1145 3709 1253 3792 pueris
1274 3707 1352 3773 illud
1374 3709 1435 3772 hoc
1453 3707 1648 3792 temporeet

274 3805 497 3875 ssmulieribus
528 3802 681 3887 oppidum
703 3804 816 3866 scitote
838 3823 909 3866 esse
935 3802 1083 3866 traditum
1105 3802 1234 3887 idque
1224 3824 1257 3865 ιιι
1280 3805 1460 3886 praesentia
1481 3797 1645 3868 communi

312 3899 422 3962 Italiae
444 3917 523 3981 pace
543 3897 577 3959 in
594 3896 776 3960 domesticis
798 3897 900 3980 copiis
922 3917 993 3961 esse
1014 3905 1127 3961 tutum.
1157 3897 1246 3972 Quos
1269 3905 1375 3960 tamen
1389 3897 1478 3980 ipsos
1493 3915 1601 3981 aeque
1614 3899 1644 3956 et

313 4013 385 4068 cos,
414 4011 496 4076 quos
526 3997 710 4074 praesentes
738 3989 872 4066 vidctis,
898 3991 993 4056 huius
1020 3991 1214 4074 exspectatio
1243 3991 1351 4054 iudicii
1375 3991 1443 4054 dies
1464 4000 1643 4072 noctesque

312 4085 471 4149 sollicitat.
509 4079 580 4146 t96.
602 4086 674 4147 Non
694 4083 743 4146 illi
765 4103 823 4147 vos
846 4086 886 4147 dc
907 4087 1003 4148 unius
1018 4084 1185 4167 municipis
1205 4082 1340 4148 fortunis
1355 4085 1565 4160 arbitrantur,
1588 4077 1640 4144 scd
1738 4106 1740 4150 i

313 4179 352 4241 de
373 4177 472 4241 totius
495 4176 660 4261 municipii
677 4185 776 4252 statu,
799 4178 952 4261 dIgnitatc
967 4178 1205 4260 commodisque
1221 4179 1368 4242 omnihus
1383 4181 1559 4242 sententias
1575 4189 1641 4239 esse

274 4273 440 4346 solaturos.
474 4271 604 4335 Summa
627 4272 790 4347 estenim,
811 4271 952 4348 iudices,
975 4271 1112 4335 hominis
1130 4273 1162 4334 in
1178 4291 1379 4336 communem
1395 4269 1562 4356 municipii
1576 4285 1638 4331 rem
1738 4298 1742 4394 p

379 4489 403 4538 ι.
416 4486 560 4550 conss:
579 4484 790 4540 amarico.
810 4485 849 4536 ct.
863 4486 887 4550 ς.
901 4486 995 4537 isi·
1009 4487 1033 4537 e.
1047 4485 1431 4538 ranmomuooncus:
1448 4489 1636 4552 arcemone
1737 4470 1741 4545 l

311 4564 428 4621 siim
451 4562 651 4624 Venafrooorasm
661 4573 722 4612 curn
735 4560 778 4612 ed.
791 4561 938 4612 Victoriana
956 4561 1041 4616 hio.
1053 4587 1079 4597 -
1099 4562 1124 4612 8.
1142 4561 1237 4612 ierim
1253 4563 1373 4626 spurium
1390 4563 1496 4614 videtur
1508 4557 1633 4614 ErnestIo.

314 4667 341 4677 -
361 4641 401 4688 tt.
419 4637 497 4701 possit
510 4635 638 4688 Classenii
655 4635 762 4686 codIces
780 4649 839 4687 sex:
854 4641 936 4700 posset
952 4635 1148 4690 sistito.
1167 4661 1194 4670 —
1213 4635 1282 4700 pcto]
1300 4638 1343 4697 qai
1360 4639 1417 4686 S.-
1438 4637 1477 4688 ⁴8.
1496 4641 1632 4687 nostrum

312 4715 385 4773 STI',
404 4712 476 4777 quod
493 4713 632 4776 poetarum
651 4711 814 4761 comicorum
832 4708 959 4774 exemplis
977 4714 1004 4761 et
1020 4711 1136 4761 carmine
1148 4711 1255 4760 Liviano
1268 4711 1341 4772 (VIII.
1354 4711 1380 4772 9,
1391 4711 1425 4776 6.)
1444 4711 1564 4764 Ciceroni
1579 4707 1632 4756 vin·

312 4789 401 4839 dicare
413 4787 514 4839 studuit
524 4785 639 4836 Klotzius
650 4787 771 4837 Prooem.
785 4786 828 4836 ed.
842 4786 886 4837 alt.
898 4798 925 4850 p.
939 4785 1003 4836 XXI.
1019 4813 1046 4822 -
1065 4786 1106 4836 it).
1121 4790 1192 4848 patet
1203 4786 1249 4834 ST
1260 4786 1323 4837 Fri:
1339 4791 1414 4849 petat
1430 4786 1514 4842 990.
1528 4813 1555 4822 -
1566 4783 1634 4835 ibt

311 4866 362 4915 arsis
383 4864 437 4914 oris
459 4867 535 4926 atque
556 4861 651 4924 irruptis
666 4861 778 4924 assumor
797 4875 882 4923 preces
901 4865 1046 4922 aspen-ctos
1062 4861 1118 4910 deos
1134 4873 1185 4912 esse
1200 4861 1296 4925 confido
1312 4861 1456 4913 Arusianus
1473 4875 1500 4927 p.
1518 4861 1574 4912 2⁴6.
1590 4853 1628 4906 ed.

312 4939 431 4990 Lindem.
452 4965 479 4974 -
499 4939 540 4988 se.
558 4951 602 4988 oor
617 4950 671 4988 orn.
689 4938 717 4987 F.
736 4963 763 4973 —
782 4938 854 5000 ouen
870 4937 968 4999 otiores
985 4935 1113 4987 Iiulmius:
1132 4949 1194 4999 quos
1209 4936 1315 4994 otiosT;
1334 4939 1455 4999 quosdnm
1471 4938 1534 4989 otior
1549 4931 1628 4987 h803

311 5015 374 5066 alios
390 5015 471 5065 SFA.
486 5040 513 5050 —
533 5014 573 5065 29.
589 5014 734 5077 parendum
750 5013 778 5063 T.
793 5039 821 5049 -
840 5011 880 5063 30.
899 5011 1066 5062 conseruatis
1082 5012 1109 5060 I‘.
1126 5035 1151 5048 ·-
1172 5011 1213 5062 32.
1229 5010 1320 5060 didius
1336 5010 1394 5065 Ab.
1414 5037 1440 5051 -
1460 5012 1501 5064 at.
1517 5009 1590 5075 poerit
1603 5004 1625 5053 F·

314 5116 341 5127 -
361 5091 401 5140 ³5.
420 5091 544 5140 conmuni
560 5087 626 5142 ill:
644 5089 672 5138 io
688 5090 812 5139 communi
829 5101 891 5138 curn
909 5087 951 5137 ed.
966 5085 1057 5137 Aldina
1074 5083 1157 5138 iio.
1171 5111 1197 5122 -
1220 5085 1260 5136 36.
1278 5085 1304 5134 in
1322 5083 1389 5138 tta:
1408 5100 1462 5139 om.
1481 5088 1524 5139 ed.
1536 5083 1626 5140 Aldina,

311 5161 356 5217 it
366 5164 394 5214 0.
414 5189 442 5200 -
460 5169 540 5216 ntem
556 5161 617 5217 aa.
639 5161 796 5214 Emendant
812 5162 967 5227 Naugerius.
988 5187 1016 5200 -
1035 5161 1076 5213 38.
1094 5161 1176 5228 unius]
1194 5161 1260 5212 iltius
1276 5161 1305 5212 Τ.
