3638 5868
245 405 308 474 tat
617 405 661 472 nt
682 405 851 474 venun
870 405 993 473 torro
1017 407 1201 474 SECUNDA

241 575 504 663 pervenissentne
524 575 747 658 Agrigentum:
769 577 852 642 dixit
871 578 1065 661 pervenisse.
1109 578 1260 655 Quaesivi
1275 594 1372 664 quem
1386 577 1426 644 ad
1442 577 1575 644 modrun

241 674 462 737 revertissenta
498 670 625 752 negavit
650 671 755 736 adhuc
783 674 962 738 revertisse.
1013 674 1108 738 Risus
1136 674 1246 758 populi
1278 681 1374 758 atque
1405 675 1573 740 admiratio

53 781 156 880 «c
241 785 386 927 arear
400 749 763 944 exuetere
777 763 1021 927 4449.
1034 789 1080 928 a
1098 770 1572 940 restauretur:

217 955 283 1020 5ne
311 975 366 1028 aes
392 955 534 1018 alienum
562 955 618 1018 tibi
647 964 820 1032 cresceret,
849 958 875 1022 si
897 955 958 1018 HS
980 979 1012 1023 rr
1039 957 1167 1021 milibus
1189 971 1221 1018 to
1242 958 1298 1022 tibi
1320 966 1503 1024 constarent
1522 977 1571 1034 ea,

241 1069 325 1132 quae
346 1055 381 1112 tu
402 1047 495 1114 facile
516 1069 627 1133 posses
648 1049 787 1114 rendere
809 1057 868 1119 Hs
891 1070 928 1115 cc
950 1051 1100 1115 milibust
1144 1051 1217 1114 Fuit
1237 1053 1333 1128 tanti,
1359 1055 1439 1119 mibi
1459 1053 1571 1118 crede:

240 1143 385 1218 haberes,
407 1143 496 1227 quod
510 1142 716 1209 defenderes:
738 1162 832 1209 nemo
848 1151 1024 1229 quaereret,
1046 1145 1158 1229 quanti
1173 1146 1230 1210 illa
1243 1163 1293 1210 res
1309 1156 1411 1214 esset:
1433 1147 1573 1212 simodo

241 1244 272 1301 te
293 1257 406 1321 posses
428 1237 543 1302 docere
565 1239 690 1314 emisse,
714 1238 819 1315 facile,
842 1239 893 1303 cui
914 1238 1024 1315 selles,
1047 1247 1134 1304 tuam
1156 1257 1284 1305 causam
1306 1241 1476 1306 ellectum
1498 1261 1573 1325 pro·

61 1301 138 1420 Jst,
241 1333 349 1396 hares:
379 1352 463 1394 nunc
485 1332 525 1394 de
547 1332 801 1416 peripetasmatis
824 1324 1119 1418 quemadmodum
1138 1341 1170 1398 te
1185 1333 1354 1417 expedies,
1377 1356 1441 1400 non
1462 1335 1572 1400 hebes.

95 1455 120 1556 b
204 1423 293 1490 ⁴029.
317 1425 425 1503 Quid?
446 1444 466 1491 a
487 1425 663 1509 Phylarcho
679 1427 899 1510 Centuripino,
919 1428 1049 1508 homine
1063 1427 1224 1511 locuplete
1237 1449 1275 1492 ac
1289 1431 1401 1506 nobili,
1422 1430 1571 1514 phaleras

241 1520 453 1605 pulcherrime
474 1520 592 1595 tactas,
615 1539 699 1605 quae
720 1521 806 1604 regis
827 1522 977 1586 Hieronis
998 1521 1099 1586 inisse
1121 1521 1284 1599 dicuntur,
1314 1531 1421 1588 utrum
1444 1524 1573 1588 undem

241 1614 399 1682 abstulisti
420 1635 461 1680 en
483 1615 610 1680 emisti?
652 1617 690 1680 ln
712 1616 820 1681 Sicilie
842 1616 970 1701 quidem
993 1636 1065 1680 cum
1087 1635 1209 1692 essem,
1237 1619 1282 1681 sic
1304 1637 1324 1682 a
1346 1617 1572 1700 Centuripinis,

240 1711 287 1776 sic
308 1731 328 1773 a
349 1710 464 1774 ceteris
485 1709 653 1774 audiebam
667 1743 710 1758 --
726 1731 790 1774 non
807 1711 891 1776 enim
913 1731 1025 1794 parum
1046 1729 1098 1774 res
1120 1717 1189 1774 erat
1202 1711 1287 1776 clara
1300 1733 1357 1774 -r
1373 1721 1436 1778 tam
1459 1720 1491 1777 te
1512 1713 1571 1776 has

239 1804 387 1889 phaleras
409 1823 428 1866 a
448 1803 626 1886 Phylarcho
649 1805 856 1888 Centuripino
878 1805 1048 1870 abstulisse
1070 1804 1235 1882 dicebant,
1267 1826 1364 1891 quam
1393 1808 1472 1872 alias
1494 1808 1571 1870 item

202 1903 230 1952 44
241 1899 363 1963 nobiles
392 1899 434 1962 ab
462 1898 569 1961 Aristo
594 1900 837 1975 Panormitano,
864 1919 959 1984 quam
986 1899 1095 1964 tertias
1124 1900 1314 1985 aCratippo
1346 1903 1571 1986 Tyndaritano.

238 1994 365 2057 Etenim
388 1992 415 2056 si
437 1991 632 2075 Phylarchus
654 1993 868 2070 vendidisset,
895 2013 961 2058 non
988 1995 1035 2069 ei,
1065 2001 1275 2078 posteaquam
1307 2015 1380 2058 reus
1401 1994 1504 2058 taetras
1526 2015 1572 2070 es,

238 2087 437 2152 redditurum
460 2094 492 2150 te
514 2088 725 2170 promisisses.
770 2090 865 2165 Quod
888 2089 962 2174 quia
984 2088 1093 2152 vidisti
1114 2089 1223 2172 plures
1245 2091 1343 2164 scire,
1365 2089 1522 2173 cogitasti,
1544 2090 1571 2154 si

240 2183 270 2246 ei
291 2181 496 2256 reddidisses,
519 2189 550 2244 te
572 2182 677 2245 minus
700 2182 892 2258 habiturum,
914 2204 981 2247 rem
1003 2183 1105 2248 nihilo
1120 2184 1226 2247 minus
1248 2191 1394 2248 testatam
1415 2184 1571 2248 fuimns:

239 2289 305 2342 non
326 2275 503 2340 reddidisti.
547 2275 636 2339 Dixit
655 2276 852 2361 Phylarchus
874 2298 932 2360 pro
955 2278 1139 2342 testimonio
1163 2298 1213 2352 se,
1242 2277 1329 2362 quod
1351 2287 1460 2342 nosset
1481 2287 1573 2342 tuum

200 2371 336 2436 ’Pistum
359 2371 514 2445 morbum,
536 2377 572 2434 ut
593 2371 687 2434 amici
704 2372 749 2436 tui
763 2371 936 2455 appellant,
959 2373 1086 2454 cupisse
1102 2379 1133 2434 te
1147 2372 1251 2435 celare
1265 2373 1306 2436 de
1321 2372 1478 2457 phaleris:
1500 2392 1573 2436 cum

239 2465 295 2530 abs
317 2472 349 2530 te
371 2463 550 2548 appellatus
572 2471 673 2539 esset,
702 2485 837 2550 negasse
866 2466 984 2531 habere
1014 2485 1100 2530 sese:
1130 2467 1215 2550 apud
1243 2467 1341 2530 alium
1367 2487 1498 2551 qnoque
1519 2485 1572 2530 ees

237 2557 389 2626 habuisse
411 2559 584 2641 depositas,
607 2580 648 2623 ne
671 2578 736 2643 qua
756 2561 989 2624 invenirentur:
1012 2568 1099 2624 tuam
1113 2567 1234 2624 4444444
1247 2560 1346 2626 fuisse
1360 2561 1572 2644 sagacitatem,

237 2661 275 2716 ut
296 2673 350 2717 ees
371 2673 430 2736 per
451 2653 541 2718 illum
562 2654 665 2737 ipsum
680 2655 865 2737 inspiceres,
887 2655 942 2718 ubi
957 2660 1049 2718 erant
1062 2654 1243 2737 depositae:
1266 2663 1333 2719 tum
1347 2674 1381 2719 se
1396 2653 1574 2738 deprehen·

237 2767 309 2813 sum
331 2765 449 2830 negare
471 2767 535 2816 non
557 2749 715 2830 potuisse:
738 2747 783 2812 ita
804 2748 844 2811 ab
867 2769 902 2812 se
923 2748 1025 2811 inrito
1048 2747 1195 2831 phaleras
1217 2749 1338 2814 ablatas
1359 2751 1466 2833 gratis.

201 2843 229 2894 2⁵
323 2837 409 2903 XIll.
438 2837 490 2904 30.
522 2841 604 2915 lam,
631 2847 669 2904 ut
695 2841 775 2904 haec
803 2842 911 2904 omnia
938 2843 1080 2924 reperire
1106 2863 1144 2907 ec
1173 2844 1364 2927 perscrutari
1386 2843 1498 2908 solitus
1520 2843 1571 2918 sit,

239 2934 380 3012 iudices,
403 2942 452 2999 est
473 2953 590 3018 operae
612 2936 748 3018 pretium
777 2955 981 3018 cognoscere.
1018 2937 1182 3022 Cibyratae
1205 2946 1279 3000 sunt
1298 2937 1410 3002 iratres
1433 2935 1571 3021 quidam,

111 3019 138 3106 Ᾰ
227 3019 441 3114 'Tlepolemus
463 3036 496 3092 et
516 3028 625 3103 Hiero,
649 3049 785 3113 quorum
809 3031 943 3118 alterum
964 3031 1085 3115 fingere
1099 3035 1215 3115 opinor
1229 3052 1247 3095 e
1261 3053 1333 3098 cera
1347 3031 1476 3096 solitum
1490 3050 1571 3106 esse,

212 3192 216 3201 ¹
239 3124 375 3221 alternam
397 3143 467 3188 esse
488 3124 653 3206 pictorem.
682 3124 787 3187 llosce
809 3126 932 3208 opinor,
956 3126 1087 3210 Cibyrae
1103 3147 1174 3190 cum
1189 3129 1223 3191 in
1238 3127 1452 3212 suspicionem
1466 3127 1572 3191 venis·

240 3227 311 3284 sent
332 3219 399 3284 suis
421 3218 544 3284 civibus
571 3218 680 3282 tanum
709 3219 868 3303 expilasse
889 3220 1062 3304 Apollinis,
1091 3223 1209 3286 veritos
1237 3240 1372 3305 poenam
1401 3219 1513 3284 iudicii
1534 3239 1570 3284 ac

200 3313 319 3397 dtlegis
342 3314 438 3378 domo
460 3312 649 3397 profugisse.
694 3312 788 3388 Quod
810 3314 941 3378 Verrem
971 3315 1093 3380 artificii
1114 3316 1164 3379 sui
1186 3314 1338 3398 cupidum
1360 3321 1572 3400 cognoverant

240 3417 322 3484 tum,
352 3427 425 3472 cum
453 3409 530 3483 iste,
562 3407 594 3471 id
617 3408 702 3492 quod
732 3429 773 3474 ex
794 3411 930 3474 testibus
958 3411 1131 3486 didicistis,
1159 3411 1305 3494 Cibyram
1328 3430 1401 3473 cum
1421 3409 1570 3474 inanibus

240 3503 429 3587 syngraphis
450 3510 597 3577 venerat,
627 3501 722 3567 domo
745 3503 903 3586 fugientes
925 3504 965 3572 ad
989 3525 1061 3571 eum
1083 3525 1118 3569 se
1140 3505 1282 3579 exsules,
1312 3523 1384 3568 cum
1405 3505 1465 3568 iste
1487 3508 1571 3566 esset

239 3773 364 3844 uitiosum
384 3772 476 3824 44444444
495 3771 685 3835 detendenmt,
712 3786 766 3825 non
788 3773 913 3826 videntur
935 3775 1065 3838 cogitasse
1088 3773 1178 3826 locum
1202 3773 1228 3826 ln
1251 3775 1350 3840 optime
1374 3775 1452 3827 codd.
1472 3774 1568 3827 tamilla

240 3848 345 3902 deesse.
373 3847 531 3900 Emendatio
552 3862 578 3900 aa
599 3849 653 3900 iem
668 3851 812 3913 propterea
828 3849 980 3902 necessaria
997 3851 1051 3910 est,
1075 3849 1149 3914 quod
1166 3848 1242 3902 adest
1257 3848 1441 3914 praedicatum
1457 3851 1569 3903 audien-

240 3926 303 3975 tem.
323 3921 416 3988 tium]
435 3949 463 3960 -
487 3925 511 3974 4.
530 3925 651 3987 gumesi,
671 3924 878 3986 344444444444
894 3925 940 3987 aa,
959 3925 1037 3977 codd.
1056 3924 1114 3987 lbi,
1133 3925 1168 3976 C:
1188 3925 1299 3988 34444444
1315 3938 1351 3974 co
1367 3925 1468 3976 44444444
1484 3927 1567 3990 nges3

238 3999 447 4062 quamcredere
463 3997 569 4050 detto.
585 4025 613 4036 -
626 4001 650 4050 4.
669 4000 805 4050 cumrato
821 4002 931 4052 omasum
946 4006 1056 4052 esstrasm
1072 3997 1168 4051 44464
1185 3998 1235 4050 44.;
1253 4005 1363 4052 cuorus
1380 4011 1434 4051 om.
1454 4002 1486 4052 ct
1502 4003 1567 4066 bgt;

238 4074 441 4125 udmmurotto
457 4087 480 4125 o.
498 4089 522 4124 c.
541 4075 599 4137 344)
616 4074 700 4138 4344ς
723 4075 925 4126 admurmuratio
942 4076 1053 4127 4444444444
1068 4075 1098 4126 0.
1119 4101 1147 4110 -
1166 4074 1190 4125 3.
1208 4075 1269 4126 baec
1285 4074 1365 4126 dett:
1383 4075 1429 4126 boe
1445 4075 1491 4126 et.
1516 4075 1570 4140 [boo

239 4151 320 4202 etiam
332 4153 409 4214 legg.
423 4162 526 4212 omnes,
545 4149 579 4200 de
591 4161 643 4213 que
655 4161 685 4200 re
697 4151 724 4200 Ζ.
737 4152 816 4202 tacet.
835 4152 889 4202 Nec
900 4152 990 4203 tamen
1001 4151 1080 4203 video
1093 4163 1147 4215 quo
1159 4150 1239 4202 modo
1254 4149 1318 4201 terri
1330 4150 1434 4215 possit]
1448 4173 1475 4188 ··
1489 4149 1513 4202 4.
1530 4151 1567 4202 Vl.

237 4225 337 4278 mitibus
351 4237 376 4276 ro
393 4224 475 4288 ngas:
501 4225 534 4275 D.
555 4223 636 4283 dett,
662 4238 716 4276 om.
735 4227 820 4276 totum
838 4239 980 4278 numerum
996 4227 1043 4278 443.
1063 4253 1091 4266 -·
1110 4228 1135 4277 o.
1155 4226 1176 4276 st
1193 4239 1246 4278 om.
1268 4225 1315 4277 R3.
1336 4251 1364 4262 -
1380 4226 1431 4277 HS.
1449 4241 1474 4274 44
1497 4227 1521 4277 D
1538 4227 1567 4276 n.

239 4303 290 4364 (¹123
315 4301 365 4352 Hs.
384 4314 415 4353 co
431 4300 482 4359 Gt,
508 4300 535 4349 in
552 4298 599 4350 Ld.
619 4311 672 4350 om.
691 4301 777 4352 eills.
791 4301 889 4352 --lts
903 4302 949 4353 GC.
970 4327 997 4336 -
1016 4302 1040 4352 6.
1063 4306 1092 4350 tu
1113 4313 1159 4351 om
1177 4301 1253 4364 4349.
1274 4323 1302 4338 -
1318 4301 1399 4363 possis
1419 4302 1449 4353 R.
1470 4313 1497 4338 *-
1514 4299 1567 4351 ils.

238 4374 598 4427 metamaucenses.
620 4375 690 4426 -8.
715 4376 858 4428 cesena.
880 4401 907 4414 ··
927 4378 964 4428 tut
985 4389 1092 4428 44444444
1113 4377 1200 4436 lth3
1228 4376 1269 4426 cut
1291 4389 1396 4426 cucuma
1418 4377 1454 4426 94
1472 4375 1519 4427 Ld.
1540 4401 1567 4414 -

238 4451 279 4502 to.
290 4450 426 4512 Pbuturctc
437 4449 587 4514 Zumptius:
605 4449 734 4500 Phileroto
745 4449 787 4502 vel
798 4452 937 4502 Phtttcrcbo
949 4451 1069 4511 codicem
1088 4450 1137 4504 sed
1154 4465 1181 4502 v.
1194 4451 1234 4504 tl.
1246 4453 1281 4501 s:
1300 4451 1432 4512 44344444.
1446 4477 1474 4490 -
1487 4452 1528 4502 ts.
1542 4451 1570 4501 ta

238 4523 391 4578 8449441494
418 4525 520 4576 Sictttoo
535 4523 600 4576 dett.
622 4551 649 4562 -
668 4525 709 4576 ts.
726 4527 922 4578 44444444444444
938 4528 959 4578 n
975 4529 1003 4578 44
1019 4527 1096 4592 ngas.
1117 4553 1144 4562 -
1165 4527 1337 4577 laudantem
1352 4527 1382 4576 n.
1403 4551 1431 4564 -
1451 4525 1490 4577 47.
1507 4537 1569 4588 prc-

237 4601 331 4652 mtrtaes
347 4602 376 4653 ll.
397 4623 424 4636 -
443 4600 541 4650 uidistis
557 4601 587 4662 lt,
606 4599 655 4651 sed
672 4612 684 4650 a
700 4601 727 4650 in
743 4601 775 4652 se
790 4603 925 4666 punctata.
946 4629 973 4638 -
993 4603 1033 4654 49.
1051 4603 1172 4654 reddisset
1186 4603 1217 4653 n.
1232 4627 1260 4638 -
1278 4602 1362 4652 mesas
1376 4601 1486 4652 4444444444
1501 4600 1570 4652 4444-

237 4681 324 4728 hom
340 4678 418 4740 1433.
436 4677 543 4741 praeter
559 4675 601 4728 49.
617 4703 643 4712 -
657 4675 698 4728 40.
717 4677 845 4741 oppetunt
859 4679 970 4728 studites
985 4678 1080 4741 4434444
1096 4677 1162 4728 dett.
1177 4701 1204 4712 -
1217 4677 1308 4728 edoce
1324 4679 1352 4728 et
1367 4675 1464 4729 deinde
1475 4687 1570 4740 443444

237 4749 304 4802 dett.
332 4751 432 4800 luetur
448 4750 530 4802 cature
547 4750 627 4801 etiarn
644 4753 720 4802 true.
740 4753 773 4805 ll.
793 4765 819 4818 p.
837 4753 895 4804 449.
916 4779 944 4790 -
962 4753 1004 4804 44.
1023 4753 1101 4817 tuero]
1124 4753 1196 4804 istius
1212 4754 1233 4804 lt
1249 4753 1296 4803 Gt.
1316 4779 1344 4789 -
1362 4751 1403 4802 44.
1422 4751 1569 4814 mecm

236 4826 267 4878 lt.
288 4852 316 4862 -
334 4824 375 4878 44.
394 4837 453 4876 ose
469 4827 501 4876 Gt
517 4827 542 4876 4.
558 4851 585 4862 -
596 4825 716 4888 phetam
731 4827 830 4878 4444444
845 4827 989 4880 llerttanns
1007 4825 1113 4894 Capella
1130 4840 1157 4894 p.
1175 4828 1233 4882 4445.
1252 4829 1324 4878 Grot.
1343 4827 1379 4892 (p.
1398 4823 1455 4878 444.
1474 4827 1567 4891 ltopp.)

238 4903 266 4952 et
281 4900 367 4964 44349
389 4899 431 4964 (de
448 4913 502 4966 quo
518 4903 546 4952 Ζ.
564 4902 656 4964 tacetl:
679 4903 947 4965 plumculmen,
975 4901 1064 4954 addite
1081 4915 1094 4953 a
1114 4915 1198 4967 super
1218 4916 1251 4952 rc
1272 4903 1361 4967 (manu
1377 4901 1515 4978 secunda,
1539 4901 1569 4952 ut

236 4975 312 5028 Burs.
332 4976 466 5041 testaturl3
481 4977 729 5041 phalerasublatas
745 4978 795 5040 c3;
813 4977 912 5029 4444444
924 4977 994 5040 phul.
1014 4978 1079 5030 dett.
1098 4979 1132 5038 0,
1150 4977 1263 5028 4444444444
1274 4975 1345 5040 phul.
1357 4976 1387 5026 L.
1406 5001 1435 5012 -
1453 4977 1495 5027 44.
1513 4987 1569 5038 rop-

233 5053 319 5114 osriro
334 5051 364 5105 lt.
379 5079 407 5092 -
426 5052 467 5104 46.
481 5053 611 5116 praetium
627 5053 657 5104 R.
668 5078 698 5090 -
717 5052 850 5116 Oybtrotoe
865 5054 901 5116 n,
923 5051 973 5103 sed
989 5051 1057 5104 intra
1074 5051 1194 5114 94434-
1212 5052 1254 5104 tt.
1271 5063 1349 5103 odero
1364 5051 1396 5101 a.
1406 5075 1434 5086 -
1453 5049 1494 5102 34.
1510 5061 1568 5102 cun

239 5137 293 5178 om.
311 5125 357 5180 aa.
377 5153 406 5166 -
425 5127 466 5181 32·
483 5127 626 5193 singrapbis
640 5128 670 5180 lt.
689 5153 717 5166 ·-
734 5127 856 5196 suatostss
871 5127 919 5192 tlt,
935 5125 965 5178 it:
986 5127 1157 5193 protttgt'astsa
1173 5127 1238 5180 dett.
1257 5126 1287 5178 0.
1306 5147 1335 5163 -
1353 5123 1440 5178 muas
1452 5124 1485 5176 ll.
