3578 5862
566 465 639 530 on.
661 463 816 538 x-xu.
843 456 900 544 ss.
921 454 1068 524 ar-ao.
1418 451 1480 518 eir

158 643 193 707 in
215 640 334 705 tertio?
356 641 459 722 Atque
480 636 532 699 hic
553 635 755 718 perspicuum
778 639 839 706 est,-
861 629 940 715 quid
963 629 1039 692 iuris
1060 626 1262 692 amaioribus
1284 626 1479 710 acceperitis,

158 736 234 820 quid
263 734 303 797 ab
331 732 391 796 boc
413 731 541 794 tribuno
566 728 667 815 plebis
689 727 776 791 robis
797 725 1005 808 relinquatur.
1048 724 1104 786 xi.
1125 721 1262 787 Maiores
1284 720 1324 783 de
1346 719 1479 803 singulis

158 826 390 911 magistratibus
417 824 466 888 his
497 843 553 887 vos
583 823 768 886 sententiam
798 820 880 882 ferre
902 818 1080 882 voluerunt.
1115 817 1193 880 Nam
1216 835 1288 878 cum
1309 815 1481 878 centuriata

156 923 212 985 lex
232 920 416 985 censoribus
438 918 612 991 terebatur,
634 937 705 979 cum
725 915 844 978 curiata
860 913 971 976 ceteris
987 911 1126 995 patriciis
1141 909 1391 992 magistratibus,
1413 913 1480 970 tum

157 1017 272 1079 iterum
294 1013 334 1076 de
356 1011 475 1076 eisdem
497 1008 709 1083 indicabatur,
739 1016 774 1071 ut
803 1014 887 1071 esset
915 1004 1168 1090 reprehendendi
1190 1009 1347 1086 potestas,
1376 1001 1404 1064 si
1425 1017 1504 1084 po=e

64 1163 72 1176 .
156 1109 269 1193 pulum
289 1102 434 1170 beneficii
457 1105 505 1168 sui
530 1104 717 1186 poeniteret.
761 1098 812 1165 27.
834 1103 941 1175 Nunc,
972 1099 1130 1176 Quirites,
1158 1097 1213 1160 illa
1235 1097 1334 1180 prima
1356 1095 1482 1160 comitia

158 1203 290 1276 tenetis,
312 1199 486 1263 centuriata
508 1208 539 1261 et
567 1197 698 1262 tributa:
722 1195 841 1258 curiata
867 1202 989 1257 tantum
1012 1193 1223 1276 auspiciorum
1246 1209 1340 1254 causa
1360 1210 1483 1253 reman-

156 1303 276 1359 serunt.
319 1294 377 1356 llic
404 1300 508 1355 autem
536 1291 679 1354 tribunus
708 1289 828 1372 plebis,
859 1289 933 1373 quia
962 1286 1090 1351 videbat
1111 1291 1298 1369 potestatem
1324 1284 1483 1348 neminem

156 1389 277 1453 iniussu
306 1386 415 1471 populi
437 1393 491 1449 aut
512 1384 613 1468 plebis
634 1402 728 1469 posse
750 1382 885 1457 babere,
908 1380 1037 1444 curiatis
1060 1399 1128 1444 eam
1150 1379 1299 1454 comitiis,
1322 1397 1403 1463 quae
1425 1396 1482 1441 vos

146 1481 224 1546 ‘non
246 1481 349 1554 initis,
372 1476 581 1542 confirmavit:
614 1478 747 1553 tributa,
779 1496 861 1561 quae
884 1483 987 1539 vestra
1009 1482 1112 1548 erant,
1140 1473 1276 1537 sustulit.
1318 1473 1382 1548 lta,
1410 1489 1519 1536 sumto

158 1575 294 1638 maiores
319 1573 401 1637 binis
430 1573 565 1636 comitiis
587 1572 745 1636 voluerint
766 1591 821 1634 vos
850 1570 889 1633 de
918 1568 1050 1653 singolis
1079 1568 1311 1651 magistratibus
1332 1566 1483 1640 iudicare,

158 1670 211 1735 hic
232 1669 327 1731 homo
348 1667 511 1753 popularis
532 1685 572 1728 ne
594 1685 689 1728 unam
705 1665 833 1750 quidem
855 1664 974 1748 populo
997 1661 1194 1727 comitiorum
1209 1669 1395 1744 potestatem
1410 1659 1484 1722 reli·

160 1763 240 1848 quit.
264 1757 316 1824 28.
332 1760 393 1824 Sed
411 1761 513 1824 videte
533 1760 672 1824 hominis
693 1759 881 1840 religionem
904 1764 936 1821 et
958 1757 1162 1840 diligentiam.
1196 1755 1283 1818 Vidit
1304 1763 1336 1820 et
1356 1774 1483 1839 perspe-

158 1858 207 1922 xit
228 1857 296 1921 eine
323 1856 443 1919 curiata
462 1855 533 1937 lege
553 1854 746 1918 decemviros
770 1859 956 1937 potestatem
978 1852 1094 1915 habere
1116 1870 1180 1914 non
1198 1870 1305 1934 posse,
1333 1850 1482 1935 quoniam

158 1971 217 2035 per
244 1969 313 2013 vrru
342 1949 442 2012 tribus
470 1957 575 2012 essent
604 1948 774 2011 constituti.
818 1947 909 2010 lubet
937 1946 1020 2010 terre
1049 1945 1151 2028 legem
1182 1944 1222 2008 de
1242 1945 1293 2008 his
1316 1946 1520 2016 curiatam,ie

158 2043 295 2129 praetori
324 2043 466 2126 imperat.
503 2043 605 2118 Quam
635 2041 666 2105 id
695 2043 797 2124 ipsum
824 2041 974 2116 absurde,
1006 2039 1085 2103 nihil
1107 2039 1147 2102 ad
1169 2059 1220 2102 me
1237 2040 1358 2102 attinet.
1393 2038 1484 2101 lubet

159 2139 261 2211 enim,
290 2138 345 2221 qui
375 2138 494 2220 primam
522 2137 563 2200 sit
584 2142 711 2219 praetor
738 2133 855 2210 factus,
888 2156 960 2199 eum
981 2136 1084 2216 legem
1106 2134 1257 2197 curiamm
1277 2133 1375 2209 ferre3
1408 2133 1433 2196 si
1456 2133 1483 2195 is

158 2234 240 2297 terre
254 2251 320 2294 non
341 2233 457 2315 possit,
479 2231 534 2313 qui
552 2237 732 2313 postremus
747 2229 805 2293 sit:
827 2237 863 2292 ut
878 2237 933 2292 aut
947 2230 1062 2292 lusisse
1078 2228 1111 2291 in
1126 2227 1221 2292 tantis
1235 2227 1329 2291 rebus
1343 2233 1397 2290 aut
1410 2245 1484 2311 pro-

158 2327 241 2390 tecto
263 2325 371 2388 nescio
394 2324 472 2409 quid
493 2331 651 2408 spectasse
673 2323 828 2387 videatur.
866 2325 983 2386 Verum
1004 2324 1083 2398 hoc,
1107 2321 1193 2406 quod
1217 2329 1265 2385 eet
1279 2323 1392 2385 autito
1412 2341 1483 2404 per·

160 2440 304 2495 versum,
324 2426 361 2483 ut
374 2419 559 2494 ridiculum,
582 2427 636 2482 aut
651 2418 694 2482 ita
709 2417 916 2493 malitiosum,
938 2425 973 2480 ut
989 2417 1157 2480 obscurum
1172 2416 1229 2493 sit,
1251 2417 1479 2501 relinquamus:
1492 2431 1521 2480 ro

159 2516 199 2579 ad
221 2515 407 2597 religionem
428 2512 567 2576 hominis
588 2519 791 2576 revertamur.
825 2511 919 2575 Videt
940 2513 1009 2575 sine
1032 2512 1101 2594 lege
1124 2511 1244 2575 curiata
1266 2511 1346 2574 nihil
1360 2510 1411 2592 agi
1427 2529 1484 2592 per

161 2609 357 2674 decemviros
380 2626 483 2690 posse.
499 2599 503 2604 ’
521 2603 571 2669 29.
596 2606 682 2682 Quid
704 2613 834 2690 postea,
857 2608 884 2669 si
907 2626 944 2670 ea
965 2605 1028 2669 lata
1050 2624 1115 2668 non
1137 2606 1222 2668 erit?
1254 2602 1414 2668 Attendite
1435 2601 1484 2662 in·

159 2703 296 2786 genium.
331 2703 401 2765 Tvn
433 2719 457 2764 11
489 2719 678 2775 oncnurnu,
709 2701 832 2782 inquit,
864 2720 972 2764 nonan
1002 2721 1073 2763 rvan
1102 2719 1170 2763 surr
1200 2719 1260 2773 ovo
1290 2718 1344 2772 our
1365 2713 1483 2759 ormua

158 2817 252 2862 naon.
298 2796 331 2858 Si
352 2797 414 2859 hoc
435 2795 504 2858 fieri
527 2804 650 2879 potest,
672 2802 707 2858 ut
728 2796 761 2858 in
782 2794 842 2858 hac
861 2795 1000 2870 civitate,
1024 2813 1104 2879 quae
1127 2794 1221 2875 longe
1244 2795 1312 2858 iure
1332 2789 1484 2855 libertatis

160 2891 273 2956 ceteris
296 2889 475 2953 civitatibus
497 2889 672 2963 antecellit,
696 2890 864 2973 quisquam
886 2889 981 2953 nullis
1004 2889 1139 2953 comitiis
1161 2890 1328 2971 imperinm
1351 2895 1405 2951 aut
1426 2901 1521 2969 pose

158 2992 302 3052 testatem
332 2984 460 3068 assequi
481 2986 600 3068 possit,
631 2984 707 3067 quid
731 2984 842 3047 attinet
863 2983 957 3048 tertio
980 2983 1082 3066 capite
1103 2975 1207 3067 legem
1229 2985 1379 3047 curiatam
1399 2981 1483 3044 ferre

159 3081 285 3154 iubere,
308 3099 379 3141 cum
402 3086 514 3162 quarto
537 3078 719 3161 permittas,
751 3085 787 3140 ut
808 3079 875 3140 sine
897 3078 967 3160 lege
990 3077 1110 3140 curiata
1131 3077 1216 3141 idem
1238 3078 1315 3141 iuris
1336 3076 1483 3149 habeant,

160 3175 246 3258 quod
274 3172 440 3245 haberent,
468 3171 495 3232 si
526 3171 645 3252 optima
665 3170 735 3252 lege
765 3190 784 3233 a
812 3171 931 3254 populo
962 3177 1069 3234 essent
1091 3172 1212 3234 creati?
1245 3170 1485 3254 lieges'consti·

160 3274 306 3340 tuuntur,
328 3284 393 3327 non
416 3265 603 3339 decemviri,
627 3264 781 3339 Quirites,
804 3265 910 3348 itaque
933 3265 971 3326 ab
992 3265 1040 3327 his
1061 3266 1159 3328 initiis
1183 3257 1481 3348 [tirndameutisque]

160 3357 493 3434 nascuntur,tutinon
509 3358 602 3421 modo
619 3379 689 3420 cum
705 3377 813 3440 gerere
828 3359 1004 3443 coeperint,
1027 3359 1191 3422 sedetiam
1207 3379 1276 3420 eum
1292 3359 1521 3422 constitum-ao

161 3456 343 3545 tantosque
364 3451 503 3515 ¹iiiastrurn
525 3452 592 3526 ius,
614 3459 754 3534 potestas
776 3452 969 3535 libertasque
992 3447 1142 3548 tollatur.)
1162 3453 1232 3515 xli.
1248 3449 1300 3514 30.
1315 3454 1356 3516 At
1369 3452 1483 3524 videte,
1564 3453 1606 3562 3!
1620 3421 1684 3522 ab<

162 3567 257 3632 quam
287 3546 455 3628 diligenter
485 3547 621 3610 retineat
648 3548 696 3610 ius
729 3547 915 3611 tribuniciae
946 3549 1121 3630 potestatis.
1159 3547 1348 3612 Consulibus
1380 3547 1483 3629 legem

88 3671 91 3678 ·
162 3642 311 3705 curiatam
339 3641 512 3704 terentibus
543 3641 716 3704 atribunis
738 3641 840 3725 plebis
862 3661 957 3724 saepe
980 3648 1029 3706 est
1049 3643 1269 3706 intercessum:
1301 3639 1416 3724 (neque
1436 3647 1483 3702 ta·

223 3953 249 4001 t.
266 3951 370 4016 singulte
385 3951 531 4002 EFGPT:
552 3953 662 4004 omnbus
678 3951 791 4008 ALFO.
817 3952 855 4004 Ct.
874 3967 898 4003 v.
913 3953 953 4003 tt.
970 3976 996 3988 -
1016 3950 1040 4002 3.
1059 3963 1116 4001 mens
1132 3963 1185 4001 om.
1204 3947 1259 4002 Ab.
1281 3975 1308 3988 -
1328 3949 1353 4001 l.
1371 3952 1481 4001 cocori-

159 4026 212 4093 bns]
229 4026 368 4076 conndibns
379 4027 406 4077 1..
421 4053 448 4062 -
467 4040 525 4077 enm
536 4040 589 4078 om.
602 4028 629 4078 F.
645 4053 671 4065 -
690 4029 715 4080 t.
728 4027 856 4078 iudicabat
866 4028 896 4078 E.
911 4054 938 4064 -—
957 4025 1103 4090 reprebendi
1119 4027 1175 4076 EF.
1190 4051 1217 4061 —
1232 4027 1256 4076 6.
1269 4026 1350 4088 Nunc,
1365 4026 1480 4090 Quirites,

159 4104 204 4152 iiio
217 4103 378 4164 primanos:
396 4103 535 4162 Nomqnic
550 4103 595 4152 iiia
607 4103 739 4165 primam
757 4117 823 4153 nnnc
835 4104 923 4166 primo
938 4103 984 4152 itio
997 4103 1027 4159 F;
1045 4115 1112 4152 nunc
1129 4101 1191 4162 qnia
1203 4099 1478 4164 primatiiohhbm

154 4192 224 4228 'nnnc
239 4190 292 4228 nno
307 4177 353 4227 iilo
365 4178 451 4239 pricio
468 4177 597 4240 Madvigio
614 4181 722 4230 auctore
740 4180 840 4243 Ussing.
859 4180 897 4230 ct.
914 4190 968 4228 var.
987 4175 1048 4228 lect.
1067 4176 1091 4240 5.
1106 4179 1128 4226 i.
1143 4175 1239 4228 liniti.
1252 4177 1293 4226 32.
1308 4203 1336 4215 -
1356 4179 1380 4227 ἵ.
1398 4179 1482 4240 cuspi-

159 4265 245 4303 eornm
262 4253 317 4302 EF.
337 4279 365 4288 -
384 4251 408 4301 8.
424 4255 571 4314 potestatem
586 4253 681 4302 intruso
694 4268 721 4317 p.
735 4259 780 4304 ant
792 4254 828 4316 pi.
845 4267 914 4316 posse
930 4253 1020 4304 nobee
1035 4253 1157 4303 nunidem
1173 4254 1201 4302 i..
1216 4279 1243 4290 -
1263 4253 1287 4303 9.
1300 4267 1357 4304 eom
1367 4281 1405 4294 ·-
1415 4256 1484 4305 initis

161 4326 344 4378 henredanus:
368 4339 399 4376 ea
410 4353 447 4364 --
458 4327 537 4376 antiis
554 4325 668 4384 abab
692 4341 769 4379 ec--
780 4329 847 4380 settis
863 4329 905 4379 ed.
924 4330 1039 4387 [nntium
1062 4341 1141 4379 ean
1152 4329 1238 4378 unctis
1254 4328 1287 4385 L;
1312 4342 1342 4379 en
1353 4355 1392 4368 --
1403 4329 1482 4380 scistis
1553 4386 1554 4389 Ἴ

160 4403 189 4452 0.
207 4401 245 4454 Ct.
258 4401 360 4465 Madvig
376 4402 403 4452 in
413 4401 497 4452 Philet.
511 4401 661 4453 Schneider).
674 4407 704 4456 11.
718 4418 743 4469 p.
758 4405 851 4456 tli.-
870 4406 911 4455 tt.
928 4404 1059 4454 voincmnt
1074 4402 1188 4452 EFPA.
1207 4401 1365 4456 Emendavit
1376 4406 1481 4467 Nauge-

160 4478 213 4528 rius
230 4477 256 4526 in
273 4476 316 4526 cd.
334 4475 436 4527 Aldina.
456 4502 482 4511 —
502 4475 542 4528 ti.
559 4482 703 4538 potestatem
718 4480 808 4530 tabere
824 4481 971 4530 EFPTA:
989 4478 1078 4528 habere
1092 4481 1236 4540 consanam
1253 4489 1315 4528 cum
1332 4477 1375 4528 ed.
1388 4477 1481 4529 aldina

161 4560 243 4615 LiO.
263 4586 290 4594 -
315 4560 443 4626 quoniam]
461 4576 503 4624 qm
518 4562 552 4621 h';
573 4575 622 4623 qno
639 4563 665 4612 F.
688 4563 757 4612 Fort.
776 4575 841 4612 cnm.
861 4561 898 4613 Ct.
918 4575 944 4610 v.
956 4561 997 4611 ti.
1013 4589 1040 4598 -
1059 4563 1100 4612 tt.
1118 4561 1181 4625 terri
1198 4561 1379 4613 Lauredonus.
1400 4589 1428 4600 -
1446 4563 1482 4612 ie·

160 4650 213 4701 genn
238 4637 268 4686 dc
290 4637 328 4685 iis
353 4639 386 4688 E:
413 4639 442 4688 de
463 4638 500 4688 nie
523 4637 601 4702 tegens
626 4635 765 4687 FALFO.
793 4637 902 4699 thim.)
931 4663 958 4672 -
984 4637 1118 4702 summm]
1145 4636 1312 4688 contanciam
1337 4637 1480 4687 EFGPA.

162 4711 316 4763 Emendavit
332 4713 485 4776 hervagius.
504 4737 527 4750 -
560 4712 600 4761 47.
618 4711 640 4762 si
661 4713 758 4762 isEF:
784 4711 835 4762 suis
857 4714 889 4772 P;
912 4711 951 4762 sin
971 4713 992 4762 ie
1013 4711 1125 4765 Atto.
1150 4740 1178 4750 -
1205 4713 1245 4764 48.
1265 4716 1346 4776 posset
1365 4713 1479 4762 EFPA.

161 4787 317 4840 Emendavit
332 4791 360 4839 Ρ.
379 4788 517 4852 Manutius.
531 4815 558 4824 -
576 4793 605 4837 nt
619 4787 722 4837 innon
739 4788 771 4848 F;
789 4787 1037 4837 mountain-
1058 4788 1097 4838 to.
1113 4801 1263 4850 paromoen
1281 4788 1338 4838 EF.
1354 4813 1382 4822 -
1400 4785 1443 4835 ΡΟ.
1454 4789 1483 4834 nt

160 4861 219 4928 rid]
238 4867 283 4912 ant
298 4863 348 4913 rid.
367 4865 421 4913 FF.
441 4889 469 4899 -
486 4863 527 4915 23.
546 4861 573 4927 is]
591 4863 614 4913 ei
630 4864 685 4914 FP.
704 4888 732 4897 -
751 4862 794 4923 qui
810 4874 863 4913 om.
883 4863 909 4912 F.
932 4889 955 4899 -
977 4865 1192 4924 ontnrnoFP.-
1211 4861 1478 4926 seposuisses.

161 4945 316 4998 Emendavtt
331 4947 387 4997 Nic.
407 4946 537 5011 Angelius.
556 4975 582 4984 -
601 4947 641 4998 se.
658 4947 710 5011 tege
727 4947 756 4998 Ε.
771 4973 798 4982 -
817 4947 858 4997 at.
876 4933 1049 5009 cm1ffE3
1068 4935 1160 5009 q'noF3
1179 4944 1365 5010 quoniamae.
1383 4945 1482 4995 Emen-

160 5021 232 5073 davit
255 5021 409 5074 Lambinus.
437 5022 474 5073 ct.
493 5035 519 5072 v.
538 5021 578 5073 ii.
600 5047 626 5056 —
654 5022 753 5087 quarto]
782 5021 848 5072 ,rur
870 5022 899 5071 E.
922 5047 949 5056 -
976 5023 1016 5072 29.
1036 5024 1151 5085 Quirites]
1169 5024 1230 5085 quio
1247 5023 1315 5072 Ρ-
1333 5023 1418 5084 ithne
1434 5021 1481 5070 EF

161 5098 278 5149 GF'FA:
305 5099 373 5161 itque
393 5111 454 5150 cum
476 5097 518 5148 ed.
542 5098 643 5149 lundon
669 5095 699 5158 t;
721 5097 794 5160 iique
810 5099 838 5147 t..
859 5123 886 5133 -
913 5095 959 5163 its]
981 5097 1029 5147 iiis
1049 5099 1080 5158 F;
1102 5098 1134 5147 iis
1156 5099 1183 5149 1..
1210 5124 1243 5136 -
1267 5095 1481 5162 fundamentisque

160 5187 212 5225 om.
230 5174 259 5225 Ε.
