3642 5862
312 415 375 489 m
412 423 455 489 IN
468 421 634 492 VERRE!
647 423 770 491 turio
784 423 968 492 SECUNDA
988 425 1056 492 Lm.
1070 426 1109 492 V.
1122 423 1195 492 Gir.
1208 425 1335 493 nxxu.
1350 422 1405 510 95.
1420 422 1596 492 tes-teo.

313 600 346 658 et
364 594 493 678 prrblice
515 599 547 658 et
565 594 709 678 privatim
729 601 849 672 tuetur,
869 615 935 660 non
954 602 990 659 nt
1010 596 1049 660 nb
1071 595 1135 660 illis
1156 595 1219 660 buc
1240 595 1350 671 nllrte,
1378 595 1435 660 sed
1456 603 1493 661 ut
1512 597 1630 662 ceteris

311 687 387 752 binc
408 688 523 754 uadiu
544 708 613 752 esso
633 687 813 766 ridentum
835 711 917 774 quae
939 690 978 754 ab
1000 691 1062 754 isto
1082 710 1147 754 uno
1168 690 1214 754 sio
1228 689 1348 772 polluta
1362 709 1399 754 nc
1412 690 1527 754 violata
1540 697 1629 764 sunt,

312 788 349 846 nt
369 779 569 846 simulacrum
592 781 712 846 Cereris
733 803 848 860 unum,
871 783 956 867 quod
976 805 996 848 n
1017 784 1083 848 viro
1105 805 1170 848 non
1191 782 1285 848 modo
1306 785 1409 868 ungi,
1431 784 1487 848 sed
1508 804 1549 849 ne
1569 784 1630 848 nd-

312 875 391 959 spici
420 873 548 958 quidem
575 875 622 940 ius
643 873 722 952 fuit,
749 897 767 940 s
790 879 924 942 sacrario
948 878 1056 944 cnunc
1084 877 1327 944 convellendum
1356 877 1629 962 auferendumque

288 968 483 1044 scurnuerit3
511 968 644 1034 alterum
666 977 769 1034 nutem
790 971 904 1036 Henna
925 991 966 1036 ex
987 992 1045 1037 sua
1069 971 1145 1036 sede
1165 991 1203 1036 nc
1224 972 1318 1036 domo
1341 971 1518 1047 sustulerit,
1538 971 1629 1055 qnod

311 1069 379 1125 erut
399 1061 473 1138 tele,
493 1068 529 1126 ut
548 1063 710 1139 homines,
731 1085 804 1128 cum
823 1066 984 1142 riderent,
1006 1073 1061 1130 nut
1082 1067 1184 1150 ipsum
1204 1063 1312 1132 ridere
1333 1086 1368 1130 se
1390 1067 1551 1140 Cererem,
1573 1071 1630 1128 sut

311 1151 446 1238 effigiem
474 1156 595 1222 Cereris
624 1177 689 1221 non
716 1157 853 1223 bumana
881 1179 977 1224 manu
997 1159 1126 1236 iactum,
1156 1161 1211 1224 sed
1234 1160 1273 1224 de
1295 1159 1384 1224 caelo
1405 1159 1525 1243 lapsum
1546 1159 1628 1224 mbi-

310 1256 481 1314 trursntur:
510 1245 582 1313 l88.
603 1271 661 1315 vos
682 1251 776 1316 etiem
797 1259 892 1335 atque
914 1254 1008 1317 etium
1029 1253 1164 1337 imploro
1187 1261 1218 1318 et
1239 1253 1382 1338 appello,
1409 1253 1627 1316 sanctissimae

310 1344 405 1418 dene,
428 1363 509 1428 quse
531 1344 603 1409 illos
624 1345 811 1410 Hennenses
832 1346 920 1410 incus
942 1347 1095 1431 lucosque
1115 1347 1254 1412 incolitis
1275 1353 1471 1431 cunctaeque
1493 1347 1628 1420 Siciliae,

273 1453 391 1522 togune
411 1436 490 1500 mihi
513 1437 713 1504 defendenda
734 1440 849 1504 tradite
870 1448 927 1516 est,
949 1441 1152 1526 praesidetis3
1174 1441 1322 1524 equibus
1336 1440 1473 1506 inuentis
1484 1439 1628 1524 frugibus

309 1539 342 1596 et
362 1531 396 1594 in
417 1531 525 1596 orbem
546 1540 698 1598 terrerum
719 1533 894 1598 distributis
909 1555 1018 1599 omnes
1033 1541 1142 1618 gentes
1156 1554 1193 1599 ac
1207 1534 1351 1598 nationes
1365 1535 1460 1599 vestri
1474 1532 1628 1616 religione

176 1647 196 1736 g
275 1639 293 1738 f
308 1625 448 1690 numinis
463 1626 680 1692 continentur:
695 1636 816 1716 ceteros
830 1629 905 1692 item
920 1629 998 1692 deos
1010 1629 1149 1712 densque
1160 1647 1270 1692 omnes
1284 1628 1419 1711 imploro
1434 1634 1466 1692 et
1477 1627 1627 1702 obtestor,

273 1739 287 1810 g
310 1735 447 1804 quonum
472 1720 599 1804 templis
627 1728 660 1786 et
686 1721 892 1805 religionibus
920 1723 981 1786 iste
1007 1721 1129 1804 negorio
1160 1721 1297 1805 quodum
1317 1721 1423 1786 furore
1445 1730 1476 1785 et
1496 1721 1629 1787 audacis

308 1814 476 1878 instinctus
496 1813 615 1880 bellum
636 1815 823 1899 sacrilegum
845 1835 970 1900 semper
989 1815 1184 1900 impiumque
1205 1815 1317 1880 hebuit
1337 1815 1504 1890 indictum,
1525 1823 1575 1889 ut,
1597 1815 1627 1878 si

271 1907 342 1972 ltin
362 1907 423 1970 boc
443 1927 498 1970 reo
521 1915 617 1991 atque
638 1910 672 1972 in
692 1909 752 1973 bac
774 1929 868 1974 ceusu
888 1911 996 1972 omnin
1017 1929 1087 1973 men
1108 1911 1238 1974 consiliu
1255 1909 1295 1974 sd
1310 1910 1444 1974 sulutem
1459 1911 1626 1984 sociorum,

308 2001 492 2084 dignitatem
512 2002 620 2086 populi
641 2003 791 2079 Romani,
813 2003 909 2067 fidem
931 2023 1033 2068 meam
1051 2010 1287 2086 spectaverunt,
1308 2004 1337 2067 si
1358 2003 1476 2067 nullom
1497 2004 1628 2068 adrem

307 2096 368 2161 nisi
389 2095 430 2158 sd
452 2091 587 2181 officium
609 2103 642 2160 et
661 2098 809 2162 uirtutem
831 2116 941 2161 omnes
963 2117 1182 2172 menecurne,
1203 2098 1331 2180 vigilite
1353 2098 1627 2182 cogitationesque

173 2218 265 2290 (ss
308 2183 626 2288 elaborsruntggune
648 2210 718 2254 men
740 2211 829 2254 mens
850 2192 885 2254 in
906 2190 1222 2275 suscipienda-ceusu
1242 2190 1321 2266 brit,
1343 2187 1421 2256 fides
1441 2192 1475 2254 iu
1495 2182 1639 2278 ngenan

212 2281 230 2298 '⁴
307 2285 419 2349 endem
440 2291 545 2348 vestre
565 2283 660 2348 sitin
681 2284 863 2362 iudicanda3
885 2280 957 2347 489.
979 2283 1095 2348 deinde
1116 2287 1163 2349 uti
1183 2285 1216 2350 G.
1231 2287 1371 2360 Verrem,
1392 2286 1418 2348 si
1436 2289 1504 2352 eius
1519 2285 1626 2350 omnin

307 2472 474 2545 eucrifias,
503 2471 714 2562 crudelitatis,
744 2473 858 2556 dignus
887 2473 991 2536 exitus
1013 2472 1081 2536 eins
1103 2473 1188 2538 modi
1208 2473 1274 2538 rita
1294 2479 1389 2556 atque
1409 2473 1500 2538 botis
1519 2479 1624 2536 vestro

199 2641 202 2649 γ
306 2565 424 2632 iudicio
446 2564 792 2650 consequuturt'utiqne
812 2585 863 2630 res
885 2566 1010 2649 publicu
1031 2586 1163 2651 meaque
1184 2565 1412 2632 fiderunebnc
1425 2565 1624 2631 accusatione

153 2639 243 2751 st*
307 2680 378 2724 meu
399 2667 547 2725 contentu
567 2656 772 2744 sitinibique
793 2660 926 2742 posthae
946 2660 1048 2724 bonos
1070 2661 1177 2743 potins
1198 2660 1367 2725 defendere
1388 2661 1498 2736 liceat,
1528 2679 1624 2747 quum

305 2754 465 2840 improbos
485 2773 631 2819 accusare
652 2773 781 2818 necesse
804 2755 855 2819 sit.

373 2989 397 3039 t.
415 2985 447 3038 ob
462 2987 511 3038 illis
526 2985 603 3038 sal:
621 2985 654 3038 ob
670 2988 727 3038 ollis
742 2987 807 3038 dell.
826 2989 855 3040 0.
870 2990 998 3040 -buoo
1014 2986 1146 3039 leloitll.
1160 3015 1187 3024 -
1201 2989 1294 3040 acus:
1312 2987 1410 3040 etdett.
1424 2989 1453 3040 0.
1467 3015 1494 3024 -
1509 2987 1532 3039 ³.
1546 2989 1624 3052 asold

307 3066 336 3128 lt.
349 3065 379 3115 nt
390 3063 567 3130 semper-l.
581 3064 685 3115 &duos
696 3063 760 3116 dett.
774 3066 835 3115 0.-
846 3065 1000 3117 ocedesdum
1010 3065 1118 3128 iguo-
1132 3064 1343 3128 oufmmdmoqoo
1353 3065 1390 3116 lis
1403 3064 1496 3127 (lledv.
1508 3064 1621 3190 oblidi:

305 3141 513 3204 nummoque
528 3139 593 3191 dett.
606 3141 637 3192 0.
650 3164 677 3177 -
691 3142 715 3192 b.
731 3142 832 3193 cwooit
845 3142 892 3193 us.
911 3142 980 3208 {tort
993 3155 1027 3193 ex
1036 3140 1154 3205 oraru]
1166 3165 1193 3176 —
1206 3141 1281 3192 Enoc
1298 3139 1345 3202 (sic
1356 3140 1382 3190 b.
1395 3137 1423 3202 l.)
1440 3139 1477 3190 Ro
1488 3136 1517 3189 λι
1559 3152 1624 3190 ecoe

307 3215 371 3267 dell.
385 3216 447 3267 0.-
462 3216 486 3268 7.
498 3217 595 3280 [cctam
610 3229 660 3268 esre
670 3215 736 3268 dett.
750 3244 776 3252 —
790 3217 820 3268 do
830 3217 898 3268 coelo
908 3217 1006 3280 lucrm
1016 3215 1052 3266 R3
1064 3213 1093 3264 l:
1112 3215 1180 3266 caelo
1191 3215 1318 3277 mugram
1329 3213 1392 3264 dett.
1406 3214 1435 3264 0.
1449 3240 1475 3249 —
1489 3214 1514 3265 8.
1526 3214 1622 3276 deploro

306 3293 336 3342 R.
357 3319 384 3328 -·
403 3287 427 3342 9.
445 3291 572 3342 besuensis
587 3292 616 3343 lt.
632 3320 658 3330 —
675 3293 790 3356 busque
805 3295 834 3343 R.
849 3319 876 3330 -
889 3292 995 3344 tucolitis
1010 3291 1046 3341 R3
1063 3287 1093 3338 l:
1112 3287 1191 3339 colitis
1207 3287 1271 3338 dett.
1290 3288 1319 3338 0.
1334 3314 1360 3322 -
1375 3288 1415 3339 lo.
1434 3288 1528 3338 credita
1543 3289 1620 3351 Legg.

306 3365 371 3416 dett.
386 3393 412 3403 -
431 3365 552 3428 frontibus
562 3366 607 3418 RS.
623 3394 648 3406 -
664 3369 704 3420 ll.
717 3371 739 3418 st
749 3381 831 3419 mones
846 3370 876 3418 li.
892 3395 916 3405 -
933 3367 972 3417 lb.
984 3365 1091 3417 nominis
1101 3366 1131 3416 ll.
1144 3389 1172 3398 —
1186 3368 1323 3426 remosque
1333 3363 1411 3426 Legg.
1423 3365 1529 3426 praeter
1539 3362 1579 3413 m.
1592 3389 1619 3398 -

305 3441 403 3504 inploro
418 3443 448 3493 ll.
467 3467 494 3478 -
514 3447 538 3492 et
553 3441 604 3493 ut:
632 3447 708 3505 olous
729 3441 785 3494 rell.
804 3444 833 3493 0.
853 3467 881 3477 —
900 3442 942 3491 ⁴5.
960 3441 987 3490 lo
1007 3441 1053 3490 boc
1072 3455 1116 3491 rso
1132 3444 1207 3502 alque
1227 3451 1280 3490 om.
1303 3439 1380 3502 lagg.
1403 3439 1510 3502 praeter
1530 3439 1572 3490 29.
1592 3459 1620 3474 -

306 3516 346 3567 ⁴6.
363 3529 422 3578 pop.
440 3516 480 3580 ic]
496 3517 559 3579 reip.
576 3515 614 3566 Ro
630 3517 708 3580 iguo.
724 3543 749 3556 ··
763 3529 820 3567 meo
835 3517 865 3568 R.
881 3541 906 3554 -·
922 3516 961 3566 ⁴7.
979 3517 1095 3566 virtutem
1111 3515 1148 3566 us
1164 3513 1192 3564 l:
1210 3515 1340 3566 omasum
1356 3514 1420 3564 dett.
1435 3513 1464 3563 0.
1480 3539 1504 3550 -
1520 3513 1560 3564 48.
1572 3513 1622 3564 elo·

305 3590 435 3655 borconni]
451 3590 613 3642 elaborabunt
628 3592 692 3642 RGl
709 3606 715 3648 ς
733 3591 923 3642 elaboraomtot
938 3592 991 3651 (ἰὴ
1010 3589 1158 3640 luborabunt
1173 3591 1267 3655 Legg.;
1285 3583 1432 3640 laborarunt
1447 3587 1520 3640 mnlil
1536 3587 1619 3640 Halm.

309 3690 334 3702 -
355 3665 396 3716 ts.
413 3671 497 3716 cestra
512 3667 545 3714 rit
559 3665 587 3714 lo
601 3665 739 3714 iudicoodo
756 3663 833 3714 codd.
852 3678 961 3717 omnes:
981 3681 1006 3716 o.
1024 3667 1052 3716 lo
1067 3667 1119 3716 iud.
1137 3666 1168 3716 eit
1185 3665 1245 3716 edd.
1264 3668 1343 3726 vetl.;
1363 3667 1461 3725 oestro,
1478 3664 1577 3726 indices,
1595 3664 1622 3714 io

305 3739 357 3790 lud.
376 3741 407 3790 tlt
424 3740 457 3790 de
475 3741 543 3790 conl.
562 3739 624 3790 Ern.
643 3740 673 3790 0.
687 3765 715 3776 -
733 3739 819 3789 duodo
835 3741 871 3791 R3
889 3739 970 3803 iguo:
989 3742 1093 3804 desitque
1109 3741 1174 3790 dett.
1192 3742 1221 3792 0.
1236 3768 1263 3776 -
1277 3743 1316 3792 22.
1335 3737 1427 3804 utique]
1443 3743 1471 3789 ul
1486 3739 1511 3788 bl
1527 3737 1570 3801 qut
1585 3739 1620 3797 lt;

305 3818 334 3863 ut
349 3815 385 3863 lll
400 3813 487 3876 qulbus
502 3815 555 3872 (333
580 3820 657 3878 utque
672 3815 750 3878 bsgg.
769 3815 797 3864 0.
825 3814 857 3865 cl.
876 3815 962 3867 lisdv.
980 3829 1006 3880 p.
1026 3817 1066 3867 40.
1087 3841 1112 3853 -
1132 3829 1255 3878 monae
1268 3817 1329 3880 fides
1344 3817 1378 3875 ll;
1401 3815 1484 3878 placet
1497 3814 1623 3864 mondo

304 3901 439 3952 mm
451 3891 512 3955 sss
527 3889 573 3942 cs.
592 3891 627 3953 (u
643 3891 681 3940 cn
695 3892 756 3954 sus
772 3889 836 3952 om.)
862 3890 901 3942 cr.
919 3889 1005 3941 usuv.
1023 3903 1050 3956 p.
1064 3889 1124 3942 ses.
1139 3915 1165 3928 -
1180 3890 1221 3942 ns.
1239 3890 1300 3942 mut
1315 3901 1380 3952 m
1393 3894 1472 3953 mus
1487 3889 1533 3939 iao
1549 3889 1578 3940 n.
1591 3911 1620 3926 -

306 3964 354 4028 uer.
372 3963 423 4030 uc]
440 3964 570 4018 muoso
584 3966 619 4027 n;
637 3964 744 4016 uuum
759 3965 832 4016 cruat
847 3961 865 4014 t
881 3966 918 4016 cs
934 3965 997 4025 uu.;
1015 3965 1142 4029 ursum
1158 3978 1211 4018 om.
1231 3968 1277 4018 cr.
1296 3989 1323 4001 -
1342 3965 1384 4018 ss.
1401 3964 1517 4030 semus
1531 3965 1561 4016 n.
