3638 5868
449 387 517 452 Lra.
537 387 591 454 l'V.
614 385 687 454 Gur.
707 383 1016 452 xxm-xxxiv.
1043 379 1100 466 §§.
1121 377 1269 446 69-74.
1441 376 1498 445 854

188 559 291 626 solum
319 555 513 633 hominihus,
541 555 649 623 verum
677 555 773 622 etiam
799 555 848 619 dis
875 552 1101 618 immortalibus
1128 552 1249 618 bellum
1276 551 1426 618 indictum
1446 573 1506 637 pu·

188 660 577 830 meullrllllllldSegesta
599 753 647 810 est
668 743 817 830 oppidum
838 747 985 825 pervetus
1005 742 1039 804 iu
1061 741 1183 817 Sicilia,
1205 742 1342 818 iudices,
1365 745 1450 828 quod
1466 745 1506 809 ab
1545 763 1569 849 s(
1583 720 1672 844 ff&
1689 743 1728 813 lt

189 829 457 924 deneallugiente
486 861 506 904 a
527 841 620 906 Troia
649 848 745 923 atque
766 838 801 900 in
821 837 900 901 haec
921 836 991 902 loca
1012 835 1340 932 veniente(conditum
1359 859 1430 904 esse
1451 840 1508 904 de·

189 928 384 1004 monstrant)
405 936 516 1019 ltaque
531 933 693 1017 Segestani
713 953 778 997 non
800 931 901 996 solum
920 937 1073 1014 perpetua
1088 929 1238 994 societate
1252 938 1346 1015 atque
1361 934 1530 1008 amicitias

189 1048 297 1094 vorum
325 1029 419 1092 etiam
444 1029 632 1110 cognatione
658 1048 692 1090 se
722 1047 793 1090 cum
819 1024 937 1109 popsdo
965 1025 1105 1088 Romano
1130 1025 1313 1090 coniunctos
1334 1045 1404 1090 osse
1425 1029 1508 1092 orbi·

189 1130 320 1186 uantur.
362 1123 431 1186 lloo
460 1121 619 1207 quondam
647 1121 811 1205 oppidum,
841 1141 912 1184 cum
937 1117 993 1182 illa
1015 1117 1123 1182 civitas
1145 1137 1217 1182 cum
1237 1119 1350 1184 Poenis
1368 1142 1429 1208 suo
1450 1143 1508 1186 no·

191 1216 275 1280 mine
296 1235 333 1280 ac
353 1236 412 1280 sua
433 1224 545 1299 sponte
566 1215 715 1289 bellaret,
737 1235 755 1279 a
776 1212 1089 1296 Karthaginiensibus
1110 1211 1141 1275 vi
1162 1221 1287 1296 captum
1307 1221 1401 1300 atque
1423 1217 1509 1283 dele·
1571 1183 1681 1274 ‘Asta

191 1319 259 1375 tum
280 1318 329 1375 est
349 1303 534 1394 omniaque,
557 1329 639 1394 quae
660 1315 843 1372 ornamento
857 1307 928 1372 urbi
944 1325 1013 1370 esse
1033 1312 1177 1389 possent,
1198 1306 1421 1392 Karthaginem
1436 1318 1509 1376 sunt

193 1426 234 1470 ex
254 1403 310 1468 illo
329 1404 401 1468 loco
424 1405 598 1486 deportata.
627 1402 699 1466 Fuit
719 1401 802 1486 apud
824 1403 1014 1484 Segestanos
1036 1419 1077 1464 ex
1090 1418 1163 1464 aero
1177 1401 1295 1466 Dianae
1310 1405 1509 1470 simulacrum
1519 1421 1547 1468 so

192 1519 263 1564 cum
285 1518 408 1562 summa
429 1505 524 1581 atque
546 1497 762 1581 antiquissima
781 1497 956 1581 praeditum
977 1494 1146 1577 religione,
1167 1500 1234 1558 tum
1248 1496 1399 1580 singulari
1414 1519 1509 1583 opere

192 1588 387 1676 artificioque
414 1591 599 1675 perlectum.
643 1590 711 1654 lloc
736 1590 918 1654 unuslatum
939 1587 1168 1670 Karthaginem
1186 1588 1292 1654 locum
1313 1597 1433 1656 tantum
1453 1593 1511 1657 ho-

192 1687 356 1769 minesque
377 1691 528 1759 mutarat,
554 1683 738 1766 religionem
760 1683 891 1768 quidem
912 1683 1077 1765 pristinam
1099 1683 1316 1748 conservabat:
1344 1704 1417 1749 nam
1437 1707 1511 1769 pro·

192 1786 263 1862 pter
292 1778 438 1842 eximiam
467 1777 733 1861 pulchritudinem
761 1778 854 1842 etiam
881 1776 1023 1840 hostibus
1052 1775 1163 1858 digua,
1196 1797 1291 1861 quam
1312 1780 1510 1844 sanctissime

193 1872 342 1948 colerent,
362 1871 533 1935 videbatur.
569 1867 620 1934 73.
641 1871 772 1956 Aliquot
785 1869 919 1935 saeculis
937 1876 1009 1952 post
1021 1870 1054 1931 Ρ.
1071 1870 1176 1953 Scipio
1189 1871 1274 1934 bello
1288 1870 1404 1935 Punico
1419 1875 1548 1940 tertioss

193 1965 416 2048 Karthaginem
443 1966 544 2049 cepit:
571 1984 633 2049 qua
658 1964 692 2028 iu
713 1965 841 2028 victoria
867 1962 980 2046 (videte
1000 1963 1137 2028 hominis
1157 1966 1305 2030 virtutem
1326 1973 1358 2031 et
1379 1967 1513 2052 diligen-

193 2061 286 2135 tiam,
313 2068 348 2124 ut
376 2067 407 2124 et
426 2059 605 2124 domesticis
632 2058 897 2141 praeclarissimae
917 2057 1038 2120 virtutis
1061 2059 1216 2141 exemplis
1237 2058 1399 2142 gaudeatis
1421 2070 1453 2126 et
1474 2084 1513 2128 eo

195 2153 312 2218 maiore
340 2151 413 2218 odio
440 2151 566 2236 dignam
595 2152 686 2217 istius
714 2151 932 2218 incredibilem
960 2150 1123 2216 audaciam
1151 2151 1305 2235 iudicetis)
1335 2159 1513 2224 convocatis

195 2246 307 2310 Siculis
328 2245 489 2321 omnihus,
511 2246 598 2334 quod
621 2245 793 2310 diutissime
815 2245 1061 2328 saepissimeque
1083 2244 1222 2312 Siciliam
1236 2255 1378 2312 sexuum
1401 2251 1514 2316 aKar·

194 2340 439 2422 thaginiensibus
454 2358 525 2405 esse
539 2347 705 2422 cognorat,
727 2338 814 2402 iubet
827 2337 932 2402 omnia
946 2339 1104 2422 conquiri:
1126 2340 1294 2423 pollicetur
1308 2343 1368 2407 sibi
1381 2365 1513 2429 maguae
1522 2363 1551 2412 so

196 2452 289 2498 curae
309 2431 392 2508 iore,
421 2441 456 2498 ut
477 2433 583 2496 omnia
604 2433 795 2508 civitatibus,
817 2451 899 2516 quae
921 2433 1072 2516 cuiusque
1093 2433 1243 2511 luissent,
1264 2439 1513 2505 restituerentur.

195 2529 275 2590 Tum
295 2525 365 2602 illa,
399 2545 481 2610 quae
504 2528 665 2611 quondam
688 2535 777 2591 eraut
806 2527 932 2590 llimora
953 2527 1092 2603 sublata,
1122 2527 1162 2592 de
1185 2530 1298 2614 quibus
1321 2540 1413 2598 antea
1435 2534 1513 2611 dixi,

195 2618 402 2684 Thermitanis
423 2626 497 2684 suut
516 2619 654 2684 reddita:
675 2629 741 2685 tum
762 2621 825 2686 alia
845 2620 1049 2695 Gelensibus,
1072 2622 1133 2686 alia
1146 2623 1374 2707 Agrigentinis,
1395 2629 1429 2692 in
1445 2629 1514 2713 qui·

193 2713 254 2780 hus
275 2713 371 2778 etiam
391 2713 445 2777 ille
467 2713 583 2778 nobilis
605 2720 729 2789 taurus,
757 2735 852 2799 quem
881 2713 1118 2780 crudelissimus
1147 2717 1288 2784 omnium
1309 2726 1513 2802 tyrannorum

194 2807 335 2873 Phalaris
364 2807 512 2872 habuisse
543 2807 673 2883 dicitur,
702 2829 766 2893 quo
787 2810 875 2874 vivos
898 2809 1044 2894 supplicii
1067 2829 1160 2876 causa
1181 2811 1347 2876 demittere
1368 2814 1554 2886 hominesne

196 2908 227 2966 et
248 2903 401 2968 subiicere
421 2899 577 2966 flammam
599 2903 729 2968 solebat.
773 2903 875 2979 Quem
896 2911 1020 2966 taurum
1041 2923 1112 2968 cum
1133 2905 1238 2989 Scipio
1259 2905 1407 2974 redderet
1425 2913 1518 2994 Agri·

197 2996 348 3079 gentinis,
371 2995 489 3060 dixisse
511 2995 621 3060 dicitur
642 3017 778 3081 aequum
799 3017 870 3060 esse
887 2997 960 3061 illos
975 2998 1127 3078 cogitare,
1148 3007 1252 3062 utrum
1267 3008 1351 3064 esset
1363 3003 1517 3088 Agrigen-

197 3091 270 3156 tinis
292 3090 411 3165 utilius,
434 3091 541 3154 suisne
565 3092 681 3155 servire
702 3109 784 3156 anne
805 3089 923 3174 populo
945 3091 1084 3155 Romano
1099 3092 1324 3175 obtemperare,
1346 3099 1516 3164 cumidem

197 3190 434 3250 mouumentum
448 3191 480 3248 et
494 3183 687 3248 domesticae
703 3183 894 3248 crudelitatis
906 3191 938 3247 et
950 3190 1078 3248 nostrae
1092 3188 1341 3254 mansuetudinis
1354 3190 1518 3258 haberent.

198 3278 344 3345 XXXIV.
366 3273 418 3340 74.
439 3277 499 3340 Illo
520 3285 661 3360 ternpore
684 3278 864 3362 Segestanis
885 3275 1022 3342 maxima
1043 3298 1115 3341 cum
1136 3299 1212 3342 cura
1232 3278 1311 3346 haec
1325 3284 1395 3366 ipsa
1407 3287 1554 3364 Dionaeo

198 3372 238 3435 de
261 3389 324 3456 qua
343 3370 493 3445 dicimus,
515 3371 676 3436 redditur:
697 3379 874 3455 reportatur
888 3373 1065 3454 Segestam:
1086 3373 1121 3436 in
1142 3374 1206 3438 suis
1228 3375 1367 3459 antiquis
1389 3379 1516 3445 sedibus

199 3484 320 3530 summa
346 3485 416 3528 oum
444 3465 650 3548 gratulatione
678 3467 794 3530 civium
815 3475 846 3530 et
866 3465 984 3530 laetitia
1005 3465 1177 3550 reponitur.
1219 3467 1306 3535 llaec
1327 3477 1394 3534 erat
1413 3474 1518 3557 posita

200 3561 348 3642 Segestae
369 3578 445 3624 saue
469 3559 594 3624 excelsa
613 3561 752 3634 inhaesi,
773 3560 806 3622 in
829 3579 892 3644 qua
912 3557 1081 3648 grandibus
1102 3559 1215 3624 litteris
1236 3562 1270 3626 Ρ.
1286 3564 1439 3632 rancun
1459 3589 1517 3632 no-

199 3673 273 3717 men
301 3659 369 3716 erat
393 3653 527 3718 incisum
553 3674 691 3738 eumque
718 3655 928 3717 mirarum
956 3671 1054 3716 curra
1082 3673 1279 3718 nnsrrrvrsss
1301 3659 1517 3744 perscriptum.

201 3747 368 3812 Colebatur
389 3767 408 3812 a
430 3748 567 3812 civibus:
589 3749 628 3812 ab
651 3748 794 3812 omnibus
812 3747 940 3812 advenis
954 3746 1131 3810 visebatur:
1153 3767 1225 3811 cum
1240 3758 1390 3833 quaestor
1405 3773 1556 3830 essemm

200 3841 279 3905 nihil
306 3841 384 3905 mihi
413 3841 452 3904 ab
481 3842 543 3905 illis
564 3849 613 3906 est
633 3843 878 3906 demonstratum
921 3840 998 3903 rius.
1040 3839 1116 3903 Erat
1137 3839 1305 3906 admodum
1327 3847 1467 3930 amplum
1489 3858 1520 3914 et

201 3936 362 4002 excelsum
388 3936 511 4020 signum
539 3956 610 4000 cum
639 3937 735 4012 stola:
762 3955 870 3999 verum
886 3862 1008 4019 damen
1039 3933 1142 4012 iuerat
1166 3935 1201 3998 in
1229 3936 1285 4000 illa
1305 3941 1519 4024 magnitudine

201 4039 287 4104 aetas
316 4039 412 4116 atque
437 4029 562 4096 habitus
590 4017 779 4130 virginalis}
798 4029 928 4112 sagittae
956 4025 1138 4110 pendebant
1158 4027 1198 4092 ab
1219 4027 1368 4097 humero:
1395 4036 1521 4104 siuistm

268 4272 293 4324 4.
310 4271 358 4322 dita
372 4271 473 4324 tamon.
490 4273 520 4326 lt.
540 4299 568 4310 -
590 4271 616 4326 4.
635 4271 718 4338 Troia]
743 4271 818 4324 troas
833 4272 863 4323 a.
889 4296 916 4306 -
940 4269 966 4321 8.
983 4267 1072 4320 Kortb.
1089 4267 1172 4321 sich.
1191 4267 1209 4320 l.
1226 4271 1261 4334 a,
1282 4285 1334 4326 noc
1349 4277 1440 4343 umen
1456 4291 1523 4332 con-

203 4347 312 4400 stanter.
327 4373 355 4383 -
374 4346 399 4396 s.
416 4346 481 4412 subs]
498 4347 532 4397 444
548 4348 626 4412 lagg.
641 4376 669 4386 -
688 4350 729 4400 40.
746 4347 828 4398 amul.
840 4346 941 4398 Dionos
957 4343 1021 4396 dett.
1034 4345 1063 4396 0.
1077 4371 1106 4381 -
1125 4344 1165 4395 44.
1177 4358 1235 4398 com
1249 4349 1521 4416 mutuasse:

203 4427 256 4472 tun
270 4434 369 4474 mma
384 4421 417 4472 Gt
432 4423 461 4472 0.
485 4423 515 4474 ln
532 4423 568 4474 64
586 4425 613 4474 et
629 4424 656 4475 h.
673 4422 690 4474 l.
709 4427 736 4475 et
751 4423 817 4475 infra
833 4436 890 4474 caea
905 4433 954 4488 pro
971 4424 1024 4470 tom
1034 4419 1116 4471 scribi
1127 4420 1241 4474 videtur.
1259 4425 1326 4476 Nam
1336 4427 1362 4478 in
1374 4429 1406 4478 Gt
1421 4429 1437 4480 4
1450 4431 1523 4481 cett

203 4498 231 4549 iu
247 4497 299 4548 hoc
314 4495 445 4548 vocabulo
461 4511 542 4562 saepe
559 4499 603 4549 vix
619 4497 733 4550 discerni
753 4500 874 4563 possunt.
898 4521 927 4534 ·-
952 4495 993 4548 48.
1010 4495 1172 4548 :mamacas
1188 4497 1240 4550 RE
1256 4499 1348 4563 lagg:
1374 4502 1490 4556 motet
1506 4500 1522 4553 λ

205 4572 250 4624 68.
270 4599 298 4610 -
318 4572 358 4623 48.
376 4571 480 4634 aliquod
495 4573 524 4624 a.
544 4598 573 4611 -
591 4574 631 4626 46.
650 4574 821 4639 oorttoqtaum
835 4572 866 4623 R.
886 4597 913 4608 -
932 4571 973 4622 47.
987 4569 1189 4634 poscumus
1198 4571 1228 4624 a.
1242 4597 1271 4608 -
1288 4574 1330 4626 48.
1348 4577 1522 4630 wduttamK.

206 4675 234 4685 -
251 4646 294 4700 40.
310 4659 361 4700 csse
382 4651 502 4713 oswal
517 4646 567 4710 448,
591 4649 625 4712 Ε,
650 4649 734 4714 ugus:
758 4649 865 4697 amaret
885 4643 950 4696 dett.
979 4645 1019 4696 De
1036 4645 1088 4696 hoc
1103 4644 1217 4696 Atricant
1233 4645 1302 4698 lacto
1319 4651 1433 4705 coulerrl
1449 4651 1524 4706 iubet

205 4723 292 4774 Garat.
309 4723 340 4774 11.
358 4719 415 4774 Val.
433 4723 500 4774 llax.
512 4723 543 4774 V.
561 4724 587 4786 4,
600 4723 624 4776 8.
639 4749 668 4762 -
685 4723 731 4776 :ibt
742 4722 874 4787 polttcctor
888 4721 966 4786 Lagg.
981 4746 1008 4756 -
1026 4721 1068 4772 44.
1086 4725 1160 4772 aaut
1175 4719 1280 4774 uate:
1297 4722 1399 4786 suarm
1414 4723 1478 4777 dett.
1491 4727 1522 4778 0.

206 4823 233 4834 -
252 4802 330 4850 antec
345 4797 409 4858 RE,
426 4798 520 4862 lagg:
539 4803 597 4850 msa
613 4798 658 4851 68.
678 4824 706 4834 -
723 4798 765 4850 40.
779 4796 909 4862 paucos:
923 4797 953 4848 a.
974 4823 1001 4834 -
1020 4795 1143 4848 dtmtttors
1158 4797 1237 4861 lagg.
1257 4823 1285 4836 -
1309 4798 1350 4850 40.
1367 4798 1451 4862 Sapo
1467 4812 1525 4854 ceos

206 4870 271 4924 dett.
289 4873 319 4924 0.
340 4899 368 4910 -·
385 4873 427 4924 44.
445 4885 532 4924 mom
548 4874 569 4925 a
584 4887 625 4940 pr.
643 4886 680 4926 m.
702 4897 729 4910 -
750 4871 918 4939 4044988040
933 4867 1043 4923 448λΕι
1069 4870 1160 4922 staats
1176 4871 1240 4924 dett.
1259 4872 1289 4924 0.
1309 4899 1338 4910 -
1361 4873 1402 4924 48.
1420 4873 1524 4924 ama

205 4943 301 5000 44464
318 4947 381 5000 Ld.:
404 4961 439 5000 cs
456 4949 488 5000 64
509 4946 574 5016 dett.
592 4950 622 5000 0.
644 4977 672 4987 -
694 4948 735 5001 40.
752 4947 965 5000 mmwodists
980 4948 1010 4999 lt.
1036 4972 1064 4984 -
1088 4946 1129 5000 84.
1146 4951 1171 4999 ct
1185 4949 1213 4998 ta
1228 4949 1280 5002 sou
1296 4946 1357 5000 cod.
1376 4945 1448 5008 Urs.;
1469 4947 1522 5000 LN.

205 5021 256 5074 aaa
272 5022 326 5087 (sic)
338 5024 368 5074 u.
386 5022 420 5074 ct.
439 5020 473 5074 ad
489 5021 565 5088 §.tt
579 5048 607 5060 -
625 5022 667 5074 84.
683 5022 793 5086 reposita
808 5023 887 5087 lagg.
900 5021 965 5074 dett.
979 5048 1007 5060 -
1025 5021 1066 5076 88.
1083 5021 1149 5076 celso
1159 5025 1206 5078 64.
1218 5049 1247 5062 -
1265 5022 1306 5077 84.
1321 5022 1522 5088 mumma.

208 5121 236 5134 -
255 5096 296 5150 80.
306 5095 388 5164 patus]
406 5097 534 5161 mttqaios
549 5095 609 5149 cod.
628 5097 684 5151 Urs.
704 5124 733 5134 -
751 5096 792 5149 88.
809 5109 896 5148 omae
911 5098 942 5149 it.
