3684 5862
548 463 621 530 ci».
643 463 950 532 xxvm-xxrx.
977 462 1034 550 sq.
1055 461 1199 528 rs-si.
1501 459 1537 528 ci

199 601 202 608 Ι
226 655 290 720 quo
313 635 353 699 sit
375 634 447 699 Sex.
462 635 595 699 Roscius
617 637 757 700 occisust
779 637 818 701 ab
841 656 939 711 eone,
962 637 1017 721 qui
1030 643 1161 720 propter
1175 635 1261 699 illius
1276 641 1409 699 mortem
1423 636 1456 698 in
1472 653 1544 718 ege-

225 735 304 794 state
336 736 368 793 et
395 732 429 794 io
449 729 571 794 insidiis
592 737 751 806 versatur,
779 733 831 795 cui
852 752 893 795 ne
916 730 1089 816 quaerendi
1110 729 1240 816 quidem
1262 730 1302 793 de
1325 737 1426 794 morte
1447 730 1545 814 patris

224 830 365 908 potestas
380 826 588 908 permittitur,
609 844 650 888 an
665 825 704 888 ab
718 827 773 902 iis,
797 826 851 910 qui
867 826 1085 910 quaestionem
1099 824 1251 908 fugitant,
1272 823 1356 888 bona
1370 822 1545 907 possident,

224 919 257 980 in
290 917 387 982 caede
419 927 514 1004 atque
543 939 584 982 ex
612 919 709 983 caede
730 921 850 984 vivunt.
894 919 1022 995 Omnia,
1050 918 1186 995 iudices,
1219 921 1253 983 in
1273 919 1333 982 hac
1356 938 1452 982 causa
1473 924 1547 982 sunt

224 1014 341 1076 misera
368 1022 464 1099 atque
491 1012 639 1096 indigna,
672 1021 776 1077 tamur
797 1014 858 1077 hoc
882 1014 962 1076 nihil
986 1033 1091 1098 neque
1112 1014 1256 1078 acerbius
1279 1033 1385 1097 neque
1405 1013 1547 1096 iniquius
1569 1012 1585 1058 ⁵

225 1107 359 1190 proferri
386 1114 508 1192 potest:
539 1110 649 1171 mortis
676 1114 825 1190 paternae
848 1109 887 1170 de
910 1108 1008 1170 servis
1029 1109 1168 1190 paternis
1191 1109 1409 1192 quaestionem
1430 1106 1548 1170 babere

224 1197 289 1264 lilio
312 1203 481 1266 nonlicet.
510 1204 556 1266 Ne
579 1209 643 1265 tam
665 1201 719 1265 diu
742 1203 871 1286 quidem
893 1200 1041 1265 dominus
1063 1204 1123 1266 erit
1142 1203 1175 1265 in
1194 1222 1286 1277 suos,
1309 1203 1384 1265 dum
1399 1221 1440 1265 ex
1454 1203 1493 1265 iis
1509 1199 1548 1262 de

225 1296 323 1378 patris
346 1303 446 1359 morte
469 1298 664 1380 quaeratur?
696 1297 845 1372 Veniam,
867 1316 974 1381 neque
989 1299 1034 1359 ita
1048 1296 1147 1359 multo
1162 1303 1249 1379 post,
1271 1297 1312 1361 ad
1326 1296 1412 1360 bunc
1426 1296 1549 1371 locum,

224 1390 381 1453 namhoc
402 1397 505 1454 totum
527 1389 567 1453 ad
589 1389 720 1452 Roscios
743 1393 895 1472 pertinet,
918 1389 958 1452 de
980 1409 1116 1474 quorum
1139 1389 1271 1454 audacia
1291 1399 1359 1456 tum
1380 1411 1430 1454 me
1449 1389 1550 1453 dictu-

224 1505 295 1547 rum
323 1484 485 1566 pollicitus
515 1504 601 1558 sum,
630 1503 703 1545 cum
724 1484 831 1546 Erucii
853 1485 983 1547 crimina
1005 1483 1177 1547 diluissem.
1224 1484 1342 1548 XXIX.
1370 1482 1421 1547 79.
1442 1486 1587 1559 Nunc,l⁰

225 1579 338 1652 Eruci,
360 1577 400 1640 ad
423 1584 454 1639 te
476 1578 580 1640 venio.
619 1575 794 1640 Conveniat
813 1577 890 1641 mibi
911 1585 1017 1641 tecum
1037 1597 1168 1641 necesse
1189 1586 1253 1654 est,
1277 1581 1303 1642 si
1325 1579 1364 1643 ad
1385 1579 1471 1642 hunc
1485 1595 1551 1642 mn·

225 1667 364 1734 ieficium
384 1669 470 1734 istud
492 1672 647 1754 pertinet,
668 1676 724 1733 aut
744 1672 849 1753 ipsum
871 1691 928 1735 sua
949 1691 1045 1735 manu
1058 1672 1189 1748 iecisse,
1211 1671 1244 1736 id
1259 1673 1346 1757 quod
1360 1692 1475 1756 negas,
1496 1677 1553 1738 aut

225 1785 285 1849 per
313 1765 440 1849 aliquos
466 1765 583 1828 liberos
610 1772 666 1827 aut
686 1785 803 1828 servos.
846 1765 1045 1830 Liberosnei
1079 1787 1160 1850 quos
1186 1785 1292 1850 neque
1318 1772 1356 1828 ut
1384 1767 1551 1830 convenire

225 1860 368 1943 potuerit
392 1879 499 1943 neque
528 1879 592 1943 qua
619 1859 740 1922 ratione
761 1858 912 1924 inducere
933 1881 1040 1945 neque
1060 1861 1116 1924 ubi
1138 1881 1243 1945 neque
1265 1880 1323 1945 per
1344 1879 1552 1944 quormque

228 1973 293 2037 qua
316 1974 372 2036 spe
387 1959 442 2016 aut
457 1974 522 2037 quo
544 1954 645 2036 pretio
666 1961 759 2035 potes
781 1954 960 2018 ostendere.
992 1956 1060 2038 Ego
1080 1962 1191 2018 contra
1204 1954 1356 2030 ostendo,
1378 1973 1443 2017 non
1457 1951 1590 2016 modost

228 2048 307 2112 nihii
329 2067 439 2110 eorum
459 2046 573 2110 iecisse
596 2047 669 2110 Sex.
685 2047 851 2123 Roscium,
873 2047 929 2111 sed
951 2069 992 2112 ne
1013 2050 1157 2132 potuisse
1178 2047 1309 2133 quidem
1322 2048 1443 2126 iacere,
1466 2047 1553 2132 quod

228 2161 334 2226 neque
361 2142 479 2203 Romae
508 2141 614 2204 multis
646 2142 736 2204 annis
768 2140 865 2205 suerit
892 2161 998 2226 neque
1021 2143 1061 2206 de
1087 2141 1226 2226 praediis
1254 2163 1406 2229 umquam
1434 2149 1554 2206 temam

228 2235 415 2300 discesserit.
436 2236 567 2298 Restare
582 2235 638 2299 tibi
653 2235 819 2299 videbatur
833 2255 996 2300 servorum
1011 2257 1146 2314 nomen,
1170 2257 1235 2321 quo
1258 2239 1350 2323 quasi
1371 2239 1405 2301 in
1426 2244 1553 2320 portum

226 2333 361 2394 reiectus
384 2349 403 2392 a
424 2331 537 2393 ceteris
560 2330 793 2413 suspicionibus
815 2331 985 2414 confugere
1007 2347 1140 2414 possess
1157 2331 1213 2394 ubi
1226 2332 1396 2415 scopulum
1418 2329 1554 2394 offendis

227 2425 397 2499 eiusmodi,
427 2431 464 2488 ut
493 2443 558 2487 non
585 2423 681 2486 modo
710 2423 749 2487 ab
770 2423 832 2487 boc
854 2427 973 2488 crimen
994 2426 1116 2489 resilire
1138 2424 1266 2503 videas,
1294 2445 1406 2490 verum
1427 2433 1591 2489 omnent)

226 2520 438 2602 suspicionem
458 2521 493 2582 in
513 2520 745 2602 vosmetipsos
767 2518 907 2582 recidere
928 2520 1096 2603 intelligas.
1127 2517 1179 2582 80.
1203 2519 1289 2596 Quid
1311 2539 1385 2604 ergo
1401 2526 1465 2596 est,
1488 2539 1553 2604 quo

223 2613 352 2678 taudem
380 2621 546 2678 accusator
578 2614 687 2696 inopia
720 2621 977 2696 argumentorum
1003 2613 1202 2697 contingerit?
1237 2613 1401 2678 Eiusmodi
1427 2621 1553 2696 tempus

226 2713 310 2796 erat,
330 2708 450 2792 inquit,
472 2714 509 2771 ut
528 2707 672 2770 homines
695 2707 790 2789 vulgo
812 2709 942 2790 impune
961 2706 1197 2784 occiderentur;
1219 2727 1318 2793 quana
1339 2707 1401 2772 boo
1423 2714 1458 2772 tu
1479 2728 1554 2792 pro·

224 2811 297 2888 pter
316 2800 552 2866 multitudinem
574 2802 758 2864 sicariorum
781 2801 869 2864 nullo
891 2803 1019 2885 negotio
1040 2801 1145 2864 iacere
1159 2803 1301 2884 potuisti.
1331 2803 1461 2866 Interim
1476 2801 1554 2866 mibi

225 2898 357 2973 videris,
378 2897 489 2973 Eruci,
511 2916 575 2959 una
596 2895 741 2959 mercede
765 2895 843 2959 duas
865 2916 916 2960 res
938 2895 1065 2980 assequi
1078 2893 1180 2960 velle:
1202 2914 1262 2960 nos
1283 2896 1401 2960 iudicio
1423 2895 1590 2980 pertun-at

228 2992 319 3069 dere,
340 3011 490 3056 accusare
512 2997 618 3053 autem
633 3009 687 3053 eos
709 2992 811 3074 ipsos,
834 2991 984 3074 aquibus
1000 2989 1178 3055 mercedem
1192 2992 1353 3074 accepisti.
1382 2990 1468 3066 Quid
1483 2991 1552 3055 ais?

225 3088 329 3171 Vulgo
351 3083 598 3150 occidebantur?
629 3085 689 3148 Per
710 3105 791 3169 qnos
813 3091 846 3147 et
866 3085 1039 3168 aquibusi
1072 3085 1144 3147 Non
1158 3087 1277 3167 cogitas
1298 3090 1329 3148 te
1343 3103 1363 3148 a
1376 3085 1553 3149 sectoribus

226 3182 289 3246 buc
311 3180 484 3246 adductum
507 3181 597 3242 esset
629 3178 714 3254 Quid
744 3181 878 3261 posteat
914 3180 1077 3242 Nescimus
1099 3197 1157 3262 per
1177 3180 1238 3242 ista
1260 3184 1402 3262 tempora
1423 3180 1553 3244 cosdem

224 3275 292 3340 fere
315 3281 453 3340 sectores
474 3273 573 3336 luisse
596 3273 750 3335 collorum
773 3278 804 3336 et
824 3273 1003 3336 bonorum‘i
1038 3269 1089 3335 ti.
1112 3273 1138 3335 li
1160 3271 1315 3356 denique,
1337 3274 1393 3356 qui
1414 3281 1483 3336 tum
1504 3293 1553 3337 ar-

227 3373 304 3435 mati
332 3371 400 3434 dies
420 3375 596 3450 noctesque
619 3366 866 3441 concursabant,
895 3368 951 3451 qui
972 3368 1090 3430 Romae
1113 3374 1203 3430 erant
1223 3356 1359 3443 assidui,
1388 3369 1445 3452 qui
1467 3368 1590 3432 omnim

226 3473 371 3549 tempore
392 3464 427 3527 in
448 3460 566 3546 praeda
588 3466 620 3523 et
641 3463 793 3543 sanguine
814 3460 1034 3538 versabantur,
1062 3461 1136 3526 Sex.
1158 3461 1272 3524 Roscio
1293 3463 1445 3546 temporis
1465 3462 1552 3525 illius

227 3560 431 3625 acerbitatem
451 3556 716 3640 iniquitatemque
738 3556 902 3632 obiicient,
931 3562 964 3620 et
988 3557 1076 3620 illam
1098 3555 1283 3619 sicariorum
1303 3553 1552 3631 multitudinem,

226 3657 261 3718 iu
282 3673 348 3740 qua
374 3652 436 3735 ipsi
464 3650 561 3713 duces
591 3669 627 3712 ac
648 3650 808 3734 principes
831 3658 936 3740 crept,
965 3650 1041 3714 huic
1063 3651 1186 3714 crimini
1207 3649 1365 3734 putabunt
1384 3651 1474 3714 iorei
1497 3652 1553 3736 qui

227 3767 294 3811 non
314 3745 411 3810 modo
432 3745 551 3809 Romae
572 3743 731 3820 nonfuit,
753 3743 811 3807 sed
829 3746 974 3820 omnino,
998 3743 1076 3829 quid
1090 3743 1208 3806 Romae
1228 3749 1389 3827 ageretru,
1410 3744 1553 3819 nescivit,

292 3917 318 3969 2.
337 3920 361 3968 ot
375 3917 403 3966 to
418 3914 522 3976 insidiis]
541 3911 630 3964 addidi
646 3913 674 3962 ia
691 3926 724 3963 ex
741 3914 809 3964 coni.
830 3940 856 3952 -
881 3914 905 3966 3.
922 3913 1023 3978 sopiant
1039 3912 1089 3962 lii.
1111 3939 1138 3949 -
1148 3948 1151 3954 ·
1162 3911 1187 3963 6.
1201 3911 1318 3976 profarre
1334 3913 1363 3963 G.
1382 3937 1412 3950 ·-
1431 3912 1455 3965 8.
1474 3925 1554 3976 quoa

198 4012 200 4022 >
228 3988 334 4058 renai]
352 3989 457 4055 signum
472 3989 684 4054 interrogationis
700 3987 792 4040 lamb.
810 3991 913 4054 primus
928 3989 1025 4054 posuit.
1046 4013 1073 4023 —
1091 3986 1172 4037 mutto
1188 3987 1217 4037 G.
1240 4011 1267 4024 -
1291 3987 1332 4038 44.
1350 3991 1386 4039 est
1401 3999 1455 4038 om.
1474 3989 1503 4039 (i.
1524 4013 1552 4025 -

229 4065 270 4117 43.
292 4067 434 4118 consonet
454 4066 569 4118 iiiive.
596 4091 624 4102 -
650 4065 691 4115 48.
711 4065 861 4127 quosquos
876 4064 927 4117 iit.
949 4089 979 4102 -
1004 4062 1046 4115 20.
1064 4061 1168 4112 moria
1184 4063 1299 4128 chvc.
1320 4087 1348 4100 -·
1365 4061 1458 4113 restim
1474 4062 1504 4112 G.
1524 4087 1552 4098 -

228 4141 270 4193 24.
289 4141 350 4206 prid
365 4155 425 4209 cepo
442 4145 478 4192 est
493 4142 559 4193 biv:
584 4141 644 4204 quid
659 4143 694 4191 ost
709 4153 769 4205 erqo
786 4137 864 4190 codd.
883 4137 937 4202 aiii,
956 4139 1039 4198 0ac;
1067 4137 1127 4200 quid
1143 4141 1227 4188 tornea
1241 4141 1278 4188 eet
1293 4137 1323 4188 G.
1348 4136 1388 4187 De
1405 4135 1457 4188 ioci
1472 4137 1556 4187 inten-

227 4215 371 4282 punciione
388 4229 414 4267 v.
426 4211 613 4279 Wesenbergii
631 4214 744 4266 obsone.
760 4214 817 4265 crit.
830 4214 865 4264 od
880 4227 918 4264 or.
935 4227 964 4276 p.
976 4213 1055 4264 Satio
1071 4226 1099 4278 p.
1112 4212 1152 4263 44.
1171 4213 1227 4264 not.
1240 4214 1264 4265 4.
1280 4238 1308 4250 -
1325 4211 1367 4264 22.
1380 4217 1464 4263 tameo
1480 4214 1509 4263 a.
1525 4236 1553 4249 ·-

228 4291 269 4343 23.
287 4291 333 4343 boc
349 4295 378 4342 tu
394 4291 507 4344 onan:
527 4295 555 4341 tu
569 4290 615 4340 boc
631 4291 668 4342 bii
681 4291 759 4341 One.
780 4317 808 4326 -
826 4287 868 4342 24.
885 4289 993 4352 totamm]
1009 4289 1135 4338 immotae
1151 4286 1211 4338 cod.
1231 4286 1260 4352 (2)
1277 4287 1370 4340 Ursini.
1396 4284 1483 4337 «Sciet
1498 4285 1554 4336 Cic.
1637 4353 1640 4359 Ι

228 4366 329 4418 mtto
346 4365 476 4418 adhibere
493 4379 543 4431 pro
560 4367 669 4422 iacerem
687 4365 768 4417 ethic
780 4367 852 4416 esset
862 4363 1012 4428 aliquando,
1029 4376 1232 4427 nonnunqum,
1251 4375 1304 4427 quc
1316 4375 1397 4414 sensu
1408 4359 1556 4413 Tullianum

229 4443 270 4496 est
285 4443 426 4506 mdccc,
450 4454 614 4508 quamquam
634 4442 728 4506 postea
744 4441 780 4490 ita
796 4438 872 4491 multi
888 4442 1059 4505 usurparunt.
1084 4438 1120 4504 [v.
1137 4439 1236 4491 Duker.
1254 4437 1290 4488 od
1306 4435 1412 4489 ilerum
1427 4437 1448 4488 l.
1466 4437 1507 4498 nt,
1520 4433 1555 4498 i.]

227 4515 390 4570 Forcellinns
413 4516 553 4583 explicavit
574 4517 675 4567 totatm
692 4513 779 4566 «dum
795 4516 844 4566 ista
862 4515 958 4578 dicis»,
984 4514 1058 4580 quod
1073 4525 1173 4565 vanum
1189 4511 1338 4578 perfugium
1356 4513 1424 4563 est.»
1451 4513 1512 4562 Gna.
1530 4510 1555 4561 2.

227 4591 322 4656 Neque
338 4592 403 4642 mihi
421 4592 555 4658 persuasit
570 4590 688 4643 llandius
706 4591 732 4640 in
749 4587 858 4642 Turseli.
871 4590 914 4641 111.
930 4603 957 4654 p.
970 4589 1027 4643 425.
1044 4589 1079 4641 de
1090 4587 1211 4640 iectionis
1222 4587 1380 4652 integritate.
1395 4612 1425 4625 -
1442 4586 1484 4638 26.
1498 4583 1558 4648 qaid

229 4666 269 4716 oie
284 4665 364 4717 Eruci
380 4667 441 4718 sch.
462 4694 490 4705 -
515 4667 555 4719 27.
576 4681 629 4717 oon
651 4667 747 4732 scottus
767 4665 888 4718 Ernesti:
911 4677 992 4716 noane
1008 4666 1104 4730 conitus
1120 4661 1199 4714 codd.
1219 4663 1247 4714 et
1262 4663 1292 4713 0.
1319 4661 1358 4714 Ci.
1376 4660 1462 4713 Hand.
1480 4660 1556 4710 Ture.

228 4739 272 4792 IV.
289 4753 317 4805 p.
336 4739 385 4792 340
401 4754 442 4807 sq.
462 4765 490 4778 -
508 4741 550 4793 28.
568 4740 697 4806 motae]
714 4739 868 4792 oaeneon.
887 4741 960 4791 innn.
980 4742 1007 4791 et
1024 4738 1111 4792 schol.
1129 4739 1157 4790 in
1169 4735 1351 4804 explicatione,
1369 4737 1443 4802 qnod
1456 4731 1559 4801 proba-

228 4815 293 4865 runt
309 4817 369 4868 Gar.
389 4820 417 4867 et
432 4815 476 4866 Or.
494 4816 537 4878 2.;
561 4817 657 4868 aeetae
678 4828 693 4866 a
716 4816 758 4882 (ex
773 4827 802 4877 v,
828 4813 876 4866 ubi
898 4815 1059 4880 impressum
1078 4815 1135 4865 est:
1161 4810 1287 4878 nesciris).
1311 4836 1339 4848 -
1366 4817 1480 4875 tenpore
1498 4819 1559 4858 cero

228 4889 327 4941 eosdem
341 4901 401 4941 cero
416 4889 492 4954 fictus
509 4891 538 4942 (i.
559 4915 587 4928 -
606 4891 646 4942 3⁰.
668 4889 953 4942 coneoracbootblvc:
970 4887 1198 4950 contemtorem
1216 4887 1447 4939 &commeabant
1463 4883 1557 4943 clini

231 4963 265 5015 ci.
284 4965 389 5032 Zumpt.
409 4963 444 5015 ad
459 4965 536 5016 verr.
554 4977 582 5031 p.
600 4965 658 5018 896.
677 4992 705 5002 -
728 4965 768 5017 34.
786 4970 810 5018 et
825 4966 853 5016 to
876 4965 998 5030 momine
1013 4966 1068 5015 ov.
1089 4991 1117 5000 -
1136 4963 1177 5016 32.
1195 4967 1219 5015 et
1235 4976 1288 5015 om.
1307 4975 1332 5015 c.
1352 4989 1381 5000 -
1399 4957 1440 5012 ai.
1458 4955 1561 5008 meua

231 5039 336 5105 iladvig
354 5039 389 5108 (v.
408 5041 505 5104 opusc.
523 5039 544 5090 l.
562 5050 590 5106 p.
609 5039 665 5092 482.
684 5042 712 5092 et
727 5039 763 5092 ad
779 5042 833 5093 Cic.
852 5037 886 5092 de
903 5041 976 5092 Finn.
993 5052 1021 5106 p.
1039 5037 1123 5104 itti:
1145 5037 1249 5090 morirer
1264 5036 1354 5097 codd,
1372 5031 1447 5100 quod
1461 5030 1560 5082 trustra

231 5114 274 5166 0r.
292 5113 318 5168 2.
337 5115 366 5166 et
381 5113 479 5167 Rarius
495 5114 527 5166 ll.
544 5127 572 5182 p.
591 5114 648 5168 493.
667 5115 851 5168 detonderunt.
881 5115 989 5168 Poterat
1009 5117 1100 5167 umen
1125 5111 1203 5166 lectio
1221 5112 1299 5165 codd.
1318 5110 1401 5164 etlam
1417 5120 1451 5163 ex
1466 5106 1563 5160 ambe

231 5194 288 5246 erat
303 5191 375 5247 crint.
403 5190 502 5248 Conna
517 5189 676 5248 mamaeae
692 5193 814 5262 superius
829 5192 907 5258 neat
921 5204 972 5261 pro
986 5191 1035 5258 titt
1050 5187 1170 5245 scribere
1185 5187 1286 5244 induit
