3642 5862
309 347 371 418 404
683 349 725 417 tit
746 347 912 422 vuissit
931 347 1054 419 sosio
1075 347 1254 417 SECUNDA

308 520 463 592 nlissiure
483 516 800 604 commodissimeque
813 518 1023 586 adhiberetur.
1053 519 1197 584 xxviii
1215 513 1268 582 7t.
1281 517 1405 590 luteres
1419 513 1621 601 Syracusani,

307 615 452 708 hcmipea
479 613 572 699 periti
601 621 632 681 et
656 613 804 689 humani,
835 614 890 697 qui
917 634 982 681 nou
1009 615 1102 680 modo
1124 633 1177 689 ea,
1210 631 1291 698 quse
1314 611 1482 696 perspicua
1501 615 1621 683 essent,

307 710 428 785 fidere,
447 729 558 801 perum
580 707 673 776 etism
694 707 817 772 occulta
836 707 988 792 suspicari
1006 715 1149 792 possent,
1170 705 1328 772 habehant
1340 705 1494 770 rationem
1508 722 1619 770 ornnes

230 877 232 882 ,
309 804 449 889 quotidie
476 803 661 886 piratarum,
688 801 742 886 qui
765 802 867 868 securi
888 801 1074 869 ferirentur:
1108 821 1203 886 quarn
1223 801 1338 869 nultos
1360 819 1429 868 esse
1451 803 1619 882 oporteret

272 906 350 962 sax
369 899 440 982 ipso
460 895 604 980 nerino,
625 896 796 978 quoderat
817 904 959 980 captum,
981 904 1013 961 et
1027 917 1067 961 ex
1080 916 1238 965 remorum
1251 916 1383 962 nurnero
1398 892 1620 964 coniectans

307 992 370 1064 isle
392 989 478 1074 quod
501 1009 627 1068 omues,
650 990 704 1072 qui
726 985 849 1057 artificii
871 989 992 1073 aliquid
1015 989 1189 1058 habuerant
1209 999 1264 1056 aut
1284 991 1414 1066 formae,
1435 990 1620 1062 nunni,

307 1085 447 1167 reliquos
468 1084 512 1160 si,
532 1091 568 1160 nt
587 1084 783 1152 consuetudo
806 1089 868 1158 est,
889 1083 1052 1150 uniuersos
1074 1086 1113 1152 ad
1135 1085 1241 1168 palum
1254 1085 1428 1168 alligasset,
1450 1082 1621 1150 clamorem

307 1177 417 1264 populi
436 1177 506 1242 iore
528 1177 761 1264 suspicabatur,
783 1197 854 1242 curu
875 1184 962 1244 tunto
984 1178 1090 1261 plures
1105 1179 1233 1246 abducti
1248 1189 1369 1256 essent,
1392 1192 1487 1264 quani
1507 1175 1620 1244 relicti.

306 1274 438 1356 Prnpter
461 1271 543 1342 lianc
570 1290 713 1348 causam
745 1291 816 1346 cnm
842 1271 1030 1336 instituisset
1054 1273 1134 1338 alios
1162 1275 1225 1340 elio
1258 1283 1401 1359 tempore
1429 1271 1621 1357 producere,

267 1375 412 1441 commen
432 1366 468 1440 in
488 1372 577 1431 tanto
598 1373 756 1432 conventu
778 1386 872 1432 neruo
887 1373 964 1441 erat,
985 1368 1063 1450 quin
1076 1369 1232 1434 radonem
1246 1385 1476 1451 sumentesque
1489 1364 1623 1438 iuuet

306 1471 339 1528 et
367 1461 509 1545 reliquos
535 1479 603 1527 non
631 1460 826 1534 desideraret
853 1459 973 1535 solum,
1002 1461 1059 1526 sed
1089 1463 1183 1526 etiam
1214 1469 1360 1546 posceret
1390 1469 1424 1528 et
1455 1461 1622 1544 Mutat.

305 1553 357 1620 72.
386 1554 465 1630 Cura
486 1571 619 1640 nemus
640 1574 790 1623 numerus
816 1553 955 1628 deesset,
985 1561 1053 1618 turn
1080 1556 1139 1620 iste
1166 1555 1262 1622 homo
1284 1556 1425 1624 nolanus
1454 1555 1489 1624 in
1509 1573 1621 1626 eorum

305 1650 420 1723 locutu,
442 1665 523 1730 quos
545 1647 673 1712 domum
696 1667 784 1713 suam
805 1648 845 1712 de
859 1647 970 1731 piratis
983 1647 1167 1725 uouuxerat,
1190 1651 1379 1716 substituere
1394 1657 1426 1715 et
1440 1667 1620 1733 supponere

305 1747 412 1828 coepit
432 1742 517 1815 cives
536 1741 707 1816 Romanos,
729 1761 810 1824 quos
832 1741 866 1805 in
887 1761 1043 1806 carcerem
1065 1751 1157 1809 anoea
1172 1745 1365 1812 coniecerat:
1388 1763 1525 1830 quorum
1537 1742 1620 1808 alios

267 1837 503 1914 insertoriunoq
524 1835 640 1910 milites
661 1834 760 1906 fuisse
782 1835 984 1909 insimulabat
1011 1844 1107 1901 et'ex
1126 1838 1279 1923 Hispania
1298 1838 1456 1922 4445444444
1478 1838 1518 1908 ad
1540 1838 1620 1902 Sici-

160 1907 202 2027 ζ
303 1933 378 2000 liam
400 1927 551 2014 appulsos
573 1949 643 2003 esse
664 1929 807 2008 diceban
835 1930 932 2016 aljos,
960 1933 1017 2014 qui
1038 1951 1057 1995 a
1078 1932 1290 2016 praedonibus
1312 1940 1402 1998 crant
1422 1933 1523 2018 capu,
1545 1952 1620 1998 curu

303 2031 494 2100 mercamur
515 2021 657 2100 iacerent
675 2031 731 2089 aut
751 2024 890 2107 aliquam
918 2025 958 2088 ob
988 2023 1114 2094 ciuem
1143 2017 1340 2109 nauigarent,
1370 2046 1429 2092 sua
1456 2026 1620 2096 colunne

304 2141 376 2186 cum
396 2117 508 2202 piratis
527 2116 627 2190 fuisse
641 2118 802 2199 arguebat.
833 2119 944 2202 ltaque
958 2117 1012 2183 aiii
1028 2119 1112 2186 circs
1126 2121 1268 2195 Romani,
1289 2140 1331 2184 ne
1346 2125 1620 2203 cognoscerentur,

304 2214 461 2299 capitibus
483 2210 642 2282 obuolutis
664 2230 682 2276 e
704 2231 829 2279 carcere
849 2212 891 2279 ad
904 2212 1011 2295 palum
1025 2221 1121 2297 atque
1135 2214 1176 2278 ad
1193 2233 1302 2285 necem
1316 2214 1536 2297 rapiebanturr
1555 2212 1620 2298 alii,

266 2322 377 2381 eccum
397 2329 417 2377 s
438 2306 546 2382 uultis
568 2304 689 2382 civibus,
711 2306 860 2380 Romanis
882 2316 1163 2389 cognoscerentur,
1185 2309 1225 2374 ub
1247 2307 1394 2378 omnibus
1415 2308 1622 2376 defenderan-

303 2411 364 2480 tur,
386 2400 491 2477 securi
511 2399 713 2475 reuocentur.
742 2399 887 2476 Quorum
909 2420 967 2484 ego
989 2401 1029 2468 de
1050 2399 1251 2469 acerbissima
1272 2408 1373 2478 morie
1388 2401 1622 2470 crudelissimo-

304 2519 366 2583 que
388 2496 529 2567 cruciatu
550 2494 663 2570 dicam,
685 2514 758 2569 cum
779 2515 851 2559 eum
872 2493 978 2561 locum
999 2501 1132 2563 uacum
1153 2514 1300 2578 coepero,
1321 2495 1419 2565 euin
1439 2495 1554 2571 dion,
1574 2503 1622 2572 ut,

303 2593 402 2656 sime
423 2590 457 2657 in
479 2609 516 2654 ee
543 2588 757 2671 querimonia,
790 2608 885 2671 quern
913 2609 982 2652 sum
1007 2587 1173 2655 habiturus
1195 2590 1235 2654 de
1256 2589 1348 2654 istius
1376 2589 1563 2657 crudelitate
1590 2597 1622 2653 et

304 2684 344 2750 de
366 2685 482 2753 civium
498 2683 713 2760 Romanorum
730 2681 950 2763 indignissima
963 2690 1073 2758 morte,
1095 2704 1160 2748 non
1176 2683 1271 2749 modo
1285 2684 1379 2759 rues,
1401 2703 1512 2752 verum
1526 2685 1622 2748 etiam

266 2779 369 2844 evita
390 2777 534 2853 deficiat,
564 2775 597 2854 id
619 2774 697 2852 milri
718 2775 914 2857 praeclarum
936 2784 968 2839 et
987 2777 1159 2842 iucundum
1181 2785 1297 2863 putem.
1341 2774 1391 2842 7³.
1405 2765 1506 2868 (HQ
1526 2778 1623 2862 igitur

117 2831 179 2958 sss
304 2880 354 2941 eat
374 2879 463 2958 gesta
483 2891 551 2946 res,
580 2868 659 2952 haqes
682 2869 814 2939 uictoria
843 2867 1025 2968 praeclara)
1057 2891 1250 2955 myoparone
1279 2871 1411 2956 piratico
1441 2880 1534 2956 capto
1555 2872 1622 2935 dux

304 2967 470 3043 iberatur,
498 2963 715 3048 symphoniaci
736 2965 866 3029 Romam
897 2964 1000 3031 missis
1031 2964 1163 3030 formosi
1184 2965 1328 3034 homines
1350 2973 1382 3029 et
1402 2964 1621 3032 adolescentes

305 3070 338 3126 et
366 3057 500 3128 artifices
530 3059 660 3136 domurn
686 3058 830 3124 abducti:
860 3059 895 3122 iu
924 3078 1033 3132 eorum
1062 3059 1166 3125 locum
1194 3066 1227 3122 et
1247 3059 1286 3123 ad
1316 3079 1426 3126 sorum
1454 3077 1622 3132 numerum

305 3156 390 3224 cives
404 3153 538 3230 nonni
559 3149 708 3225 hostilem
729 3153 762 3216 iu
785 3153 915 3216 modum
937 3153 1068 3218 cruciati
1089 3160 1122 3219 et
1135 3153 1238 3220 necati
1248 3141 1382 3236 {omnis
1396 3153 1493 3224 vestis
1507 3151 1622 3227 oblau,

111 3232 203 3336 d*
267 3263 399 3327 somne
426 3267 538 3324 aurum
566 3254 600 3311 et
626 3255 792 3332 agentum
819 3247 957 3336 ahlapum
986 3254 1018 3315 et
1046 3245 1210 3340 aversum.)
1249 3248 1365 3319 XXIX.
1397 3249 1439 3318 st
1460 3266 1555 3332 quern
1581 3245 1622 3312 ad

305 3344 435 3415 modum
457 3343 526 3426 ipse
549 3362 584 3408 sc
611 3341 714 3408 induit
737 3343 845 3425 priore
866 3341 1008 3409 actionci
1052 3338 1120 3417 Qui
1137 3349 1184 3406 tot
1204 3341 1273 3410 dies
1293 3341 1460 3417 iacuisset,
1491 3347 1622 3426 reponis

373 3635 397 3683 4.
416 3631 573 3683 autumem
589 3629 627 3680 us
637 3627 666 3679 i:
691 3628 812 3680 tuoonr
829 3628 878 3693 (vel
895 3629 1051 3694 4444444444)
1068 3629 1132 3682 dett.
1151 3631 1184 3690 03
1202 3629 1333 3682 induetur
1348 3629 1427 3694 tque.
1447 3656 1475 3668 -
1493 3630 1518 3683 4.
1536 3633 1624 3684 edidis

307 3710 336 3763 44.
357 3733 382 3743 -
408 3707 434 3758 i.
451 3711 553 3770 σφω
574 3709 598 3756 at
613 3717 647 3756 ee
663 3701 723 3755 ni:
748 3703 844 3768 factum
859 3717 904 3754 aare
921 3703 985 3756 dett.
1010 3703 1066 3767 (sed
1082 3704 1152 3768 igit)
1174 3709 1198 3755 et
1211 3703 1279 3768 sec);
1306 3704 1333 3755 iu
1350 3703 1386 3755 Gi
1403 3708 1456 3758 est:
1482 3713 1585 3772 σφω
1601 3713 1624 3760 st

307 3789 485 3835 memnon.
506 3805 533 3819 -
552 3779 687 3831 4444444444
702 3779 723 3830 li
739 3792 781 3844 pr.
800 3791 836 3830 m.
857 3779 942 3843 (cono.
961 3780 1040 3840 corr.)
1053 3804 1080 3814 -
1094 3778 1118 3828 6.
1137 3778 1216 3827 moso
1231 3778 1275 3838 qui
1290 3778 1382 3843 nstitui
1398 3780 1427 3832 li.
1442 3805 1469 3816 -
1483 3781 1624 3835 nodosos

307 3858 358 3910 iis:
375 3861 515 3910 rernooorot
530 3861 606 3918 olcus
621 3853 762 3908 4444444444
783 3853 847 3904 deti.
866 3854 896 3906 0.
916 3882 943 3893 -
962 3857 986 3908 ’4.
1004 3856 1038 3918 si,
1061 3855 1097 3918 ut]
1114 3853 1177 3904 aicrst
1194 3853 1230 3908 tis
1246 3853 1323 3918 ugus.
1351 3853 1420 3918 [lori
1439 3869 1487 3910 cx:
1513 3859 1536 3910 ai
1549 3859 1622 3910 444144.

308 3933 399 3995 lim]
419 3959 445 3968 -
464 3932 490 3984 8.
508 3932 588 3986 ottae
604 3935 674 3982 moto
691 3928 750 3982 cod.
769 3930 825 3982 lits.
845 3929 874 3992 (i)
893 3956 921 3965 -
940 3930 1039 3982 adducti
1056 3929 1106 3990 et,
1124 3926 1179 3980 alii:
1201 3929 1302 3980 oddwti
1317 3930 1338 3980 44
1355 3931 1392 3980 Gi
1408 3929 1456 3985 44.
1474 3933 1553 3998 igis.
1582 3932 1622 3986 ct.

308 4007 342 4058 ad
366 4007 408 4058 iv.
427 4006 451 4070 Β.
469 4007 509 4058 44.
529 4033 556 4043 -
576 4007 600 4058 9.
620 4003 948 4070 propter--trudcliasimo
964 4018 989 4056 v.
1007 4006 1048 4056 44.
1074 4002 1157 4056 hebet
1176 4003 1206 4052 V.
1221 4030 1249 4040 -
1270 4003 1311 4054 40.
1332 4003 1393 4066 quse
1413 4006 1486 4062 iiii:
1511 4008 1555 4072 qut
1573 4020 1625 4060 sors

308 4084 341 4133 (tt
356 4083 381 4136 4.
400 4079 727 4144 Falsoiniiqcioooesse
739 4079 873 4132 traditor.
886 4080 910 4130 4,
926 4105 952 4116 -
966 4079 1006 4130 44.
1024 4084 1048 4132 et
1062 4079 1189 4144 poqtnset
1205 4090 1259 4129 cm.
1277 4079 1307 4129 V.
1328 4105 1355 4115 -
1374 4079 1414 4131 44.
1430 4095 1539 4150 osam
1554 4078 1625 4136 4434

307 4158 343 4207 V:
366 4158 494 4210 mecm
510 4156 574 4210 dett.
593 4158 622 4208 0.
652 4156 874 4220 Frequeniissirne
891 4156 933 4206 est
948 4154 1015 4205 haee
1031 4154 1135 4219 positivi
1157 4155 1183 4208 ei
1198 4151 1349 4218 superlativi
1365 4153 1484 4216 muisaic
1501 4158 1529 4212 in
1545 4155 1624 4214 codd.

309 4232 343 4283 ci.
360 4233 403 4284 iv.
422 4231 446 4296 5.
465 4232 505 4284 44.
523 4231 565 4284 34.
583 4232 623 4284 82.
642 4230 699 4283 444.
717 4229 787 4282 alibi.
808 4256 835 4265 -
854 4228 947 4280 44444444
963 4229 1031 4291 legii
1043 4227 1083 4282 44.
1103 4229 1144 4291 [ex
1160 4227 1272 4292 eleuet]
1285 4255 1312 4266 -
1324 4229 1419 4294 4044444]
1433 4233 1520 4296 [w
1534 4231 1581 4294 itt.
1598 4233 1627 4284 et

308 4307 347 4358 sic
364 4307 441 4371 §.ii
453 4319 479 4358 v.
492 4306 534 4358 48.
549 4332 577 4344 -
589 4307 630 4358 43.
648 4319 710 4370 quoa
724 4306 770 4357 iste
785 4307 886 4356 40444444
901 4304 979 4370 4349.
994 4332 1022 4342 -
1034 4306 1176 4359 wcweot
1191 4305 1271 4356 idem.
1287 4333 1315 4343 -
1326 4306 1396 4370 subp.
1412 4307 1444 4358 v.
1458 4333 1487 4346 -
1500 4307 1542 4362 tt.
1555 4305 1624 4371 quos]

309 4393 369 4442 quoe
384 4393 470 4433 eruor
486 4381 522 4439 νς
541 4391 602 4442 quor
617 4384 696 4432 cesos
712 4381 779 4432 coui.
798 4380 857 4431 ilai.
878 4404 905 4416 -
923 4379 1044 4432 edoceat
1059 4381 1089 4432 R.
1108 4407 1135 4416 —
1154 4380 1245 4431 oleos
1261 4379 1291 4432 V.
1307 4406 1334 4416 -
1348 4381 1389 4433 ss.
1405 4381 1534 4440 4444444444
1549 4382 1581 4436 V.
1595 4407 1623 4418 -

306 4453 423 4518 4449444444
438 4454 500 4509 RV.
515 4479 542 4490 -
557 4455 596 4504 tc.
615 4455 732 4518 opauco
748 4454 809 4505 liv.
826 4479 852 4490 -
865 4467 883 4504 a
896 4454 1053 4516 maeonius
1070 4457 1098 4506 u.
1113 4483 1140 4492 -
1153 4455 1220 4518 copti
1235 4455 1349 4507 eootv.
1364 4483 1391 4493 -
1406 4457 1627 4521 tiostalquom

309 4529 339 4580 oi
355 4531 497 4582 Redin:
523 4529 679 4592 4444444444
695 4529 725 4580 oi
741 4531 834 4594 Lagg.;
860 4528 951 4582 4444404
967 4529 1082 4592 aliquam
1098 4532 1148 4592 Gt;
1174 4530 1329 4593 umquem
1345 4530 1426 4590 obV;
1453 4531 1627 4598 wtutiqaaos

308 4605 387 4656 uteru
403 4603 432 4655 od
449 4603 508 4656 cod.
526 4605 631 4670 liotom.
651 4605 679 4669 (4)
696 4605 772 4658 lanu.
792 4631 820 4642 -
837 4605 1010 4656 ootwototeme
1026 4618 1083 4656 cum
1106 4604 1134 4656 V.
1159 4606 1219 4669 (ur.)
1238 4631 1265 4642 —
1284 4606 1324 4658 t8.
1342 4606 1427 4670 itaque
1447 4621 1505 4664 m
1520 4605 1579 4662 attis
1592 4605 1625 4658 V.

307 4678 378 4745 [lori.
397 4692 443 4731 ex:
461 4679 546 4744 itaqua
560 4684 614 4735 toea
630 4679 695 4746 asts]
709 4707 736 4717 -
749 4693 771 4730 o.
789 4693 812 4730 r.
832 4679 886 4743 (sic)
903 4679 1019 4730 involutis
1033 4693 1048 4731 o
1062 4693 1163 4732 caruem
1178 4680 1299 4744 cupidius
1313 4681 1344 4732 V.
1364 4681 1414 4745 (est
1429 4681 1550 4746 capitibus
1564 4692 1625 4745 sup.

308 4751 353 4806 lin.
371 4767 395 4806 u.
414 4767 451 4806 m.
470 4755 495 4806 4.
513 4758 581 4807 teste
597 4756 650 4820 ur.)
665 4783 693 4794 -
712 4755 752 4808 49.
769 4755 929 4822 replebuntur
944 4755 975 4806 V.
995 4779 1022 4792 -
1041 4755 1083 4806 40.
1101 4757 1226 4822 limesia]
1243 4757 1353 4809 omeooir
1368 4757 1400 4808 V.
1414 4784 1443 4795 -
1454 4768 1627 4824 συμπίνων

308 4835 351 4882 tor
366 4830 420 4883 RN
431 4827 447 4880 i
458 4829 540 4894 nque:
559 4843 613 4884 om.
631 4831 684 4890 (323
700 4836 932 4896 imprecarentur
948 4830 993 4892 Gi,
1012 4830 1076 4882 dett.
1095 4833 1124 4892 0.
1139 4857 1166 4870 -
1179 4831 1349 4897 deimderew
1363 4832 1394 4884 V.
1409 4858 1437 4869 ·-
1450 4835 1491 4889 at.
1509 4845 1555 4898 apo
1570 4843 1625 4887 om.

309 4904 387 4970 ccii·
408 4930 436 4941 -
453 4903 495 4963 tt.
512 4905 694 4970 emacem
713 4907 746 4966 rc
770 4905 929 4958 cemma
948 4905 1027 4970 cgrc.
1048 4931 1075 4944 -
1094 4906 1135 4959 ec.
1153 4907 1249 4970 prasos
1270 4907 1378 4970 occsa,
1398 4909 1477 4973 tres.
1497 4933 1525 4946 -
1542 4908 1584 4960 ec.
1603 4910 1627 4958 os

308 4979 391 5104 pocati
407 4979 529 5121 opbiiid
554 4979 571 5034 4
588 4979 666 5044 wid.
687 4979 780 5040 44444.
798 5005 826 5018 -
845 4982 886 5034 44.
904 4993 962 5046 ora.
983 4985 1008 5034 et
1027 4981 1139 5034 comm
1156 4984 1235 5049 sagq.
1259 4985 1366 5049 praeter
1380 4982 1422 5036 44.
1442 5009 1467 5024 -
1487 4981 1529 5043 44.
1546 4994 1573 5036 as
1588 4979 1625 5032 iti

334 5067 340 5104 ε
357 5065 408 5111 titt
443 5065 458 5106 Θ
482 5089 488 5106 .
530 5091 537 5108 .
