3638 5868
295 401 357 474 302
666 409 709 476 lli
729 409 899 478 VERREM
918 411 1041 477 lenio
1063 411 1246 479 SECUNDA

294 580 466 656 Venerius,
495 579 551 666 qui
581 579 692 644 fiscum
714 580 862 645 sustulit?
896 581 986 658 Quae
1006 603 1080 668 pars
1102 603 1218 668 operae
1240 591 1295 647 ant
1315 587 1562 668 opportunitatis
1585 588 1620 652 in

298 674 401 737 scriba
421 681 488 751 est,
510 693 567 736 cur
588 675 618 738 ei
639 695 704 738 non
726 676 820 739 modo
842 695 963 740 merces
985 684 1072 740 tanta
1094 678 1201 753 detur,
1222 678 1278 742 sed
1300 697 1357 742 444
1372 699 1443 742 cum
1459 701 1498 744 eo
1514 689 1619 745 tantae

294 768 449 851 pecuniae
471 767 600 851 partitio
620 767 696 832 fiaii
719 805 759 818 -
788 768 875 833 Ordo
898 776 946 834 est
966 769 1128 834 honestus.
1150 803 1192 820 -
1213 771 1293 847 Quis
1315 777 1433 856 negati
1462 782 1518 839 aut
1538 775 1618 859 quid

293 881 331 926 ea
351 883 402 926 res
424 862 464 926 ad
485 863 566 926 hanc
587 882 654 926 rem
673 865 835 946 pertinet?
862 864 919 926 Est
940 883 1014 928 sero
1034 863 1204 940 honestus,
1227 866 1313 948 quod
1328 885 1439 930 eorum
1452 869 1617 932 bominum

169 955 195 1040 ἵ
268 954 367 1021 efidei
393 957 519 1020 tabulae
546 955 690 1042 publicae
718 957 924 1040 periculaque
953 958 1192 1040 magistratuum
1214 963 1464 1042 committuntur.
1507 965 1618 1047 ltaque

293 1051 396 1114 exiis
418 1051 545 1123 scribis,
574 1049 629 1132 qui
652 1050 738 1132 digni
762 1057 836 1114 sunt
856 1050 912 1113 illo
936 1052 1064 1126 ordine,
1093 1053 1235 1143 patribus
1256 1052 1403 1129 familiis,
1424 1057 1501 1120 viris
1522 1057 1616 1121 bonis

179 1093 201 1200 (²
292 1153 391 1229 atque
419 1143 575 1217 honestis,
607 1144 854 1226 percontamini,
887 1145 966 1227 quid
995 1145 1055 1208 sibi
1083 1146 1162 1210 istae
1192 1147 1475 1231 quinquagesimae
1497 1151 1616 1215 velint:

290 1239 354 1302 iam
376 1257 485 1302 omnes
506 1237 690 1319 intelligetis
712 1256 779 1300 rem
793 1256 908 1300 novam
923 1246 1021 1303 totam
1037 1247 1133 1326 atque
1148 1241 1310 1324 indignam
1324 1243 1436 1306 videri.
1480 1240 1552 1308 484.
1567 1246 1616 1309 ad

292 1353 347 1397 eos
368 1352 418 1396 me
440 1331 558 1395 scribas
579 1350 711 1406 revoca,
734 1331 760 1394 ei
781 1331 903 1415 placet,
925 1332 991 1396 noli
1013 1334 1073 1397 hos
1095 1333 1260 1417 colligere,
1283 1337 1338 1422 qui
1354 1337 1524 1401 nummulis
1547 1357 1617 1400 cor·

255 1443 282 1492 44
290 1427 409 1510 rogatis
431 1427 471 1490 de
496 1431 647 1510 nepotum
669 1425 762 1490 bonis
784 1445 821 1490 ec
843 1428 883 1490 de
906 1428 1123 1492 scaenicorum
1145 1429 1337 1505 corollariis,
1359 1451 1431 1495 cum
1454 1432 1614 1495 decuriam

291 1527 451 1595 emerunt,
472 1538 515 1583 ex
535 1519 637 1604 primo
659 1520 771 1583 ordine
793 1520 998 1602 explosorum
1019 1523 1052 1584 in
1073 1522 1247 1585 secundum
1270 1523 1414 1587 ordinem
1430 1523 1565 1590 civitatis
1580 1545 1614 1589 se

289 1617 415 1681 venisse
437 1615 556 1677 dicunt.
598 1615 663 1677 Eos
684 1614 803 1678 scribas
829 1623 934 1678 tecum
955 1615 1180 1699 disceptatores
1201 1614 1296 1679 huius
1319 1617 1459 1683 criminis
1480 1619 1613 1693 habebo,

290 1711 346 1796 qui
367 1710 446 1772 istos
468 1708 586 1772 scribas
608 1727 678 1772 esse
700 1707 832 1771 moleste
853 1708 967 1772 ierunt.
1001 1709 1141 1771 Tametsi
1162 1729 1235 1772 cum
1257 1711 1290 1773 in
1312 1729 1351 1774 eo
1374 1712 1485 1775 ordine
1507 1712 1614 1776 videa·

290 1825 359 1870 mus
389 1823 459 1868 esse
492 1804 606 1866 multos
635 1821 700 1866 noo
729 1803 878 1878 idoneos,
909 1803 965 1887 qui
995 1803 1072 1866 ordo
1104 1802 1278 1866 industriae
1306 1806 1486 1888 propositus
1512 1813 1562 1870 est
1583 1814 1615 1870 ei

253 1898 454 1983 indignitati,
476 1897 661 1960 mirabimur
681 1905 791 1979 turpes
813 1895 938 1980 aliquos
961 1895 1004 1958 ibi
1027 1915 1111 1969 esse,
1135 1915 1199 1978 quo
1222 1897 1322 1960 cnivis
1340 1899 1440 1980 pretio
1454 1899 1614 1983 liceiper-

288 1995 420 2059 reniret
463 1991 593 2055 LXXX.
616 1993 663 2053 Tu
686 2010 727 2054 ex
747 1990 883 2072 pecnnia
904 1989 1032 2072 publica
1050 1987 1109 2051 He
1125 1987 1278 2052 terdecies
1293 1990 1425 2054 scribam
1439 1999 1529 2054 tuum
1543 2013 1614 2076 per·

289 2091 388 2153 missu
409 2095 463 2150 tuo
485 2105 556 2150 cnm
578 2086 746 2150 abstulisse
767 2084 903 2159 fateare,
924 2083 1079 2166 reliquam
1101 2081 1158 2144 tibi
1174 2083 1271 2145 ullam
1286 2083 1503 2149 defensionem
1522 2094 1613 2170 putas

289 2187 380 2248 essai
401 2183 462 2246 boo
482 2179 565 2244 14444
587 2197 779 2262 quemqnam
801 2180 918 2262 posset
939 2176 999 2240 1444
1020 2195 1213 2260 quemquam
1228 2175 1368 2261 denique
1389 2197 1474 2242 nunc
1488 2187 1613 2244 tuorum

288 2278 510 2344 advocatorum
536 2273 642 2336 animo
670 2291 775 2355 aequo
800 2269 911 2334 audire
939 2270 1109 2344 arbitrare,
1139 2289 1203 2352 qna
1230 2270 1411 2336 incivitate
1434 2271 1469 2336 G.
1494 2272 1613 2347 Catoni,

250 2371 447 2437 tdconsulari
468 2366 606 2441 bomini,
627 2365 801 2428 clarissimo
822 2365 909 2440 viro,
939 2361 997 2424 its
1020 2385 1079 2427 mir
1100 2361 1228 2427 milibus
1250 2364 1291 2427 lis
1314 2365 1477 2430 aestimata
1497 2367 1557 2442 sii,
1578 2368 1612 2430 in

288 2465 398 2530 eadem
420 2444 545 2526 civitate
566 2459 738 2543 apparitori
760 2465 815 2524 tuo
838 2477 908 2522 esse
930 2477 1116 2533 conessum,
1145 2464 1180 2520 nt
1203 2455 1262 2518 444Ι
1284 2458 1441 2524 terdecies
1470 2479 1533 2526 uno
1555 2481 1612 2526 no·

287 2560 373 2623 mine
400 2555 559 2620 aulemet‘i
602 2549 674 2615 485.
696 2553 777 2616 llinc
798 2554 852 2616 ille
874 2559 924 2616 est
943 2552 1056 2615 anulus
1077 2572 1208 2626 aureus,
1231 2571 1296 2636 quo
1320 2561 1355 2617 tu
1375 2553 1468 2617 istum
1489 2555 1523 2618 in
1537 2574 1612 2618 con·

286 2652 375 2716 tione
390 2647 536 2713 donasti:
559 2665 641 2731 qnae
661 2653 715 2710 tua
737 2647 864 2710 donatio
884 2645 1035 2728 singulari
1049 2646 1260 2730 impudentia,
1283 2664 1367 2712 nova
1382 2646 1496 2712 Siculis
1510 2649 1611 2712 omni·

285 2745 361 2820 bus,
383 2742 462 2806 mihi
482 2761 558 2806 vero
580 2741 676 2804 etiam
697 2737 891 2804 incredibilis
911 2739 1086 2802 videbatur.
1124 2741 1226 2823 Saepe
1249 2740 1333 2803 enirn
1354 2743 1456 2804 nostri
1475 2743 1611 2826 impera·

248 2845 370 2908 setores
392 2834 547 2919 superatis
566 2833 727 2910 hostibus,
750 2834 868 2918 optime
890 2853 924 2896 re
945 2833 1073 2917 publica
1091 2842 1194 2916 gesta,
1217 2835 1336 2898 scribas
1350 2836 1541 2900 suos'anulis
1555 2855 1611 2902 au·

286 2933 349 2996 reis
370 2931 405 2994 in
427 2929 572 2993 contione
593 2929 765 2992 donarunt:
788 2935 822 2991 tu
844 2948 920 2992 vero
942 2928 1058 3013 quibus
1080 2929 1174 2994 rebus
1197 2930 1311 3013 gestis,
1333 2949 1397 3014 quo
1410 2929 1502 2996 bosio
1517 2951 1611 3014 supe·

351 3246 375 3295 4,
393 3241 475 3305 operis
489 3238 556 3290 V.-
569 3237 743 3302 opportunitas
758 3235 827 3300 ngas
838 3235 903 3288 deii.
918 3236 948 3301 (V
958 3235 1042 3288 habet
1052 3241 1149 3299 opport.
1163 3248 1226 3288 cnm
1234 3250 1253 3299 p
1265 3233 1416 3302 4144114444.)
1436 3263 1463 3274 -
1482 3238 1507 3289 4.
1525 3239 1609 3290 caci

284 3317 353 3388 Lgia
365 3317 457 3371 tevit
468 3329 475 3364 :
493 3310 649 3364 cadreirell.
668 3311 720 3362 Sed
733 3313 811 3362 estin
823 3310 905 3375 ugia:
923 3325 970 3362 cnr
986 3312 1008 3362 ei
1023 3325 1177 3364 4444444444
1188 3313 1356 3372 mnicdetor3
1374 3312 1443 3362 lul:
1461 3325 1610 3364 4444444444

283 3401 371 3450 elnon
388 3398 460 3445 idaia
476 3391 555 3440 detur.
575 3413 603 3424 —
622 3387 646 3438 3.
662 3387 745 3450 portio
761 3385 838 3448 ngas.
855 3412 881 3422 —
900 3385 925 3438 4.
943 3387 1070 3436 bornicum
1086 3387 1145 3452 fidei
1160 3388 1286 3438 torniaam
1303 3386 1407 3438 44444144
1420 3386 1518 3450 publice
1532 3387 1564 3438 V.
1577 3413 1605 3424 —

283 3475 308 3526 d.
326 3473 357 3523 ite
373 3471 410 3521 1.:
428 3468 465 3517 bis
482 3464 560 3516 codd.
579 3463 642 3514 noti.
656 3487 684 3498 —
700 3461 816 3525 patritus
830 3461 934 3524 familiis
950 3463 1092 3526 43491111,
1111 3464 1193 3515 Prisc.
1209 3465 1229 3514 l.
1248 3476 1274 3528 p.
1287 3463 1331 3514 444
1347 3477 1352 3512 ;
1368 3460 1484 3525 puts-ibus
1498 3462 1610 3526 14441444

282 3547 339 3601 4411.
357 3549 387 3598 0.
413 3570 440 3581 -
467 3541 492 3592 l.
512 3538 712 3604 percunctamini
730 3537 761 3587 V.
789 3561 816 3572 ·—
839 3538 884 3597 444
903 3537 947 3599 qast
967 3536 1013 3588 sibi
1032 3535 1110 3600 Lgts.
1140 3564 1167 3573 —
1195 3538 1433 3601 qumqucpemimce
1447 3537 1478 3588 V.
1498 3537 1559 3600 (144.)
1577 3562 1605 3575 -

282 3625 307 3677 8.
325 3621 437 3674 44444444
452 3619 483 3668 V.
507 3641 535 3652 -·
558 3627 612 3665 rem
632 3625 726 3664 accam
740 3610 773 3663 l:
799 3611 999 3662 4444444411
1017 3611 1077 3675 1144.)
1096 3611 1161 3663 (1444.
1180 3613 1210 3663 0.
1232 3637 1260 3649 -
1284 3612 1370 3677 iotam]
1392 3611 1557 3664 4444441444.
1577 3637 1604 3650 -

281 3699 388 3762 indigeo
402 3696 434 3745 V.
462 3717 489 3730 ·-
517 3689 541 3741 9.
562 3690 606 3740 lice
621 3688 748 3752 cunipert
764 3686 795 3738 V.
814 3711 842 3724 -
867 3687 907 3738 44.
928 3685 1607 3752 4441444441.1444411)144.)44444441444444,14

282 3785 335 3838 quo
352 3771 423 3822 dosis
439 3779 499 3820 esse
516 3765 641 3826 traditan,
664 3763 741 3814 sicuti
756 3774 790 3812 ex
806 3762 889 3824 Naug.
908 3762 1058 3812 4441444444
1074 3759 1153 3826 vulgo
1171 3763 1207 3825 (0)
1225 3761 1327 3826 legitur.
1347 3787 1374 3798 -
1401 3761 1607 3812 4444444441

282 3849 344 3914 (444
355 3847 379 3896 V
389 3845 456 3896 teste
474 3841 538 3904 Β4.).
552 3869 580 3880 -
598 3839 730 3892 ccroiiurie
745 3839 776 3888 V.
791 3863 819 3874 -
838 3839 879 3888 44.
892 3838 1093 3900 ecpitosoporsem
1106 3837 1125 3886 V
1143 3837 1205 3900 (non
1221 3850 1302 3904 scip..
1321 3839 1352 3889 ut
1367 3835 1450 3888 hebet
1465 3836 1566 3900 114144).
1576 3861 1604 3872 -

280 3923 390 3975 doitstis
405 3919 511 3971 4444444
525 3917 557 3967 V.
576 3943 603 3952 —
624 3917 664 3966 44.
683 3915 871 3977 disceptatorem
886 3913 917 3963 V.
937 3939 964 3948 —
985 3912 1025 3963 43.
1042 3911 1141 3962 moden
1155 3912 1240 3975 [44444
1255 3913 1346 3964 esseV.
1361 3937 1388 3949 -
1407 3911 1608 3962 mmcdidm

280 3999 311 4048 V.
332 4023 360 4032 -
387 3994 428 4046 44.
451 4006 502 4042 noa
521 3989 612 4040 4441444
631 3989 733 4039 44144444
752 3987 829 4051 4344.
852 4013 879 4024 -
903 3989 1062 4050 praepositae
1084 3987 1162 4050 ngas.
1190 3987 1281 4052 [Deest
1299 3987 1415 4038 44414444
1439 3984 1510 4050 apud
1526 3987 1607 4038 Zum-

280 4068 385 4138 piium.]
411 4093 439 4103 -
466 4066 506 4116 44.
525 4065 586 4126 quid
605 4063 756 4114 4444444444
773 4063 804 4113 V.
833 4061 921 4126 [114444
943 4063 1045 4127 recepit
1060 4060 1194 4127 Klotzius.]
1213 4087 1241 4098 -
1268 4063 1350 4124 turpis
1371 4059 1454 4125 igit,
1481 4060 1560 4112 cett
1574 4062 1605 4112 V.

282 4171 310 4183 -
329 4145 426 4206 eiipsm
440 4141 475 4191 iii
491 4138 772 4203 assignaretis
788 4151 817 4190 eo
832 4136 1201 4202 444444449414441144);
1226 4137 1260 4188 ci.
1283 4139 1310 4188 in
1330 4151 1370 4188 cos
1387 4149 1437 4188 esse
1453 4135 1533 4196 deii.;
1558 4149 1608 4188 esse

280 4221 378 4282 ciiqsoe
401 4217 424 4267 V
450 4215 536 4281 [qnod
558 4217 634 4266 44444
659 4213 774 4264 Risimus
798 4226 847 4278 pro
872 4211 1035 4276 reliquorum
1061 4209 1123 4262 lect.
1147 4211 1303 4278 interpolata
1327 4210 1452 4278 receptil.
1473 4235 1501 4247 -
1524 4211 1607 4274 pretio

279 4295 335 4347 licet
350 4290 419 4357 igis
437 4295 464 4342 et
479 4291 503 4340 V
524 4289 581 4355 (sed
597 4289 642 4340 hic
655 4288 776 4353 proeliolz
801 4289 858 4339 licei
877 4289 958 4350 pretio
974 4285 1031 4338 rell.
1050 4287 1079 4338 0.
1099 4286 1190 4351 [Deest
1205 4289 1319 4339 44414444
1336 4287 1395 4338 cod.
1414 4287 1459 4350 Lg.
1478 4285 1550 4350 apud
1567 4287 1605 4348 Z.,

279 4383 363 4436 quare
387 4381 436 4420 nos
460 4377 556 4416 verum
573 4364 693 4416 ordinem
710 4363 893 4426 4444444444]
911 4388 939 4398 -
959 4363 1000 4413 id.
1017 4361 1133 4413 terdecies
1148 4361 1218 4425 1.ng
1228 4366 1267 4413 A:
1292 4363 1426 4414 terdeciens
1441 4361 1506 4421 NV;
1525 4362 1607 4414 aede-

279 4447 328 4496 cies
344 4439 400 4496 rell.
418 4443 448 4493 0.
468 4466 495 4476 —
511 4441 661 4504 4444444444
677 4439 713 4498 V;
728 4439 848 4502 pmititto
864 4441 894 4490 Α.
910 4465 938 4476 -
957 4437 998 4488 47.
1015 4437 1095 4487 udam
1111 4450 1165 4488 om.
1184 4435 1305 4501 4414-
1324 4437 1364 4490 i8.
1377 4448 1528 4498 4444444444
1539 4435 1607 4499 serre

279 4519 309 4570 V.
328 4545 357 4555 -
376 4519 417 4569 aa.
435 4527 502 4566 cone.
519 4515 614 4566 bordei
629 4515 692 4563 cler.
710 4514 766 4563 ciro
782 4513 810 4574 i,
829 4514 868 4564 V:
895 4513 959 4562 cler.
976 4513 1045 4574 circ,
1064 4524 1130 4562 cons.
1148 4511 1214 4561 bom.
1234 4509 1345 4589 deii-...d
1365 4535 1393 4546 -
1412 4509 1461 4562 HS.
1483 4509 1539 4560 Vll!
1550 4509 1604 4560 mil.

279 4601 358 4654 codd.
376 4599 512 4665 plerique:
531 4599 559 4650 S.
579 4598 635 4650 Vili
648 4599 684 4648 11.
696 4596 731 4656 V3
751 4598 781 4647 G.
799 4597 826 4647 11
837 4611 862 4644 cc
877 4614 903 4645 co
918 4611 943 4644 ce
961 4597 983 4648 N
1001 4599 1028 4647 et
1044 4593 1113 4658 ugia
1131 4595 1155 4658 (i.
1175 4607 1199 4644 e.
1217 4595 1267 4645 118.
1285 4595 1347 4659 111),
1371 4593 1420 4646 4441
1437 4594 1498 4657 Lag.
1515 4594 1543 4644 N
1556 4606 1605 4658 pm

277 4678 314 4737 ll3
331 4675 381 4726 tis.
398 4675 477 4725 XVlll
491 4673 544 4726 mii.
562 4674 598 4733 03
615 4672 666 4723 HS.
684 4671 732 4722 1111
745 4671 798 4721 mil.
818 4673 887 4721 coni.
900 4671 1003 4736 Zumpt.
1022 4683 1054 4722 ex
1064 4666 1130 4720 Vell.
1143 4669 1175 4719 11.
1188 4669 1213 4720 8.
1232 4667 1265 4719 41.
1278 4669 1343 4720 14144
1356 4669 1380 4734 S.
1392 4669 1450 4720 toi.
1467 4669 1603 4733 114444,

278 4751 325 4803 nbi
342 4748 455 4802 eaedem
472 4749 550 4799 notae
568 4748 732 4812 comparent.
745 4771 772 4782 -
791 4745 978 4796 14444414-
997 4746 1038 4796 44.
1057 4745 1150 4807 asperi
1166 4749 1210 4796 trec
1226 4744 1281 4808 (sic)
1296 4745 1327 4794 V.
1347 4745 1407 4809 ilia.)
1426 4769 1454 4780 -
1473 4745 1606 4796 terdeciens

277 4821 621 4886 mosomiseVetugia:
647 4822 812 4872 mmoornice
828 4820 944 4872 terdecies
958 4817 1015 4871 rell.
1034 4820 1113 4884 lagg.
1131 4821 1201 4878 tim
1218 4831 1269 4869 esso
1285 4833 1352 4871 4444.
1370 4820 1537 4881 4444144444ος
1553 4831 1604 4871 uso

277 4903 377 4954 nemim
392 4912 446 4951 om.
464 4901 495 4950 li.
514 4899 597 4962 (Legit
612 4899 702 4948 tamen
713 4897 757 4947 Br.
770 4897 797 4949 in
808 4895 831 4944 V
842 4893 987 4957 trecentas.)
1005 4919 1033 4930 -
1051 4893 1197 4945 44444144
1212 4893 1281 4958 Lgit
1298 4895 1357 4946 eiV
1369 4897 1405 4959 (et
1421 4895 1461 4947 sic
1476 4895 1602 4960 semper).

281 5005 309 5016 -
327 4979 440 5030 44444444
455 4972 538 5025 babet
554 4974 634 5025 eiiam
650 4973 674 5022 V
690 4972 760 5036 (144),
779 4972 819 5022 414
835 4969 909 5021 iuba.
929 4994 958 5005 -
976 4968 1017 5020 43.
1034 4969 1189 5033 inpudentia
1203 4968 1287 5032 egla:
1305 4971 1366 5032 irrep.
1384 4971 1480 5021 4144444
1494 4971 1544 5022 ΑΒ
1561 4983 1602 5035 pr.

277 5066 329 5116 m.;
347 5053 408 5117 imp.
423 5049 571 5118 prueditaB
588 5059 643 5100 sec.
662 5046 735 5098 m.V
751 5047 825 5110 (44),
843 5043 900 5096 4411.
919 5046 949 5096 0.
968 5067 995 5080 -
1014 5043 1056 5095 44.
1074 5045 1151 5096 educa
1165 5043 1196 5107 4,
1214 5059 1253 5107 φτ
1272 5045 1363 5097 om.V
1379 5045 1441 5111 (44.)
1458 5047 1487 5097 44
1501 5043 1559 5098 4411.
1572 5067 1600 5084 «-

276 5125 450 5194 capaciora]
465 5125 527 5191 tin.
545 5125 599 5191 4414)
616 5123 649 5176 V.
667 5121 729 5188 444.)
744 5147 772 5160 -
791 5123 833 5174 44.
849 5120 1016 5186 4444441411.
1030 5147 1058 5162 -
1075 5119 1160 5173 444144
1174 5120 1227 5172 saie
1242 5119 1273 5173 V.
