3642 5862
316 401 380 470 436
688 403 730 470 lit
750 403 918 470 VERREM
938 403 1061 469 serlo
1084 403 1266 470 SECUNDA

315 573 440 659 potuiti
472 572 567 636 LXV.
589 567 661 635 467.
683 571 836 637 Homines
857 581 978 648 tenues,
1001 575 1136 639 obscuro
1151 574 1223 638 loco
1238 571 1313 647 nati,
1334 571 1500 652 navigant:
1522 570 1656 636 adeunt

315 669 356 732 ad
378 688 415 731 ea
436 666 517 743 loca,
540 687 621 751 quae
642 687 815 751 numquam
836 677 929 732 antea
949 667 1106 744 viderunt,
1128 669 1184 732 nbi
1205 687 1310 752 neque
1332 667 1399 730 noti
1415 685 1485 728 esse
1499 665 1548 741 iis,
1571 685 1648 749 qno

315 770 480 837 venerunt,
502 782 609 845 neque
632 781 757 845 semper
777 781 849 824 cum
871 762 1084 844 cognitoribus
1107 783 1177 826 esse
1198 767 1341 845 possunt.
1374 759 1441 824 Hac
1454 779 1518 822 uun
1532 765 1650 823 tanmn

313 854 430 918 fidncia
452 856 584 920 civitatis
606 875 670 918 non
692 856 789 918 modo
815 854 899 939 apud
929 863 1052 920 nostros
1079 858 1296 940 magistratus,
1327 854 1382 938 qui
1413 862 1445 917 et
1473 853 1577 937 legum
1607 859 1649 916 et

291 949 558 1014 rexisomuioms
579 948 721 1033 periculo
752 949 967 1025 continentur,
995 970 1100 1034 neque
1130 948 1215 1032 apud
1237 951 1322 1012 cives
1344 947 1446 1012 solum
1468 950 1645 1021 Romanos,

315 1045 370 1128 qui
392 1051 424 1107 et
445 1043 599 1108 sermonis
622 1050 654 1108 ct
675 1043 753 1106 iuris
776 1050 807 1107 et
827 1043 995 1106 multarum
1024 1064 1129 1108 rerum
1160 1044 1311 1106 societate
1332 1043 1430 1106 iuncti
1452 1049 1542 1116 sunt,
1568 1039 1643 1104 iore

314 1159 348 1202 se
370 1145 456 1202 tutos
478 1135 685 1202 arbitrantur:
708 1137 775 1212 sed,
798 1158 998 1222 quocumque
1020 1139 1182 1210 venerint,
1204 1136 1286 1200 banc
1308 1136 1369 1201 sibi
1391 1157 1458 1200 rem
1479 1134 1643 1220 praesidio

313 1239 441 1316 sperant
461 1231 610 1296 futuram.
654 1226 726 1294 l68.
756 1231 845 1294 Tolle
867 1232 950 1296 banc
971 1252 1075 1316 spem,
1109 1231 1186 1295 tolle
1214 1230 1275 1294 boc
1304 1231 1495 1313 praesidium
1517 1229 1642 1292 civibus

312 1326 479 1390 llomanis:
502 1327 659 1390 constitue
681 1326 758 1392 nihil
780 1346 850 1390 esse
869 1325 939 1409 opis
954 1328 987 1388 in
1001 1326 1060 1390 bac
1075 1345 1164 1399 voce,
1187 1344 1266 1388 crrrs
1281 1326 1432 1388 Rourrrrs
1446 1343 1523 1388 svn:
1544 1343 1643 1406 posse

276 1419 442 1505 *limpune
463 1428 641 1502 praetorem
662 1426 717 1482 aut
738 1418 834 1482 alium
856 1420 1030 1503 quemlibet
1050 1419 1258 1502 supplicium,
1288 1417 1377 1502 quod
1397 1417 1489 1493 velit,
1510 1419 1544 1480 in
1565 1437 1643 1480 eum

313 1514 517 1589 constituere,
540 1515 596 1598 qui
618 1533 653 1577 se
675 1513 776 1576 civem
793 1514 970 1577 Romanum
992 1533 1062 1578 esse
1084 1513 1179 1587 dicat,
1203 1511 1288 1596 quod
1311 1532 1383 1576 eum
1405 1510 1476 1595 quis
1498 1512 1642 1592 ignoret:

1801 1393 1803 1455 l

246 1583 262 1634 4

243 1635 259 1672 ι
313 1609 376 1672 iam
398 1627 508 1692 omnes
529 1608 727 1690 provincias,
756 1607 820 1670 iam
848 1608 955 1700 omnia
982 1627 1095 1691 regna,
1125 1608 1187 1672 iana
1217 1627 1326 1672 omnes
1349 1607 1464 1670 liberas
1486 1605 1643 1678 civitates,

312 1703 374 1766 iam
403 1723 528 1768 omnem
557 1703 667 1765 orbem
695 1710 866 1776 terrarum,
900 1701 955 1785 qui
984 1722 1109 1784 semper
1141 1701 1259 1765 nostris
1292 1701 1474 1764 bominibus
1503 1700 1642 1762 maxime

252 1837 256 1848 .
312 1799 425 1880 patuit,
440 1797 560 1862 civibus
574 1797 722 1860 Romanis
737 1796 798 1859 ista
812 1794 997 1858 defensione
1012 1795 1231 1877 praecluseris.
1263 1795 1369 1870 Ouidi
1392 1795 1419 1858 si
1434 1794 1469 1856 L.
1483 1792 1643 1866 Precium,

180 1869 208 2008 d
275 1899 304 1947 44
313 1892 454 1975 equitem
470 1892 671 1978 Memmium,
706 1888 762 1972 qui
791 1896 858 1952 tuna
891 1890 924 1952 in
956 1890 1062 1954 Sicilia
1095 1898 1176 1964 erat,
1209 1889 1407 1963 nominabat,
1440 1888 1576 1952 etiamne
1604 1885 1642 1949 id

311 2005 462 2069 magnum
476 1983 544 2059 fuit,
565 1985 754 2047 Panormum
769 1983 890 2046 litteras
905 1985 1048 2047 mitteret
1076 1988 1279 2048 Asservasses
1293 1983 1464 2057 bominem,
1487 1981 1641 2046 custodiis

311 2081 571 2146 Mamertinorum
586 2087 711 2142 tuorum
730 2079 869 2143 vinctum
891 2077 1031 2141 clausum
1051 2078 1226 2152 habuisses,
1249 2077 1324 2140 dnm
1340 2079 1495 2141 Panormo
1511 2077 1640 2141 Precius

311 2175 443 2240 veniret.
481 2172 692 2255 Cognosceret
712 2172 890 2246 bominem,
913 2171 1034 2255 aliquid
1057 2171 1096 2236 de
1118 2192 1241 2236 summo
1265 2170 1422 2254 supplicio
1444 2173 1640 2236 remitteres·

311 2269 339 2333 si
359 2269 528 2351 ignoraret,
550 2273 634 2342 tum,
656 2268 684 2330 si
704 2268 748 2330 ita
770 2266 826 2329 tibi
848 2266 1025 2341 videretur,
1046 2242 1143 2329 hoc
1131 2266 1209 2329 ruris
1231 2265 1264 2329 in
1287 2284 1396 2328 omnes
1420 2268 1638 2339 constitueres,

274 2369 356 2438 aaut,
379 2364 434 2447 qui
455 2381 560 2445 neque
582 2361 639 2424 tibi
660 2367 753 2424 nctus
772 2367 858 2423 esset
870 2380 976 2444 neque
990 2361 1185 2444 cognitorem
1199 2359 1391 2444 locupletem
1407 2360 1506 2435 daret,
1528 2379 1640 2444 quam·

310 2456 358 2520 vis
381 2456 460 2521 civis
482 2457 643 2520 Romanus
666 2456 790 2530 esset,
780 2476 814 2518 ιιι
837 2475 962 2518 crucem
985 2455 1159 2519 tolleretur.

394 2550 505 2614 LXVI.
535 2544 607 2612 loe.
637 2549 699 2611 Sed
726 2549 803 2632 quid
834 2568 893 2631 ego
920 2549 1012 2633 plura
1040 2549 1078 2612 de
1108 2549 1227 2614 Gariot
1261 2549 1352 2632 quasi
1382 2555 1416 2611 tu
1439 2547 1537 2612 Gavio
1569 2553 1639 2610 turn

309 2646 408 2710 tueris
436 2641 569 2708 infestus
598 2663 635 2708 ac
665 2664 729 2707 non
757 2643 895 2718 nomini,
929 2643 1054 2726 generi,
1088 2643 1150 2706 iuri
1185 2643 1301 2706 civium
1327 2642 1445 2706 bostis:
1483 2662 1547 2705 non
1578 2641 1637 2715 illi,

310 2740 458 2823 inquam,
485 2738 624 2812 bomini,
652 2736 708 2801 sed
737 2756 852 2800 causae
881 2737 1039 2800 communi
1066 2738 1218 2802 libertatis
1240 2737 1384 2801 inimicus
1406 2735 1507 2802 fuisti.
1550 2734 1636 2810 Quid

273 2834 396 2898 atenim
415 2833 559 2908 attinuit,
582 2852 654 2895 cum
675 2832 853 2896 Mamertini
874 2851 962 2894 more
984 2840 1079 2916 atque
1100 2833 1243 2896 instituto
1266 2851 1324 2896 suo
1346 2851 1472 2895 crucem
1493 2830 1637 2894 fixissent

310 2933 384 3010 post
405 2925 515 2990 urbem
536 2925 571 2989 in
592 2925 644 2988 via
657 2925 816 3007 Pompeia,
837 2933 869 2988 te
891 2925 999 2989 iubere
1021 2925 1054 2988 in
1077 2945 1114 2991 ea
1136 2933 1225 3010 parte
1239 2923 1345 3008 figere,
1369 2944 1451 3009 quae
1465 2924 1506 2988 ad
1520 2924 1637 2986 fretum

311 3028 477 3105 spectaret,
499 3025 531 3084 et
550 3019 611 3082 boc
633 3017 761 3094 addere,
786 3020 870 3102 quod
892 3040 1008 3103 negare
1030 3021 1119 3084 nullo
1141 3020 1236 3083 modo
1258 3028 1359 3104 potes,
1382 3017 1467 3103 quod
1490 3017 1636 3082 omnibus

311 3114 514 3182 audientibus
546 3114 653 3176 dixisti
685 3113 806 3197 palam,
840 3121 871 3176 te
902 3113 1020 3178 idcirco
1057 3115 1146 3178 illum
1178 3115 1283 3178 locum
1316 3112 1471 3197 deligere,
1504 3120 1540 3176 nt
1572 3111 1636 3186 ille,

311 3209 460 3294 quoniam
483 3228 518 3272 se
540 3207 640 3271 civem
662 3207 836 3272 Romanum
867 3228 936 3272 esse
958 3208 1095 3285 diceret,
1125 3229 1166 3273 ex
1188 3229 1280 3272 cruce
1302 3207 1427 3271 ltaliam
1449 3226 1578 3271 cernere
1600 3226 1637 3269 ac

273 3302 441 3368 sodomum
463 3321 554 3366 suam
574 3301 755 3386 prospicere
781 3307 910 3385 posset?
953 3305 1064 3388 ltaque
1093 3304 1148 3368 illa
1176 3323 1254 3366 crux
1283 3302 1368 3376 sola,
1396 3300 1535 3375 iudices,
1565 3305 1638 3384 post

312 3397 471 3463 conditam
497 3398 676 3461 Messanam
704 3396 759 3459 illo
789 3397 823 3459 in
850 3397 920 3460 loco
948 3395 1011 3461 fixa
1040 3404 1104 3462 est:
1138 3397 1245 3462 ltaliae
1275 3402 1462 3481 conspectus
1494 3394 1535 3457 ad
1568 3412 1637 3456 eam

310 3512 378 3556 rem
400 3491 440 3556 ab
462 3493 524 3556 isto
545 3489 686 3554 delectus
709 3498 772 3565 est,
803 3498 839 3553 ut
859 3491 914 3554 ille
936 3492 970 3554 in
999 3492 1108 3555 dolore
1136 3493 1342 3574 cruciatuque
1364 3489 1503 3554 moriens
1525 3507 1637 3571 peran-

311 3592 404 3669 gusto
425 3584 507 3648 iretn
530 3584 633 3648 divisa
653 3586 813 3648 servitutis
841 3605 877 3648 ac
899 3585 1051 3650 libertatis
1073 3588 1143 3650 iura
1164 3592 1385 3668 cognosceret,
1415 3583 1506 3648 ltalia
1533 3590 1636 3646 autem

311 3679 474 3744 alumnum
496 3699 591 3745 suum
612 3680 771 3744 servitutis
794 3685 936 3743 extremo
963 3700 1147 3764 summoque
1176 3681 1329 3766 supplicio
1352 3678 1483 3742 affixum
1504 3676 1635 3740 rideret.

275 3767 384 3836 ulio.
406 3773 541 3842 Facinus
562 3782 611 3838 est
628 3774 750 3839 -vincire
772 3774 874 3837 civem
887 3775 1073 3849 Romanum,
1095 3774 1198 3838 scelus
1218 3775 1396 3849 verberare,
1417 3789 1516 3858 prope
1538 3771 1635 3856 parri-

380 4056 404 4106 l.
423 4057 563 4116 adeuntque
579 4054 641 4106 edd.
659 4057 722 4107 vett.
742 4053 815 4107 Gellii
831 4057 850 4106 l.
869 4056 894 4106 4.
914 4058 941 4107 et
957 4056 1010 4107 duc
1028 4057 1106 4110 codd.
1125 4055 1261 4110 barberini
1278 4070 1320 4122 ap.
1339 4059 1425 4109 Garat.
1443 4059 1518 4110 11.-—
1536 4057 1562 4109 4.
1580 4059 1637 4109 aaa

313 4131 391 4194 4349.
406 4159 433 4167 -
446 4130 569 4195 oidemot]
587 4131 703 4181 odiorum
722 4131 784 4194 (cm.
801 4130 854 4196 ubi)
873 4128 935 4181 Gell.
951 4158 978 4166 —
992 4132 1016 4183 3.
1034 4146 1129 4196 suuper
1146 4147 1198 4184 om.
1218 4132 1296 4197 4349,
1311 4160 1338 4170 -
1351 4133 1442 4198 tomes]
1459 4139 1558 4184 tautum
1574 4131 1635 4184 edd.

312 4207 377 4256 vett.
396 4203 477 4256 Gellii.
492 4233 519 4242 —
534 4207 558 4257 ⁸1.
576 4220 601 4257 se
617 4218 670 4257 om.
690 4207 768 4270 4349.
784 4233 811 4244 ·-
825 4207 849 4258 8.
868 4211 979 4270 spectaui
989 4209 1067 4272 4349.
1084 4237 1111 4245 -
1125 4221 1175 4260 esse
1190 4208 1304 4272 Murum
1316 4208 1383 4272 4349
1396 4208 1449 4260 etl
1460 4208 1515 4273 alli,
1534 4208 1635 4273 ligiis,

311 4283 427 4346 tutorum
443 4283 510 4345 4347
522 4281 554 4333 44
566 4281 597 4334 49
616 4284 642 4333 et
659 4281 755 4334 Gellius
773 4283 808 4347 tin
824 4281 903 4347 4348,
922 4285 986 4334 item
1001 4285 1029 4335 in
1046 4283 1116 4348 4344
1132 4283 1204 4336 locus
1221 4281 1295 4334 Gellii
1313 4285 1433 4350 citatur),
1455 4299 1505 4336 erse
1524 4286 1637 4349 maman

313 4356 391 4422 4344.
418 4356 450 4408 cl.
469 4359 571 4421 Zumpt.
591 4359 618 4408 et
634 4357 677 4408 Or.
696 4359 721 4408 4.
741 4383 770 4394 -
789 4358 829 4408 46.
849 4359 927 4409 aliurn
949 4361 1091 4422 mmupiom
1113 4359 1191 4424 4349.
1211 4386 1238 4395 -
1259 4359 1300 4411 44.
1322 4373 1378 4410 eum
1400 4361 1455 4423 quie
1474 4361 1557 4425 4349ε
1583 4359 1637 4420 orris

314 4433 378 4484 dett.
392 4433 421 4482 0.
437 4458 464 4467 —
479 4430 519 4482 44.
537 4431 594 4496 bio]
612 4432 659 4482 buc
675 4432 753 4496 4349.
768 4461 796 4470 -
806 4433 916 4484 Pretium
932 4434 1014 4497 43994
1033 4437 1134 4486 Remum
1150 4433 1193 4485 vel
1209 4435 1305 4485 licitum
1321 4433 1377 4486 rell.
1396 4437 1473 4499 Lagg.
1489 4461 1516 4470 —
1530 4435 1571 4485 ill.
1583 4437 1638 4484 erut

313 4509 397 4572 ngat:
415 4507 563 4560 morabatur·
578 4504 692 4558 vindob.
712 4520 751 4557 nr.
766 4507 837 4567 4394
854 4507 1030 4572 negotiabatur
1046 4510 1145 4560 Victor.
1159 4510 1192 4571 03
1212 4523 1265 4560 cm.
1285 4509 1349 4560 dett.
1363 4537 1390 4548 ·-
1409 4509 1554 4560 consuatur
1568 4509 1635 4572 4349

312 4583 427 4634 vindob.
446 4597 487 4634 nr.
500 4582 557 4634 439.
576 4585 605 4633 s:
623 4581 802 4633 nuncubatur
818 4583 882 4634 dett.
898 4610 925 4620 -
940 4584 979 4633 46.
997 4597 1147 4636 caecemus
1158 4611 1196 4622 ··
1206 4584 1330 4636 bwutsses
1346 4585 1435 4649 codd,
1453 4585 1503 4637 sed
1514 4583 1581 4649 4349
1598 4597 1637 4635 or-

313 4671 423 4709 serucare
440 4657 474 4721 lv.
491 4657 577 4710 Madv.
596 4672 622 4722 p.
637 4657 718 4720 itai:
738 4657 1046 4710 maome-uacuos
1063 4660 1092 4710 0.
1108 4687 1135 4696 —
1149 4661 1189 4710 l7.
1208 4660 1368 4723 anuumque
1385 4662 1412 4712 L.
1428 4688 1455 4698 —
1467 4662 1567 4712 Procius
1583 4673 1634 4712 orn.

314 4733 392 4797 4349.
406 4759 432 4768 -
447 4733 487 4784 49.
506 4733 528 4782 u·
544 4729 642 4783 delevit
651 4731 790 4794 Manutius,
809 4731 914 4784 inclusit
925 4734 954 4785 0.
974 4734 1007 4785 cl.
1019 4736 1105 4788 Beier.
1119 4735 1153 4785 ad
1164 4735 1213 4786 Oli.
1228 4737 1255 4786 T.
1268 4737 1299 4786 ll.
1312 4749 1339 4802 p.
1352 4734 1409 4788 344.
1424 4761 1452 4774 -·
1465 4737 1507 4788 49.
1519 4742 1592 4790 norm
1606 4736 1637 4786 rit

313 4809 442 4874 4349.-
413 4809 500 4860 -46,
523 4821 593 4860 more
614 4809 711 4873 Naug:
733 4809 832 4859 comtos
853 4809 979 4861 codd.
972 4819 975 4826 ’
999 4811 1039 4862 49.
1058 4813 1177 4874 quautam
1199 4812 1268 4877 4349
1285 4810 1317 4862 48
1334 4813 1412 4877 Ηψ;
1436 4811 1479 4875 out
1495 4814 1540 4862 ctt.
1559 4813 1632 4863 0.-

315 4885 356 4936 34.
373 4885 401 4934 r’o
417 4883 511 4948 loco]
502 4897 530 4932 ru
550 4895 603 4934 om.
626 4881 753 4946 Lgti.-
726 4883 812 4934 -.33
835 4883 902 4948 fietu
922 4882 991 4948 4344
1012 4883 1077 4937 Geli.
1095 4887 1160 4937 xiii.
1179 4885 1220 4937 49.
1246 4885 1314 4950 (coll.
1333 4886 1433 4939 Charis.
1452 4901 1479 4953 p.
1498 4885 1539 4939 44.
1561 4885 1634 4937 Lind.

313 4959 396 5011 Prisc.
414 4959 434 5010 1.
454 4971 481 5024 p.
499 4957 580 5022 4744.
605 4958 669 5022 freto
686 4958 778 5009 etl.-
797 4957 838 5009 34.
856 4959 966 5024 &ficum
987 4960 1070 5024 Lg293
1096 4975 1127 5012 ac
1141 4963 1223 5026 tuum
1238 4960 1351 5013 Vindob.
1369 4975 1411 5012 nr.
1428 4960 1485 5024 ot.;
1512 4975 1542 5013 eo
1556 4964 1636 5027 μνη»

313 5023 388 5094 ιι6444
412 5033 495 5098 tneo
510 5034 577 5085 Non.
596 5045 622 5098 p.
640 5031 711 5093 444.;
737 5036 854 5098 offectura
870 5034 1030 5100 llervagn-
1002 5035 1089 5087 -.36
1111 5037 1254 5089 moure·-
1239 5038 1442 5092 -o·erberarr·
1427 5050 1542 5092 -oecore
1556 5035 1633 5101 4349.

318 5105 610 5173 omnfflwfflvffltt
626 5107 745 5160 mdvi-
754 5107 933 5162 --oerbermt
939 5111 1160 5166 -uuusctrmo
