3610 5860
587 446 660 518 cn.
682 447 898 517 nur-xxa
926 445 983 532 ss.
1004 443 1149 513 so-ea
1460 440 1523 512 aas

208 639 313 704 nequa
341 624 467 703 praeter
493 617 752 682 intercessionem
779 616 953 702 quidquam
981 616 1122 693 audiam,
1150 618 1191 685 da
1212 637 1291 702 qua,
1319 625 1354 684 ut
1379 617 1523 694 arbitror,

206 715 259 778 isti
281 713 361 796 ipsi,
389 713 444 798 qui
465 713 639 786 ninantur,
667 713 761 776 etiam
782 703 876 796 atqua
899 713 1008 786 ctiam,
1037 712 1114 794 quid
1137 713 1245 787 liceat,
1267 711 1523 779 considerabunt

207 810 278 872 Mea
299 807 429 891 quidam
450 807 622 880 sententia,
645 805 800 881 Quirites,
822 827 905 869 unus
926 809 962 870 A.
983 805 1133 870 Gabinius
1154 806 1229 872 belli
1245 806 1392 870 maritimi
1406 824 1524 870 rernm·

208 921 271 984 que
293 906 453 984 gestarum
476 901 531 963 Cn.
552 900 702 984 Pompeio
724 901 831 965 socius
852 900 1054 974 adscribitur,
1076 907 1244 982 propterea
1261 898 1347 983 quod
1368 899 1448 964 aller
1468 897 1525 962 uni

206 995 286 1059 illud
307 994 425 1056 beilum
447 993 683 1076 suscipiendum
704 996 816 1059 vestris
837 995 993 1077 srsdragiis
1017 994 1142 1069 detulit,
1164 994 1243 1058 alter
1263 994 1402 1064 delatum
1419 1001 1547 1058 simos-⁵

206 1097 360 1174 piumque
381 1087 525 1152 coniecit.
1401 1161 1407 1172 ·

291 1183 363 1246 XX.
385 1179 435 1244 59.
458 1181 625 1264 Reliquum
647 1189 710 1258 est,
741 1191 777 1246 ut
797 1182 836 1246 de
859 1182 898 1258 Q.
921 1182 1021 1246 Catuli
1044 1183 1227 1246 auctoritato
1249 1188 1281 1246 et
1302 1181 1458 1246 sententia
1478 1178 1526 1244 di·

208 1276 344 1343 cendum
366 1296 436 1340 esse
457 1274 609 1340 videatur.
642 1276 705 1352 Qui
727 1298 798 1340 cum
820 1298 861 1342 ex
881 1277 973 1342 robis
992 1285 1173 1360 quaereret,
1196 1277 1271 1340 siin
1285 1295 1348 1340 uno
1365 1274 1420 1338 Cn.
1435 1275 1526 1346 Pom·

207 1373 282 1455 poio
304 1368 411 1434 omnia
431 1369 606 1452 poneretis,
629 1371 655 1434 si
677 1371 753 1454 quid
777 1391 814 1434 eo
835 1371 953 1434 lactum
971 1377 1070 1445 esset,
1092 1371 1126 1433 in
1148 1390 1213 1454 quo
1234 1391 1323 1454 sporn
1337 1369 1450 1434 essetis
1470 1367 1526 1430 ba·

209 1465 321 1539 bituri,
343 1464 427 1546 cepit
448 1481 595 1544 magnum
616 1482 691 1528 suae
713 1465 837 1528 vinutis
851 1465 986 1528 fructum
1001 1483 1037 1530 ac
1052 1463 1231 1546 dignitatis,
1253 1483 1324 1538 cum
1339 1481 1449 1529 onnes
1462 1472 1563 1526 unatt

209 1577 309 1641 prope
330 1576 424 1632 voce,
450 1556 484 1619 in
506 1557 577 1639 ipso
599 1576 656 1622 vos
686 1579 772 1642 spem
793 1559 956 1622 babituros
978 1578 1047 1622 esso
1069 1558 1205 1624 dixistis.
1236 1557 1363 1622 Etenim
1384 1556 1457 1622 talis
1478 1561 1528 1620 est

208 1654 271 1726 vir,
299 1658 335 1715 ut
363 1650 451 1714 nulla
478 1669 529 1712 res
558 1657 645 1714 tanta
666 1652 707 1714 sit
727 1672 764 1718 ac
791 1661 854 1718 um
876 1650 1030 1729 difficilis,
1059 1671 1154 1734 quam
1175 1652 1230 1717 illo
1251 1672 1316 1716 non
1339 1657 1370 1714 st
1391 1649 1525 1717 consilio

207 1765 318 1828 regare
349 1753 381 1808 at
407 1744 587 1826 integritate
616 1746 695 1808 tueri
728 1753 760 1811 et
780 1747 895 1812 virtute
917 1743 1070 1810 conficere
1092 1745 1202 1828 possit.
1236 1745 1300 1809 Sed
1319 1745 1354 1808 in
1374 1744 1436 1807 boo
1457 1745 1525 1827 ipso

208 1838 249 1902 ab
278 1857 317 1902 eo
347 1838 621 1904 vehementissima
651 1840 817 1916 dissentio,
847 1841 948 1925 quod,
976 1860 1040 1922 quo
1063 1841 1166 1904 minus
1188 1846 1273 1904 carta
1294 1847 1343 1905 est
1363 1840 1526 1906 bominum

208 1952 245 1996 ac
265 1934 370 1996 suiuus
389 1932 537 1996 ‹liutiuua
558 1933 639 2006 vita,
660 1933 722 1996 boc
743 1936 843 2016 magis
864 1953 916 1998 res
937 1933 1076 2016 publica,
1099 1934 1175 1997 dum
1196 1952 1254 2015 per
1274 1932 1352 1998 deos
1366 1934 1563 2002 inmota-rs

207 2028 254 2090 les
282 2026 373 2100 lieet,
401 2024 464 2086 frui
491 2024 586 2089 debat
613 2028 726 2090 summi
752 2027 810 2091 viri
832 2028 897 2090 vita
918 2035 1012 2109 atqua
1035 2027 1157 2090 virtute.
1179 2057 1221 2072 -
1243 2023 1294 2088 60.
1316 2026 1358 2091 tt
1379 2027 1464 2092 enisa
1484 2047 1526 2090 ns

208 2117 284 2203 quid
313 2118 387 2184 novi
415 2113 470 2180 liat
498 2123 607 2181 contra
629 2119 775 2202 exempla
803 2126 899 2202 atque
920 2119 1063 2185 instituta
1084 2120 1246 2184 maiorum.
1268 2152 1309 2168 -
1331 2121 1401 2184 Non
1424 2120 1527 2184 dimin

207 2212 269 2278 hoc
290 2212 379 2285 loco,
401 2211 534 2276 maiores
556 2220 680 2276 nostros
696 2233 821 2297 semper
841 2214 876 2276 in
896 2234 974 2298 paee
989 2213 1228 2291 consuetudini,
1248 2218 1284 2280 in
1296 2215 1383 2281 bello
1397 2214 1527 2283 utilitati

207 2305 369 2389 punisse,
391 2324 516 2388 semper
536 2305 576 2370 ad
597 2325 699 2370 novos
720 2327 811 2371 casus
833 2315 1010 2390 temporum
1031 2327 1184 2375 novorum
1205 2309 1412 2382 consiliorum
1431 2309 1527 2374 ratio·

207 2419 265 2462 nes
287 2400 557 2476 accommodassc;
585 2420 651 2464 non
671 2401 787 2476 dicam,
814 2401 877 2464 duo
898 2399 983 2466 bella
1003 2400 1157 2477 maxima,
1180 2403 1333 2496 Punieum
1353 2411 1451 2488 atque
1470 2403 1563 2470 iii-n

208 2492 394 2576 spaniense,
416 2494 455 2556 ab
477 2514 542 2558 uno
563 2493 753 2577 imperatore
776 2515 845 2559 esse
860 2494 1003 2559 confecta
1018 2496 1160 2578 duasque
1174 2496 1268 2560 urbas
1283 2499 1526 2578 potentissimas,

208 2606 290 2672 quae
310 2587 384 2650 huic
405 2587 538 2671 imperio
560 2588 696 2652 maxime
710 2589 949 2664 minitabantur,
971 2589 1195 2672 Karthaginem
1209 2599 1303 2675 alque
1317 2591 1526 2664 Numanu'am,

207 2682 247 2744 ab
280 2681 392 2744 eodem
422 2682 571 2765 Scipione
600 2703 670 2746 esse
692 2683 827 2759 deletas;
859 2703 925 2768 non
946 2675 1215 2761 commemorabo,
1247 2704 1350 2768 nuper
1370 2684 1415 2756 ita
1434 2683 1525 2748 vobis

207 2775 412 2860 patribusque
434 2778 547 2841 restris
570 2796 640 2840 esse
661 2778 780 2853 visum,
807 2784 842 2842 ut
868 2779 902 2841 in
924 2797 990 2842 uno
1013 2777 1046 2840 G.
1067 2776 1166 2840 llario
1189 2798 1260 2861 spes
1280 2778 1406 2861 inperii
1427 2796 1527 2860 pona·

206 2878 308 2945 retur,
335 2877 371 2934 ut
393 2870 478 2936 idem
500 2891 571 2936 cum
595 2871 758 2954 Iugurtha,
787 2871 869 2936 idem
900 2891 971 2934 oum
995 2868 1143 2946 Cimbris,
1172 2870 1258 2937 idem
1279 2892 1351 2939 cum
1373 2871 1563 2940 Teanum

207 2965 325 3028 bellum
347 2965 595 3030 administraret:
624 2966 749 3048 inipso
772 2967 827 3030 Cn.
850 2965 1017 3048 Pompeio,
1038 2963 1072 3026 in
1093 2983 1158 3047 quo
1178 2965 1254 3033 novi
1275 2964 1426 3030 constitui
1447 2964 1526 3031 nibil

206 3061 274 3124 vult
296 3060 334 3135 Q.
358 3060 499 3136 Catulus,
522 3081 617 3145 mam
638 3061 735 3124 multa
756 3059 821 3124 sint
841 3079 924 3124 nova
944 3076 1066 3122 summa
1088 3057 1126 3132 Q.
1143 3057 1245 3127 Catuli
1267 3060 1430 3127 vuunnte
1451 3079 1527 3126 con·

208 3154 331 3228 stitula,
354 3153 573 3219 recordamini.

290 3245 377 3308 XXI.
399 3241 449 3316 el.
472 3247 556 3322 Quid
578 3255 642 3311 um
663 3266 797 3320 novum,
819 3265 914 3329 quam
935 3245 1205 3313 adolescentulum
1226 3247 1382 3330 privatum
1405 3247 1526 3314 enerci-

208 3349 275 3404 tum
302 3337 422 3404 difficili
449 3342 496 3404 rei
522 3341 667 3424 publicae
697 3347 838 3424 tempore
860 3337 1035 3404 conficeret
1069 3339 1224 3404 coniecit:
1256 3341 1332 3406 huie
1353 3345 1564 3424 praeasseltt

208 3433 359 3519 praefuitt
379 3454 447 3498 ram
469 3435 587 3517 optime
608 3435 704 3498 ductu
718 3453 777 3498 suo
791 3435 921 3518 gereret
944 3434 1049 3517 gessit.
1074 3433 1157 3510 Quid
1174 3441 1379 3517 temptarer
1393 3455 1527 3502 consue·

274 3790 298 3840 i.
316 3789 424 3840 amam
441 3785 464 3841 lt
481 3789 596 3853 (praeter
612 3789 644 3850 T,
667 3788 690 3840 si
711 3787 777 3841 fides
798 3791 839 3841 est
855 3788 962 3840 Dronkii
979 3786 1089 3849 silentio]
1106 3788 1136 3838 Δ.
1166 3787 1323 3840 Emendavit
1339 3789 1484 3854 Naugerius
1500 3792 1528 3843 in

207 3865 309 3920 Aldina.
330 3891 356 3903 -
381 3866 405 3916 T.
422 3865 559 3930 minantia]
581 3861 733 3915 Gulielmius
755 3877 787 3915 ax
809 3865 863 3916 suis
880 3861 1042 3915 membranis
1059 3861 1143 3912 attulit
1162 3859 1304 3913 lectionem
1320 3863 1477 3916 minitantis.
1497 3894 1524 3903 -

208 3943 268 4006 quid
283 3941 402 3993 ETTO:
426 3940 470 4002 qui
485 3939 513 3989 id
529 3935 668 3990 Tanti.
689 3965 714 3976 -
741 3939 765 3990 3.
782 3940 856 3990 sabis
871 3941 899 3989 T.
919 3965 946 3974 -
965 3938 989 3990 l.
1009 3939 1053 3989 Cn.
1072 3937 1129 4001 (Gn.
1148 3937 1206 4000 CT)
1223 3937 1337 4000 conpeta
1354 3940 1434 3989 sectio
1450 3941 1527 3992 GET

207 4019 273 4070 VO:
293 4017 340 4069 (ln.
358 4029 380 4067 s.
399 4015 442 4067 es.
460 4016 573 4078 Pornpeio
592 4015 652 4078 (om.
670 4015 757 4079 socias)
775 4027 837 4065 cum
854 4013 989 4066 codicibus
1006 4013 1139 4078 plerisque
1157 4015 1191 4072 Ας
1213 4017 1288 4062 autor
1305 4013 1348 4064 Cn.
1365 4015 1478 4078 Pompeio
1495 4017 1525 4077 T,

208 4097 296 4143 carcer
315 4103 395 4142 rentes
416 4090 460 4140 Cn.
478 4091 590 4153 Posupeio
613 4101 674 4140 cum
697 4091 725 4139 P.
744 4090 858 4139 blanulio
876 4085 906 4146 ti;
933 4101 1012 4138 omnes
1033 4087 1076 4138 On.
1094 4086 1208 4150 Pornpcto
1224 4087 1253 4138 L.
1273 4113 1301 4122 -
1320 4089 1453 4140 assumar
1468 4089 1526 4152 VT,

208 4167 388 4218 camberria
404 4165 463 4230 (Fr.)
480 4167 507 4216 T.
529 4193 556 4204 —
578 4166 642 4216 auor
656 4166 709 4230 ani]
727 4165 834 4216 alteram
850 4164 870 4214 Ε
888 4165 932 4227 (m.
949 4163 1001 4227 pr.)
1018 4166 1047 4214 Α.
1067 4187 1094 4198 -
1122 4163 1146 4212 c.
1165 4161 1226 4212 illud
1242 4161 1476 4216 CETVFBAL:
1501 4165 1528 4215 ta

209 4258 270 4297 cum
288 4243 330 4295 ed.
349 4239 521 4294 Cratandrina
538 4239 593 4294 tio.
613 4268 640 4277 —
659 4242 749 4292 nostris
764 4241 793 4290 B.
814 4267 841 4278 -
860 4241 884 4290 9.
903 4253 931 4289 eo
948 4237 1130 4300 WChETV,
1150 4249 1203 4299 mg.
1221 4235 1250 4300 t,
1270 4238 1303 4288 0:
1322 4239 1352 4290 ds
1368 4252 1396 4289 so
1412 4235 1525 4292 ΒΑΗ.

209 4321 244 4382 (ao
260 4323 321 4384 post
336 4333 362 4370 v.
379 4322 439 4370 asset
454 4315 536 4368 habet
552 4318 589 4381 T.)
606 4342 634 4352 —
653 4318 693 4366 lii.
712 4316 791 4380 coepit
807 4315 863 4366 TA.
879 4340 906 4350 -
924 4326 977 4364 aaa
988 4325 1068 4376 prope
1084 4311 1190 4363 ETVB
1202 4313 1234 4362 L:
1250 4325 1328 4378 prope
1344 4327 1398 4366 una
1414 4312 1525 4366 Fato.

211 4422 238 4432 —
252 4396 292 4445 ll.
305 4395 331 4445 ic
346 4394 398 4456 ipso
415 4394 474 4443 FL:
492 4393 519 4444 in
535 4405 563 4443 co
579 4394 632 4455 ipso
648 4394 697 4443 liri
709 4389 740 4451 a
758 4393 785 4442 in
803 4389 847 4456 [so]
865 4391 917 4453 ipso
929 4389 958 4440 0.
978 4391 1149 4453 (spronomen
1166 4402 1194 4440 so
1211 4403 1265 4440 non
1277 4391 1356 4443 ssiin
1367 4389 1527 4454 quibusdam

207 4468 280 4520 libris
297 4468 508 4533 manuscriptis.»
526 4469 613 4532 Lara)
632 4492 659 4502 —
679 4467 718 4517 li.
737 4467 852 4517 dissensio
869 4479 917 4528 quo
934 4466 1000 4527 quod
1010 4467 1038 4516 T.
1054 4492 1080 4502 -
1100 4465 1140 4515 ⁴6.
1157 4465 1402 4518 vtriWCbETll:
1421 4467 1528 4520 bominis

207 4539 348 4594 RALTO.
368 4569 395 4579 -
424 4548 451 4594 al
466 4545 531 4594 anim
547 4557 578 4595 as
594 4543 655 4606 quid
669 4544 727 4594 noni
742 4543 893 4594 WCETV
911 4541 968 4607 (sod
985 4541 1005 4590 T
1022 4553 1075 4590 om.
1093 4541 1146 4602 nei:
1173 4544 1200 4590 rt
1216 4541 1376 4604 miminerit
1391 4542 1450 4592 noui
1465 4541 1527 4592 nitri

207 4619 298 4678 ΒΑΜ
316 4623 344 4668 at
359 4619 425 4670 anim
441 4619 499 4670 aovi
514 4620 575 4670 nibil
590 4619 623 4680 F;
642 4625 669 4668 at
685 4621 750 4670 enim
765 4617 826 4668 cibit
841 4617 899 4668 noui
916 4629 977 4667 eum
995 4616 1038 4666 ed.
1051 4613 1143 4666 Aldina
1159 4611 1213 4667 ia.
1229 4643 1256 4654 —
1275 4616 1315 4666 l'l.
1334 4618 1417 4668 ream
1433 4616 1523 4668 ETV:

208 4694 263 4744 ‹ltco
279 4691 418 4744 uitta.
438 4720 465 4730 -
484 4695 524 4745 l8.
541 4709 576 4744 m.
594 4700 687 4746 vostros
697 4695 727 4746 V.
743 4721 769 4731 -
788 4695 829 4744 20.
848 4691 1068 4744 recommonens
1085 4691 1113 4742 n.
1128 4715 1157 4726 -
1175 4691 1257 4740 dcam
1274 4703 1327 4742 om.
1340 4692 1374 4750 T;
1393 4691 1447 4742 dico
1464 4703 1526 4744 cum

208 4770 237 4820 l‘.
254 4769 368 4824 manullo
385 4769 413 4818 b.
433 4793 460 4803 -·
478 4774 553 4832 atquc
569 4769 630 4822 EV:
649 4774 676 4820 at
692 4770 726 4828 T;
744 4774 767 4820 sl
783 4763 922 4820 lilth.
938 4793 964 4802 -
984 4767 1024 4816 Tl.
1037 4766 1147 4828 dumque
1163 4764 1255 4814 ETV:
1274 4766 1338 4816 duas
1353 4763 1522 4818 runata.

210 4869 236 4883 -
256 4843 296 4894 Ti.
314 4841 495 4894 minitabantur
511 4843 530 4894 E
539 4844 618 4895 ΤΗ
628 4843 647 4896 0
656 4859 661 4894 :
679 4843 841 4895 minabantur
857 4843 903 4894 FB
912 4843 931 4892 L
940 4839 955 4892 l!
967 4855 973 4902 ;
993 4839 1067 4891 «sort.
1081 4839 1252 4890 imminebant·
1270 4852 1323 4904 mg.
1336 4837 1361 4892 i.
1376 4867 1403 4877 -
1422 4841 1525 4892 carlito·

207 4920 290 4985 pinam
300 4918 329 4968 T.
344 4944 371 4954 -
389 4919 431 4972 23.
445 4932 491 4982 cue
508 4932 561 4970 om.
575 4921 602 4972 T.
615 4949 642 4958 -
660 4919 701 4971 si.
715 4919 751 4986 0.]
762 4935 788 4983 p.
801 4918 830 4969 T.
845 4943 872 4956 ·-
892 4917 931 4968 25.
945 4919 1010 4968 Mein
1025 4929 1081 4966 cum
1092 4915 1212 4980 lapicida
1223 4928 1276 4966 om.
1289 4917 1317 4968 F.
1331 4942 1359 4952 -
1377 4915 1483 4977 aarum
1494 4917 1522 4968 T.

209 5023 237 5033 -
257 4993 369 5046 Teutonis
384 4995 417 5046 E:
436 4996 544 5046 cariosus
560 4993 594 5054 V3
613 4995 730 5046 mantonis
746 4997 777 5056 Fi
798 4994 925 5046 Tlaatonis
940 4989 1054 5046 Alto.
1070 5019 1097 5029 —
1115 4993 1156 5042 27.
1174 5005 1271 5046 stemate
1282 4992 1310 5054 Q.
1324 4991 1405 5044 Catuli
1422 4992 1460 5056 lut
1470 4993 1523 5042 Gu-

207 5067 320 5124 lielmius
332 5069 490 5132 coniecerat)
504 5071 597 5121 EVO:
615 5082 759 5133 summoque
775 5067 856 5122 Catuli
872 5063 983 5120 aaut.
998 5094 1024 5104 -
1044 5067 1084 5116 29.
1099 5067 1163 5130 Quid
1177 5067 1243 5118 soba
1253 5071 1306 5118 tam
1316 5063 1346 5128 t;
1365 5067 1430 5131 oeta
1440 5066 1522 5132 [min]

207 5151 261 5200 tam
277 5148 306 5200 O.
326 5171 353 5182 -
372 5145 412 5198 34.
431 5145 521 5211 optines
536 5158 589 5200 om.
608 5145 634 5200 F.
