3638 5868
173 1087 198 1178 ..l

305 437 369 508 ³⁰6
682 433 913 502 Invicem
933 433 1055 500 ACTIO
1077 430 1257 500 SECUNDA

305 611 472 686 Hortensi,
499 607 614 672 dooere
643 605 772 692 aliquid·
790 607 829 670 ab
851 605 912 670 isto
934 604 1036 668 simile
1058 603 1093 669 in
1114 604 1332 668 aestimatione
1353 609 1448 687 atque
1468 591 1489 667 ι’
1510 603 1624 668 ceteris

306 727 377 774 esse
397 705 531 769 baum:
553 703 668 766 doceas
690 701 849 784 oportebit
869 700 975 783 aliquo
997 699 1030 761 in
1052 699 1124 762 leco
1146 698 1270 763 Siciliae
1291 705 1437 781 praetore
1450 699 1548 764 Verre
1562 706 1625 762 ter·

305 803 355 866 nis
377 797 514 864 denariis
534 796 629 861 tritici
650 795 791 858 modium
811 794 921 857 tuisse.
962 793 1135 857 LXXXIV.
1156 791 1252 867 Vide,
1274 811 1367 875 quam
1388 792 1447 856 thi
1466 789 1626 858 detensio-

304 915 377 960 nem
406 892 625 977 patefecerim,
653 907 747 972 quam
769 889 911 971 Iniqnam
932 887 967 950 in
988 887 1107 962 socies,
1137 905 1232 973 mam
1252 893 1406 950 remotam
1428 887 1467 952 ab
1487 889 1625 952 utilitate

281 991 351 1055 arei
372 987 534 1072 publicae,
558 1001 654 1070 quam
675 984 848 1078 seiunctam
873 1003 892 1047 a
914 983 1076 1046 voluntate
1098 1000 1135 1045 ac
1161 982 1317 1046 sententia
1344 981 1433 1065 legis.
1474 983 1532 1057 Tu,
1554 1001 1625 1046 cum

304 1084 362 1148 tibi
390 1101 450 1165 eqo
476 1079 669 1144 insumentum
696 1077 730 1140 in
757 1078 836 1168 meis
864 1077 947 1160 agris
975 1082 1071 1159 atque
1095 1077 1129 1139 in
1154 1097 1225 1172 inge
1249 1076 1394 1149 civitate,
1428 1075 1567 1162 denique
1592 1078 1626 1140 in

302 1180 343 1242 ils
365 1177 460 1250 locis,
481 1175 516 1238 iu
537 1172 653 1258 quibus
675 1191 725 1247 es,
747 1172 897 1247 versaris,
919 1170 1102 1253 temperis,
1124 1171 1319 1252 provinciam
1334 1169 1550 1247 administras,
1571 1190 1627 1256 pe·

301 1279 388 1336 ratsss
411 1270 470 1333 sim
492 1267 584 1341 dere,
613 1267 762 1350 angulum
791 1265 869 1330 mibi
891 1265 1031 1348 aliquem
1052 1265 1150 1347 eliges
1172 1263 1351 1348 provinciae
1371 1264 1568 1330 reconditum
1589 1285 1626 1329 ac

303 1363 509 1430 derelictum?
531 1361 642 1426 iubees
663 1361 708 1424 ibi
730 1381 781 1424 me
802 1361 922 1434 metiri,
945 1379 1009 1442 que
1031 1367 1157 1442 portare
1179 1380 1243 1424 non
1265 1359 1430 1443 expediat,
1451 1359 1507 1424 ubi
1521 1379 1626 1423 emere

265 1475 368 1526 tenen
389 1457 531 1543 pessimi
574 1450 646 1518 itit.
675 1455 854 1539 Improbum
883 1453 1021 1528 facinus,
1050 1454 1186 1528 iudices,
1214 1475 1278 1517 non
1298 1453 1478 1529 ferendum,
1506 1453 1626 1518 nemini

302 1554 373 1638 lege
395 1570 595 1624 conoessum,
618 1548 674 1612 sed
696 1549 830 1612 iertasse
851 1547 955 1611 adbuc
980 1549 1014 1611 in
1035 1547 1124 1611 nulle
1146 1549 1241 1612 etiam
1262 1548 1464 1612 vindicatum.
1507 1549 1625 1612 Tamen

302 1667 361 1732 eqo
383 1647 461 1721 boc,
484 1643 569 1728 quod
589 1642 667 1706 icrri
688 1659 771 1724 nege
793 1661 906 1725 pesse,
929 1643 1020 1705 Verri
1042 1641 1197 1716 concede,
1218 1641 1358 1717 iudices,
1381 1649 1413 1706 et
1433 1642 1559 1726 largior.
1592 1643 1626 1707 si

300 1742 367 1806 nlle
388 1739 423 1805 in
444 1738 516 1801 loce
538 1738 607 1801 eius
629 1736 811 1820 provinciae
825 1735 1017 1800 fermentum
1038 1736 1118 1799 tanti
1133 1735 1207 1809 suit,
1230 1737 1341 1820 quenti
1360 1737 1423 1800 iste
1438 1737 1625 1812 aestImarlt,

300 1835 363 1900 boc
392 1835 511 1898 crimen
541 1832 575 1896 in
603 1831 700 1894 istum
726 1849 815 1893 reum
836 1829 941 1893 valere
964 1837 1109 1912 oportere
1131 1850 1195 1893 non
1217 1829 1361 1892 arbitror.
1403 1830 1521 1896 Verum
1543 1833 1626 1896 enim

265 1942 388 2005 terere,
410 1949 482 1992 cum
504 1933 589 1989 esset
609 1924 670 1988 fla
684 1924 768 1988 binis
790 1930 846 1986 aut
867 1925 962 1987 ctiam
983 1925 1082 1987 ternis
1097 1923 1261 2006 quibusvis
1282 1924 1316 1986 in
1338 1923 1415 1987 locis
1432 1924 1626 2008 provinciae,

301 2022 468 2088 duodenos
491 2018 654 2085 sestertios
676 2017 821 2101 exegisti.
856 2017 889 2082 Si
910 2017 988 2080 mibi
1010 2026 1114 2081 tecum
1135 2038 1240 2101 neque
1262 2017 1303 2081 de
1325 2036 1453 2083 annona
1466 2039 1573 2106 neque
1588 2021 1627 2084 ds

300 2116 523 2182 aestimatione
540 2121 595 2178 tua
616 2119 722 2196 potest
743 2131 813 2174 esse
835 2113 1066 2185 controversie,
1094 2112 1172 2194 quid
1194 2112 1307 2174 scdes‘l
1334 2112 1413 2197 quid
1442 2113 1627 2199 exspectari

302 2209 381 2298 quid
402 2207 568 2274 Mendici
601 2207 709 2270 Utrum
734 2205 793 2268 tibi
814 2205 970 2287 pecuniae
991 2211 1119 2269 coactae
1140 2205 1326 2270 conciliatae
1348 2205 1496 2270 videntur
1517 2210 1628 2272 adrer-

302 2325 357 2370 ses
383 2303 486 2387 leges,
514 2301 665 2366 adversus
692 2317 759 2362 rem
787 2298 959 2382 publicam,
993 2321 1066 2364 cum
1087 2301 1223 2364 maxima
1245 2302 1402 2365 socierum
1423 2302 1556 2365 iniurias
1588 2319 1629 2365 an

264 2413 377 2465 terere
400 2397 434 2462 id
454 2402 556 2469 recte,
579 2391 705 2468 ordine,
728 2413 747 2455 e
768 2411 803 2455 re
824 2392 969 2475 publiea,
991 2394 1060 2457 sine
1082 2396 1267 2478 cuiusquam
1287 2395 1404 2460 iniuria
1424 2394 1543 2460 iactum
1558 2415 1628 2462 esse

302 2491 470 2557 delendisi
514 2483 586 2550 195.
617 2486 696 2551 Cum
725 2485 784 2550 tibi
812 2496 939 2551 senatus
968 2508 1008 2551 ex
1034 2489 1156 2552 aerario
1178 2489 1346 2572 pecuniam
1366 2492 1577 2574 prompsisset
1598 2497 1630 2556 et

303 2585 446 2669 singulos
467 2581 526 2647 tibi
548 2581 695 2644 denarios
718 2589 973 2658 annumerasset,
995 2603 1078 2666 quos
1099 2591 1134 2647 tu
1155 2603 1214 2666 pro
1237 2584 1372 2667 singulis
1393 2585 1511 2648 mediis
1526 2593 1631 2650 arato·

302 2679 392 2744 ribus
413 2676 574 2749 solveres,
596 2673 675 2758 quid
696 2673 800 2737 tacere
824 2675 984 2739 debuisti?
1028 2678 1078 2753 Si,
1101 2678 1188 2761 qued
1209 2679 1244 2740 L.
1267 2680 1340 2741 Piso
1362 2678 1417 2740 ille
1439 2679 1550 2763 Frugi,
1574 2681 1629 2765 qui

303 2773 406 2856 legem
428 2770 467 2833 de
489 2769 635 2852 pecuniis
656 2767 843 2851 repetundis
865 2771 987 2852 primus
1010 2772 1101 2846 tulit,
1131 2793 1203 2834 cum
1226 2772 1373 2847 emisses,
1403 2775 1513 2856 quanti
1536 2783 1629 2851 esset,

265 2866 391 2950 acquod
414 2870 579 2948 mperaret
605 2863 761 2945 pecuniae
790 2863 983 2928 rettulisses:
1013 2865 1058 2941 si,
1087 2873 1124 2928 ut
1150 2865 1312 2928 ambitiosi
1331 2864 1478 2932 homines
1499 2876 1555 2932 aet
1575 2869 1630 2932 be·

264 3023 265 3027 ,
303 2961 408 3046 111301,
438 2977 511 3022 cum
536 2956 638 3040 pluris
665 2961 793 3020 senatos
820 2957 1019 3022 aestimasset
1045 2979 1142 3043 quam
1172 2960 1283 3044 pienti
1311 2966 1396 3022 esset
1417 2979 1560 3038 annena,
1590 2981 1630 3026 ex

304 3061 434 3120 senates
455 3049 694 3125 aestimatione,
715 3069 781 3114 non
802 3069 842 3114 er
856 3071 1003 3115 annonae
1016 3053 1140 3116 ratIone
1155 3053 1322 3117 solvisses:
1345 3053 1412 3128 sin,
1434 3061 1470 3118 ut
1483 3055 1630 3140 plerique

303 3149 439 3225 iaciunt,
466 3149 501 3211 ln
529 3164 597 3230 quo
622 3151 690 3208 erat
711 3143 811 3228 aliqui
834 3154 1002 3229 quaestus,
1031 3147 1088 3209 sed
1109 3147 1136 3209 is
1157 3145 1310 3211 honestus
1332 3153 1428 3230 etque
1450 3167 1631 3224 concessus,

303 3241 512 3315 trumentum,
536 3239 690 3324 queniam
710 3238 807 3302 vilius
828 3247 911 3315 erat,
933 3261 974 3305 ne
997 3242 1145 3316 emisses,
1167 3240 1357 3322 sumpsisses
1371 3241 1406 3303 id
1420 3261 1630 3318 nummorum,

268 3335 394 3422 eoquod
421 3333 480 3398 tibi
506 3339 636 3398 senatus
662 3332 761 3396 cellae
783 3334 911 3398 nomine
933 3342 1142 3399 concesserat.
1185 3334 1342 3396 LXXXV.
1364 3334 1433 3398 lieo
1454 3355 1530 3400 vero
1552 3337 1631 3421 quid

306 3433 376 3495 esti
398 3449 495 3514 quem
515 3427 612 3491 babet
631 3427 787 3491 rationem
810 3447 875 3492 non
898 3448 1017 3513 quaero
1039 3429 1225 3512 aequitatis,
1248 3427 1304 3492 sed
1324 3428 1426 3512 ipsius
1447 3427 1631 3513 improbite-

304 3522 345 3588 tis
367 3529 464 3608 etque
486 3521 725 3605 impudentiae?
758 3521 871 3605 Neque
892 3523 978 3585 enim
1000 3530 1049 3588 est
1069 3522 1135 3586 fere
1157 3521 1349 3606 quidquam,
1376 3521 1464 3605 quod
1484 3523 1630 3588 homines

304 3617 411 3702 palem
431 3617 536 3682 tacere
557 3615 696 3680 audeant
715 3615 750 3678 in
771 3616 957 3699 magistratu
978 3616 1124 3701 quamvis
1145 3615 1307 3698 improbe,
1330 3614 1408 3699 quin
1430 3615 1499 3678 eius
1513 3614 1589 3680 iacti
1601 3616 1630 3679 si

305 3729 372 3774 nen
391 3711 528 3787 bonam,
557 3718 590 3774 at
622 3709 762 3793 aliquam
783 3710 939 3774 rationem
960 3711 1071 3773 efferre
1093 3709 1226 3774 soleant.
1269 3703 1341 3771 tte.
1363 3708 1433 3773 Hoc
1456 3708 1535 3794 quid
1556 3711 1630 3774 eati

372 3878 397 3928 I.
414 3879 442 3927 io
457 3881 518 3928 esst.
536 3875 566 3938 l,
583 3876 655 3939 Vq:
675 3889 728 3928 orn.
742 3876 769 3927 tc
786 3876 850 3928 dett.
871 3876 982 3940 (eorm
1001 3877 1042 3942 V.)
1061 3903 1088 3914 -
1104 3879 1129 3928 t.
1148 3875 1269 3939 oportebit
1284 3874 1353 3940 egit
1364 3889 1401 3939 φι
1419 3881 1515 3940 eportet
1529 3875 1586 3932 rell.
1599 3877 1630 3929 0.

307 3977 334 3989 -·
354 3953 378 4004 ³.
397 3953 498 4003 emeris
513 3952 544 4002 V.
559 3974 587 3988 ·-
606 3953 658 4002 trit.
672 3953 738 4002 mod.
753 3953 807 4016 (sic)
824 3953 856 4004 V.
870 3951 930 4017 (Βτ.)
944 3979 972 3988 -
991 3954 1015 4002 b.
1034 3953 1170 4004 monetam
1185 3951 1337 4002 votestatem
1347 3951 1378 4002 V.
1398 3977 1426 3988 -
1445 3964 1477 4002 oc
1492 3949 1522 4015 I,
1540 3951 1576 4003 V:
1594 3955 1633 4003 et·

305 4038 353 4089 qao
368 4025 433 4077 dett.
453 4027 482 4077 0.
503 4055 531 4066 -
549 4027 585 4092 te]
602 4032 687 4079 mmet
703 4026 781 4092 egis.
801 4054 828 4063 -
848 4027 872 4079 0.
891 4029 997 4090 datique
1012 4029 1039 4078 io
1054 4025 1141 4091 egit:
1159 4027 1264 4089 deoiquo
1279 4039 1337 4076 cem
1351 4027 1379 4076 to
1394 4023 1451 4077 rell.
1468 4027 1499 4078 0.
1518 4047 1546 4064 -
1564 4028 1589 4078 7.
1607 4037 1633 4078 et

305 4111 358 4150 om.
377 4098 455 4164 IgIt.
474 4101 565 4162 [Recte
582 4103 719 4167 zumptius
735 4100 852 4166 glossam
868 4104 985 4168 ineptam
1003 4101 1128 4165 sustulit]
1148 4127 1175 4137 -
1203 4101 1227 4152 8.
1245 4101 1357 4166 second]
1379 4101 1487 4152 rossem
1503 4103 1581 4170 LgII.
1601 4129 1629 4141 -

305 4173 346 4224 40.
356 4171 451 4237 possitis
461 4175 622 4228 Lambinus:
638 4189 740 4239 poserem
752 4175 830 4227 codd.
844 4203 871 4212 —
884 4179 1018 4242 semotum
1028 4177 1098 4242 ngat
1109 4180 1139 4228 Δ.
1155 4203 1183 4212 -
1203 4177 1243 4226 It.
1255 4175 1327 4240 seni]
1342 4177 1399 4241 fleti
1410 4176 1487 4241 egis.
1502 4201 1530 4214 —
1551 4175 1631 4242 Veris]

302 4248 370 4299 oeus
384 4249 466 4306 Idem.
487 4277 514 4287 -
533 4252 653 4314 concedo,
671 4253 724 4302 tud.
742 4249 828 4316 Lglt:
847 4252 911 4315 iod„
929 4254 1033 4304 concedo
1050 4250 1107 4302 rell.
1126 4251 1155 4301 0.
1175 4277 1202 4286 -
1222 4251 1262 4300 10.
1281 4256 1341 4302 cest
1356 4251 1455 4301 modius
1468 4249 1518 4303 113.
1536 4251 1629 4304 Lamb.

306 4347 333 4358 -
352 4324 429 4374 m
444 4337 498 4376 om.
516 4326 569 4391 Lgt
581 4327 613 4377 29
624 4329 684 4378 AB.
704 4353 732 4363 -
751 4327 882 4390 qetoscto
898 4329 1018 4393 1310-
1039 4328 1078 4379 18.
1098 4326 1206 4390 &feodis
1221 4324 1291 4390 Lglt
1302 4339 1342 4388 cp:
1362 4325 1629 4389 (1110ιά011000.-

303 4402 405 4449 coactae
421 4397 490 4463 agis
501 4415 539 4462 φτ
567 4413 620 4451 em.
639 4399 696 4452 rell.
716 4403 744 4452 0.
768 4427 795 4438 -
823 4403 956 4454 casecom
973 4402 1030 4467 (bis)
1047 4401 1110 4465 All)
1124 4402 1153 4452 0,
1178 4427 1206 4436 -
1233 4401 1275 4451 20.
1292 4401 1366 4468 recte]
1386 4403 1486 4454 reticos
1501 4403 1584 4468 Lgtt,
1601 4403 1632 4454 ui

303 4471 328 4536 S.
346 4473 404 4524 tte.
432 4479 466 4526 st
482 4475 515 4526 cl.
534 4473 645 4539 Philipp.
663 4476 706 4526 111.
726 4476 750 4540 5.
769 4477 810 4528 38.
829 4477 859 4527 V.
878 4478 903 4542 s.
921 4478 961 4529 30.
989 4479 1043 4528 1.1ν.
1061 4477 1173 4527 XXVIII.
1191 4475 1232 4528 30.
1259 4475 1372 4528 osenbr.
1395 4477 1430 4528 ad
1449 4491 1489 4530 oa.
1507 4491 1535 4545 p.
1552 4479 1630 4530 Resc.

302 4550 361 4598 Am.
375 4546 399 4612 5.
413 4550 470 4601 138.
484 4575 512 4586 -
530 4552 571 4601 at.
591 4550 699 4614 descedit
715 4551 784 4615 Lglt
803 4553 839 4616 (et
855 4553 911 4604 sine
924 4551 1005 4603 dubie
1017 4555 1097 4603 etiem
1108 4567 1144 4614 φ,
1163 4564 1327 4616 quemquam
1337 4555 1410 4604 tecet
1420 4565 1504 4619 marg.
1518 4553 1630 4620 bembi:

303 4621 415 4685 desudes
430 4621 488 4674 rell.
502 4626 563 4675 0.-
582 4639 641 4675 cem
656 4625 700 4676 tibi
711 4653 749 4663 --
760 4627 812 4677 Hoc
828 4628 888 4689 quid
904 4627 929 4692 g.
944 4627 1000 4678 (90.
1013 4628 1069 4679 init.
1083 4627 1164 4677 hahet
1177 4627 1208 4676 V.
1222 4653 1249 4662 —
1265 4639 1321 4690 pcc.
1340 4641 1373 4678 sc
1389 4629 1492 4678 coorto
1508 4629 1586 4693 tete.
1601 4651 1628 4665 -·

297 4698 460 4761 preorprtaset
476 4699 544 4763 ersa
555 4700 618 4751 AB:
634 4701 788 4764 processisset
803 4700 872 4766 egis
884 4703 907 4750 V
923 4701 967 4763 el,
985 4702 1034 4752 sed
1051 4702 1076 4751 in
1094 4700 1117 4749 V
1133 4701 1207 4766 pstor
1221 4702 1232 4750 i
1247 4703 1381 4765 puncteta.
1400 4703 1461 4768 (Be.)
1480 4727 1507 4739 -
1526 4701 1567 4756 22.
1585 4717 1634 4754 ott·

301 4777 420 4823 merem
435 4773 514 4836 agea.
534 4798 562 4808 -
580 4775 661 4825 orodis
676 4775 707 4826 V.
728 4801 755 4811 -
774 4775 816 4827 23.
831 4777 984 4840 persolveres
995 4776 1027 4826 V.
1047 4800 1074 4810 -
1093 4775 1134 4826 bl.
1150 4777 1254 4838 motois
1264 4776 1297 4828 V.
1311 4801 1338 4812 -
1357 4777 1453 4828 mesot
1463 4777 1632 4830 --retaiisaot

301 4845 381 4909 egis.
410 4847 578 4912 (scriptorem
598 4849 731 4902 retteiiases
746 4851 835 4901 firmat
851 4852 892 4916 V.)
917 4878 945 4888 -
971 4852 1013 4902 ib.
1032 4855 1193 4902 octomosset
1209 4853 1297 4914 qocoti
1313 4852 1401 4916 wenti
1417 4866 1439 4903 c.
1458 4867 1484 4905 o.
1502 4867 1536 4906 ec
1551 4867 1571 4904 s.
1590 4867 1632 4904 ce-

300 4925 374 4971 urso.
393 4923 424 4974 V.
445 4947 472 4960 -·
498 4923 539 4974 i'l.
556 4925 668 4976 testones
685 4927 717 4976 V.
739 4952 768 4962 -
787 4928 828 4978 28.
847 4932 903 4978 erot
919 4924 989 4990 ligii
1003 4925 1041 4975 V:
1067 4927 1143 4976 onmis
1160 4931 1217 4976 eret
1232 4925 1289 4977 rell.
1303 4927 1332 4978 0.
1346 4953 1373 4964 -
1393 4926 1474 4990 aliqui
1489 4927 1519 4980 I:
1539 4927 1632 4990 otqoss

302 4993 368 5046 dett.
382 4997 402 5046 0
414 4997 444 5060 (V
455 5009 552 5050 mance
563 4999 702 5064 111000(
713 5001 788 5066 TVS).
802 5027 829 5037 -
848 5001 890 5053 29.
904 5007 964 5053 esset
979 5001 1058 5064 ngat.
1073 5027 1100 5037 —
1120 5003 1160 5053 32.
1173 5003 1260 5065 ioped.
1272 5003 1304 5054 V.
1319 5029 1347 5038 -
1366 5007 1401 5053 eat
1413 5013 1466 5054 em.
1479 5001 1511 5052 V.
1526 5001 1629 5065 inritae:

300 5081 380 5132 uoce
395 5075 431 5120 est
447 5073 534 5124 estas?
550 5073 642 5136 ilaus.)
661 5099 689 5110 -
713 5075 754 5126 ³8.
772 5076 851 5140 secere
867 5077 897 5126 V.
917 5103 944 5113 -
969 5078 997 5126 io
1011 5089 1080 5140 moy.
1098 5077 1137 5127 sic
1154 5077 1260 5142 1.(01.)
1280 5103 1307 5114 -
1326 5075 1517 5142 concussas
1528 5077 1563 5126 V:
1581 5077 1632 5128 tor-

298 5141 516 5206 rouece-
534 5148 574 5200 tto
590 5147 743 5201 hommem
758 5150 873 5215 elimes
887 5151 924 5216 V;
942 5163 1067 5203 seminem
1084 5153 1118 5203 ott
1134 5153 1249 5217 motam
1263 5151 1384 5217 Lm.-
1403 5151 1445 5206 00.
1465 5151 1564 5218 ociiV.
