3642 5862
562 389 615 456 AD
637 391 788 477 44894444
807 392 847 454 Π.
868 390 1168 514 Accdsmosls.
1452 388 1513 455 bbb

271 549 331 602 pag.
350 537 405 588 498.
424 551 449 588 v.
468 538 492 588 t.
509 537 610 588 Heraeii
622 538 653 600 V,
670 538 784 590 Hmaaiei
800 538 841 590 29.
853 538 894 590 42.
908 564 932 574 -
955 540 1048 602 optumi
1063 540 1119 590 nob.
1132 539 1291 590 4444444444
1306 539 1347 590 29.
1361 567 1389 576 -
1408 541 1433 592 2.
1446 541 1515 592 44444-

205 622 316 673 monium
334 621 395 685 (non
411 621 591 687 testemonium)
608 623 639 672 V.
660 649 687 658 -
705 621 730 674 4.
749 623 868 687 quodque]
887 623 980 686 (Woo.
996 624 1026 674 V.
1047 649 1074 659 -
1093 625 1116 674 5.
1135 625 1195 673 duos
1213 623 1314 674 hebent
1330 636 1423 674 omnes
1435 625 1512 688 Legg.

205 707 312 772 praeter
327 705 368 757 42.
388 732 415 742 -
434 707 496 756 44444
512 705 543 758 42
559 720 587 771 p.
606 733 633 742 —
652 706 783 757 iudicasset
799 705 880 758 habet
897 707 918 757 V
934 708 1007 758 reete
1024 706 1191 772 (iudicavisset
1207 709 1284 772 Legg.
1302 709 1408 772 praeter
1424 706 1473 770 42).
1484 735 1511 744 -
1531 754 1535 764 ,

205 791 229 841 6.
247 790 352 840 iudicem
369 789 450 840 hebet
465 791 496 850 V,
520 791 549 840 ut
565 789 682 852 videtur,
706 804 758 840 oon
775 791 900 841 iudicium.
920 817 947 826 -
970 791 1063 854 4444444
1079 803 1128 842 nos
1145 791 1319 850 restituimus;
1338 804 1425 854 neque
1443 792 1514 842 enim

205 873 237 925 42
252 874 316 938 saiso
333 874 427 936 hebet,
451 874 499 926 sed
516 876 617 925 tuntum
635 877 689 924 tres
707 874 768 924 edd.
786 877 849 925 vett.
868 888 900 924 ex
922 877 1049 939 apparatu
1066 875 1171 938 Legem.
1197 876 1289 938 Neque
1307 877 1347 926 est
1363 874 1435 938 quod
1452 888 1515 926 eum

205 959 324 1024 Zumptio
347 957 381 1008 de
404 956 524 1009 lectionis
541 959 650 1009 veritate
668 957 786 1016 dubitem
812 958 845 1008 ei.
863 958 897 1008 de
915 956 986 1008 Offie.
1006 959 1048 1008 111.
1066 957 1090 1020 5.
1109 957 1165 1008 tos.
1182 957 1273 1020 [444444
1288 959 1386 1021 iurare,
1410 959 1446 1010 ed
1461 961 1513 1011 Att.

203 1042 257 1094 Vll.
276 1041 316 1094 tt.
333 1043 426 1106 4444444
441 1042 554 1093 seribere.
575 1070 602 1080 -
621 1043 646 1091 9.
664 1043 759 1093 actione
776 1041 806 1091 V.
827 1068 853 1077 —
874 1042 913 1092 44.
932 1043 958 1092 44
970 1043 1127 1105 provinciam
1145 1041 1199 1104 (sic)
1215 1041 1289 1092 uerbo
1305 1043 1336 1104 V,
1354 1044 1384 1092 ut
1399 1042 1513 1094 videtur.

206 1153 233 1162 —
252 1126 337 1191 44444)
354 1141 398 1178 nea
414 1128 458 1190 29,
476 1142 506 1176 44
523 1127 554 1178 42
565 1141 592 1192 p.
607 1126 664 1192 [pro
680 1141 735 1190 neq.
749 1129 809 1178 onte
822 1125 972 1188 qnisquam.)
987 1154 1013 1164 -
1033 1127 1073 1176 42.
1091 1126 1239 1177 auctoritate
1254 1127 1351 1176 44429.
1367 1153 1393 1164 -
1413 1126 1452 1178 44.
1466 1126 1514 1178 444-

204 1223 265 1261 sum
282 1211 323 1261 est
339 1211 410 1275 quod
427 1213 453 1262 Ζ.
472 1213 508 1260 444
525 1213 550 1262 in
567 1209 599 1260 42
616 1210 710 1262 deesse
727 1211 832 1270 mansit;
852 1209 929 1260 abest
945 1209 979 1259 ab
996 1211 1047 1260 hoe
1064 1209 1123 1259 aod.
1136 1210 1181 1260 iiia
1192 1213 1253 1260 ente
1265 1212 1364 1275 pravis,
1382 1213 1513 1276 notaeque

204 1295 347 1359 apographi
364 1295 438 1345 Nieb.
452 1296 548 1345 iterum
565 1293 599 1345 ab
611 1308 643 1344 eo
656 1294 780 1346 contusae
793 1297 866 1356 sunt,
885 1293 929 1358 qui
941 1294 1060 1358 Zumptio
1071 1292 1197 1345 lectiones
1209 1294 1356 1360 descripsit.
1372 1322 1400 1331 -
1414 1296 1453 1346 44.
1463 1310 1515 1358 pa-

205 1379 274 1428 tostis
284 1379 349 1429 V.-
362 1377 554 1435 toctrtrtts
564 1379 625 1428 ι’.-
643 1379 683 1429 27.
695 1379 794 1442 facilius
804 1381 865 1429 V.-
880 1379 920 1429 34.
933 1391 1005 1439 eques
1015 1377 1095 1442 44444.)
1106 1362 1147 1440 pr.
1161 1377 1193 1428 42
1205 1391 1263 1444 p.—
1283 1379 1323 1430 33.
1336 1379 1432 1428 videtur
1443 1379 1474 1430 42
1485 1394 1511 1445 p.

268 1475 328 1527 peg.
349 1463 404 1514 499.
423 1477 447 1514 v.
467 1462 507 1513 44.
525 1463 644 1512 iodicium
661 1463 792 1513 dimittitur
808 1463 848 1514 29.
863 1491 889 1498 -
909 1463 948 1513 48.
969 1463 1137 1512 Timarchidem
1153 1463 1194 1512 29.
1211 1490 1237 1499 -
1256 1462 1296 1514 24.
1315 1462 1417 1513 babebat
1434 1463 1457 1514 6.
1470 1463 1510 1514 42.

207 1574 233 1583 -
252 1547 292 1597 26.
311 1546 376 1597 idern
392 1547 415 1596 6.
429 1547 474 1604 29;
494 1548 520 1597 44
537 1548 575 1597 sic
592 1561 617 1596 v.
631 1547 671 1596 22.
690 1548 749 1610 Lag.
763 1548 778 1597 6
796 1546 873 1598 4444.
888 1575 915 1584 -
936 1547 976 1596 29.
990 1547 1081 1612 eadem]
1097 1545 1213 1598 4444429.
1229 1575 1256 1584 -
1274 1547 1314 1596 34.
1333 1547 1378 1610 44.)
1396 1547 1428 1598 N.
1441 1547 1472 1598 42
1484 1561 1511 1612 p.

267 1642 326 1694 pag.
344 1631 401 1681 299.
428 1645 453 1679 v.
472 1631 495 1681 2.
518 1630 628 1680 dicebant
650 1631 733 1681 adesse
755 1632 870 1681 alterutri
892 1633 924 1682 29
947 1630 1072 1695 (aiteriuri
1087 1629 1137 1694 42).
1159 1659 1185 1668 -
1211 1631 1236 1682 7.
1254 1631 1336 1681 setun
1353 1637 1376 1683 44
1392 1632 1513 1682 mamm

204 1712 295 1764 Lemb.
316 1741 343 1750 —
369 1715 393 1765 8.
413 1715 546 1779 4444444444
561 1715 601 1765 29.
626 1741 653 1750 -
681 1721 828 1780 4494444444
845 1715 876 1766 42
893 1728 919 1780 p.
940 1742 966 1751 -
992 1715 1016 1765 9.
1035 1714 1232 1777 itinerarium,
1253 1717 1283 1766 ut
1299 1729 1378 1780 supra
1394 1729 1420 1767 v.
1438 1715 1462 1768 4.
1482 1742 1509 1751 -

204 1799 244 1846 44.
263 1797 342 1848 vobis
357 1812 410 1848 om.
429 1797 460 1848 42
477 1812 503 1863 p.
525 1827 551 1835 -
571 1799 729 1862 persequitur
745 1802 768 1851 b.
787 1801 828 1849 27.
846 1798 887 1850 42.
907 1825 934 1835 -
959 1799 998 1850 42.
1017 1799 1115 1863 pretias
1130 1800 1205 1848 etiam
1222 1799 1262 1850 29.
1283 1827 1310 1836 -
1333 1801 1360 1850 44
1376 1800 1512 1850 saisitum

203 1879 234 1931 42
251 1895 278 1946 p.
299 1909 326 1918 —
345 1881 384 1933 44.
403 1883 480 1932 seito
497 1883 587 1934 Lemb.
608 1911 634 1918 —
663 1884 702 1933 46.
720 1884 849 1947 respondet
865 1883 905 1933 29.
927 1910 953 1919 -
981 1884 1020 1932 tr.
1039 1888 1114 1944 atqua
1130 1883 1212 1934 obtato
1228 1883 1260 1935 42
1276 1897 1303 1949 p.
1330 1911 1357 1920 -
1381 1883 1420 1934 49.
1439 1889 1513 1946 atque

203 1965 312 2016 4444444
327 1967 369 2016 29.
388 1993 416 2004 -
435 1966 475 2018 24.
494 1981 551 2017 eum
566 1969 610 2016 4444
624 1982 665 2030 pr.
684 1967 715 2018 42
732 1982 759 2032 p.
779 1994 806 2003 -
825 1969 866 2018 27.
884 1981 934 2017 non
950 1967 1029 2017 sotum
1044 1971 1123 2017 mente
1139 1980 1193 2018 om.
1205 1967 1236 2018 42
1251 1981 1276 2032 p.
1292 1991 1319 2002 —
1337 1968 1377 2018 29.
1396 1981 1513 2031 44444444

202 2051 340 2112 asportatio
355 2049 387 2101 42
404 2064 431 2116 p.
452 2077 477 2088 -
503 2051 543 2101 34.
564 2051 724 2102 timarchidis
745 2052 769 2101 6.
788 2052 829 2102 29.
858 2077 884 2086 -
908 2052 948 2102 32.
967 2052 1026 2114 Lag.
1045 2051 1090 2114 29,
1112 2051 1145 2102 (44
1168 2064 1220 2115 quo
1237 2051 1263 2102 Z.
1282 2049 1377 2102 tollitur
1400 2051 1435 2116 (et
1451 2052 1509 2103 tort.

203 2133 282 2184 etiem
299 2133 333 2184 de
349 2135 421 2198 ΑΒ),
444 2137 482 2186 444
498 2134 592 2185 hebet:
619 2135 739 2198 Sopatrus
763 2137 865 2186 4444444
881 2141 956 2198 atque
971 2136 1096 2186 bominum
1112 2136 1184 2190 tidem
1199 2134 1336 2187 obsecrare.
1357 2161 1384 2170 —
1410 2135 1449 2187 33.
1467 2137 1512 2188 ista

200 2223 299 2281 repente
315 2219 357 2268 29.
376 2243 404 2255 -
423 2220 484 2268 nituit
499 2221 667 2285 interropatns
678 2233 793 2283 pro-qao
810 2220 911 2270 44444444
927 2219 958 2270 42
975 2233 1002 2284 p.

266 2315 326 2366 pag.
344 2304 402 2354 294.
424 2305 695 2368 retroaspiciens
714 2305 746 2356 29
764 2306 790 2355 44
809 2303 841 2355 42
858 2317 943 2360 corr.;
970 2303 1138 2366 aruspicisoua
1158 2302 1189 2353 42
1211 2316 1237 2369 p.
1260 2305 1287 2354 et
1309 2302 1365 2356 rell.
1383 2305 1460 2369 Legg.
1480 2331 1507 2340 —

202 2386 225 2436 6.
244 2386 389 2436 sententiam
405 2387 471 2437 44444
487 2387 579 2438 Lamb.
600 2415 628 2424 —
648 2389 751 2439 Tametsi
761 2415 798 2425 --
809 2389 897 2451 [44444
912 2387 944 2436 sit
959 2401 1012 2437 om.
1031 2389 1108 2450 Logg.
1126 2387 1232 2453 praeter
1247 2389 1279 2438 29
1297 2390 1323 2438 44
1338 2388 1379 2440 42.
1397 2389 1511 2453 (eamque

200 2471 221 2520 44
237 2471 319 2520 minus
339 2473 366 2520 44
389 2472 454 2534 quod
474 2472 543 2522 nobis
559 2471 590 2523 42
611 2473 647 2537 ρ.)
668 2500 694 2509 -
722 2473 762 2523 42.
782 2473 947 2522 Ptolomaeum
969 2484 1063 2522 amnes
1082 2473 1158 2535 Legg.
1179 2498 1206 2507 -
1233 2473 1272 2523 43.
1294 2473 1376 2522 minus
1395 2475 1429 2522 od
1444 2475 1510 2525 44444

201 2559 301 2604 nostrae
317 2556 448 2605 discrimen
464 2568 517 2605 om.
535 2555 567 2607 42
584 2569 609 2620 p.
630 2583 656 2591 -
675 2561 818 2606 nostrorum
835 2570 888 2607 om.
902 2555 942 2607 42.
958 2583 982 2593 -
1004 2555 1043 2606 46.
1061 2557 1082 2606 si
1099 2569 1131 2607 en
1147 2556 1236 2606 4444444
1251 2569 1302 2606 om.
1315 2557 1360 2606 444
1376 2556 1456 2608 hebet
1467 2558 1506 2608 42.

206 2666 232 2674 -
251 2651 301 2689 4444
321 2639 439 2701 eripuerit
458 2639 489 2690 42
506 2652 533 2703 p.
553 2640 613 2704 (om.
633 2641 669 2706 Ζ.)
689 2669 716 2678 -
740 2641 781 2691 47.
798 2641 833 2690 sio
854 2642 881 2689 in
897 2642 948 2690 eins
964 2641 988 2690 5.
1007 2637 1047 2691 42.
1068 2665 1095 2676 -
1117 2641 1157 2690 so.
1175 2653 1208 2690 44
1223 2640 1276 2705 ista]
1296 2641 1342 2690 isto
1359 2654 1412 2692 non
1428 2642 1510 2693 habet

202 2721 248 2783 42,
270 2721 319 2773 444
338 2735 387 2787 pro
409 2737 441 2774 eo
462 2737 499 2786 44,
523 2725 676 2789 corruptum
697 2737 729 2774 ex
750 2737 792 2784 ea,
815 2726 844 2775 ut
864 2723 945 2775 hahet
960 2725 990 2785 F,
1013 2724 1084 2787 quod
1105 2724 1148 2775 hie
1171 2725 1262 2788 utiquo
1287 2723 1338 2775 diei
1362 2727 1455 2790 potuit.
1479 2754 1506 2764 -

203 2807 244 2856 22.
263 2805 367 2858 Falsum
384 2810 425 2858 est
442 2807 514 2871 quod
531 2809 565 2857 ait
576 2810 613 2869 Z..
633 2821 648 2858 o
665 2808 723 2858 cod.
742 2811 765 2860 Ν
780 2807 896 2874 reliquos
913 2808 989 2859 codd.
1003 2821 1055 2859 non
1066 2808 1207 2869 dissidere;
1225 2809 1306 2860 immo
1317 2809 1507 2876 hebentLegg.

203 2891 324 2956 (excepto
341 2890 380 2955 42)
398 2894 486 2953 istum,
504 2906 558 2944 non
573 2893 647 2943 istum
662 2895 749 2955 etiam,
767 2895 796 2943 ut
811 2907 837 2958 p.
856 2893 912 2944 294.
931 2895 957 2943 in
974 2892 1061 2943 adnot.
1074 2892 1254 2944 indicavimus.
1268 2919 1296 2929 -
1315 2893 1356 2946 24.
1374 2895 1451 2945 trium
1466 2895 1508 2946 44-

200 2975 292 3026 dioinm
307 2976 348 3026 29.
367 2973 407 3026 42.
429 3005 456 3014 -
473 2977 514 3027 it.
534 2977 563 3027 ab
578 2991 632 3028 ram
647 2978 781 3027 ineundam
797 2978 841 3040 29,
858 2979 889 3027 ut
904 2981 1043 3043 peecatum
1060 2979 1101 3028 est
1117 2978 1143 3028 io
1160 2977 1238 3028 eodd.
1257 2991 1295 3028 or.
1309 2991 1335 3044 p.
1348 2979 1413 3031 Mur.
1427 2979 1451 3044 ἓ.
1465 2981 1505 3031 64.

200 3086 227 3094 -
247 3060 287 3110 39.
306 3061 333 3108 44
349 3073 402 3110 om.
420 3059 452 3110 42
469 3073 495 3124 p.
515 3087 542 3110 -‹
561 3060 601 3111 34.
618 3062 701 3110 mains
717 3062 797 3125 Lgib:
820 3063 901 3125 mapis
918 3061 996 3112 codd.
1014 3060 1070 3112 rell.
1088 3063 1141 3112 noti
1159 3064 1185 3112 44
1202 3061 1263 3113 edd.
1289 3063 1441 3114 Lectiooem
1458 3077 1505 3115 eo-

198 3143 264 3194 diais
282 3143 349 3206 egee
366 3139 512 3208 ezumptto
528 3157 580 3194 nan
598 3143 700 3195 4444444]
713 3157 761 3195 nas
772 3146 947 3209 restituimus,
966 3159 1016 3196 neo
1028 3157 1179 3208 movemur,
1198 3145 1270 3210 quod
1281 3144 1355 3197 locos
1367 3149 1394 3198 in
1404 3149 1504 3200 Anead.

198 3227 296 3277 rhetor.
315 3229 395 3277 Poris.
415 3227 456 3278 ed.
475 3228 596 3279 Eeksteio
613 3241 638 3291 p.
657 3229 681 3289 7,
700 3229 740 3278 42.
763 3229 801 3279 444
821 3229 941 3279 effertur:
965 3229 1047 3279 944444
1066 3234 1101 3279 444
1123 3231 1235 3291 accipere
1255 3244 1273 3279 4
1293 3243 1336 3281 reo
1355 3232 1502 3294 perustam:

198 3316 291 3373 poento
306 3312 388 3375 mopis
403 3311 435 3360 ab
451 3317 601 3361 4444444444.
619 3337 646 3346 -
666 3311 706 3362 32.
721 3313 887 3374 proposuisses
902 3313 925 3363 4.
944 3312 984 3365 42.
1006 3337 1033 3350 -
1052 3313 1092 3363 36.
1108 3318 1194 3375 posteo
1210 3315 1309 3364 4444444
1325 3314 1356 3366 42
1367 3327 1394 3380 p.
1409 3343 1436 3352 -
1455 3318 1506 3366 ad-

197 3396 309 3447 versario
326 3396 404 3445 etiem
420 3396 468 3458 29,
486 3397 515 3446 ιιι
531 3395 642 3446 videtur.

262 3493 322 3544 pag.
340 3480 397 3531 242.
415 3491 442 3529 v.
461 3480 484 3530 4.
502 3484 526 3529 44
541 3481 624 3530 trades
638 3479 680 3529 444
694 3479 760 3529 votes
775 3491 828 3530 orn.
842 3479 873 3531 42
890 3493 916 3544 p.
931 3506 957 3515 -
976 3481 1002 3532 2.
1018 3480 1102 3531 reddis
1118 3480 1194 3544 Legg.
1207 3481 1314 3545 praeter
1329 3481 1361 3532 29
1378 3483 1405 3532 et
1420 3481 1460 3534 42.
1475 3509 1503 3519 -

198 3565 222 3615 3.
241 3565 357 3614 andimus
376 3564 421 3622 29;
448 3568 492 3613 ant
512 3564 628 3614 audimus
648 3563 688 3615 42.
715 3591 743 3601 -
769 3565 793 3614 b.
811 3569 903 3614 444444
924 3564 947 3614 6.
966 3565 997 3614 22
1015 3566 1042 3614 44
1057 3563 1089 3614 42
1104 3577 1131 3628 p.
1154 3591 1182 3602 -
1209 3564 1232 3614 7.
1250 3564 1365 3615 44444444
1379 3564 1412 3617 42
1428 3579 1454 3631 p.
1475 3593 1500 3604 -

197 3650 221 3699 8.
239 3648 316 3698 iudea
332 3647 453 3714 obtinebit]
470 3648 581 3698 videlieet
596 3647 628 3700 42
645 3661 672 3713 p.
692 3675 719 3684 -
739 3648 762 3698 9.
781 3647 802 3698 44
819 3647 895 3698 obest
911 3662 926 3698 4
943 3648 974 3700 42
990 3661 1017 3714 p.
1038 3675 1065 3685 -
1084 3649 1124 3698 44.
1142 3651 1212 3712 nepot
1228 3661 1281 3699 om.
1299 3649 1346 3710 29;
1363 3655 1439 3714 nepot
1453 3650 1504 3700 oti-

197 3733 292 3796 44444.
312 3731 366 3796 (sie)
385 3733 428 3794 qui
443 3733 578 3795 Sopatrum
593 3731 625 3784 42
642 3745 668 3798 p.
683 3759 709 3768 -
728 3733 768 3782 42.
786 3731 894 3796 desendet
910 3733 952 3783 29.
966 3758 993 3767 -
1013 3733 1053 3783 49.
1071 3732 1216 3782 tantun
1227 3733 1377 3784 4444444444.
1390 3734 1422 3786 42
1432 3747 1459 3800 p.
1473 3761 1501 3771 -

197 3817 236 3870 44.
253 3817 385 3880 peouniom
400 3816 432 3866 ab
448 3815 632 3867 4444444444444
646 3815 678 3868 42
695 3829 721 3882 p.
740 3819 820 3867 reete.
840 3817 901 3880 (om.
914 3816 951 3879 Z.)
969 3840 996 3852 -
1015 3817 1055 3867 44.
1073 3810 1236 3867 Habitieenses
1251 3814 1283 3867 42
1300 3829 1327 3882 p.
1344 3843 1371 3852 -
1390 3817 1430 3869 48.
1442 3818 1505 3870 44444

196 3915 288 3968 aspare
301 3906 372 3965 pates
387 3914 460 3966 susp.
473 3901 568 3952 Bakius
585 3899 602 3950 Ι.
615 3913 639 3951 4.
658 3913 685 3965 p.
698 3901 755 3950 498.
770 3927 797 3936 -
815 3900 856 3950 24.
874 3905 944 3962 teque
960 3900 1022 3966 444)
1041 3905 1120 3950 terum
1135 3899 1166 3951 42
1178 3913 1204 3966 p.
1219 3925 1246 3938 -
1264 3900 1306 3951 22.
1323 3901 1503 3954 condemnari

196 4000 252 4038 eam
273 3984 625 4050 b.eous.er·ispnmri2p.
645 4011 672 4020 -
696 3984 846 4036 26444444
867 3985 933 4050 peris
953 3983 1270 4050 4444444444444424.
1290 4013 1317 4022 -
1341 3985 1381 4037 36.
1399 3989 1503 4052 arripite

195 4086 245 4122 non
260 4071 382 4134 oiiupeius
396 4071 495 4134 [444444
509 4069 541 4121 42
557 4083 584 4135 p.
604 4095 632 4104 -
649 4069 691 4120 34.
708 4073 736 4119 ut
751 4081 822 4119 44444
838 4070 922 4118 amnia
932 4069 1094 4119 --oidmtur
1109 4067 1141 4120 42
1157 4081 1184 4134 p.

259 4168 318 4220 pag.
337 4155 395 4207 293.
412 4168 438 4206 v.
456 4155 481 4203 4.
498 4154 578 4204 Habes
593 4153 696 4216 bospitio
715 4154 800 4204 Verres
815 4166 871 4203 enm
886 4166 946 4203 4444
961 4157 1021 4204 esset
1035 4158 1058 4204 44
1073 4154 1141 4216 opud
1156 4166 1223 4216 4444,
1241 4166 1298 4204 eum
1309 4154 1416 4205 tbnmis
1430 4169 1502 4220 saepe

194 4252 297 4290 umnero
316 4239 413 4302 4444444,
438 4239 514 4290 etiam
535 4237 665 4288 babitasset
686 4239 762 4288 eeute
782 4240 930 4302 suspicatur
945 4238 1039 4288 Bekius
1055 4236 1073 4288 1.
1091 4251 1114 4289 4.
1133 4251 1160 4303 p.
1179 4239 1235 4289 498.
1261 4263 1289 4276 -
1314 4239 1337 4289 2.
1357 4253 1408 4289 non
1422 4241 1501 4292 444444

129 4345 130 4350 4
194 4335 309 4388 pronon
324 4325 396 4374 modo
412 4337 460 4375 nos
476 4323 650 4384 restituimus,
673 4324 734 4386 quia
755 4321 877 4373 distinete
900 4333 915 4370 4
932 4311 1037 4385 Legem.
1059 4321 1182 4372 traditum
1199 4325 1240 4374 est
1261 4323 1287 4373 in
1303 4323 1426 4375 omnibus
1444 4327 1500 4393 suis

194 4407 273 4458 sotum
287 4420 337 4472 pro
352 4409 424 4458 niodo
440 4408 558 4458 inveniri.
580 4435 607 4444 -
625 4407 668 4458 444
678 4433 716 4446 --
726 4407 798 4456 domo
814 4406 866 4456 4444
881 4419 933 4457 om.
952 4404 983 4455 42
1000 4419 1026 4471 p.
1042 4433 1069 4442 -
1088 4405 1112 4456 3.
1131 4406 1216 4456 orinia
1231 4407 1302 4458 darno
1318 4420 1371 4458 om.
1389 4408 1441 4459 4444
1456 4410 1497 4460 29.

196 4519 222 4528 -
242 4492 267 4542 6.
285 4491 374 4542 deitato
389 4491 420 4543 42
436 4506 479 4557 p.;
497 4491 627 4542 4444444444
642 4489 698 4542 reti.
711 4491 788 4554 Legg.
804 4515 831 4528 -
850 4495 873 4540 44
888 4490 1011 4540 corinthia
1026 4495 1049 4540 44
1065 4489 1162 4542 inbutos
1178 4490 1210 4543 42
1220 4504 1247 4556 p.
1262 4519 1290 4528 -
1309 4493 1332 4542 6.
1346 4491 1412 4557 bme]
1427 4493 1500 4556 {obre

194 4588 285 4640 margo
302 4575 345 4626 ed.
364 4577 448 4635 Cret.;
466 4575 562 4639 affabre
577 4574 670 4626 bamb.
691 4603 718 4612 -
736 4575 777 4625 23.
794 4575 1010 4640 Kartdopinienses
1026 4577 1053 4625 44
1068 4589 1094 4624 4.
1112 4575 1153 4625 26.
1170 4575 1298 4640 Kortbopo
1314 4575 1395 4626 hebet
1411 4575 1452 4628 42.
1467 4605 1494 4614 -

194 4661 234 4711 26.
253 4673 402 4723 recuperare
418 4673 471 4710 om.
484 4659 515 4712 42
530 4673 558 4724 p.
571 4686 598 4696 -
617 4660 658 4710 27.
675 4660 695 4708 44
710 4672 760 4708 sese
772 4659 885 4724 ittermis]
902 4659 940 4708 bis
955 4659 1098 4708 oebanntnis
1114 4658 1145 4710 42
1156 4672 1194 4725 p.,
1213 4673 1245 4710 ex
1262 4673 1314 4723 quo
1330 4658 1428 4711 mendo
1444 4661 1497 4712 hoa

195 4744 303 4810 quidem
321 4745 431 4810 apparet
447 4745 474 4794 in
490 4745 546 4796 eius
563 4744 707 4810 archetypo
724 4757 776 4794 non
792 4756 854 4805 sese,
871 4741 920 4792 sed
936 4755 960 4793 44
977 4743 1047 4806 quod
1063 4742 1086 4790 V
1102 4742 1196 4805 habet,
1215 4745 1341 4810 seriptum
1357 4744 1445 4796 brisso.
1466 4771 1494 4780 -

193 4828 233 4880 29.
251 4829 285 4894 bi]
302 4827 372 4880 4442
388 4843 415 4894 p.
435 4827 495 4892 (om.
514 4827 567 4891 2.),
585 4832 738 4894 corruptum
755 4841 787 4878 ex
803 4828 825 4877 44
842 4826 870 4891 (ii
886 4824 967 4877 hebet
983 4826 1023 4890 V).
1044 4853 1070 4862 -
1089 4827 1129 4878 34.
1147 4829 1199 4891 ipse
1214 4828 1246 4881 42
1263 4841 1289 4894 p.
1308 4830 1335 4880 et
1349 4827 1390 4878 29.

256 4926 317 4978 pag.
335 4911 392 4964 204.
410 4927 436 4964 v.
456 4914 479 4963 4.
495 4912 631 4977 4444444444
641 4913 672 4963 V.
693 4940 719 4949 —
737 4913 762 4962 2.
780 4925 837 4962 eum
851 4910 914 4960 iibro
931 4922 984 4960 om.
1002 4910 1043 4961 29.
1056 4937 1083 4946 -
1103 4911 1126 4962 3.
1145 4913 1188 4975 qai
1202 4913 1250 4976 fait
1264 4913 1409 4963 [4444444444
1422 4911 1493 4962 bene

193 5011 265 5064 susp.
283 4997 377 5049 Bokius
393 4995 410 5049 ι.
425 5011 448 5048 4.
466 5011 492 5063 p.
507 4997 562 5048 499.
577 5025 604 5034 -
623 4997 647 5048 4.
665 4997 712 5046 bae
727 4997 772 5046 iste
788 4995 962 5046 arduissimam
978 4996 1151 5058 concupiverat
1166 4996 1198 5049 42
1213 5011 1240 5062 p.
1255 5023 1282 5035 -
1301 4997 1324 5047 ι.
1342 5000 1370 5046 at
1385 4994 1437 5046 iam
1448 5008 1493 5046 nos

192 5081 223 5134 42
239 5097 266 5148 p.
286 5109 315 5122 -
338 5081 362 5132 6.
379 5083 470 5136 tomen
488 5095 574 5136 444444
592 5081 666 5135 indm
682 5081 722 5132 29.
746 5107 775 5118 -
793 5093 924 5146 possumus
944 5079 1043 5132 hebent
1059 5081 1084 5132 6.
1102 5081 1141 5132 29.
1159 5079 1199 5133 48.
1219 5081 1280 5144 (om.
1297 5080 1348 5143 Ζ.);
1370 5079 1492 5146 passienus
