3578 5862
572 434 648 502 cn.
668 435 812 502 n-un
839 432 898 520 si·
919 429 1108 500 iss-rie.
1350 432 1353 438 ·
1438 429 1500 500 ese

1 596 8 646 ⁸
30 603 32 606 ’
115 608 320 674 oratione
340 609 482 692 asperius
503 607 587 672 dicta
607 607 785 682 recitasset,
807 627 871 690 quo
893 607 990 670 animi
1011 605 1138 670 illorum
1151 604 1292 671 indicum
1306 608 1340 672 in
1355 609 1501 676 Crassum

1 702 7 742 l
114 701 436 779 incenderentur,
468 703 665 786 aliquantum
693 719 763 764 esse
792 707 966 764 commotus
995 699 1119 764 dicitur.
1162 694 1235 763 tit.
1255 701 1367 786 ltaque
1395 704 1430 769 in
1451 727 1501 770 re·

120 796 360 879 spondendo
389 799 526 880 primum
554 795 704 878 exposuit
724 795 888 878 utriusque
910 795 1066 859 rationem
1087 795 1254 877 temporis,
1279 804 1314 860 ut
1336 799 1437 862 oratio
1461 821 1502 864 ex

3 891 8 938 t
120 908 175 952 re
206 896 259 954 et
284 910 379 955 causa
399 891 508 954 habita
529 889 704 963 videretur,
727 886 860 963 deinde,
883 895 921 952 ut
933 888 1110 971 intelligere
1129 895 1239 971 posset
1250 891 1383 965 Brutus,
1406 911 1502 975 quem

7 991 14 1056 l
124 981 336 1048 hominem
358 993 391 1048 et
411 1003 476 1048 non
499 983 601 1048 solum
623 1002 688 1066 qua
709 981 908 1066 eloquentia,
929 1001 1038 1047 verum
1060 982 1154 1048 etiam
1177 1003 1240 1068 quo
1260 983 1370 1067 lepore
1387 992 1419 1049 et
1433 985 1526 1068 qui-t

8 1089 13 1130 t
126 1076 216 1140 bus
252 1076 381 1144 facetiis
413 1077 592 1163 praeditum
620 1077 817 1152 lacessisset,
850 1083 913 1140 tres
943 1077 1012 1158 ipse
1041 1075 1192 1140 excitarit
1217 1079 1401 1142 recitatores
1430 1098 1503 1141 oum

10 1211 14 1230 .
133 1170 309 1252 singulis
329 1172 464 1249 libellis,
487 1190 569 1255 quos
590 1171 633 1234 ii.
654 1171 786 1246 Brutus,
813 1177 904 1254 pater
923 1170 1011 1234 illius
1032 1171 1241 1247 accusatoris,
1264 1172 1304 1236 de
1326 1173 1394 1236 iure
1418 1173 1503 1238 ciuili
1621 1129 1648 1232 ί

9 1279 15 1324 l
132 1262 312 1347 reliquit.
348 1269 466 1333 Eorum
486 1265 576 1329 initia
598 1283 669 1328 cum
690 1259 913 1340 recitaren't'rir,
941 1285 994 1339 ea,
1026 1281 1107 1348 quae
1136 1264 1227 1328 robis
1256 1274 1332 1331 nota
1355 1287 1424 1332 esse
1454 1288 1504 1331 ar·
1532 1331 1536 1340 ,

137 1357 290 1434 bitror,
324 1363 441 1426 rForte
451 1357 467 1448 l
470 1360 576 1426 evenit
614 1365 650 1422 ut
677 1358 743 1422 ruri
771 1359 805 1422 in
834 1358 1011 1424 Privernati
1033 1377 1174 1450 essenus
1196 1378 1255 1442 ego
1277 1368 1310 1424 et
1329 1362 1444 1424 Brutus
1465 1360 1503 1423 fi·
1594 1350 1668 1452 r}

140 1440 274 1542 lius»)
296 1452 428 1520 fundum
450 1457 664 1520 Privernatem
685 1453 863 1536 flagitabat:
887 1448 946 1534 pin
959 1452 1083 1516 Albano
1105 1471 1231 1517 eramus
1254 1473 1312 1536 ego
1335 1460 1368 1518 et
1389 1455 1503 1520 Brutus
1514 1443 1560 1537 4ο,Ι
1587 1479 1652 1562 ¹,p

144 1532 304 1640 filius»)
334 1550 490 1614 Albanum
518 1549 687 1632 poscebat:
727 1547 789 1610 cin
818 1548 939 1612 Tiburti
954 1541 1049 1624 (forte
1079 1530 1354 1612 cum‘assedimus
1385 1567 1445 1630 ego
1473 1557 1504 1613 et
1545 1556 1556 1620 μ’

14 1645 15 1654 ’
146 1633 436 1742 Brutus‘filiusi,
468 1645 629 1708 Tiburtem
650 1641 784 1706 tirndnm
805 1642 1008 1727 requirebat:
1041 1642 1171 1706 Brutum
1193 1615 1332 1717 autam?
1343 1641 1503 1742 bominem
1535 1641 1540 1653 ’
1573 1583 1649 1734 ᾧ

151 1737 368 1817 sapientam,
398 1738 484 1820 qnod
512 1736 571 1800 lilii
599 1737 774 1819 nequitiam
804 1736 944 1812 rideret,
974 1754 1056 1820 quae
1085 1734 1217 1818 praedia
1238 1735 1268 1798 ei
1289 1735 1504 1818 relinqueret,

47 1873 54 1895 .
152 1827 340 1894 testificari
367 1830 506 1896 soluisse
535 1828 669 1894 dicebat
713 1828 808 1904 Quod
837 1830 866 1893 si
893 1831 1055 1913 potuisset
1074 1829 1208 1894 honeste
1231 1829 1385 1905 scribere,
1415 1850 1449 1893 se
1471 1832 1504 1894 in

152 1923 296 1988 balneis
318 1944 391 1990 cum
412 1927 444 1990 id
467 1926 576 1988 sends
597 1921 664 1987 filio
684 1923 802 2000 fuisse,
824 1945 891 1989 non
912 1925 1129 2008 praeterisset:
1153 1943 1206 1988 eas
1229 1944 1264 1988 se
1284 1930 1391 1987 tamen
1411 1924 1451 1986 ab
1466 1941 1542 1988 eois

156 2016 305 2081 balneas
326 2039 393 2083 non
415 2039 457 2084 cx
477 2019 566 2082 libris
588 2019 704 2101 patris,
727 2019 783 2084 sed
805 2037 847 2082 ex
868 2019 982 2084 tabulis
1004 2027 1035 2082 ct
1057 2038 1098 2082 ex
1115 2037 1213 2082 censu
1227 2037 1390 2102 quaerere.
1414 2018 1505 2082 Gras-

160 2131 230 2174 sus
252 2118 318 2176 tum
340 2113 386 2178 ita
406 2116 538 2178 Brutum
558 2111 645 2176 ultus
668 2120 731 2187 est,
752 2120 789 2177 ut
809 2114 901 2177 illum
921 2112 1118 2176 recitationis
1132 2131 1209 2176 suae
1226 2111 1412 2196 poeniteret.
1436 2111 1504 2175 Mo·

159 2207 253 2270 leste
282 2207 368 2272 enim
397 2208 530 2272 fortasse
561 2207 677 2272 tulerat
698 2227 733 2270 se
755 2208 789 2272 in
810 2207 850 2272 iis
873 2207 1070 2272 orationibus
1091 2208 1336 2290 reprehensum,
1365 2226 1442 2290 quas
1465 2206 1504 2268 de

159 2321 204 2364 re
239 2301 366 2385 publiea
396 2301 575 2377 habuisset,
609 2301 644 2364 in
672 2302 789 2386 quibus
819 2302 952 2366 forsitan
981 2303 1081 2385 magis
1109 2303 1288 2386 requiratur
1317 2300 1503 2364 constantia.

164 2390 247 2456 tiu.
271 2395 340 2477 Ego
362 2404 468 2460 autem
490 2395 547 2460 illa
568 2396 700 2460 recitata
720 2415 790 2460 essa
812 2415 877 2460 non
899 2396 1031 2460 moleste
1051 2395 1131 2460 iero.
1164 2397 1274 2480 Neque
1289 2396 1373 2460 enim
1388 2394 1427 2458 ab
1449 2395 1544 2462 ilion

162 2497 333 2572 tempore,
355 2489 442 2575 quod
464 2498 532 2554 tum
554 2497 638 2564 erat,
659 2509 765 2575 neque
787 2491 826 2553 ab
847 2511 885 2554 ca
899 2509 1012 2566 musa,
1035 2510 1116 2574 quae
1131 2498 1199 2554 tum
1213 2490 1379 2574 agebatur,
1400 2491 1505 2556 aliena

162 2583 317 2646 firerunt:
339 2603 443 2668 neque
466 2583 544 2647 mibi
566 2583 740 2668 quidquam
762 2585 869 2648 oneris
891 2585 1032 2667 suscepi,
1055 2603 1125 2648 cum
1146 2585 1201 2648 illa
1215 2584 1298 2660 dixi,
1320 2585 1503 2668 quominus

162 2676 306 2742 honeste
328 2677 410 2742 hanc
433 2697 561 2742 causam
585 2684 618 2742 et
638 2678 737 2742 libere
758 2697 888 2760 possem
909 2677 1089 2741 defendere.
1126 2678 1220 2754 Quod
1242 2678 1270 2744 si
1291 2679 1386 2744 velim
1407 2673 1504 2742 confi·

164 2772 234 2834 teri
250 2791 306 2835 me
331 2791 458 2836 causam
479 2771 516 2835 i.
533 2772 670 2835 Cluentii
692 2791 776 2836 nunc
797 2792 970 2855 cognosse,
991 2780 1085 2839 antea
1104 2772 1205 2838 fnisse
1224 2774 1259 2838 in
1280 2772 1336 2838 illa
1355 2771 1503 2857 populari

162 2864 342 2948 opinione,
365 2866 439 2950 quis
460 2865 589 2930 tandem
609 2866 642 2929 id
656 2867 759 2948 possit
771 2865 1027 2951 reprehenderet
1048 2867 1251 2951 praesertim,
1271 2866 1409 2943 indices,
1432 2883 1541 2934 cnmrt

164 2981 186 3024 a
223 2960 315 3024 vobis
345 2979 476 3044 quoqne
505 2960 582 3044 ipsis
611 2959 674 3022 hoc
702 2961 862 3044 impetrari
887 2960 929 3024 sit
948 2961 1193 3046 aequissimum,
1222 2958 1308 3046 qnod
1330 2981 1389 3044 ego
1411 2967 1444 3023 et
1464 2959 1503 3022 ab

164 3053 263 3118 initio
293 3055 395 3138 petivi
425 3061 457 3118 et
485 3073 571 3117 nunc
592 3062 685 3139 peto,
714 3062 765 3129 ut,
794 3055 823 3118 si
844 3073 940 3138 quam
961 3054 1025 3118 buc
1046 3055 1222 3138 graviorem
1245 3055 1285 3118 de
1304 3055 1360 3118 illo
1381 3054 1502 3119 iudicio

168 3147 357 3230 opinionem
387 3147 552 3221 anulistis,
582 3147 664 3211 liano
693 3167 789 3213 causa
809 3156 975 3232 perspecta
996 3155 1092 3232 atque
1113 3151 1201 3213 omni
1221 3150 1354 3214 veritate
1376 3148 1504 3232 cognita

171 3240 353 3323 deponatis.
405 3271 409 3278 ·

256 3335 323 3396 LII.
342 3329 414 3398 lli.
437 3335 544 3408 Nunc,
567 3334 718 3417 quonian:
733 3335 910 3410 adomnia,
933 3353 1015 3418 qnae
1037 3336 1093 3400 abs
1115 3343 1146 3400 te
1162 3337 1351 3414 dictasunt,
1374 3340 1410 3402 T.
1425 3337 1539 3414 Atti,so

173 3430 213 3492 de
234 3427 406 3510 Oppianici
428 3428 628 3492 damnatione
656 3427 823 3513 respondi,
853 3425 1022 3493 confiteare
1042 3449 1172 3494 neceme
1194 3438 1243 3494 est
1265 3438 1295 3494 te
1318 3432 1501 3516 opinionem

174 3521 307 3586 multum
336 3520 506 3596 fefellisse,
538 3522 626 3604 quod
655 3523 862 3600 existimaris,
890 3543 941 3586 me
964 3543 1090 3590 causam
1111 3526 1148 3587 i.
1171 3524 1310 3589 Cluentii
1332 3545 1397 3590 non
1417 3526 1500 3590 iacto

176 3617 260 3690 eius,
291 3615 347 3680 sed
376 3616 447 3699 lege
474 3615 688 3680 defensurum.
723 3609 802 3682 Nam
822 3618 885 3682 boo
906 3638 1061 3703 persaepe
1084 3618 1210 3696 dixisti,
1238 3619 1296 3684 tibi
1318 3621 1363 3684 sic
1384 3641 1501 3685 renun-

176 3709 264 3786 tiari,
288 3726 339 3772 me
360 3708 478 3774 babere
499 3709 533 3774 in
554 3710 661 3774 animo
683 3730 811 3776 oausam
831 3712 914 3776 banc
935 3714 1095 3796 praesidio
1110 3713 1190 3796 legis
1205 3713 1384 3778 defendere.
1412 3717 1500 3780 Itane

177 3807 245 3869 esti
279 3803 319 3866 ab
351 3804 461 3868 amicis
490 3805 707 3889 imprudentes
728 3807 877 3870 videlicet
897 3808 1078 3892 prodimur,
1112 3813 1143 3870 et
1164 3813 1213 3872 cst
1233 3808 1343 3872 nescio
1366 3808 1438 3892 quis
1460 3810 1538 3877 deso

177 3900 231 3974 iis,
263 3916 345 3982 quos
374 3898 492 3962 amicos
520 3898 613 3962 nobis
640 3899 843 3975 arbitramur,
876 3901 933 3985 qui
955 3909 1063 3966 nostm
1085 3901 1219 3966 consilia
1240 3899 1281 3965 ad
1303 3901 1499 3970 adversarios

177 3993 301 4060 delerat.
344 3992 497 4068 Quisnam
526 3991 588 4056 hoo
616 3993 672 4056 tibi
701 3995 915 4058 renuntiavit?
949 3994 1021 4078 quis
1049 4004 1114 4060 tam
1136 3995 1302 4080 improbus
1322 3996 1405 4061 tuiti
1440 3996 1499 4062 Cui

235 4181 259 4231 l.
277 4179 398 4230 eidam
414 4178 484 4228 Τ.-
502 4179 528 4230 i.
545 4179 573 4228 ts
589 4180 752 4230 om.si.·-
771 4179 978 4243 epomisn-
996 4181 1021 4234 i.
1040 4181 1071 4246 ct]
1089 4195 1122 4234 aa
1138 4183 1171 4243 T:
1189 4183 1326 4234 etecSL.
1347 4183 1497 4250 elisae.

179 4279 203 4292 -
220 4255 243 4305 6.
260 4255 312 4319 ipse
328 4253 388 4304 ST:
406 4258 430 4305 et
444 4253 497 4317 lpse
513 4253 655 4308 iiiito.
674 4281 701 4292 -·
721 4254 746 4306 9.
763 4254 904 4306 mmcd
921 4256 1107 4321 Quintilianus,
1126 4259 1277 4311 Priscianus
1296 4259 1358 4322 (vn.
1372 4260 1417 4322 ti,
1436 4261 1497 4325 io),

178 4327 499 4385 ommatius.
523 4356 550 4367 -
574 4343 651 4382 usca
671 4331 698 4382 s.
718 4355 746 4368 -
771 4331 811 4381 ll.
830 4330 1079 4397 Albocsm--ptltcs
1101 4344 1155 4383 om.
1174 4333 1234 4385 sii.
1254 4359 1281 4369 -
1308 4332 1447 4389 naras.
1468 4361 1495 4372 -

177 4405 443 4470 epoctlirotrollltsu
459 4419 513 4457 om.
533 4405 589 4458 Fi.
610 4433 638 4444 -
659 4405 699 4458 ts.
718 4407 886 4472 testificoma
903 4407 991 4458 sisi.
1011 4433 1039 4444 -
1061 4406 1167 4458 colore
1183 4406 1500 4460 accasamentis:
1521 4407 1522 4410 ’

177 4479 409 4536 wlstano·
428 4481 794 4545 repromissoris.-
813 4482 1010 4533 seom.s'i.-
1029 4480 1070 4532 to.
1088 4483 1285 4534 scdom.l¹.-
1303 4484 1500 4536 manemus

179 4567 224 4607 om.
236 4555 263 4606 S.
278 4581 305 4594 -·
324 4557 365 4607 t8.
383 4557 422 4608 tls
436 4557 548 4608 siri.
562 4583 590 4594 -
608 4557 649 4608 io.
667 4569 718 4610 esra
733 4569 787 4608 om.
801 4557 891 4606 Fili.
906 4581 933 4594 -
952 4557 993 4608 it.
1010 4557 1081 4621 {tam
1096 4556 1150 4606 S'i.
1169 4555 1210 4608 ci.
1223 4557 1375 4621 Zumptinm
1385 4556 1420 4608 ad
1431 4557 1499 4609 Ver·

179 4631 221 4682 rin.
237 4643 265 4696 p.
282 4631 339 4682 lii.
358 4657 387 4670 -
412 4632 458 4682 illu
482 4629 614 4684 Halmius:
640 4633 754 4691 ilasi:
779 4627 989 4684 moninio.
1018 4659 1045 4670 -
1067 4630 1110 4683 il.
1128 4643 1245 4697 :ommes
1261 4632 1329 4692 Tit:
1353 4645 1499 4698 morerere

180 4703 252 4760 lii.
272 4731 300 4742 -
326 4706 381 4771 iila]
399 4707 503 4758 cesi.
520 4731 548 4744 -
570 4705 897 4771 pqcunqeemsr:
916 4705 1325 4771 opiomaspcpcloriltibio.
1346 4733 1373 4744 -·
1392 4707 1433 4759 it.
1451 4709 1498 4759 iac-

178 4785 268 4846 pstrcrs
284 4779 312 4836 2.
327 4807 356 4820 -
373 4783 415 4834 ii.
433 4781 489 4848 buc]
505 4783 563 4834 bute
579 4785 640 4846 si,
657 4783 707 4835 sed
724 4784 740 4832 s
757 4780 843 4832 littera
859 4781 871 4830 i
886 4785 1025 4846 expuncta.
1045 4781 1084 4834 ci.
1097 4781 1122 4846 S.
1134 4782 1160 4833 6.
1175 4809 1203 4820 -
1220 4782 1262 4834 28.
1280 4783 1328 4834 boc
1344 4785 1414 4835 8.-
1431 4788 1498 4835 ctae

180 4855 255 4907 tes&
272 4856 326 4906 si.
346 4881 373 4892 -
392 4855 434 4907 3⁰.
453 4859 479 4908 Τ.
498 4871 552 4909 om.
571 4859 624 4909 si.
644 4885 672 4896 -
690 4857 731 4909 il.
750 4856 892 4922 connum
907 4857 961 4907 si.
981 4884 1008 4896 -·
1027 4855 1068 4908 33.
1085 4858 1498 4922 Nmtoc--tprarcoostioctt

181 4930 342 4993 Quintilianm
352 4931 385 4982 V.
397 4931 443 4994 ta,
461 4931 502 4985 ii.
525 4959 552 4970 -
572 4933 628 4984 dici
644 4930 793 4994 Quintiliani
810 4929 916 4982 codices
933 4932 1033 4996 optimi.
1053 4959 1081 4968 -
1099 4931 1140 4984 aa.
1157 4933 1324 4997 maumas
1338 4931 1449 4984 videlice
1464 4933 1494 4996 s,

181 5003 355 5067 Quintilianus:
377 5006 816 5071 metensomatosis:
839 5007 1336 5071 medicamentarium·
1360 5005 1494 5068 36.s'rli;

180 5080 333 5131 tostii.
354 5107 382 5120 -
400 5081 478 5147 mite]
495 5087 594 5133 moos
610 5083 661 5138 ST.
682 5109 709 5122 -
727 5083 901 5136 amuranus
917 5080 1100 5144 Quintilianus.
1113 5111 1142 5124 ·-
1160 5084 1201 5138 37.
1218 5085 1264 5137 boe
1278 5081 1323 5136 citt
1338 5081 1397 5146 si,
1415 5081 1494 5145 Quin·

181 5153 286 5210 sunm:
303 5155 568 5216 dMlocRiLllO.
912 5159 914 5162 '
