3642 5862
534 436 602 500 m.
625 435 663 500 v.
692 431 766 499 cm.
787 430 947 498 rv-vr.
975 427 1032 515 cr.
1053 423 1190 495 7-ra.
1397 399 1400 406 '
1464 423 1527 491 ssa

202 607 367 684 nominati,
390 605 610 690 comprehensi
633 609 706 669 sunt
720 603 912 688 adductique
927 601 1123 687 Lilybaeum.
1153 601 1291 664 Domino
1306 597 1527 665 denuntiatum

204 709 267 768 est:
289 721 385 766 causa
407 700 505 765 dicta:
528 699 678 764 damnati.
712 699 750 764 V.
773 697 858 774 Quid
880 697 1017 762 deinter
1039 697 1118 781 quid
1139 696 1294 760 censetis?
1315 695 1446 759 Furtum
1465 694 1530 759 lor·

204 805 288 868 tasse
303 803 358 860 aut
371 794 521 880 praedam
532 794 721 878 exspectatis
733 793 882 903 aliquam.
896 791 1002 855 Nolite
1013 811 1117 875 usque
1130 809 1257 876 quaque
1269 788 1529 875 idemquaerere.
1631 783 1657 879 3

204 891 240 953 lu
263 896 349 953 metu
370 889 447 954 belli
469 888 596 953 iurandi
617 890 706 952 locus
734 909 789 973 qur
811 888 1027 972 potestesse?
1069 885 1173 950 Etiam
1200 885 1227 948 si
1251 903 1314 969 qua
1334 884 1396 949 suit
1414 886 1449 948 in
1469 885 1530 950 bac

204 1003 239 1047 re
261 985 398 1058 occasio,
419 984 643 1068 praetermissa
665 990 722 1046 est.
755 985 836 1045 Tum
857 983 963 1066 potuit
983 1001 1002 1044 a
1022 978 1164 1045 Leonida
1185 1000 1386 1044 nummorum
1408 980 1554 1064 aliquidr

204 1077 340 1154 auferre,
363 1099 435 1142 cum
457 1078 666 1153 denuntiarit,
687 1083 724 1140 ut
745 1057 978 1161 adesset(Fuit
998 1074 1187 1138 nundinatio
1210 1073 1370 1168 aliqua)et
1390 1075 1443 1139 isti
1466 1094 1531 1138 uon
1652 1148 1667 1154 ,Ἴ

204 1193 297 1247 nova,
319 1191 361 1236 nc
383 1190 510 1236 causam
532 1166 808 1262 dicerent:(etiam
823 1157 1075 1262 alter'locus,)ut
1088 1168 1335 1231 absolverentur.
1368 1168 1531 1232 Damnatis
1604 1152 1684 1222 θ’

205 1267 334 1350 quidem
357 1265 456 1331 servis
478 1285 561 1350 apiae
582 1264 756 1348 praedandi
777 1270 883 1348 potest
906 1282 976 1327 esse
999 1263 1100 1325 r'atioi
1121 1261 1256 1324 Produci
1278 1261 1319 1325 ad
1341 1263 1532 1348 supplicium

206 1379 335 1424 necesse
357 1369 415 1424 est.
458 1363 570 1425 Testes
599 1360 684 1424 enim
714 1365 788 1422 suut
816 1358 927 1443 quiin
950 1356 1083 1421 consilio
1110 1354 1249 1430 suerunt,
1271 1361 1367 1420 testes
1389 1357 1532 1442 publicae

206 1455 347 1530 tabulae,
380 1456 471 1520 testis
500 1453 756 1540 splendidissima
783 1453 893 1517 civitas
921 1451 1139 1535 Lilybaetana,
1173 1450 1263 1513 testis
1288 1450 1570 1514 honestissimusro

207 1549 427 1634 maximusque
442 1555 617 1613 conventus
630 1547 748 1611 civium
759 1547 983 1610 Romanorum.
1005 1544 1089 1608 Fieri
1104 1543 1184 1607 nibil
1197 1550 1319 1628 potest:
1334 1543 1532 1628 producendi

207 1652 291 1708 sunt.
324 1646 436 1729 ltaque
457 1644 675 1727 producuntur
696 1648 728 1704 et
749 1640 789 1704 ad
811 1640 919 1723 palum
940 1637 1119 1721 alligantur.
1152 1631 1203 1699 ll.
1224 1637 1328 1702 Etiam
1349 1658 1434 1702 nunc
1455 1637 1533 1702 mihi

207 1745 392 1823 exspectare
413 1737 582 1813 videmini,
611 1727 750 1810 iudices,
780 1734 857 1819 quid
881 1732 995 1796 deinde
1016 1731 1134 1795 iactum
1162 1734 1221 1806 sit,
1251 1732 1338 1816 quod
1365 1733 1426 1796 iste
1453 1731 1533 1795 nibil

207 1851 358 1916 umquam
379 1831 456 1896 t'ecit
477 1831 547 1895 siue
569 1830 678 1914 aliquo
701 1836 834 1915 quaestu
858 1835 954 1911 atque
976 1824 1104 1910 praeda.
1138 1824 1223 1902 Quid
1246 1827 1279 1888 in
1301 1826 1371 1890 eius
1393 1825 1479 1889 modi
1499 1845 1534 1889 re

206 1925 276 1990 fieri
297 1925 424 2009 potuit?
457 1924 551 2002 Quod
573 1924 773 1988 commodum
795 1929 843 1986 est
862 1927 1045 2004 exspectate
1058 1919 1183 1984 facinus
1198 1939 1294 2006 quam
1307 1919 1404 1984 vultis
1418 1921 1573 2004 impro-rs

207 2019 298 2083 bum:
319 2019 444 2082 vincam
465 2025 572 2082 umen
594 2016 862 2101 exspectationem
886 2015 1038 2078 omnium.
1071 2013 1224 2078 Homines
1246 2013 1375 2077 sceleris
1390 2014 1537 2078 coniura-

207 2112 367 2196 tionisque
383 2111 534 2186 damnati,
557 2110 598 2175 ad
612 2110 803 2194 supplicium
817 2109 934 2184 traditi,
955 2108 997 2172 ad
1013 2108 1121 2191 palum
1135 2107 1264 2190 alliqati,
1282 2115 1414 2192 repente
1429 2109 1537 2173 multis

207 2207 335 2271 milibus
364 2206 530 2269 bominum
559 2205 810 2288 inspectantibus
839 2203 936 2268 soluti
965 2209 1040 2266 suut
1068 2209 1100 2266 et
1124 2201 1305 2266 Triocalino
1333 2202 1381 2267 illi
1408 2202 1536 2268 domino
1645 2236 1649 2244 ·

209 2300 336 2364 redditi.
381 2298 467 2375 Quid
488 2298 551 2363 hoc
572 2299 755 2381 locopotes
778 2298 901 2375 dicere,
929 2296 1024 2361 homo
1045 2296 1278 2371 amentissime,
1299 2297 1361 2361 uisi
1382 2299 1429 2376 id,
1452 2299 1537 2382 quod

209 2413 269 2477 eqo
290 2415 355 2458 non
377 2413 512 2479 quaero,
535 2392 620 2477 quod
643 2392 784 2476 deniqne
806 2393 839 2455 in
861 2413 896 2456 re
920 2398 984 2454 tam
1006 2390 1143 2464 nefaria,
1168 2391 1294 2454 tametsi
1317 2392 1452 2457 dubitari
1473 2405 1576 2458 nonno

208 2495 323 2572 potest,
345 2495 461 2562 tamen,
483 2509 525 2551 ne
547 2489 574 2550 si
598 2486 759 2550 dubitetur
780 2487 926 2570 quidem,
949 2486 1059 2571 quaeri
1082 2491 1242 2567 oporteat:
1265 2485 1342 2568 quid
1364 2493 1418 2550 aut
1439 2507 1539 2572 quau·

208 2588 276 2645 tum
299 2589 353 2646 aut
374 2602 438 2666 quo
454 2582 549 2645 modo
564 2582 746 2665 acceperis?
774 2581 912 2645 Remitto
934 2580 992 2644 tibi
1013 2579 1075 2642 boc
1096 2586 1197 2641 totum
1219 2585 1314 2662 atque
1337 2581 1398 2644 ista
1418 2589 1449 2644 te
1465 2601 1541 2646 cura

209 2677 331 2752 libero;
353 2695 459 2760 neque
481 2675 567 2738 euim
588 2681 712 2748 metuo,
734 2694 775 2737 ne
795 2675 858 2738 hoc
880 2675 1030 2758 cuiqnam
1051 2672 1294 2756 persuadeatur,
1315 2679 1367 2750 ut,
1390 2675 1430 2738 ad
1453 2677 1540 2760 quod
1565 2725 1575 2744 .
1678 2707 1680 2720 ·

208 2769 331 2835 lacinus
353 2790 447 2834 nemo
470 2777 597 2853 praeter
617 2776 649 2833 te
670 2768 737 2832 ulla
758 2771 894 2852 pecunia
916 2767 1030 2831 adduci
1051 2768 1208 2851 potuerit,
1241 2766 1274 2829 id
1295 2775 1330 2831 tu
1352 2769 1450 2852 gratis
1472 2791 1541 2834 sue·

210 2865 317 2948 cipere
338 2869 469 2927 conatus
492 2865 546 2927 sis.
589 2864 707 2926 Verum
737 2863 777 2926 de
798 2864 860 2927 ista
886 2861 1014 2926 iurandi
1041 2861 1278 2946 praedandique
1307 2865 1429 2929 ratione
1459 2863 1579 2928 nibiltt

210 2957 301 3022 dico:
325 2957 365 3021 de
387 2957 447 3021 hac
468 2958 670 3041 imperatoria
691 2957 754 3020 iam
776 2964 831 3020 tua
845 2957 939 3020 laude
953 2955 1092 3040 disputo.
1127 2955 1180 3019 Vl.
1203 2950 1254 3019 l2.
1277 2954 1361 3031 Quid
1376 2958 1435 3035 ais,
1456 2960 1541 3022 bone

211 3059 316 3115 custos
339 3050 552 3136 defensorque
573 3052 774 3137 provinciae?
810 3053 869 3126 Tu,
891 3071 973 3136 quos
996 3069 1104 3114 servos
1126 3070 1212 3114 arma
1233 3069 1346 3134 capere
1369 3059 1401 3114 et
1422 3053 1541 3116 bellum

209 3144 314 3208 facere
336 3146 370 3207 iu
392 3145 500 3208 Sicilia
520 3145 660 3208 voluisse
683 3165 837 3227 cognoras
858 3153 891 3207 et
914 3146 953 3207 de
976 3143 1101 3207 consilii
1121 3145 1278 3208 sententia
1292 3144 1460 3222 iudicares,
1481 3147 1541 3211 boe

211 3238 252 3302 ad
275 3237 465 3321 supplicium
487 3239 550 3302 iam
572 3258 660 3301 more
681 3237 837 3301 maiorum
864 3237 997 3300 traditos
1025 3257 1066 3300 ex
1096 3236 1201 3301 media
1226 3245 1328 3302 morte
1359 3241 1483 3324 eripere
1505 3261 1542 3304 ac

210 3332 345 3396 liberare
367 3351 462 3396 ausus
485 3351 531 3405 es,
551 3338 597 3405 ut,
619 3351 715 3416 quam
737 3331 892 3394 damnatis
915 3350 1040 3394 crucem
1062 3331 1161 3394 serris
1175 3329 1301 3407 fixeras,
1322 3332 1579 3401 banc-indem·eo

212 3427 295 3489 natis
316 3424 468 3492 videlicet
490 3425 611 3488 civibus
632 3425 782 3488 Romanis
803 3427 1002 3490 reservares?
1035 3424 1180 3490 Perditae
1202 3426 1345 3490 civitates
1368 3426 1542 3512 desperatis

212 3520 275 3582 iam
297 3519 442 3582 omnibus
471 3520 568 3582 rebus
595 3520 655 3584 hos
684 3518 788 3583 solent
813 3521 918 3584 exitus
941 3518 1085 3584 exitiales
1112 3519 1246 3596 habere,
1275 3529 1311 3586 ut
1338 3521 1479 3586 damnati
1508 3523 1543 3586 iu

213 3614 373 3696 integrum
394 3617 611 3690 restituantur,
633 3615 731 3679 rinoti
753 3614 932 3688 solvantur,
955 3613 1082 3678 exsules
1096 3613 1297 3690 reducautrm
1320 3615 1542 3681 resiudicatae

213 3707 444 3771 rescindantur.
481 3709 570 3784 Quae
593 3729 663 3773 cum
687 3710 845 3783 accidunt,
867 3727 960 3771 nemo
983 3715 1041 3783 eet,
1064 3709 1142 3793 quin
1164 3708 1321 3792 intelligat
1341 3729 1434 3774 ruere
1456 3709 1544 3774 illam

213 3821 282 3866 rem
302 3801 479 3888 publicam:
500 3802 580 3867 baec
601 3803 656 3868 ubi
678 3803 840 3878 eveniunt,
862 3822 956 3867 nemo
977 3810 1036 3878 cst,
1059 3803 1113 3888 qui
1129 3802 1228 3870 ullam
1243 3823 1332 3886 spem
1346 3805 1456 3870 emutis
1470 3805 1582 3870 reli-et

215 4025 267 4077 Ld:
284 4025 410 4091 memmii:
429 4029 503 4076 nant
517 4039 585 4076 nom.
603 4025 620 4075 't
636 4025 731 4090 Lagi-3
750 4039 817 4077 nom.
835 4029 908 4077 erant
923 4023 993 4090 ugia
1010 4025 1040 4076 0.
1054 4052 1081 4063 -
1096 4025 1120 4077 l.
1141 4025 1196 4076 den.
1215 4025 1306 4088 estlt3,
1325 4027 1341 4078 2
1359 4025 1437 4080 codd.
1451 4027 1543 4081 lamb.

216 4101 310 4162 (Madv.
328 4114 355 4166 p.
374 4099 441 4164 bil:
468 4091 591 4161 denen,
617 4104 646 4150 nt
661 4101 756 4151 adesset
772 4101 836 4152 dett.
856 4101 885 4153 0.
911 4101 1101 4167 (dcnmciatnm
1116 4101 1154 4165 u.)
1172 4127 1200 4137 -
1220 4101 1245 4152 ἱ,
1268 4102 1382 4153 &innati
1401 4107 1460 4154 sant
1478 4102 1544 4155 dett.

215 4177 244 4228 0.
265 4203 292 4214 —-
311 4175 335 4228 3.
354 4175 510 4242 carpocratis]
534 4177 651 4239 spectatis
666 4176 718 4238 na;
737 4189 791 4229 om.
811 4177 899 4239 Quint.
916 4178 958 4228 lll.
977 4178 1002 4238 2,
1020 4176 1061 4227 ii.
1089 4176 1128 4228 Cl.
1148 4175 1182 4227 ad
1198 4177 1240 4228 lV.
1260 4175 1285 4241 5.
1304 4177 1360 4229 tot.
1381 4205 1409 4215 -
1426 4177 1493 4230 idern
1508 4175 1546 4230 ut

215 4249 231 4301 λ
249 4253 283 4304 C:
303 4253 402 4315 quidem
413 4250 477 4302 dett.
498 4277 526 4288 -
539 4249 563 4303 l.
584 4253 627 4316 qni
643 4251 711 4302 iaceas
727 4251 791 4304 dett.
811 4252 840 4302 0.
856 4280 881 4289 -
896 4253 920 4304 7.
940 4255 1030 4304 diceret
1046 4251 1111 4303 dett.
1130 4253 1159 4303 0.
1174 4279 1202 4290 ·—
1215 4251 1240 4303 8.
1256 4253 1394 4316 possetlt3.
1420 4254 1454 4305 At
1469 4265 1547 4318 prae-

216 4339 279 4378 scus
294 4341 391 4378 necesse
406 4332 450 4388 cst,
469 4325 542 4390 qnod
559 4327 687 4390 sequitur,
706 4329 858 4378 necessario
875 4329 986 4393 requirit
998 4327 1024 4378 h.
1038 4326 1055 4380 l.
1065 4332 1154 4390 potest,
1173 4328 1245 4393 quod
1257 4329 1322 4380 dett.
1336 4327 1414 4381 codd.
1427 4331 1545 4380 servant.

214 4403 244 4454 ln
260 4403 302 4454 lrls
320 4401 550 4454 terminationibus
567 4401 611 4453 vel
628 4403 721 4468 optimi
738 4403 816 4453 codd.
836 4415 888 4457 non
905 4417 966 4455 raro
977 4405 1098 4468 peccaut.
1111 4430 1138 4440 -
1152 4405 1193 4455 tt).
1206 4405 1338 4467 iniibitana
1350 4405 1379 4455 u.
1394 4431 1421 4440 -
1436 4403 1477 4454 tt.
1491 4404 1548 4468 aaa

216 4491 269 4529 our.
282 4478 361 4540 Lagg.
377 4480 483 4541 praeter
492 4477 533 4528 29.
543 4505 571 4515 —
580 4479 620 4529 li.
634 4477 807 4544 altipabantur
816 4481 894 4529 Arus.
907 4479 940 4530 ll.
951 4493 977 4543 p.
988 4479 1046 4530 iil.
1058 4506 1085 4515 -
1096 4481 1233 4530 etiamnum
1244 4481 1258 4530 7
1269 4481 1346 4545 Lagg.
1359 4505 1386 4516 -
1398 4479 1438 4531 rs.
1446 4477 1548 4543 poten?

217 4552 334 4615 Quodn
347 4551 495 4618 improbum]
514 4553 553 4603 sic
570 4551 687 4604 distinxit
703 4553 789 4604 Madv.
805 4567 831 4618 p.
845 4553 886 4604 89.
906 4552 1029 4618 (improb.
1048 4553 1110 4604 Bal.
1129 4567 1156 4619 p.
1175 4553 1238 4616 atr:
1260 4555 1359 4618 potnit?
1375 4556 1442 4619 qnod
1457 4567 1545 4606 comm.

216 4632 259 4678 cst.
277 4625 466 4687 exspectatio.
481 4655 508 4664 -
522 4631 651 4691 aporiare
666 4631 696 4681 n.
711 4630 783 4692 (item
799 4643 825 4680 v.
835 4629 875 4680 46.
894 4631 921 4679 et
937 4627 1020 4692 alias.)
1033 4655 1060 4664 -·
1079 4629 1154 4679 nattis
1164 4628 1242 4694 ngat.
1259 4656 1286 4666 —
1300 4629 1341 4681 rt.
1358 4625 1548 4682 bominesltbl
1611 4633 1613 4638 ’

217 4701 301 4767 Lg‘itz
318 4703 417 4753 nomine
434 4703 497 4756 dett.
514 4730 541 4741 -
562 4706 602 4755 i'l.
621 4707 654 4756 ad
669 4705 757 4768 patron
773 4705 843 4768 aiiip.
862 4705 897 4754 ad
912 4703 993 4767 suppl.
1013 4705 1101 4754 traditi
1116 4705 1194 4768 ugia.
1209 4731 1236 4740 -
1252 4704 1292 4756 48.
1312 4704 1451 4756 Triocalino
1467 4701 1545 4754 tet:

219 4776 374 4827 Triocbalino
390 4778 410 4828 n
428 4780 455 4830 et
472 4780 510 4831 sic
527 4779 582 4831 iere
600 4781 637 4831 Ga
653 4779 705 4832 Ld:
723 4781 848 4831 Leonidae
864 4778 928 4830 dett.
947 4779 976 4829 0.
995 4780 1140 4844 Utrumque
1157 4779 1267 4830 damnat
1283 4780 1339 4830 Rau
1356 4779 1387 4830 ll.
1406 4792 1432 4844 p.
1446 4777 1503 4829 rto.
1517 4803 1545 4813 -

218 4853 318 4904 &mino
335 4864 388 4902 om.
407 4849 432 4903 λ.
452 4853 481 4916 li)
502 4881 530 4890 -
548 4856 589 4905 ii.
608 4861 704 4918 oportet
720 4855 797 4919 ugit.
817 4880 845 4889 -
864 4853 905 4905 nl.
924 4853 959 4918 tu]
981 4849 1009 4904 tri
1026 4853 1059 4914 li;
1080 4859 1134 4904 tam
1151 4855 1183 4904 Gl
1199 4855 1223 4905 2.
1243 4878 1271 4889 -
1290 4853 1331 4903 27.
1350 4852 1478 4903 cibolium
1494 4853 1514 4902 ll
1531 4848 1547 4901 λ

220 4925 256 4977 Gi
274 4923 326 4976 Ld:
354 4939 385 4975 ac
401 4925 491 4978 betium
508 4929 540 4979 Gt
562 4927 626 4980 dett.
645 4930 674 4981 0.
695 4956 722 4965 -
740 4929 782 4980 29.
800 4931 906 4981 traditos
922 4929 967 4992 aa,
986 4931 1002 4979 2
1020 4927 1097 4979 codd.
1117 4929 1224 4980 lamb:
1251 4929 1358 4979 naeuos
1373 4931 1397 4978 et
1412 4927 1446 4977 ad
1460 4927 1549 4989 patrm

219 5000 338 5066 aiiiqatos
358 4999 423 5052 dett.
443 5004 472 5052 0.
493 5030 521 5041 -
540 5003 581 5055 30.
598 5005 676 5054 sends
691 5019 790 5055 emnem
806 5007 885 5070 Lagg.
903 5006 1011 5070 praeter
1026 5003 1072 5067 29,
1097 5004 1126 5055 0.
1146 5031 1173 5040 —
1193 5005 1233 5056 3⁴.
1250 5003 1362 5054 nostwet
1383 5014 1437 5054 om.
1455 5003 1547 5064 iidem,

220 5076 249 5126 0.
271 5104 298 5112 -
317 5075 450 5139 disperatis
469 5077 498 5129 lt.
518 5104 546 5114 —
565 5078 605 5130 ii.
628 5079 681 5130 iam
702 5079 739 5130 lii
756 5077 782 5130 λ.
809 5083 886 5130 tirus.
904 5080 938 5132 bi.
957 5093 984 5146 p.
1002 5079 1066 5130 itt:
1090 5092 1143 5131 om.
1162 5078 1228 5130 dett.
1247 5079 1277 5130 0.
1297 5101 1324 5113 -
1342 5075 1452 5128 emittatis
1467 5077 1497 5127 R.
1518 5101 1544 5113 -

220 5151 261 5202 35.
280 5151 396 5204 suntuna
411 5153 447 5204 st.
466 5153 500 5205 L:
518 5154 633 5207 noiant
647 5155 699 5216 1133
721 5155 823 5207 veninat
838 5153 903 5206 dett.
