3642 5862
522 458 590 522 Lrn.
612 455 649 521 V.
681 455 755 522 Gar.
776 454 1010 520 xxi-xtuli.
1037 450 1093 539 55.
1115 448 1150 516 541
1163 449 1263 517 -57,
1489 449 1553 516 397

230 647 297 694 mm
318 625 578 694 Mamertinorum
599 626 763 708 cognoscit
783 634 816 690 et
836 625 875 688 de
899 623 1022 688 consilii
1044 623 1201 688 sententia
1214 621 1409 688 Mamertinis
1431 643 1466 688 se
1487 620 1554 686 Tru·

229 729 370 788 mentum
392 741 457 784 non
479 722 635 804 imperare
655 721 849 807 pronuntiat.
886 715 937 781 bt.
958 718 1074 782 Audite
1090 718 1249 782 decretum
1265 719 1448 783 mercenarii
1463 738 1554 802 prae·

229 815 309 880 toris
331 836 371 879 ex
393 815 494 898 ipsius
517 816 743 879 commentario
767 813 1017 898 et(cognoscite,
1040 818 1158 896 quanta
1178 810 1391 875 inscribendo
1406 813 1553 896 gravitas,

231 917 350 996 quanta
370 910 404 973 in
426 909 648 974 constituendo
661 909 730 973 iure
746 910 787 998 sit
800 891 984 998 auctoritas)
1004 897 1115 970 Recita
1126 906 1396 969 commentarium.
1419 908 1458 968 D.
1473 906 1504 970 C.
1521 908 1553 970 S.

230 1006 352 1068 libenter
373 1005 418 1066 ait
439 1004 605 1084 sefacere,
636 1003 743 1087 itaque
765 1001 942 1087 perscribit.
983 999 1092 1076 Quidr
1122 999 1149 1062 si
1177 999 1239 1062 hoc
1260 1001 1357 1064 verbo
1379 1019 1445 1063 non
1466 1017 1578 1064 essese

229 1119 307 1162 usus
329 1097 469 1171 libentes,
497 1107 564 1160 nos‘
578 1096 727 1160 videlicet
747 1095 881 1160 inritum
903 1103 934 1158 44
957 1101 1123 1179 quaestum
1145 1093 1249 1157 facere
1270 1097 1474 1177 putaremus?
1509 1096 1554 1157 Rc

229 1193 264 1256 dc
291 1191 411 1256 consilii
438 1191 592 1254 4444444444.
643 1190 843 1254 Praeclarum
869 1189 995 1254 recitari
1025 1187 1208 1263 consilium,
1241 1187 1377 1264 iudices,
1410 1187 1555 1253 audistis.

213 1271 340 1374 (Utrum
361 1285 452 1348 vobis
481 1284 650 1348 consilium
672 1285 800 1348 tandem
821 1285 976 1369 praetoris
997 1281 1122 1346 recitari
1145 1267 1332 1372 vidpbatur)
1353 1304 1425 1347 cum
1446 1281 1556 1347 audie·
1613 1303 1679 1394 ῆι

230 1378 311 1442 batis
326 1369 522 1472 nomina,(an
537 1378 708 1462 praedonis
724 1377 949 1462 improbissimi
964 1376 1100 1440 societas
1115 1385 1211 1460 atque
1226 1356 1417 1464 comitatus}
1440 1375 1491 1440 55.
1506 1377 1554 1440 En
1714 1449 1718 1456 ,

228 1470 393 1536 foederum
415 1473 623 1556 interpretes,
646 1472 809 1561 societatis
819 1479 982 1555 pactores,
1003 1470 1167 1552 religionis
1181 1471 1341 1536 auctorest
1376 1471 1554 1555 Numquam
1564 1489 1593 1536 44
1658 1469 1688 1562 ί

230 1565 263 1628 in
286 1566 395 1630 Sicilia
415 1566 609 1631 frumentum
630 1565 759 1649 publice
780 1573 829 1629 est
850 1573 1007 1649 emptum,
1030 1565 1107 1650 quin
1123 1565 1317 1629 Mamertinis
1333 1567 1556 1650 proportione

231 1660 458 1744 imperaretur,
479 1669 651 1744 antequam
671 1661 732 1724 boc
747 1659 902 1722 delectum
924 1657 1185 1742 praeclarumque
1200 1657 1369 1721 consilium
1384 1661 1443 1723 iste
1459 1659 1556 1734 dedit,

229 1764 266 1818 ut
293 1754 331 1817 ab
353 1753 403 1818 his
426 1774 573 1818 nummos
595 1755 753 1838 acciperet
780 1775 816 1818 ac
838 1753 887 1816 sui
910 1751 1022 1815 similis
1045 1759 1137 1814 esset.
1181 1753 1293 1835 ltaque
1313 1758 1436 1816 tantum
1457 1753 1557 1815 valuit

229 1848 321 1911 istius
351 1847 469 1910 decreti
497 1848 680 1923 auctoritas,
711 1855 862 1930 quantum
886 1847 997 1910 debuit
1017 1847 1086 1909 eius
1107 1845 1262 1920 hominis,
1291 1847 1363 1929 qui,
1391 1866 1409 1909 a
1439 1847 1555 1930 quibus

229 1941 421 2004 frumentum
450 1962 555 2005 emere
586 1941 762 2017 debuisset,
793 1942 832 2005 iis
863 1940 1024 2004 decretum
1047 1938 1250 2003 vendidisset.
1294 1942 1373 2003 Nam
1394 1942 1498 2005 statim
1520 1941 1555 2004 L.
1565 1959 1594 2010 44

230 2034 377 2100 Metellus
397 2040 434 2097 ut
454 2036 507 2100 isti
529 2038 695 2112 successit,
718 2058 758 2100 ex
782 2037 815 2100 C.
831 2037 1010 2100 Sacerdotis
1033 2043 1065 2098 et
1087 2055 1127 2098 ex
1149 2036 1223 2098 Sex.
1237 2035 1393 2100 Peducaei
1410 2036 1556 2101 instituto

230 2149 267 2194 ac
289 2129 403 2192 litteris
423 2128 614 2199 frumentum
640 2131 834 2196 Mamertinis
856 2130 1032 2213 imperavit.
1065 2129 1167 2192 xxti.
1188 2127 1240 2191 56.
1263 2130 1342 2192 Tum
1363 2130 1411 2194 illi
1432 2130 1557 2196 intelle·

230 2230 346 2286 xerunt
367 2242 401 2286 se
422 2223 473 2299 id,
497 2225 585 2308 quod
605 2245 624 2290 a
644 2224 728 2290 malo
743 2231 872 2288 auctore
888 2224 1055 2300 emissent,
1079 2224 1197 2287 diutius
1212 2224 1355 2288 obtinere
1370 2246 1436 2290 non
1450 2246 1556 2309 posse.

230 2319 296 2400 Age
317 2337 412 2402 porro
435 2326 485 2393 tu,
508 2320 564 2403 qui
586 2327 650 2383 tam
671 2319 856 2403 religiosum
879 2318 1053 2383 existimari
1073 2327 1105 2382 te
1119 2317 1251 2382 voluisti
1271 2319 1475 2403 interpretem
1491 2319 1557 2383 ioe-

231 2413 359 2489 derum,
381 2434 438 2478 our
458 2413 734 2478 Tauromenitanis
755 2413 964 2490 frumentum,
988 2435 1043 2477 cur
1064 2412 1187 2478 Netinis
1208 2412 1394 2497 imperasti?
1422 2429 1594 2498 quammao

230 2505 393 2571 civitatum
414 2514 551 2592 utraque
572 2507 736 2573 foederata
757 2517 815 2572 cst.
858 2511 903 2572 Rc
924 2509 1032 2573 Netini
1057 2507 1187 2593 quidem
1209 2506 1269 2570 sibi
1290 2526 1357 2570 non
1379 2507 1557 2583 defuerunt,

230 2617 267 2662 ac
296 2598 391 2663 simul
418 2602 633 2684 pronuntiasti
662 2602 798 2666 libenter
826 2612 858 2667 te
883 2603 1079 2666 Mamertinis
1101 2601 1277 2676 remittere,
1305 2609 1335 2664 te
1357 2600 1506 2666 adierunt
1527 2609 1558 2664 et

231 2693 363 2758 eandem
385 2715 475 2760 suam
498 2716 623 2760 causam
644 2696 784 2761 foederis
810 2719 879 2762 esse
902 2697 1086 2761 docuerunt.
1130 2695 1178 2758 'Tu
1200 2695 1292 2760 aliter
1313 2695 1484 2759 decernere
1506 2715 1558 2758 ea·

231 2784 303 2850 dom
324 2787 358 2850 in
381 2809 477 2854 causa
498 2810 563 2854 non
585 2792 737 2874 potuisti:
758 2791 943 2875 pronuntias
964 2792 1096 2856 Netinos
1117 2789 1310 2853 frumentum
1332 2789 1408 2854 dare
1423 2809 1488 2854 non
1504 2789 1558 2852 de-

230 2881 305 2945 bere
333 2892 365 2948 et
392 2885 430 2948 ab
459 2885 509 2948 bis
536 2893 642 2949 tamen
673 2886 784 2968 exigis.
823 2885 907 2949 Cedo
933 2884 1012 2948 mibi
1043 2883 1186 2948 eiusdem
1207 2884 1363 2968 praetoris
1385 2883 1504 2949 litteras
1527 2890 1596 2948 etst

229 2995 335 3039 rerum
365 2976 562 3043 decretarum
589 2987 623 3043 et
649 2980 799 3044 frumenti
827 2978 983 3063 imperati.
1025 2979 1187 3042 errsnan
1210 2999 1316 3042 nnnvu
1337 2997 1557 3043 oncnnranvu·

231 3069 317 3144 Quid
339 3072 450 3153 potius
472 3072 506 3134 in
527 3072 587 3136 bac
608 3082 697 3137 tanta
718 3082 750 3138 et
771 3081 836 3137 tam
861 3073 947 3157 turpi
968 3073 1180 3138 inconstantia
1201 3073 1356 3156 suspicari
1376 3093 1559 3158 possumus,

230 3164 367 3240 iudices,
396 3185 493 3250 quam
515 3167 564 3242 id,
596 3168 685 3252 quod
707 3189 837 3232 necesse
859 3175 922 3243 est,
944 3167 1073 3231 antisti
1096 3188 1115 3232 a
1135 3167 1259 3232 Netinis
1280 3167 1464 3250 pecuniam,
1486 3186 1558 3231 cum
1659 3183 1672 3202 ¹

231 3266 391 3338 posceret,
413 3279 478 3322 non
503 3259 607 3324 datam
628 3263 737 3327 antid
760 3283 831 3326 esse
852 3269 971 3337 actum,
993 3267 1029 3326 ut
1050 3261 1264 3343 intelligerent
1277 3260 1455 3325 Mamertini
1475 3260 1558 3324 bene

232 3369 265 3412 se
294 3351 379 3432 apud
408 3353 503 3416 istum
532 3361 595 3417 tam
623 3355 721 3418 multa
750 3357 853 3437 pretia
874 3375 911 3419 ac
933 3374 1063 3419 munera
1086 3355 1277 3430 collocasse,
1304 3353 1482 3420 cumidem
1503 3353 1595 3418 aliiae

232 3441 309 3506 iuris
333 3464 373 3507 ex
396 3447 505 3511 eadem
529 3468 623 3512 causa
645 3470 711 3513 non
733 3449 934 3514 obtinerent?

317 3535 369 3600 57.
389 3539 450 3604 llic
471 3541 549 3605 mibi
571 3543 666 3606 etiam
687 3544 818 3609 audebit
840 3545 1032 3610 mentionem
1052 3542 1157 3610 lacere
1175 3541 1380 3610 Mamertinae
1402 3542 1558 3607 laudatio-

232 3633 298 3710 nis,
327 3633 361 3697 in
383 3655 446 3719 qua
468 3656 563 3720 quam
585 3638 683 3703 multa
704 3638 770 3704 sint
790 3639 939 3715 vulnera,
969 3638 1041 3725 quis
1063 3648 1112 3704 est
1132 3645 1289 3715 vestrum
1318 3637 1456 3714 iudices,
1478 3635 1558 3722 quin

296 3878 321 3928 R.
338 3879 497 3930 mercori
513 3879 542 3930 R.
564 3907 590 3916 -
609 3880 634 3931 3.
653 3887 796 3945 quorun
807 3882 923 3948 pronitas
938 3895 992 3933 om.
1011 3881 1075 3933 dett.
1097 3909 1123 3918 -
1142 3881 1170 3932 444
1185 3879 1315 3932 4444444444
1332 3880 1361 3930 11.
1376 3905 1403 3916 -
1422 3880 1446 3932 i.
1464 3877 1557 3945 Recito]

232 3953 260 4005 R.
279 3952 308 4004 R.
329 3980 357 3991 -
380 3953 458 4006 DC.
477 3955 504 4006 S.
524 3956 549 4019 (i.
569 3969 593 4006 e.
612 3957 641 4008 dc
657 3958 754 4008 44444444
769 3957 896 4020 molestia)
914 3957 947 4008 de
965 3955 1076 4024 Zumptii
1094 3957 1177 4018 coni..
1201 3955 1246 4020 qui
1268 3957 1358 4008 44444444
1375 3951 1478 4006 titulum
1496 3967 1557 4006 esse

231 4025 325 4088 voluit;
352 4028 450 4080 rectius
474 4028 605 4094 Halmius,
632 4031 658 4082 id
676 4033 748 4098 quod
768 4033 905 4098 sequentia
924 4033 1034 4094 docent,
1061 4031 1244 4084 commentarii
1266 4029 1347 4082 verba
1371 4043 1430 4081 esse
1452 4030 1555 4082 statutt:

107 4167 114 4184 Ι
232 4101 375 4161 Ο.8.113;
399 4103 428 4154 R.
447 4103 474 4156 C.
494 4103 574 4168 dett.;
599 4108 628 4159 R.
646 4109 679 4159 D.
699 4109 810 4174 Hervog.
829 4109 846 4160 Ι.
866 4122 889 4160 e.
907 4121 995 4160 rernm
1011 4107 1181 4166 docmina-arm
1204 4109 1235 4158 R.
1252 4108 1285 4158 D.
1311 4103 1496 4171 [DECRETVM
1515 4103 1561 4156 EX

232 4177 472 4245 COMMENTARIOJ
491 4181 520 4232 0.
541 4207 568 4217 —
588 4183 612 4233 7.
630 4183 717 4234 consiti
733 4183 761 4235 R.
781 4210 809 4219 -
832 4184 857 4236 8.
875 4183 975 4234 4444444444
987 4188 1070 4245 praet.
1088 4184 1193 4234 recitari
1209 4179 1273 4233 4134
1290 4183 1318 4233 et
1333 4181 1349 4230 7
1366 4181 1444 4244 Lagg.
1464 4179 1557 4243 (Madv.

231 4264 258 4317 p.
277 4251 342 4314 bil:
360 4254 431 4306 reu.
450 4257 551 4308 4444444444
564 4263 647 4321 praet.
666 4260 696 4311 0.
716 4257 762 4324 [De
781 4259 858 4310 codd.
878 4259 956 4323 lagg.
975 4258 1073 4310 erravit
1088 4256 1245 4323 Zumptius]
1265 4285 1293 4294 -
1312 4256 1352 4307 to.
1368 4255 1495 4319 pactiones
1511 4254 1556 4305 RR.

233 4351 260 4362 —
279 4327 319 4378 44.
338 4331 481 4398 uunquam]
508 4347 584 4395 quom
609 4339 632 4385 44
649 4333 678 4386 R.
699 4359 725 4372 -
755 4336 795 4386 ra.
818 4334 1054 4399 4444444319.-
1080 4333 1118 4398 iis]
1136 4333 1203 4382 isR.
1223 4356 1250 4367 —
1270 4332 1311 4382 46.
1329 4330 1508 4382 sacerdotali.
1529 4354 1556 4365 -

231 4405 255 4452 st
269 4415 303 4452 444
319 4402 368 4454 Ra:
387 4419 420 4456 ac
436 4418 490 4457 om.
509 4407 574 4458 dett.
593 4409 622 4460 0.
640 4437 667 4446 -
686 4411 750 4462 secti
764 4409 874 4473 pociacus
891 4409 946 4474 (sici
965 4409 996 4460 R.
1011 4435 1037 4443 -
1058 4409 1098 4458 ra.
1117 4407 1175 4458 444444
1190 4409 1267 4457 Rrus.
1286 4405 1320 4458 M.
1338 4419 1365 4470 p.
1378 4405 1435 4460 227.
1447 4431 1474 4441 -
1493 4405 1559 4468 opti·

230 4489 290 4527 ocra
305 4479 335 4528 R.
355 4505 382 4514 -
406 4481 446 4531 49.
465 4483 537 4532 certat.
556 4487 579 4533 44
595 4485 631 4536 NR
643 4482 671 4533 l:
696 4490 718 4536 to
734 4488 795 4536 onte
813 4489 865 4534 444444
881 4483 983 4535 liabent
999 4482 1064 4534 dett.
1083 4483 1112 4534 0.
1133 4507 1160 4518 -
1184 4483 1225 4532 rt.
1249 4485 1278 4532 ot
1299 4480 1383 4531 Netini
1399 4481 1432 4530 Gi
1454 4481 1556 4545 Zumpt.

231 4553 264 4602 Rt
280 4551 313 4602 cl.
332 4553 417 4604 Madv.
436 4555 484 4621 Op.
502 4557 522 4607 1.
541 4570 568 4622 p.
587 4557 645 4609 366,
674 4587 701 4597 -
723 4560 764 4610 44.
783 4573 844 4610 nom
860 4559 934 4610 simul
950 4574 982 4611 uc
998 4559 1063 4610 dett.
1082 4560 1111 4609 0.
1137 4585 1164 4595 -
1191 4557 1349 4610 Mamertinis
1366 4557 1464 4620 4444444444
1480 4556 1556 4616 dott.;

230 4627 266 4678 Μ·
286 4626 401 4696 liuidae]
419 4631 448 4680 0.
464 4657 491 4667 -
505 4637 529 4683 44
545 4645 598 4684 om.
617 4633 663 4685 R3.
683 4633 761 4698 [Fort.
774 4649 848 4696 44444,
862 4637 980 4686 adierunt
989 4640 1013 4685 44
1022 4639 1046 4685 44
1057 4636 1109 4685 cet.
1123 4633 1215 4696 lirun]
1229 4659 1255 4668 -
1269 4632 1310 4683 23.
1323 4633 1350 4682 444
1362 4633 1448 4684 codam
1459 4630 1523 4682 dett.
1537 4629 1557 4679 0

233 4701 261 4765 iR
278 4715 314 4754 m.
333 4717 374 4768 pr.
391 4703 496 4755 444444
512 4706 558 4770 sn).
579 4733 605 4744 -
624 4707 666 4760 rr.
685 4709 770 4760 44444
787 4709 822 4761 aa
840 4708 871 4761 4.
893 4717 1006 4773 moro-a
1022 4709 1087 4760 4444.
1106 4709 1136 4760 o.
1156 4735 1185 4746 -
1203 4709 1244 4759 aa.
1263 4705 1351 4760 uuam
1367 4708 1407 4759 rc.
1426 4709 1507 4758 44444.
1527 4731 1555 4742 -

231 4777 349 4841 accipietes
364 4778 397 4840 R;
414 4780 504 4843 4444444
519 4780 581 4842 1.(1.;
599 4784 703 4849 accpisti
719 4786 752 4845 l.;
771 4784 831 4836 tort.
844 4786 933 4850 4441944.
952 4787 1079 4838 84414444.
1094 4811 1121 4821 -
1134 4783 1174 4835 it.
1187 4785 1392 4834 Littcracrcrum
1403 4783 1559 4834 4444444444

232 4851 384 4917 Zumptius:
406 4866 462 4904 444444
481 4855 638 4907 metarum
654 4858 687 4917 R;
711 4871 767 4909 cum
783 4861 967 4911 444444444444444
983 4861 1016 4912 Gt
1031 4862 1061 4920 ῖς
1084 4873 1140 4910 cum
1157 4861 1339 4910 144444444444444
1355 4855 1416 4916 1.41.;
1435 4860 1458 4905 ct
1473 4867 1559 4906 44444444

232 4924 389 4978 &comtum
396 4929 473 4979 tritici
481 4932 556 4993 eapti·
566 4929 646 4992 dett.;
660 4931 691 4997 [44
701 4934 777 4984 tritici
787 4933 880 4999 mpii]
893 4935 1037 4998 [LITERAE
1044 4934 1217 4987 PRAETORIS
1223 4934 1334 4986 RERVM
1342 4928 1560 4983 DECRETARVM

232 4998 400 5053 FRVMENTI
421 5005 573 5058 IMPERATI
587 5007 631 5058 ET
644 5009 812 5061 FRVMENTI
825 5008 942 5076 puori]
960 5011 989 5062 0.
1010 5039 1037 5049 -
1056 5011 1097 5062 47.
1116 5024 1148 5061 oc
1164 5014 1216 5060 tom
1233 5010 1311 5074 lagg.
1330 5003 1557 5074 (praeteribit),

233 5075 316 5215 5355.
333 5078 578 5209 385443ρῖ11115.ιῶΒῦ
601 5081 666 5134 deu'
691 5111 719 5122 ⁸
743 5085 784 5137 ²9⁸
807 5097 833 5138 ω
854 5085 913 5138 hm
933 5085 1012 5150 [⁶⁸88-
1033 5113 1060 5124 ··
1079 5085 1121 5140 30.
1143 5085 1326 5138 compensasti,
1347 5107 1375 5121 -
1394 5081 1435 5135 33,
1453 5080 1558 5132 „opum
