3648 5888
466 455 534 518 nm.
554 453 580 518 1.
607 452 681 518 cn.
702 451 954 518 xro-xro.
981 447 1038 534 ss.
1059 446 1248 516 ror-us.
1456 446 1517 516 ree

197 620 352 686 Kalendis
378 622 558 690 Ianuariis?
599 624 649 688 An
675 623 710 687 in
738 643 811 687 eum
839 641 958 686 annum
978 622 1128 705 progredi
1150 640 1244 686 nemo
1265 620 1384 704 poterit
1405 619 1519 696 edicto,

198 737 264 800 quo
286 723 414 800 praetor
434 717 516 780 elius
537 717 661 782 iuturus
683 725 750 780 est:
778 718 813 780 in
834 717 940 790 illum,
970 735 1034 801 quo
1056 716 1137 780 elius
1158 714 1386 799 praeterfuit,
1414 733 1520 796 regre-

199 810 327 876 dietur?
371 807 442 874 ll0.
464 811 510 874 Ao
531 814 557 876 si
578 812 641 875 hoc
662 812 756 888 iuris,
778 831 843 874 non
865 812 960 874 unius
982 807 1118 875 bominis
1140 830 1237 874 cause
1254 809 1424 884 edixisses,
1447 829 1521 872 eau-

198 905 261 970 tius
283 905 528 989 composuisses.
572 907 683 972 XLlll.
706 906 840 982 Scribis,
863 925 918 980 ovi
941 925 1093 970 assensu
1112 924 1222 984 rucis,
1241 924 1383 968 rrosnrr.
1413 904 1520 978 Quid‘l

199 999 227 1061 si
248 1001 320 1082 plus
343 1000 469 1082 legarit,
492 1019 588 1084 quam
609 1003 649 1064 ad
670 1002 821 1067 heredem
841 1000 1014 1064 heredesve
1035 1001 1216 1082 perveniat,
1239 1000 1327 1083 quod
1347 1019 1404 1082 per
1418 1000 1543 1080 legem:

198 1093 374 1157 Voconiam
396 1094 440 1168 ei,
463 1094 519 1177 qui
542 1115 655 1158 census
677 1115 744 1158 non
766 1097 821 1170 sit,
848 1096 945 1158 licet‘l
990 1093 1055 1156 Cur
1073 1093 1154 1168 boc,
1184 1114 1256 1158 cum
1278 1095 1312 1157 in
1335 1093 1446 1156 eodem
1469 1111 1523 1174 ge-

197 1209 275 1254 nere
295 1189 353 1261 sit,
381 1209 445 1252 non
468 1194 582 1254 caves?
620 1191 703 1265 Quia
729 1210 793 1254 non
821 1190 914 1263 iuris,
945 1187 1001 1252 sed
1021 1188 1161 1250 bominis
1182 1207 1310 1252 eausam
1331 1188 1435 1252 verbis
1458 1208 1523 1250 am·

198 1282 363 1366 plecteris,
385 1290 421 1344 ui
442 1283 534 1346 facilc
556 1291 761 1366 appareatis
783 1283 895 1366 pretio,
918 1301 984 1345 non
1004 1283 1073 1344 iure
1094 1302 1162 1346 esse
1182 1290 1383 1345 commotum.
1418 1284 1522 1365 Atque

197 1379 260 1442 boc
283 1378 311 1444 si
332 1378 367 1440 in
388 1385 552 1460 posterum
574 1379 745 1453 edixisses,
768 1377 873 1440 minus
896 1383 979 1440 esset
991 1376 1164 1450 nefarium,
1187 1383 1292 1443 temen
1308 1383 1392 1438 esset
1405 1375 1523 1457 impro-

198 1473 292 1548 bum;
314 1470 371 1536 sed
393 1477 460 1533 tum
481 1471 653 1553 vituperari
675 1479 799 1554 posset,
820 1471 854 1533 in
877 1469 1048 1534 discrimen
1067 1472 1176 1534 venire
1196 1490 1262 1536 uon
1283 1479 1408 1553 posset:
1430 1487 1561 1533 nemeto

199 1567 285 1630 enim
307 1565 540 1629 committeret:
562 1585 646 1628 nunc
669 1572 716 1628 est
737 1564 894 1628 eiusmodi
917 1564 1072 1639 edictum,
1094 1573 1130 1626 ut
1145 1565 1249 1649 quivis
1264 1563 1437 1646 intelliget,
1459 1583 1524 1626 non

199 1659 320 1744 populo
343 1679 413 1724 esse
435 1659 603 1740 scriptum,
625 1659 682 1721 sed
695 1659 730 1721 P.
744 1659 841 1721 Annii
855 1658 1002 1721 secundis
1015 1658 1197 1724 heredibus.
1231 1653 1304 1721 itt.
1325 1660 1438 1742 ltaque
1453 1680 1524 1722 cum

199 1753 256 1816 abs
278 1761 309 1816 ie
332 1760 427 1834 caput
447 1750 527 1813 illud
550 1757 614 1814 iam
642 1751 749 1814 multis
771 1751 875 1816 verbis
900 1753 1159 1836 mercenarioque
1180 1753 1346 1834 prooemio
1369 1761 1453 1818 esset
1475 1773 1526 1818 or-

199 1839 468 1934 natum,(ecqus
496 1852 544 1908 est
572 1846 720 1908 inventus
748 1851 860 1928 postea
888 1856 1032 1927 praetor,
1062 1849 1118 1932 qui
1145 1847 1231 1910 idem
1257 1847 1337 1910 illud
1364 1831 1531 1918 ediceretb
1618 1831 1695 1937 ,44

200 1943 272 2004 Non
293 1938 388 2004 modo
410 1957 505 2002 nemo
527 1940 642 2015 edixit,
671 1939 727 2003 sed
754 1960 795 2004 ne
824 1941 936 2002 metuit
958 1941 1087 2024 quidem
1110 1943 1280 2026 quisquam
1303 1961 1343 2004 ne
1366 1942 1438 2026 quis
1460 1942 1563 2007 edi-to

201 2041 296 2098 cerei.
339 2035 419 2096 Nam
446 2041 520 2116 post
548 2043 579 2098 te
598 2043 790 2118 praetorem
812 2033 903 2096 multi
929 2034 963 2096 in
989 2034 1092 2098 isdem
1113 2036 1218 2099 causis
1239 2035 1385 2110 fuerunt:
1414 2037 1448 2101 iu
1475 2035 1525 2098 his

200 2147 304 2210 nuper
323 2128 455 2192 Annaea
476 2129 515 2193 de
537 2130 708 2194 multorum
730 2129 984 2212 propinquorum
1006 2131 1180 2204 sententie,
1207 2129 1382 2212 pecuniosa
1403 2130 1526 2206 mulier,

202 2220 290 2305 quod
312 2237 408 2284 censa
428 2242 492 2286 non
516 2232 599 2297 eret,
622 2230 807 2288 testamento
829 2222 905 2286 iecit
924 2222 1075 2286 heredem
1088 2221 1195 2288 liliam.
1222 2224 1289 2289 lam
1303 2218 1363 2286 hoe
1376 2243 1527 2306 maguum

201 2314 355 2377 iudicium
369 2314 535 2378 bominum
550 2316 590 2378 de
605 2316 698 2380 istius
713 2317 866 2400 singulari
881 2316 1097 2399 improbitate,
1111 2318 1198 2401 quod
1213 2319 1327 2382 Verres
1342 2337 1400 2383 sua
1414 2326 1526 2400 sponte

200 2409 405 2483 instituisset,
427 2408 462 2472 id
483 2409 642 2474 neminem
664 2412 829 2486 metuisse,
856 2431 897 2474 ne
920 2411 992 2493 quis
1013 2413 1220 2494 reperiretur,
1244 2412 1300 2496 qui
1321 2413 1414 2476 istius
1435 2413 1562 2475 insti-eo

201 2509 304 2566 tutum
325 2503 416 2586 sequi
437 2505 543 2568 vellet.
580 2505 674 2568 Solus
697 2506 782 2568 enim
804 2512 839 2568 tu
861 2507 1009 2571 inventus
1031 2527 1081 2580 es,
1104 2507 1155 2570 cui
1176 2527 1243 2570 nou
1257 2507 1333 2570 satis
1347 2506 1443 2570 iuerit
1457 2527 1526 2572 cor·

199 2597 302 2678 rigere
323 2602 511 2662 testamenta
531 2599 692 2674 vivorum,
715 2601 777 2664 nisi
799 2600 896 2664 etiam
916 2599 1115 2664 rescinderes
1137 2608 1343 2666 mortuorum.
1382 2596 1455 2664 iii.
1477 2603 1525 2664 Tu

199 2689 269 2772 ipse
298 2709 339 2754 ex
361 2689 519 2756 Siciliensi
542 2694 646 2758 edicto
673 2695 735 2758 hoc
758 2693 931 2770 sustulisti:
960 2693 1104 2770 voluisti,
1136 2713 1177 2758 ex
1198 2695 1370 2778 improviso
1393 2695 1420 2760 si
1443 2713 1525 2778 quae

198 2803 250 2846 res
271 2790 346 2848 nata
368 2793 467 2861 esset,
490 2806 530 2850 ex
551 2788 672 2852 urbano
695 2788 798 2852 edicto
821 2789 1001 2850 decernere.
1036 2787 1139 2864 Quam
1161 2797 1272 2872 postea
1294 2795 1328 2853 tu
1343 2789 1402 2853 tibi
1417 2788 1526 2852 deien-

198 2876 322 2940 sionem
343 2877 562 2962 relinquebas,
583 2882 618 2944 in
635 2901 672 2944 ea
687 2882 824 2945 maxime
839 2881 1013 2956 offendisti,
1037 2902 1109 2946 cum
1122 2890 1211 2946 tuam
1222 2885 1444 2948 auctoritatem
1458 2891 1562 2948 intest

198 2970 269 3052 ipse
291 2971 394 3035 edicio
416 2974 605 3055 provinciali
627 2974 835 3060 repudiabas.
863 2975 974 3040 XLIV.
991 2977 1101 3059 ‚Atque
1124 2997 1183 3060 ego
1205 2997 1271 3040 uon
1286 2976 1413 3054 dubito,
1436 2979 1525 3061 quin,

197 3072 235 3128 ut
255 3065 349 3143 mibi,
371 3067 423 3129 cui
445 3088 517 3132 mea
537 3066 602 3132 filia
622 3070 760 3134 mammo
782 3067 870 3132 cordi
893 3077 956 3144 est,
979 3088 1029 3134 res
1050 3069 1130 3134 haec
1151 3072 1266 3136 acerba
1285 3072 1411 3136 ridetur
1429 3079 1525 3155 etque

198 3157 345 3242 indigna,
366 3162 413 3226 sic
434 3163 611 3246 unicuique
632 3171 789 3238 restrum,
811 3162 868 3246 qui
891 3163 984 3226 simili
1006 3183 1102 3228 sensu
1125 3172 1220 3249 atque
1235 3164 1433 3247 indulgentia
1447 3160 1526 3228 filia·

201 3431 266 3497 Cep.
277 3444 305 3497 p.
317 3429 440 3496 bilici:
459 3433 673 3483 curcoo--Kct
690 3433 747 3483 ico.
766 3445 819 3484 om.
838 3430 885 3482 Ld.
901 3459 928 3467 -
946 3431 1019 3482 edicti
1030 3443 1083 3482 om.
1101 3433 1147 3484 Gi.
1163 3459 1191 3469 -
1203 3437 1324 3484 mator
1340 3434 1427 3496 Quint.
1441 3431 1457 3483 l.
1470 3431 1524 3484 4.-

199 3519 218 3556 c
235 3518 289 3558 om.
307 3507 339 3558 V.
368 3532 396 3544 —
420 3509 445 3558 t.
463 3509 494 3558 K.
513 3509 568 3559 ico.
587 3509 624 3560 Gi
640 3509 671 3570 V,
689 3509 721 3560 K.
738 3508 866 3558 ianuariis
883 3507 974 3557 Fraus.
992 3521 1033 3572 pr.
1052 3509 1128 3559 biert.
1147 3509 1211 3574 Cep.
1229 3505 1246 3558 l.
1265 3506 1281 3558 l.
1301 3509 1338 3559 0:
1363 3507 1394 3558 K.
1413 3507 1528 3558 ianuarii

199 3582 287 3648 vulgo.
309 3611 337 3622 —
356 3583 380 3635 3.
398 3583 430 3636 At
446 3585 524 3650 Lgi‘t.
545 3613 572 3624 -
589 3585 695 3636 ltmoiois
710 3597 789 3636 casco
805 3582 974 3646 Girvbgii
991 3583 1073 3634 Prisc.
1092 3583 1123 3633 44.
1141 3596 1169 3648 p.
1187 3583 1244 3634 4447.
1263 3582 1296 3633 ci.
1316 3581 1340 3646 5.
1359 3582 1431 3633 tis:
1449 3595 1527 3632 caesa

197 3657 266 3710 bost.
285 3658 333 3712 dit.
351 3661 381 3712 0.
403 3685 431 3698 -
451 3658 476 3711 l.
496 3661 663 3723 conposuisse:
679 3661 709 3711 V.
731 3687 758 3697 -
781 3671 824 3719 ori
839 3659 876 3710 V:
902 3671 928 3710 st
944 3671 999 3718 oris
1016 3661 1062 3710 cti.
1080 3658 1110 3708 0.
1130 3680 1159 3696 —
1184 3658 1356 3721 Quodridii.
1377 3685 1404 3695 -
1422 3659 1447 3708 ti.
1466 3658 1529 3723 leget

200 3735 255 3796 Gi:
273 3732 394 3798 eucerii
411 3733 490 3799 igis.
504 3763 532 3772 -
552 3737 576 3788 6.
595 3737 638 3800 qut
654 3749 740 3788 cccco
754 3735 800 3796 stt,
817 3749 868 3785 ooo
884 3734 940 3785 ticet
955 3733 1003 3784 Lbi
1020 3746 1095 3798 susp.
1115 3757 1143 3771 -
1162 3735 1187 3784 i.
1199 3733 1308 3784 tcrirV:
1325 3733 1422 3799 generis
1438 3735 1483 3784 ott.
1496 3733 1526 3784 0.

202 3835 230 3846 -
248 3808 417 3872 complecteris
433 3810 627 3874 GiLergii.
647 3838 676 3848 -
695 3811 719 3861 8.
733 3811 834 3873 praetio
846 3810 876 3860 V.
892 3836 920 3846 -
937 3823 988 3860 ooo
1003 3810 1059 3860 iore
1074 3822 1124 3860 esse
1139 3809 1175 3858 V:
1192 3823 1243 3858 oon
1259 3821 1309 3858 esse
1326 3806 1525 3870 GiLdng293

199 3897 251 3936 esee
268 3883 316 3935 dtt.
329 3883 359 3935 0.
375 3911 402 3921 -
422 3886 494 3948 atqui
510 3887 558 3947 eV,
577 3885 636 3938 cod.
655 3887 712 3938 Urs.
731 3887 761 3937 ii.
782 3915 809 3923 -
830 3887 854 3936 9.
872 3887 976 3936 divisset
989 3886 1021 3936 V.
1036 3911 1064 3922 -
1082 3885 1172 3950 mines]
1191 3884 1305 3936 offendit
1320 3896 1364 3933 me
1381 3883 1528 3933 sententiae

199 3959 376 4015 conturmalis
397 3973 492 4024 parum
515 3963 585 4026 epte.
612 3961 736 4025 suspicor
752 3961 892 4026 scripsisse
909 3959 1037 4012 Tullium:
1061 3963 1106 4012 etsi
1121 3961 1204 4012 odom
1219 3963 1280 4010 esset
1294 3957 1344 4022 nef.
1365 3985 1392 3995 -
1411 3959 1450 4008 tt.
1469 3963 1529 4008 tco-

200 4039 254 4086 tom
270 4034 331 4086 eod.
350 4035 407 4088 Urs.
428 4036 489 4100 (non
506 4036 547 4100 V.)
568 4063 593 4074 -
614 4036 641 4086 io
658 4037 789 4088 dimrtmes
805 4037 840 4085 V:
860 4037 886 4085 io
903 4035 1005 4086 dubim
1021 4037 1068 4087 ott.
1087 4036 1116 4087 0.
1137 4061 1165 4072 —
1185 4036 1282 4086 eoeoim
1297 4032 1328 4082 V.
1349 4058 1377 4067 -
1396 4033 1437 4082 44.
1454 4032 1529 4081 intet-

200 4111 269 4177 44944
283 4111 315 4163 V.
332 4138 360 4148 -
379 4111 420 4162 ti.
435 4113 543 4176 populos
553 4112 584 4163 V.
600 4139 627 4148 -
646 4118 681 4163 set
691 4113 722 4163 V.
738 4140 765 4149 -
777 4111 844 4163 Anci
853 4112 884 4162 V.
900 4138 928 4147 -
947 4109 988 4161 43.
1006 4124 1053 4173 ops
1067 4109 1102 4161 V:
1121 4124 1140 4160 o
1156 4111 1201 4160 oti.
1215 4109 1244 4160 0.
1263 4106 1296 4158 cl.
1309 4107 1405 4172 Zumpt
1415 4118 1442 4170 p.
1454 4107 1526 4157 44487.

203 4215 231 4228 -·
248 4187 319 4252 illud]
345 4187 373 4240 td
389 4188 421 4239 V.
443 4215 471 4226 -
497 4189 701 4252 persecutioque
722 4187 884 4251 eefngss:
909 4187 1064 4238 moceonrtc
1089 4186 1136 4238 eV.
1155 4184 1203 4236 dit.
1222 4184 1253 4235 0.
1280 4208 1310 4220 -
1337 4181 1377 4234 tt.
1395 4188 1419 4234 et
1435 4182 1529 4245 qoisV

200 4262 269 4327 Lgse
286 4260 320 4315 sl.
342 4289 369 4302 -
388 4263 453 4316 icen
468 4264 532 4314 stoa
548 4263 733 4327 Gigbgittv:
756 4263 819 4314 etse
834 4263 899 4314 idem
915 4261 964 4313 dti.
983 4264 1012 4313 0.
1033 4289 1060 4300 -
1089 4261 1129 4313 ie.
1146 4259 1377 4321 multi--ssemeot
1393 4255 1431 4305 V:
1457 4256 1529 4307 molti

200 4343 348 4390 temnere
363 4338 447 4392 eodem
462 4340 535 4392 modo
556 4339 668 4402 secer-um
685 4340 730 4388 ctt.
748 4338 777 4388 0.
798 4365 826 4375 -
849 4339 889 4390 44.
907 4337 1010 4389 docem
1027 4339 1104 4398 Gir:
1126 4335 1214 4388 Aeaea
1229 4334 1265 4394 V,
1290 4333 1373 4383 rionis
1390 4332 1418 4382 0.
1444 4335 1528 4384 Antea

197 4411 355 4480 legebatur:
379 4415 499 4479 sommi:
515 4415 543 4464 io
558 4414 597 4465 isis
612 4425 693 4476 super
707 4412 799 4464 inem.
826 4415 866 4464 lic
882 4414 912 4464 ds
928 4427 988 4478 sqq.
1006 4412 1060 4464 sed
1076 4426 1106 4463 ee
1122 4411 1200 4464 deest
1215 4412 1242 4461 in
1254 4408 1458 4482 GiLdLg29V;
1478 4409 1529 4458 ita-

195 4504 254 4556 ,que
270 4490 438 4544 dntinoiione
461 4491 562 4542 muisis
582 4488 671 4540 locum
688 4501 722 4540 ex
737 4490 844 4554 optimis
862 4488 940 4540 codd.
959 4487 1121 4539 sanavimus.
1143 4515 1170 4524 -
1193 4486 1233 4536 i8.
1251 4485 1303 4534 iam
1323 4485 1368 4533 ior
1384 4482 1527 4548 Gibdrsp

198 4567 281 4623 Prisc.
298 4569 333 4620 li.
351 4580 378 4632 p.
398 4567 470 4618 tos:
496 4567 584 4629 ltaque
600 4566 647 4617 eV.
667 4563 716 4616 dtt.
736 4592 763 4602 -
783 4563 823 4613 49.
841 4563 974 4627 drauum]
992 4564 1022 4613 ln
1039 4561 1090 4613 boc
1106 4558 1236 4614 vocabulo
1253 4557 1377 4610 desinunt
1394 4554 1471 4606 codd.
1492 4557 1528 4606 Gi

198 4642 248 4706 Ld,
266 4653 354 4706 neque
372 4653 405 4690 er
421 4651 439 4698 ς
453 4642 548 4705 postea
563 4640 653 4690 series
670 4637 797 4690 lectiones
814 4640 1066 4690 commemorentur.
1083 4663 1110 4674 -
1128 4635 1278 4702 inprobitate
1293 4633 1324 4683 V.
1345 4661 1372 4669 —
1393 4631 1480 4682 Verres
1495 4630 1526 4681 V.

200 4716 250 4768 dit
269 4715 329 4768 eod.
348 4713 458 4779 Guelph.
476 4716 560 4766 Prisc.
580 4713 597 4766 l.
616 4713 648 4766 i.:
675 4715 702 4766 0.
723 4715 809 4766 Verres
824 4713 893 4778 igis
910 4712 991 4764 Prisc.
1016 4711 1084 4776 (cod.
1102 4711 1172 4764 Meu.
1191 4725 1231 4761 ur.
1249 4709 1306 4760 280.
1326 4707 1357 4760 G.
1377 4705 1481 4768 Verres.)
1498 4731 1525 4741 ·-

200 4793 242 4846 it.
254 4791 426 4856 repperiretur
436 4789 467 4842 V.
481 4816 510 4827 —
522 4790 594 4840 letires
608 4791 748 4842 institutum
758 4791 781 4842 V
797 4789 856 4852 dit,
869 4789 962 4840 Prisc:
979 4785 1088 4838 seclusit
1103 4787 1165 4838 Ern.
1180 4810 1208 4823 -
1226 4785 1267 4836 ii.
1281 4787 1334 4834 test.
1350 4781 1399 4830 oio.
1413 4778 1525 4842 VLgiP:

198 4869 251 4920 oio.
267 4865 407 4932 comete:
422 4865 491 4930 bgii
509 4865 654 4931 (voluntates
669 4878 724 4918 om.
742 4867 758 4916 ii
774 4865 857 4930 lgm),
874 4865 924 4916 cot.
940 4864 1056 4915 cleonem
1072 4859 1105 4913 el.
1124 4861 1172 4914 dit.
1186 4862 1215 4912 0.
1236 4886 1264 4897 ·-
1282 4859 1323 4910 23.
1341 4871 1359 4907 a
1374 4854 1443 4912 Steti.
1456 4853 1487 4916 V,
1500 4854 1528 4903 et

200 4943 236 5001 ci.
254 4942 280 5008 5.
298 4942 356 4994 448.
376 4965 404 4979 -
429 4941 557 5004 inprouiso
573 4941 605 4991 V.
625 4967 652 4978 -
675 4941 716 4994 si.
734 4946 798 4992 stato
816 4946 876 4992 esset
891 4940 926 4990 V:
944 4942 1067 4990 camerti
1082 4936 1177 5002 1.th-
1193 4941 1271 4988 coice
1286 4936 1364 4985 eursu
1379 4928 1427 4979 dtt.
1446 4928 1475 4978 0.
1496 4955 1524 4964 -

201 5019 246 5070 tibi
267 5022 296 5070 tre
316 5019 380 5082 ιω.
397 5016 558 5084 praeterii.
583 5017 660 5068 inV:
677 5022 706 5068 tc
723 5015 820 5084 [medie
837 5015 920 5068 verbe
937 5016 1000 5067 sunt
1016 5011 1173 5078 oblitterata]
1191 5011 1243 5064 bas.
1257 5035 1285 5045 -
1302 5008 1343 5060 ili.
1361 5005 1389 5054 in
1404 5014 1461 5053 eam
1477 5001 1524 5052 0V·

201 5094 235 5146 it
254 5093 287 5146 ei.
311 5091 432 5146 Oudend.
451 5091 486 5144 nd
506 5093 561 5144 Cic.
580 5091 614 5144 de
634 5093 690 5144 Iuv.
708 5093 728 5145 1.
752 5104 774 5143 c.
795 5093 835 5142 47.
852 5091 893 5144 28.
914 5091 1033 5156 interpp.
1050 5087 1085 5140 ed
1106 5087 1158 5142 Mil.
1182 5087 1207 5153 g.
1225 5086 1267 5137 99.
1291 5109 1318 5119 -
1340 5080 1381 5134 26.
1404 5089 1449 5143 eqo
1470 5089 1523 5128 om.

202 5169 281 5235 ¹⁴8²9·
300 5197 329 5210 -
347 5171 389 5224 ii.
406 5182 464 5224 meo
479 5170 518 5221 V:
536 5181 591 5221 om.
609 5170 656 5221 cti.
674 5169 704 5222 0.
724 5195 752 5208 -·
768 5165 1161 5222 recrudescente.
