3648 5888
281 374 344 443 l00
699 375 849 442 ORATIO
871 375 950 442 PRO
973 376 1014 444 ii.
1036 374 1184 442 tuitio

280 544 331 611 ii.
354 546 431 612 boni
455 544 573 611 debent
595 544 710 609 dicere.
752 545 857 630 Atque
879 545 934 610 ille
959 545 1063 629 legem
1085 545 1162 609 mihi
1184 545 1224 608 de
1244 565 1293 610 ιιι
1313 542 1431 609 tabulis
1451 542 1605 619 recitavit,

283 664 365 729 quae
386 641 556 727 permittit,
585 647 622 704 ut
641 639 743 704 furem
765 647 862 705 noctu
882 641 977 703 liceat
998 640 1160 716 occidere,
1187 648 1219 704 et
1239 641 1329 714 luce,
1359 639 1385 703 si
1408 657 1442 703 se
1463 638 1527 702 telo
1551 639 1606 701 de-

278 736 405 813 fendat,
428 746 460 800 et
474 736 577 819 legem
592 736 755 819 antiquam
769 734 810 798 de
830 734 953 818 legibus
969 734 1113 810 sacratis,
1137 755 1218 820 quae
1234 735 1343 798 iubeat
1356 735 1486 817 impune
1502 732 1606 796 occidi

281 851 353 895 eum
377 831 432 916 qui
454 831 616 894 tribunum
637 828 680 914 pl.
695 830 876 913 pulsaverit.
912 829 1014 904 Nihil,
1038 837 1071 892 ut
1086 831 1216 915 opinor,
1239 836 1403 913 praeterea
1417 827 1456 891 de
1470 827 1605 910 legibus.

257 933 272 979 5
366 920 417 986 48.
447 924 519 999 Qua
540 924 573 987 in
595 944 629 987 re
651 925 712 987 hoc
734 926 873 1008 primum
894 943 1030 1008 quaero,
1061 925 1138 1009 quid
1160 924 1200 988 ad
1220 925 1283 989 hoc
1306 923 1459 987 iudicium
1480 921 1605 985 recitari

281 1019 358 1084 istas
385 1019 472 1102 leges
502 1019 699 1102 pertinuerit.
738 1021 821 1082 Num
843 1038 938 1102 quem
960 1019 1123 1082 tribunum
1146 1019 1189 1102 pl.
1212 1017 1294 1083 servi
1315 1017 1357 1080 M.
1381 1015 1478 1079 Tullii
1499 1015 1606 1100 pulsa-

281 1115 420 1179 verunti
451 1114 524 1176 Non
546 1111 671 1195 opinor.
713 1115 796 1175 Num
825 1111 963 1174 iuratum
986 1112 1114 1176 domum
1144 1113 1177 1175 P.
1200 1111 1289 1176 Fabii
1310 1117 1408 1175 noctu
1422 1111 1605 1173 'veneranti

281 1211 328 1272 Ne
349 1208 382 1270 id
401 1207 542 1292 quidem.
577 1208 659 1270 Num
681 1207 753 1270 luce
774 1205 912 1270 iuratum
927 1214 1081 1269 venerunt
1096 1214 1128 1270 et
1142 1227 1175 1270 se
1190 1206 1255 1269 telo
1272 1205 1507 1270 defenderunt?
1535 1201 1605 1264 Dici

281 1323 348 1365 non
369 1307 484 1385 potest
525 1302 610 1385 Ergo
638 1303 707 1364 istis
734 1300 877 1384 legibus,
906 1323 985 1386 quas
1012 1301 1166 1376 recitasti,
1196 1307 1281 1365 certe
1302 1321 1367 1364 non
1387 1299 1493 1385 potuit
1513 1295 1604 1360 istius

245 1408 274 1456 io
282 1396 402 1460 familia
424 1416 532 1459 servos
554 1399 596 1461 Μ.
619 1394 714 1459 Tullii
738 1396 894 1460 occidere.

368 1489 419 1554 ti.
440 1493 528 1565 Non,
550 1490 671 1573 inquit,
694 1491 734 1552 ad
757 1511 827 1553 eam
848 1512 915 1554 rem
936 1489 1083 1564 recitavi,
1106 1490 1162 1553 sed
1184 1497 1220 1552 ut
1233 1489 1294 1553 hoc
1309 1489 1520 1572 intelligeres,
1542 1506 1606 1549 non

282 1588 386 1652 visum
407 1607 478 1649 esse
500 1584 674 1647 maioribus
696 1585 814 1648 nostris
836 1592 899 1646 tam
921 1584 1085 1666 indignum
1108 1584 1190 1646 istuc
1212 1584 1320 1647 nescio
1344 1583 1438 1668 quid,
1462 1603 1558 1665 quam
1572 1590 1606 1645 tu

282 1690 389 1766 putas,
410 1678 573 1744 bominem
596 1677 709 1742 occidi.
741 1679 939 1760 ltprimum
961 1679 1041 1741 istae
1063 1678 1152 1761 ipsae
1173 1679 1276 1762 leges,
1307 1699 1386 1762 quas
1413 1679 1544 1752 recitas,
1572 1685 1607 1740 ut

283 1777 404 1839 mittam
426 1780 549 1848 cetera,
571 1769 764 1857 significant,
788 1792 883 1856 quam
904 1772 1066 1835 noluerint
1086 1773 1221 1836 maiores
1236 1772 1352 1847 nostri,
1375 1771 1436 1836 nisi
1452 1793 1524 1836 cum
1537 1793 1608 1856 per-

246 1877 414 1933 tinecesse
436 1874 535 1942 esset,
557 1866 720 1929 hominem
744 1866 856 1930 occidi.
892 1866 1031 1930 Primum
1054 1868 1114 1930 ista
1136 1865 1189 1930 lex
1211 1875 1331 1931 sacrata
1354 1875 1418 1943 est,
1440 1887 1536 1951 quam
1556 1885 1607 1928 ro-

283 1970 396 2048 garunt
417 1961 544 2037 murati,
567 1970 603 2025 ut
624 1962 761 2025 inermes
784 1962 852 2024 sine
867 1961 1011 2044 periculo
1026 1969 1158 2043 possent
1172 1982 1252 2025 esse.
1281 1962 1387 2037 Quare
1403 1982 1467 2024 non
1483 1960 1607 2035 iniuria,

282 2078 347 2142 quo
369 2055 556 2139 magistratu
576 2057 717 2118 munitae
739 2055 826 2138 leges
849 2061 937 2129 sunt,
961 2055 1029 2116 eius
1050 2055 1252 2138 magistratus
1277 2077 1392 2140 corpus
1406 2053 1530 2138 legibus
1544 2053 1608 2118 val-

138 2109 175 2268 l
282 2153 382 2230 latum
404 2171 473 2212 esse
488 2150 667 2213 voluerunt.
702 2146 752 2211 50.
767 2150 898 2225 Furem,
920 2149 982 2211 boc
998 2155 1063 2233 est,
1086 2149 1280 2231 praedonem
1296 2158 1328 2214 et
1342 2151 1515 2224 latronem,
1537 2149 1608 2211 luce

283 2245 386 2309 occidi
413 2251 522 2307 vetant
550 2265 598 2308 ιιι
624 2243 767 2306 tabulae:
802 2264 872 2306 cum
894 2225 1136 2326 intra‘parietes
1159 2253 1230 2308 tuos
1252 2246 1377 2310 hostem
1399 2244 1608 2308 certissimum

245 2348 409 2414 soteneas,
443 2337 506 2402 nisi
535 2358 569 2401 se
597 2337 661 2402 telo
684 2337 841 2413 defendit,
874 2339 995 2422 inquit,
1028 2339 1171 2402 etiamsi
1195 2341 1351 2403 cumtelo
1374 2337 1513 2412 venerit,
1545 2337 1608 2399 nisi

283 2440 391 2496 utetur
412 2433 476 2495 telo
499 2451 538 2494 eo
561 2451 598 2494 ac
618 2431 820 2513 repugnabit,
842 2447 908 2495 non
930 2431 1067 2495 occides.
1102 2432 1239 2508 Quodsi
1259 2442 1429 2517 repugnat,
1451 2453 1609 2497 runcano-

283 2545 383 2601 nsro,
415 2526 478 2589 boc
500 2533 564 2600 est,
596 2525 810 2601 conclamato,
842 2535 878 2589 ut
899 2527 998 2610 aliqui
1020 2525 1152 2589 audiant
1174 2536 1205 2591 et
1227 2529 1426 2591 conveniant.
1463 2527 1547 2604 Quid
1570 2525 1609 2588 ad

283 2621 366 2684 hauc
388 2619 587 2684 clementiam
609 2619 684 2682 addi
705 2626 824 2702 potest,
848 2619 903 2703 qui
926 2640 967 2682 ne
988 2619 1050 2682 hoc
1072 2619 1203 2702 quidem
1223 2623 1443 2704 permiserint,
1465 2631 1502 2686 ut
1523 2622 1609 2686 domi

286 2735 362 2780 suae
385 2722 481 2798 caput
502 2735 595 2778 suum
617 2715 685 2777 sine
709 2715 842 2777 testibus
866 2721 897 2776 et
918 2714 1044 2776 arbitris
1065 2713 1149 2777 ferro
1172 2715 1342 2779 defendere
1365 2717 1499 2780 liceret?

248 2827 276 2876 et
369 2806 420 2874 tii.
444 2809 524 2884 Quis
547 2815 608 2884 est,
632 2808 682 2872 cui
705 2809 805 2890 magis
827 2808 949 2890 ignosci
973 2809 1156 2883 conveniat,
1184 2810 1336 2894 quoniam
1358 2831 1408 2874 me
1430 2811 1470 2874 ad
1491 2829 1541 2874 xri
1564 2818 1611 2874 ta-

284 2904 376 2966 bulas
397 2924 546 2980 revocas,
569 2924 666 2988 quam
687 2905 715 2966 si
737 2904 810 2987 quis
829 2922 923 2987 quem
940 2902 1123 2986 imprudens
1139 2904 1312 2966 occiderit?
1344 2907 1462 2980 Nemo,
1485 2905 1610 2988 opinor.

58 3009 127 3106 ,lp
267 2974 371 3078 (llaec
394 2999 478 3062 enim
500 2999 598 3063 tacita
618 2997 671 3062 lex
694 3003 742 3061 est
762 2998 984 3073 humanitatis,
1012 3005 1049 3061 ut
1070 2997 1109 3060 ab
1131 2997 1260 3061 homine
1284 3000 1428 3075 consilii,
1459 3021 1524 3064 non
1545 3001 1611 3063 for-

286 3101 380 3156 tunae
408 3114 513 3176 poena
542 3085 727 3186 repetatur.)
748 3095 867 3156 Tamen
893 3092 1027 3156 huiusce
1056 3092 1103 3156 rei
1124 3094 1250 3156 veniam
1272 3095 1407 3158 maiores
1428 3115 1494 3158 non
1516 3093 1611 3160 dede-

285 3193 368 3250 nmt.
396 3190 475 3252 Nam
495 3188 549 3252 lex
570 3196 619 3253 est
638 3188 671 3251 in
686 3209 733 3252 xu
748 3187 882 3251 tabulis:
906 3188 940 3251 Sr
962 3207 1068 3250 rnnvu
1090 3205 1176 3251 nanv
1199 3210 1291 3252 rrum
1313 3206 1411 3253 uicis
1433 3206 1515 3263 oran
1535 3207 1614 3252 racrr

286 3373 388 3426 definiri
406 3388 458 3426 non
476 3377 577 3441 potest;
603 3374 680 3441 plane
699 3375 856 3426 Ciceronem
873 3373 924 3434 ibi,
951 3373 997 3423 ubi
1014 3373 1098 3424 codex
1115 3374 1203 3424 denuo
1220 3376 1324 3439 incipit,
1342 3377 1369 3426 in
1387 3377 1506 3436 Quinctio
1524 3377 1612 3428 coniu-

285 3450 365 3501 tando
383 3451 471 3502 adhuc
487 3453 647 3516 occupatum
665 3451 745 3500 tuisse
762 3450 920 3508 invenimus,
937 3448 1009 3498 unde
1027 3448 1153 3500 credibile
1171 3453 1225 3513 est,
1244 3463 1297 3500 non
1308 3454 1363 3502 tam
1373 3450 1456 3502 multa
1474 3453 1610 3517 periisse.»

285 3528 395 3577 Huscur.
415 3525 531 3590 «Ubique
543 3528 635 3576 tamen
646 3525 791 3576 tenendum
809 3525 849 3574 est
865 3525 959 3573 tertiae
977 3524 1081 3574 circiter
1099 3527 1223 3576 orationis
1239 3539 1288 3590 pro
1300 3527 1412 3576 Caecina
1425 3528 1492 3591 parti
1509 3530 1611 3578 nostras

285 3600 416 3652 Tullianae
437 3599 563 3664 reliquias
584 3602 706 3665 aequari,
731 3602 821 3649 tammr
843 3599 870 3649 in
887 3597 994 3661 Dialogo
1012 3599 1046 3649 de
1064 3603 1151 3652 causis
1168 3604 1309 3664 corruptae
1327 3599 1492 3665 eloquentiae
1511 3604 1543 3666 tc.
1559 3603 1610 3664 20.)

285 3677 352 3728 duas
368 3675 425 3728 illes
441 3677 611 3727 detensiones
628 3677 685 3740 pari
703 3675 758 3726 lere
775 3675 859 3737 gradu
875 3687 906 3723 ac
920 3687 1043 3724 mensure
1056 3676 1216 3726 aestimari.»
1228 3677 1305 3726 Kana.
1326 3677 1453 3726 bominem
1469 3677 1610 3740 [licentiori]

284 3752 370 3803 Pac.
386 3777 414 3788 -
434 3753 457 3801 t.
476 3751 541 3815 boni]
566 3751 607 3802 sb
625 3751 676 3800 bac
691 3762 758 3798 voce
776 3749 867 3813 incipit
882 3748 972 3800 lolium
988 3751 1149 3801 Taurineuse
1166 3755 1298 3802 octavum.
1320 3778 1346 3786 -
1372 3753 1396 3800 2.
1414 3752 1468 3802 tuce
1484 3752 1543 3802 PK:
1562 3751 1612 3800 tuci

286 3827 391 3879 ΤΒΟΗ.
410 3825 449 3878 Cl.
462 3824 503 3890 ἓξ.
516 3825 557 3878 48.
570 3827 611 3876 50.
624 3847 651 3862 ·-
666 3825 690 3874 3.
701 3825 920 3886 mnaneTPB.··
935 3823 958 3876 t.
971 3830 998 3875 ut
1010 3838 1063 3876 om.
1077 3826 1106 3875 Κ.
1117 3853 1144 3861 -
1159 3826 1183 3875 6.
1197 3827 1237 3875 ic.
1252 3826 1313 3876 Tatii
1324 3826 1457 3876 TPBHK.
1473 3853 1500 3863 -
1513 3826 1536 3876 7.
1550 3825 1611 3876 Fabi

285 3903 415 3956 TPBlill.
428 3929 455 3938 -
472 3900 747 3954 normannum-
766 3901 792 3952 8.
803 3911 930 3951 nrnccrcs
941 3900 969 3950 Τ.
985 3928 1012 3937 -
1031 3903 1071 3952 ti.
1084 3901 1173 3963 inquid
1189 3902 1245 3952 ΤΡ.
1257 3902 1445 3965 -inteiieqeres
1462 3902 1609 3954 ΤΡΒΗΚ.

287 4007 315 4017 -
334 3980 375 4029 ti.
393 3977 507 4029 nouae:
524 3981 730 4039 cum--ienees,
746 3975 794 4026 nisi
811 3975 878 4026 liii:
902 3975 1009 4036 immor,
1027 3981 1238 4038 cem--iencee,
1258 3988 1312 4027 nrsr
1328 3978 1356 4036 P,
1375 3975 1487 4037 inbutae,
1506 3989 1611 4028 cren--

284 4060 376 4105 nnena
399 4065 453 4104 rusr
467 4052 525 4102 Βο.
545 4075 575 4088 -
593 4050 635 4100 20.
652 4063 707 4102 ursr
725 4063 757 4102 ss
777 4062 839 4100 rsso
856 4062 985 4102 osrssnrr
1001 4051 1095 4112 Boti,
1113 4051 1162 4100 nisi
1176 4063 1208 4103 sa
1225 4063 1287 4102 rsco
1302 4062 1432 4101 osssnorr
1450 4052 1485 4111 K,
1511 4063 1565 4104 rusi
1579 4065 1612 4104 ss

284 4141 347 4180 rano
362 4139 524 4178 nnrrnnsarr
540 4125 573 4176 dc
592 4126 703 4188 conieci.
717 4128 745 4177 P.
769 4123 857 4176 Malim
874 4125 982 4188 ntandei
1000 4128 1027 4176 et
1042 4131 1151 4191 propter
1168 4127 1328 4190 epexegesin
1345 4128 1373 4177 et
1387 4128 1497 4191 propter
1513 4128 1612 4192 apode-

285 4203 334 4254 sin.
350 4228 377 4242 -
395 4203 484 4266 inquid
499 4202 556 4252 TP.
570 4227 598 4238 -
616 4202 657 4251 tt.
675 4214 727 4253 uos
741 4212 846 4253 occrnss
863 4200 951 4250 Boii.
968 4226 995 4235 -
1013 4212 1079 4260 oron
1093 4213 1119 4253 sr
1134 4213 1263 4252 mercam
1274 4200 1336 4260 ΒΟ,
1354 4212 1571 4260 orossrrnnrssrr
1581 4202 1609 4261 Τ,

284 4289 371 4337 prossr
391 4289 578 4330 asrrcsaraarr
599 4278 636 4339 H,
661 4290 725 4338 oron
749 4290 775 4329 sr
797 4287 984 4327 anrrosrrnarr
1004 4277 1038 4338 P,
1065 4277 1130 4338 Quid
1150 4276 1171 4324 si
1191 4273 1339 4338 repugnet?
1363 4274 1507 4338 Madvigius
1528 4276 1610 4342 Epist.

285 4352 342 4403 crit.
361 4365 388 4417 p.
405 4351 446 4402 ea.
467 4376 495 4388 -
514 4351 555 4404 ii.
574 4351 617 4414 qni
633 4365 663 4401 ne
678 4352 723 4402 boc
735 4351 837 4414 'endem
850 4351 1008 4414 peruicerini
1025 4352 1087 4415 cet]
1114 4353 1189 4403 Hunc
1209 4349 1299 4400 locum
1315 4349 1357 4401 vel
1374 4350 1489 4402 similem
1506 4353 1533 4402 in
1548 4365 1612 4416 pro-

284 4429 355 4480 xima
376 4427 472 4479 lacuna
491 4427 695 4494 pessumdatum
720 4427 870 4492 respexisse
887 4427 991 4477 videtur
1007 4428 1142 4490 interpres
1161 4426 1303 4476 Vaticanus
1321 4426 1410 4477 ador.
1429 4439 1455 4490 p.
1474 4425 1568 4478 Milone
1585 4427 1610 4487 3,

285 4505 310 4555 6.
334 4505 375 4556 bis
396 4503 503 4555 verbis:
530 4504 559 4553 In
580 4502 626 4553 itte
647 4504 775 4564 motione,
802 4516 867 4564 quoe
886 4517 935 4564 pro
955 4504 991 4553 M.
1011 4502 1088 4552 Teiiio
1109 4501 1262 4563 inscribitur,
1360 4502 1428 4564 ipses
1450 4514 1547 4563 qaioqae
1568 4503 1615 4552 ΧΗ

284 4579 383 4630 neuim
405 4579 561 4630 weonuoit
582 4579 691 4642 (Cicero)
715 4578 839 4629 candore
856 4593 906 4641 pro
927 4578 1054 4629 bominum
1073 4577 1166 4639 selme,
1193 4590 1257 4639 quea
1278 4577 1342 4627 bons
1366 4578 1523 4628 interimendi
1541 4583 1613 4640 pote-

284 4659 373 4705 statem
388 4669 438 4704 non
454 4655 528 4718 sociis
539 4655 707 4718 permiserint.
728 4682 755 4691 -
774 4654 814 4706 il.
833 4665 910 4704 carro
927 4653 955 4702 T.
976 4676 1003 4688 -
1021 4663 1144 4702 ammaus
1161 4652 1190 4702 T.
1211 4677 1238 4686 —
1257 4651 1298 4702 26.
1317 4651 1440 4717 occiderit]
1464 4654 1612 4702 «incertius

285 4729 350 4780 mibi
372 4731 458 4780 visum
482 4731 523 4780 est
545 4731 635 4794 (mam
656 4731 784 4792 Peyronol
807 4731 833 4780 in
856 4730 974 4778 extrema
997 4725 1099 4790 syllaba
1115 4739 1126 4776 r
1143 4739 1176 4776 an
1191 4739 1209 4776 s
1226 4729 1354 4791 scriptum
1372 4729 1468 4778 esset.»
1486 4729 1561 4778 Kana.
1582 4755 1609 4765 -

285 4804 326 4855 30.
345 4804 374 4856 in
391 4801 493 4868 syllaba
503 4815 538 4854 rra
555 4803 653 4854 desinit
668 4802 758 4855 lolium
769 4805 931 4856 taurinense
943 4804 1075 4853 octavum.
1103 4803 1174 4861 Quae
1187 4804 1334 4866 sequuntur
1346 4805 1471 4865 quattuor
1483 4800 1610 4867 syllabae,

286 4893 302 4929 a
322 4881 444 4942 Peyrono
464 4879 602 4929 restitutae
625 4881 689 4930 sunt
709 4892 724 4930 e
745 4881 903 4946 topicorum
926 4890 949 4927 c.
969 4878 1008 4927 ti.
1028 4877 1051 4940 ἓ.
1071 4876 1112 4928 tt.
1137 4879 1241 4929 «Totius
1259 4879 1390 4940 iacturae,
1419 4891 1500 4943 quarn
1517 4879 1544 4928 in
1561 4878 1611 4928 bac

285 4955 361 5020 parte
378 4955 503 5006 orationis
520 4955 590 5006 inter
607 4957 725 5007 extrema
742 4956 795 5007 duo
813 4955 873 5006 tolia
884 4955 1054 5006 Taurineusia
1069 4953 1193 5018 lecimus,
1213 4956 1424 5007 aestimationem
1434 4955 1510 5004 linire
1522 4952 1610 5004 adhuc

286 5041 367 5080 ausus
383 5032 426 5082 est
441 5043 530 5082 nemo.
556 5031 648 5094 Neque
666 5043 715 5094 ego
732 5031 827 5081 audeo.
854 5031 955 5081 Vereor
972 5042 1005 5080 na
1022 5043 1118 5094 magna
1130 5032 1171 5082 sit.
1191 5032 1269 5082 Certe
1282 5029 1411 5082 intaralia
1422 5031 1508 5081 omnis
1521 5028 1610 5093 dispu-

285 5103 361 5167 tatio,
379 5106 464 5157 utrius
481 5107 554 5158 essct
570 5105 689 5159 centuria
704 5105 861 5175 Populiana,
879 5105 1001 5158 interiit.»
1020 5107 1096 5158 Krec.
1123 5106 1162 5159 ct.
1180 5106 1215 5156 nd
1233 5103 1256 5170 5.
1275 5104 1316 5156 te.
