3642 5868
291 405 354 476 250
644 415 686 480 IN
707 415 876 482 VERREM
896 414 1018 482 acrio
1042 413 1226 481 SECUNDA

291 591 329 648 ut
348 583 463 649 absens
484 593 688 649 accusaretur
707 587 747 650 ab
762 586 801 649 iis
819 586 939 669 palam,
963 605 1098 671 quorum
1113 587 1247 651 iubens
1262 589 1444 674 liberosque
1459 611 1620 657 summum

290 679 459 763 imperium
480 687 735 764 potestatemque
756 680 897 744 heberet.
929 683 1030 744 Tanta
1050 683 1098 745 vis
1113 688 1181 745 erat
1200 683 1400 759 iniuriarum,
1422 692 1459 748 ut
1471 685 1619 752 homines

292 773 418 857 quiduis
439 774 581 857 perpeti,
610 794 706 858 quam
728 794 793 837 non
815 775 855 838 de
884 775 975 838 istius
1000 777 1202 858 improbitate
1224 777 1391 860 deplorare
1413 788 1445 844 et
1465 783 1620 864 conqueri

291 867 432 932 mallent.
464 865 516 932 46.
540 869 628 946 Quas
649 869 770 934 litteras
792 869 926 932 eumad
949 889 1060 933 omnes
1077 870 1220 934 civitates
1242 891 1344 955 prope
1358 873 1545 957 suppliciter
1560 876 1620 938 nri·

268 963 385 1026 risisset
404 964 569 1038 Metellus,
591 971 697 1027 tamen
718 964 885 1047 antiquum
900 963 1029 1027 modum
1052 965 1182 1029 sationis
1205 966 1293 1030 nulla
1315 977 1466 1050 exparte
1489 969 1618 1054 assequi

291 1057 405 1139 potuit.
447 1058 644 1140 Diffugerant
665 1059 750 1121 enim
772 1058 936 1141 permulti,
965 1058 997 1120 id
1021 1059 1107 1143 quod
1133 1060 1312 1135 ostendam,
1344 1081 1403 1124 nec
1425 1063 1529 1126 solum
1549 1083 1621 1128 ara-

290 1148 412 1225 tiones,
434 1151 490 1214 scd
513 1152 608 1214 etiam
630 1151 722 1215 sedes
745 1171 818 1216 suas
840 1153 958 1234 patrias
979 1152 1070 1216 istius
1092 1153 1218 1217 iniuriis
1240 1155 1391 1238 exagitati
1411 1156 1619 1241 reliquerant.

363 1245 434 1308 Non
456 1243 636 1308 mehercule
651 1245 789 1327 augendi
805 1246 945 1309 criminis
960 1265 1066 1323 causa,
1080 1247 1212 1325 iudices,
1231 1249 1344 1326 dicam,
1367 1251 1423 1314 sed
1439 1270 1535 1333 quem
1548 1253 1620 1334 ipse

291 1339 400 1422 accepi
423 1339 522 1402 oculis
545 1341 716 1423 animoque
739 1359 884 1414 sensum,
906 1340 991 1404 hunc
1004 1361 1079 1406 vere
1094 1343 1178 1425 apud
1194 1364 1251 1408 vos
1267 1352 1300 1408 et
1314 1353 1350 1408 ut
1369 1353 1484 1428 potero
1501 1347 1621 1428 planis-

254 1445 283 1494 to
292 1431 370 1497 sime
391 1451 560 1516 exponam.
590 1429 642 1498 47.
663 1437 744 1498 Nam
766 1455 837 1498 cum
853 1435 1064 1518 quadriennio
1087 1445 1160 1522 post
1180 1439 1213 1501 in
1233 1440 1371 1503 Siciliam
1386 1439 1559 1512 venissem,
1575 1438 1622 1502 sic

291 1528 368 1592 mihi
390 1529 504 1592 affecta
526 1529 593 1592 visa
608 1535 667 1604 est,
689 1536 725 1592 ut
739 1547 796 1591 eae
814 1536 916 1592 terrae
932 1530 1052 1604 solent,
1074 1533 1107 1594 in
1123 1533 1239 1616 quibam
1253 1533 1373 1596 bellum
1388 1531 1537 1595 acerbum
1551 1532 1622 1594 diu·

291 1631 484 1707 turnumque
505 1632 666 1687 versatum
688 1631 746 1688 est.
779 1623 868 1700 Quos
891 1642 950 1706 ego
973 1643 1101 1708 campos
1122 1633 1215 1690 antea
1230 1627 1392 1710 collesque
1413 1625 1621 1691 nitidissimos

291 1716 562 1801 viridissimosque
584 1717 832 1792 vidissem,·hos
853 1717 898 1779 ita
915 1725 1055 1782 vastatos
1076 1740 1161 1783 nunc
1183 1739 1220 1784 ac
1243 1721 1386 1785 desertos
1401 1720 1563 1794 ridebam,
1585 1725 1622 1782 ut

292 1830 368 1894 ager
388 1811 457 1895 ipse
479 1810 635 1875 cultorem
657 1811 839 1876 desiderare
860 1830 897 1874 ec
919 1813 1028 1895 lugere
1044 1813 1207 1878 dominum
1221 1807 1418 1883 videretur(
1423 1813 1621 1877 Herbitensis

171 1918 189 1987 3
254 1917 385 1988 tsager,
406 1905 602 1982 Hennensis,
624 1907 861 1990 Murgentinus,
883 1909 1070 1983 Assoriuus,
1093 1910 1331 1985 Imacharensis,
1350 1910 1556 1995 Agyrinensis
1577 1911 1623 1972 itu

140 2045 228 2142 ,μ
292 2000 423 2090 relictus
445 2008 514 2064 erat
534 2021 575 2064 ex
596 2003 733 2064 maxima
754 1987 921 2094 parte,)ut
941 2022 1005 2066 non
1028 2003 1131 2066 solum
1153 2003 1316 2086 iugorum,
1339 2005 1394 2067 sed
1410 2005 1506 2067 etiam
1522 2003 1622 2066 domi·

291 2085 411 2156 norum¹¹
451 2081 518 2155 ''l·
578 2095 611 2156 in
769 2115 785 2156 r
914 2089 940 2157 .’
1088 2098 1094 2111 ”
1386 2099 1393 2116 ’

117 2208 141 2278 5
151 2241 173 2274 ι,
196 2179 224 2265 ί
229 2163 282 2262 &V
293 2115 487 2252 cultissirldills
493 2096 585 2268 414441,
613 2114 910 2272 ζῇῃὲἓρῑιῗῗὲἲ
923 2097 1623 2276 (444444414444444448644414143εῐᾚὲἑξίἳ

138 2277 253 2404 W
294 2284 384 2348 cuius
406 2291 500 2348 antea
522 2283 644 2366 species
665 2283 745 2368 haec
769 2291 853 2359 erat,
875 2290 927 2357 ut,
950 2304 1022 2346 eum
1045 2285 1184 2348 obsitum
1205 2285 1356 2359 vidisses,
1378 2304 1524 2349 annonae
1546 2287 1624 2348 cari-

255 2385 390 2442 rotatem
420 2399 485 2442 non
510 2397 672 2452 vererere,
704 2379 750 2442 sic
779 2385 846 2458 erat
868 2378 1018 2442 deformis
1041 2387 1138 2464 atque
1160 2379 1324 2455 horridus,
1353 2387 1389 2442 ut
1410 2381 1443 2443 in
1466 2381 1625 2444 uberrima

294 2473 422 2537 Siciliae
443 2481 533 2557 parte
556 2471 697 2536 Siciliam
720 2479 961 2571 quaereremus)
998 2474 1214 2539 Labefactarat
1236 2477 1321 2538 enim
1335 2474 1540 2537 vehementer
1555 2492 1626 2536 ara-

294 2574 378 2632 tores
393 2568 457 2631 iam
471 2566 619 2651 superior
632 2585 753 2640 annus,
774 2567 940 2649 proximus
955 2589 1031 2631 vero
1046 2569 1190 2632 funditus
1205 2575 1370 2634 everterat.
1405 2569 1493 2632 xlx.
1510 2564 1561 2631 48.
1577 2569 1625 2630 Tu

293 2663 372 2728 mihi
394 2665 489 2729 etiam
512 2663 611 2728 audes
634 2665 829 2727 mentionem
851 2663 955 2726 tacere
978 2665 1203 2727 decumarum?
1240 2666 1288 2727 Tu
1310 2663 1344 2727 in
1366 2671 1454 2727 tantu
1475 2665 1626 2748 improbi-

293 2766 374 2836 tate,
399 2757 457 2846 [tu]
481 2760 514 2822 in
537 2765 625 2822 tanta
647 2759 835 2832 acerbitate,
859 2759 892 2819 in
914 2764 961 2822 tot
983 2777 1019 2820 ac
1042 2759 1137 2821 tantis
1160 2759 1302 2833 iniuriis,
1325 2777 1398 2820 cum
1419 2759 1453 2824 in
1475 2760 1626 2824 arationi-

256 2854 354 2917 ttbus
376 2855 464 2917 etin
486 2874 595 2918 earum
617 2874 723 2918 rerum
746 2854 815 2916 iure
836 2854 1001 2936 provincia
1020 2853 1130 2917 Sicilia
1152 2856 1320 2929 consistat,
1343 2854 1463 2917 eversis
1483 2853 1625 2919 funditus

294 2948 489 3024 aratoribus,
511 2949 631 3012 relictis
653 2949 754 3032 agris,
778 2968 850 3011 cum
872 2949 905 3010 in
928 2947 1092 3030 provincia
1114 2955 1178 3011 tam
1200 2946 1360 3031 locuplete
1375 2967 1412 3010 ac
1430 2949 1547 3011 referta
1562 2967 1626 3011 non

294 3040 389 3104 modo
412 3061 495 3118 rem,
518 3043 573 3107 sed
596 3063 636 3109 ne
658 3063 747 3126 spem
764 3044 893 3127 quidem
907 3044 1005 3106 ullam
1022 3043 1178 3126 reliquam
1193 3042 1342 3125 cuiquam
1355 3040 1482 3117 feceris,
1505 3042 1626 3127 aliquid

294 3143 326 3198 te
347 3135 502 3220 populare
525 3139 652 3222 putabis
673 3138 808 3212 habere,
832 3158 903 3201 cum
928 3137 1014 3200 dices
1036 3144 1067 3199 te
1089 3137 1190 3222 pluris
1213 3155 1309 3219 quam
1331 3141 1453 3199 ceteros
1476 3136 1626 3200 decumas

294 3229 503 3295 vendidisset
537 3232 636 3308 Quasi
659 3253 734 3296 vero
757 3241 812 3296 aut
833 3232 972 3315 populus
993 3232 1154 3294 Romanus
1177 3229 1239 3292 hoc
1262 3230 1400 3292 voluerit
1421 3237 1477 3294 aut
1499 3239 1626 3295 senatus

257 3323 352 3387 sotibi
373 3324 434 3388 hoc
457 3327 671 3401 mandaverit,
693 3334 744 3402 ut,
768 3346 840 3389 cum
863 3346 973 3390 omnes
996 3333 1156 3389 aratorum
1178 3326 1321 3388 fortunas
1344 3325 1548 3388 decumarum
1569 3345 1627 3389 no-

294 3418 379 3482 mine
408 3422 565 3504 eriperes,
595 3423 629 3483 in
656 3428 821 3504 posterum
850 3420 955 3484 fructu
983 3419 1039 3482 illc
1071 3418 1302 3502 commodoque
1329 3418 1376 3480 rei
1402 3419 1626 3484 frumentariae

294 3513 450 3597 populum
471 3515 648 3579 Romanum
669 3515 829 3598 privares:
860 3515 992 3588 deinde,
1019 3515 1046 3577 si
1069 3534 1166 3599 quam
1188 3521 1309 3596 partem
1332 3521 1406 3577 tuae
1427 3516 1565 3597 praedae
1586 3513 1627 3578 ad

361 3721 385 3770 4.
404 3733 493 3782 apsens
503 3720 534 3770 V.
550 3746 577 3757 —
592 3719 615 3771 3.
629 3719 787 3784 improbitate
796 3720 866 3784 4349
877 3721 909 3772 44
919 3721 939 3770 Β
949 3721 1002 3771 NV
1014 3719 1103 3784 (impr.)
1115 3734 1151 3782 cp:
1168 3719 1295 3782 pravitate
1307 3719 1351 3768 ott.
1366 3719 1395 3768 0.
1409 3717 1519 3783 [habent
1530 3719 1626 3771 deinde

295 3795 425 3846 editiones
441 3800 465 3846 et
481 3795 593 3855 iniuriis,
612 3809 682 3859 quae
698 3794 781 3847 verbe
800 3809 861 3846 curn
880 3794 966 3846 absint
983 3796 1070 3845 aVet
1081 3795 1162 3858 4344,
1182 3793 1295 3845 delenda
1309 3796 1471 3845 censuimus.
1491 3795 1583 3860 Hecu]
1598 3823 1625 3832 -

294 3871 320 3923 4.
339 3871 418 3921 omois
434 3870 465 3920 V.
486 3897 513 3907 —
531 3872 555 3920 6.
575 3871 673 3934 assequi
690 3870 856 3935 LgitNVrp
875 3871 931 3934 (sed
948 3869 971 3920 V
988 3870 1065 3933 adsi:
1084 3870 1186 3933 eccequi
1204 3865 1244 3918 vel
1262 3869 1351 3930 exequi
1367 3867 1424 3920 rell.
1446 3898 1473 3907 -
1493 3870 1516 3921 6.
1535 3883 1580 3921 uec
1596 3869 1625 3922 l:

293 3959 345 3997 uon
360 3943 417 3996 reli.
437 3946 465 3997 0.
486 3945 532 4009 (De
549 3946 572 3995 V
589 3959 643 3997 uon
660 3945 761 4011 liquet.)
782 3976 809 3984 -
829 3947 952 3996 arationis
969 3945 1046 4010 4344.
1068 3973 1095 3981 -
1115 3945 1139 3995 7.
1157 3945 1329 4008 relinquerant
1345 3945 1375 3995 V.
1392 3971 1418 3980 -
1437 3945 1462 3995 8.
1480 3945 1629 3995 mehercules

294 4022 373 4086 4344.
394 4048 422 4059 -
441 4021 549 4085 acuendi
564 4022 677 4071 criminis
692 4020 729 4070 V:
756 4023 868 4072 criminis
885 4022 993 4086 aspendi
1009 4023 1055 4071 cit.
1075 4020 1104 4070 Ο.
1126 4047 1152 4057 -
1176 4020 1228 4069 iud.
1247 4021 1330 4070 dicum
1346 4021 1369 4070 V
1386 4021 1412 4070 et
1428 4019 1457 4071 i:
1476 4021 1558 4071 dicam
1574 4021 1626 4070 iud.

295 4099 340 4148 cti.
358 4098 388 4147 0.
409 4125 436 4134 -
455 4109 520 4160 quae
536 4095 588 4158 ipse
604 4109 738 4161 supersor.
757 4110 783 4146 m
798 4098 829 4148 V.
851 4125 878 4134 -
895 4099 947 4161 ipsc
964 4097 1047 4158 accepi
1058 4095 1169 4160 vrgia:
1190 4109 1243 4146 acc.
1260 4096 1313 4158 ipsc
1330 4097 1374 4145 cti.
1395 4096 1424 4145 0.
1440 4125 1467 4133 -
1486 4096 1510 4146 9.
1529 4097 1629 4147 auimo-

294 4185 359 4236 quae
375 4172 406 4222 V.
427 4197 455 4208 —-
474 4179 538 4237 aput
551 4175 583 4224 V.
603 4202 630 4210 —
646 4173 799 4237 planissume
816 4175 846 4224 V.
869 4203 896 4211 -
916 4175 956 4224 4ο,
975 4173 1010 4238 in]
1028 4174 1062 4222 im
1079 4173 1110 4222 V.
1132 4200 1158 4208 -
1178 4171 1213 4221 sic
1228 4172 1263 4221 mi
1280 4172 1349 4234 4349
1361 4171 1389 4222 Β.
1411 4199 1438 4208 —
1466 4173 1506 4223 44.
1524 4173 1577 4237 adi.
1595 4172 1627 4223 V.

297 4275 325 4285 -
353 4261 396 4298 cae
412 4247 478 4299 VL:
497 4263 548 4300 esse
564 4249 649 4313 4344;
674 4249 722 4300 tae
738 4251 783 4299 ctt.
804 4276 832 4285 -
853 4249 891 4299 43.
911 4253 969 4299 tuuc
986 4251 1014 4299 L.
1041 4249 1075 4298 At
1090 4259 1115 4296 v.
1134 4247 1229 4297 Hendii
1247 4247 1410 4296 Turseiiiuum
1425 4247 1467 4297 ill.
1486 4260 1513 4312 p.
1527 4245 1584 4296 334.
1599 4274 1627 4284 -

295 4324 335 4373 ti.
353 4323 514 4375 Eduaueusis
523 4325 593 4388 4349
605 4325 636 4376 44
647 4325 667 4376 Β
677 4325 711 4386 V;
730 4325 901 4376 indalicius:
921 4329 944 4375 et
955 4324 1097 4374 Hennensis.
1115 4351 1142 4360 -
1161 4322 1337 4386 Morpautiuus
1353 4321 1373 4371 0
1390 4325 1482 4372 contra
1500 4319 1579 4372 codd.
1600 4349 1627 4358 —

294 4397 465 4450 Mocheresis
486 4399 563 4450 codd.
598 4404 631 4451 44
656 4400 689 4452 ci.
711 4399 735 4464 5.
754 4401 810 4452 400.
834 4401 864 4451 V.
885 4400 909 4463 S.
928 4401 967 4450 44.
990 4398 1052 4449 Piin.
1078 4399 1107 4448 N.
1128 4398 1158 4447 ll.
1177 4399 1220 4448 111.
1239 4396 1268 4456 8,
1288 4395 1329 4446 44.
1358 4423 1386 4433 -
1414 4397 1454 4448 46.
1481 4403 1536 4448 erut
1552 4401 1582 4447 ut
1597 4411 1631 4447 esc

294 4476 411 4525 maxima
431 4489 482 4525 aon
499 4475 578 4526 scium
594 4477 673 4541 4344.
700 4477 766 4527 iiiuc
782 4475 919 4540 Zumptius
936 4475 1020 4525 cont:
1043 4475 1081 4524 ita
1096 4473 1197 4522 relicuas
1213 4477 1268 4522 erut
1283 4476 1311 4520 ut
1327 4472 1469 4522 mmmmm
1485 4471 1631 4522 conscium

296 4553 347 4603 etc.
369 4578 396 4588 —
414 4551 533 4616 iuporsms
549 4550 586 4600 V:
613 4551 728 4615 iuqerum
745 4549 801 4602 rell.
820 4551 850 4601 0.
870 4579 898 4588 -
918 4550 958 4600 49.
976 4555 1034 4600 aute
1049 4549 1081 4598 V.
1103 4576 1130 4585 -
1149 4547 1239 4610 specics
1256 4545 1334 4597 codd.
1354 4559 1463 4598 omnes:
1484 4561 1538 4610 spes
1554 4545 1628 4598 editt.

295 4628 408 4693 priores.
429 4654 457 4664 ·-
481 4640 538 4677 cum
558 4639 615 4678 eum
632 4627 736 4677 obsitum
752 4629 784 4678 N.
809 4655 837 4664 -
867 4625 974 4688 epatium
991 4624 1098 4686 444349.
1120 4650 1147 4658 -
1174 4623 1216 4672 44.
1233 4622 1416 4684 requireremus
1432 4637 1464 4684 φ.
1491 4619 1630 4685 Vulgatem

295 4703 385 4753 tuetur
407 4701 489 4752 etiem
514 4703 588 4752 Seru.
607 4702 641 4753 ad
662 4703 726 4754 Aen.
744 4703 798 4753 Vll.
818 4703 875 4752 495.
897 4728 924 4738 -
948 4699 1072 4763 tabefacta
1087 4698 1153 4748 euim
1170 4702 1238 4758 mat,
1261 4709 1315 4747 om.
1334 4698 1486 4748 usluueuter
1502 4696 1579 4760 4344.
1601 4723 1628 4732 -

295 4777 337 4828 44.
360 4777 413 4826 iam
435 4789 489 4827 cm.
507 4778 577 4840 4349
593 4791 620 4843 p.
638 4791 675 4828 m.
697 4807 724 4815 -
746 4777 787 4828 43.
806 4783 833 4828 tu
849 4777 876 4826 ic
892 4781 964 4826 touta
985 4774 1143 4838 improbitate
1158 4773 1227 4836 4344
1239 4775 1309 4835 Nm:
1328 4786 1382 4824 om.
1401 4771 1458 4824 rell.
1478 4800 1505 4808 —
1524 4772 1565 4823 44.
1585 4771 1630 4836 [tu]

297 4863 350 4903 om.
364 4866 397 4913 φ.
416 4851 513 4914 Recte,
532 4852 633 4916 opinor.
651 4879 677 4889 -
697 4866 728 4902 ac
745 4851 827 4916 4344ε
846 4857 869 4902 ct
881 4849 937 4901 rell.
950 4851 979 4900 0.
996 4877 1023 4886 -
1042 4849 1083 4899 46.
1097 4849 1211 4912 locupleti
1228 4849 1308 4899 Prisc.
1327 4849 1347 4898 Ι.
1365 4861 1391 4914 p.
1406 4847 1463 4898 966.
1479 4875 1506 4884 -
1524 4847 1566 4897 47.
1584 4861 1631 4896 cu-

296 4929 413 4991 tauquam
428 4926 507 4991 4344.
528 4955 556 4965 -
574 4929 615 4979 44.
631 4933 708 4991 putus
724 4927 757 4978 al.
776 4929 803 4978 in
820 4939 905 4990 marg.
925 4925 997 4976 4564.
1019 4953 1045 4962 -
1073 4925 1135 4975 dicis
1152 4924 1218 4988 4344
1237 4926 1263 4974 et
1280 4923 1313 4974 al.
1332 4924 1359 4974 iu
1378 4936 1460 4987 marg.
1480 4921 1543 4974 44484
1561 4923 1628 4985 (usi).

300 5030 327 5041 -
341 5004 381 5055 30.
401 5004 444 5053 titi
460 5003 505 5054 troc
521 5004 605 5068 4344ε
623 5004 669 5055 toc
685 5005 729 5055 tibi
745 5003 802 5055 rell.
818 5029 845 5038 -
865 5003 905 5054 34.
922 5000 1016 5066 fructu]
1033 5000 1166 5064 (rectaque
1176 4999 1245 5062 4349
1262 5013 1288 5063 p.
1302 5012 1354 5058 m.;
1371 4999 1457 5062 fructu
1473 5011 1545 5060 quem
1561 4997 1630 5062 4344

296 5093 325 5144 p.
341 5091 393 5140 m.,
418 5079 504 5142 frarem
520 5093 595 5142 qaum
611 5092 667 5132 sec.
686 5091 723 5134 m.
744 5107 771 5116 -
797 5078 915 5147 mereat.
933 5076 971 5127 rei
986 5074 1064 5142 4344.
1085 5103 1113 5113 -
1135 5075 1175 5127 34.
1191 5087 1251 5138 pop.
1269 5074 1350 5142 Rom]
1367 5087 1447 5137 remp.
1466 5071 1534 5138 4344
1551 5074 1578 5123 et
1594 5069 1628 5122 al.

298 5153 325 5207 iu
340 5163 425 5222 marg.
444 5151 518 5210 4444.
