3642 5868
284 418 346 489 228
658 423 702 488 IN
722 423 889 491 VERREM
908 425 1032 490 acrlo
1055 425 1239 492 SECUNDA
1264 452 1269 459 ·

284 590 610 676 consuetudinemque
631 593 666 655 in
686 593 862 658 vendendis
883 597 977 660 istius
992 595 1127 661 decretis
1142 605 1174 662 et
1190 595 1317 661 iudiciis
1332 593 1609 682 transigendisque

283 689 435 773 negotiis,
457 693 494 751 ut
514 707 612 773 prope
634 687 715 752 alter
736 688 950 754 Timarchides
971 699 1201 756 numeraretur.
1241 684 1312 752 470.
1334 690 1404 754 Hoc
1425 698 1492 754 erat
1512 691 1610 754 etiam

283 784 464 867 capitalior,
486 781 573 866 quod
593 782 678 846 idem
699 783 849 866 pecunias
871 785 927 860 iis,
950 786 1013 867 qui.
1027 785 1067 850 ab
1089 787 1149 849 isto
1168 784 1289 867 aliquid
1303 785 1540 860 mercabantur,
1560 783 1610 848 ie·

281 881 353 943 uori
377 877 480 942 dabat.
513 877 560 942 Ea
582 886 688 962 autem
702 877 856 943 feneratio
871 887 938 944 erat
954 881 1134 956 eiusmodi,
1149 879 1286 954 iudices,
1308 887 1345 944 ut
1359 881 1454 945 etiam
1468 881 1496 944 is
1512 899 1610 963 quae-

257 979 350 1036 astus
371 974 446 1037 huic
466 972 604 1036 cederet.
646 974 725 1036 Nam
747 993 826 1057 quas
848 975 998 1058 pecunias
1020 973 1143 1040 serebat
1162 976 1202 1038 iis
1225 995 1397 1059 expensas,
1420 975 1609 1058 quibuscum

281 1065 501 1143 contrahebat,
525 1085 579 1130 eas
600 1074 656 1132 aut
677 1067 799 1131 scribae
819 1068 912 1131 istius
934 1076 989 1134 aut
1002 1067 1196 1134 Timarchidi
1216 1076 1273 1132 aut
1293 1071 1390 1133 etiam
1410 1071 1464 1134 isti
1484 1070 1545 1153 ipsi
1558 1090 1610 1136 re·

279 1159 402 1227 ferebat
422 1153 577 1247 acceptas.
619 1162 893 1247 ldem'praeterea
913 1165 1065 1246 pecunias
1085 1165 1177 1228 istius
1192 1163 1460 1228 extraordinarias
1474 1161 1608 1246 grandes

281 1275 339 1319 suo
359 1257 487 1320 nomine
509 1255 721 1322 fenerabatur.
758 1251 830 1320 t7t.
852 1257 913 1320 llic
927 1259 1029 1340 primo
1045 1259 1260 1342 Carpinatius,
1281 1267 1453 1344 antequam
1466 1260 1500 1321 in
1516 1259 1608 1322 istius

279 1356 399 1414 tantam
419 1349 665 1417 familiaritatem
685 1353 899 1434 pervenisset,
927 1351 1098 1436 aliquoties
1126 1352 1165 1416 ad
1187 1355 1291 1418 socios
1312 1353 1433 1416 litteras
1455 1350 1494 1415 de
1516 1353 1608 1415 istius

243 1453 270 1499 40
280 1443 405 1508 iniuriis
427 1446 565 1509 miserat.
610 1445 781 1511 Canuleius
809 1465 902 1520 vero,
930 1446 986 1528 qui
1015 1446 1048 1508 in
1069 1455 1161 1530 portu
1185 1448 1348 1532 Syracusis
1370 1466 1481 1531 operas
1504 1444 1607 1522 dabat,

279 1535 364 1602 furta
385 1558 515 1624 quoque
536 1540 630 1604 istius
651 1540 809 1624 permulta
823 1539 1011 1603 nominatim
1026 1540 1067 1604 ad
1082 1541 1187 1604 socios
1206 1542 1443 1625 perscripserat,
1464 1559 1504 1604 ea
1525 1557 1607 1624 quae

278 1631 348 1696 sine
376 1634 519 1715 portorio
550 1634 715 1717 Syracusis
743 1642 831 1698 crant
858 1641 1043 1717 exportata:
1072 1642 1200 1718 portum
1230 1643 1336 1701 autem
1366 1641 1398 1699 et
1419 1635 1607 1717 scripturam

279 1724 390 1790 eadem
411 1728 547 1792 societas
569 1728 715 1792 habebat.
758 1728 806 1793 lta
833 1727 1038 1803 factumest,
1065 1735 1101 1792 ut
1124 1736 1231 1794 essent
1252 1731 1425 1814 permulta,
1461 1747 1544 1813 quae
1566 1747 1607 1791 ex

279 1820 440 1886 societatis
461 1822 576 1886 litteris
599 1823 705 1887 dicere
727 1823 762 1886 in
784 1823 880 1886 istum
902 1830 935 1886 et
955 1823 1097 1905 proferre
1119 1843 1297 1907 possemus.
1333 1820 1404 1889 472.
1424 1827 1541 1890 Verum
1555 1841 1607 1887 ac·

242 1914 371 1991 ttcidit,
392 1922 429 1979 ut
452 1915 672 1999 Carpinatius,
695 1917 751 2001 qui
773 1916 837 1980 iam
858 1937 930 1980 cum
952 1917 1014 1981 isto
1034 1937 1157 1982 summa
1172 1919 1420 1995 consuetudine,
1441 1925 1608 2002 praeterea

277 2029 312 2075 re
334 2030 371 2074 ac
391 2009 515 2073 ratione
538 2010 727 2075 coniunctus
749 2017 848 2085 esset,
871 2011 996 2076 crebras
1018 2019 1131 2094 postea
1144 2012 1266 2076 litteras
1281 2012 1322 2076 ad
1338 2016 1443 2078 socios
1459 2014 1499 2078 de
1514 2011 1606 2076 istius

277 2105 409 2170 summis
432 2100 546 2168 officiis
567 2104 602 2169 in
630 2125 698 2169 rem
721 2125 920 2168 communem
941 2102 1170 2190 beneficiisque
1191 2107 1342 2171 mitteret.
1385 2107 1513 2172 Etenim
1534 2124 1606 2169 cum

277 2200 338 2264 isto
357 2198 480 2276 omnia,
503 2219 723 2283 quaecumque
739 2199 941 2283 Carpinatius
962 2198 1161 2283 postulabat,
1183 2200 1287 2265 faeere
1310 2221 1347 2266 ac
1362 2201 1533 2266 decernere
1555 2219 1607 2262 so·

277 2295 379 2370 lebat,
402 2300 470 2358 urm
490 2293 545 2356 ille
568 2294 663 2358 etiarn
684 2294 776 2376 plura
798 2294 955 2358 scribebat
976 2295 1017 2358 ad
1038 2295 1159 2371 socios,
1188 2303 1239 2371 ut,
1263 2295 1290 2360 si
1312 2303 1437 2378 posset,
1461 2311 1603 2379 eaquae

239 2396 371 2454 abantea
392 2387 577 2470 scripserat,
599 2387 694 2470 plane
716 2389 942 2472 exstingueret.
985 2389 1034 2452 Ad
1056 2397 1234 2454 extremum
1250 2411 1345 2466 vero,
1368 2410 1441 2454 oum
1461 2389 1522 2452 iste
1543 2387 1606 2451 iam

277 2481 467 2558 decedebat,
496 2482 565 2546 eius
593 2481 680 2545 modi
710 2483 830 2547 litteras
852 2483 893 2546 ad
915 2503 970 2546 eos
993 2484 1094 2560 misit,
1117 2489 1154 2546 ut
1174 2484 1250 2548 huic
1270 2484 1454 2571 frequentes
1478 2481 1605 2548 obviam

275 2576 458 2660 prodirent,
479 2576 597 2659 gratias
619 2584 763 2660 agerent,
784 2576 925 2642 facturos
941 2597 991 2654 se,
1014 2578 1040 2642 si
1057 2577 1135 2663 quid
1151 2579 1355 2662 imperasset,
1378 2578 1520 2643 studiose
1535 2575 1606 2660 pol-

275 2669 456 2734 licerentur.
488 2670 600 2754 Itaque
622 2671 703 2734 socii
725 2671 870 2735 iecerunt
884 2679 990 2736 vetere
1013 2672 1159 2736 instituto
1174 2673 1436 2756 publicanorum,
1458 2691 1524 2736 non
1539 2689 1604 2755 quo

274 2762 372 2827 istum
393 2762 460 2828 ullo
482 2755 605 2827 hono're
628 2764 760 2848 dignum
782 2766 1025 2843 arbitrarentur,
1053 2767 1110 2830 sed
1141 2768 1228 2850 quod
1258 2787 1316 2830 sua
1337 2767 1491 2831 interesse
1512 2770 1605 2848 puta-

237 2858 353 2923 raham
372 2879 407 2922 se
428 2876 585 2922 memores
608 2865 780 2943 gratosque
794 2861 988 2925 existimari:
1011 2861 1127 2945 gratias
1142 2861 1195 2924 isti
1211 2868 1362 2944 egerunt:
1386 2859 1605 2944 Carpinatium

275 2972 371 3036 saepe
399 2953 440 3016 ad
467 2971 501 3016 se
527 2951 566 3015 de
591 2951 660 3015 eius
682 2950 796 3017 officiis
819 2953 938 3019 litteras
959 2956 1084 3020 misisse
1106 2955 1266 3020 dixerunt.
1309 2955 1423 3020 txxt.
1446 2947 1603 3015 t73.1ste

275 3068 347 3112 cum
368 3046 587 3130 respondisset
608 3065 646 3110 ea
663 3067 698 3111 se
712 3047 848 3113 libenter
860 3048 975 3114 fecisse
990 3068 1169 3134 operasque
1185 3048 1361 3132 Carpinatii
1377 3067 1491 3133 magno
1507 3066 1604 3130 opere

273 3141 450 3208 laudasset:
473 3141 528 3206 dat
547 3141 651 3205 amico
674 3162 732 3205 suo
756 3143 883 3207 cuidam
903 3145 1083 3228 negotium,
1106 3143 1162 3227 qui
1184 3150 1252 3206 tum
1273 3144 1423 3227 magister
1444 3149 1513 3206 erat
1534 3140 1603 3204 eius

275 3236 452 3311 societatis,
475 3241 511 3300 ut
532 3235 702 3319 diligenter
723 3245 848 3303 caveret
862 3246 959 3326 atque
973 3239 1186 3322 prospiceret,
1209 3259 1250 3302 ne
1266 3238 1344 3323 quid
1359 3245 1444 3302 esset
1463 3239 1497 3300 in
1519 3237 1604 3300 litte·

148 3341 173 3424 1⁴¹
236 3347 265 3396 ³⁰
273 3330 318 3394 ris
340 3330 517 3406 sociorum,
540 3331 627 3415 quod
650 3335 761 3394 contra
782 3338 879 3416 caput
901 3352 993 3418 suurn
1007 3339 1062 3396 aut
1076 3331 1344 3396 existimationem
1358 3332 1463 3397 valere
1486 3336 1604 3415 posset.

273 3426 385 3511 Itaque
407 3425 462 3489 ille
484 3422 690 3488 multitudiue
713 3427 874 3490 sociorum
901 3434 1023 3491 remota
1044 3427 1237 3491 decumanos
1260 3432 1430 3492 convocat:
1459 3447 1528 3490 rem
1550 3425 1605 3488 de-

272 3518 344 3583 fert.
388 3519 538 3585 Statuuut
559 3520 607 3582 illi
629 3525 724 3604 atque
747 3521 937 3597 decernunt,
965 3529 1003 3585 ut
1024 3541 1080 3586 eae
1102 3521 1242 3598 litterae,
1271 3523 1387 3607 quibus
1410 3519 1602 3585 existimatio

274 3611 308 3674 C.
331 3612 438 3675 Verris
459 3612 654 3689 laederetur,
677 3623 915 3680 removerentur
938 3636 1100 3700 operaque
1116 3617 1259 3692 daretur,
1281 3637 1322 3680 ne
1343 3636 1381 3680 ea
1394 3635 1445 3680 res
1461 3616 1494 3678 C.
1509 3612 1601 3678 Verri

271 3703 377 3770 fraudi
399 3725 469 3770 esse
491 3715 610 3790 posset.
633 3699 635 3704 ’
654 3703 727 3772 474.
756 3710 790 3773 Si
812 3710 945 3774 ostendo
966 3710 1030 3773 hoc
1051 3711 1230 3774 decrevisse
1252 3709 1463 3787 decumanos,
1486 3709 1514 3773 si
1535 3707 1604 3791 pla-

236 3819 351 3868 atnum
370 3798 454 3863 facio
476 3801 539 3866 hoc
560 3801 689 3866 decreto
710 3810 849 3869 remotas
871 3825 941 3886 epse
962 3804 1100 3868 litteras:
1129 3803 1208 3889 quid
1230 3803 1422 3888 exspectatis
1444 3801 1603 3887 amphus?

273 3914 446 3978 possumne
468 3914 537 3960 rem
550 3897 650 3980 magis
672 3897 844 3964 iudicatam
858 3900 986 3976 afferre,
1008 3899 1108 3982 magis
1123 3919 1214 3963 reum
1232 3899 1479 3964 condemnatum
1500 3897 1535 3962 iu
1554 3895 1604 3959 iu·

339 4178 363 4226 4.
380 4177 582 4242 sandwicum
596 4179 850 4246 emortuamque]
867 4181 1066 4232 emmaum
1076 4182 1102 4234 44
1113 4182 1140 4232 et
1150 4179 1230 4245 4342.
1249 4179 1381 4247 [optime]
1396 4205 1424 4218 -
1442 4178 1467 4232 9.
1481 4178 1604 4244 praem

273 4248 306 4302 l:
320 4251 455 4313 3444444444
471 4251 519 4302 dtt.
531 4252 561 4303 0.
576 4279 604 4289 -
621 4253 660 4304 444
674 4255 811 4320 444342.
828 4281 855 4293 -
874 4255 898 4309 4.
910 4257 1030 4308 4444444444
1045 4255 1131 4322 4342;
1149 4257 1289 4308 tusaredi
1305 4259 1351 4308 444.
1369 4257 1398 4308 0.
1418 4283 1447 4294 -
1464 4256 1543 4319 ee:
1566 4255 1604 4305 444

272 4323 303 4386 44
328 4325 368 4376 bic
385 4326 433 4377 dtt.
452 4327 481 4377 0.
502 4352 529 4364 -
548 4329 573 4378 5.
590 4327 686 4390 screbat
701 4329 733 4378 444
748 4330 782 4390 B;
807 4329 855 4394 fer.
869 4331 911 4383 244
926 4334 948 4382 Α
966 4336 993 4382 et
1008 4332 1090 4397 43424
1113 4333 1161 4395 sar.
1179 4330 1272 4383 tarell.
1292 4333 1386 4396 Lagg.;
1409 4332 1441 4381 444
1456 4331 1472 4396 s
1498 4369 1504 4382 .
1522 4331 1552 4382 0.
1573 4353 1601 4364 —

272 4399 297 4450 6.
321 4413 364 4451 eoa
384 4406 429 4452 4444
444 4401 537 4454 hamb.
555 4415 639 4466 marg.
659 4402 740 4454 stat:
759 4418 808 4455 444
824 4406 861 4456 att
876 4406 959 4470 4342;
978 4421 1021 4458 eoa
1037 4422 1091 4459 om.
1110 4410 1156 4459 444.
1174 4408 1202 4459 0.
1224 4435 1251 4446 -
1269 4408 1311 4458 4444·
1325 4407 1373 4471 ipsi
1388 4407 1442 4470 439
1453 4403 1485 4457 42
1497 4403 1538 4456 ta.
1556 4403 1602 4466 (ct.

272 4474 297 4539 5.
316 4477 373 4528 442.
386 4478 444 4530 tta.
462 4479 504 4528 111.
523 4477 547 4542 5.
560 4477 600 4528 at.
612 4477 669 4529 242.
682 4478 740 4529 242.
759 4479 789 4528 V.
804 4479 829 4543 ἓ.
840 4480 905 4545 44.);
923 4482 971 4545 4444
986 4483 1027 4533 4444·
1044 4483 1088 4534 444.
1101 4485 1130 4535 0.
1150 4483 1183 4534 ol.
1201 4483 1243 4534 w.
1262 4483 1286 4549 g.
1303 4483 1344 4534 92.
1359 4509 1387 4519 -—
1406 4483 1430 4534 8.
1446 4481 1531 4544 primo
1547 4491 1601 4530 om.

271 4549 350 4615 4342.
371 4578 399 4589 -
421 4553 445 4604 9.
466 4553 608 4617 pevenese
628 4552 698 4617 4329
710 4554 739 4604 Β.
760 4581 788 4592 -
810 4557 849 4606 42.
868 4557 1020 4619 scripturam
1041 4557 1135 4621 44444,
1161 4557 1219 4609 alii:
1246 4559 1385 4621 4444444444
1405 4556 1453 4608 (444.
1474 4581 1502 4594 -
1520 4552 1561 4606 44.
1579 4559 1604 4606 at

268 4626 337 4690 pros.
356 4624 389 4678 l:
416 4641 448 4679 oe
463 4629 532 4693 prof.
555 4629 605 4679 dtt.
623 4628 652 4679 0.
677 4655 704 4664 —
731 4629 772 4680 444.
793 4632 892 4683 rotano
911 4632 981 4696 4329
992 4632 1024 4685 42
1035 4636 1066 4685 N.
1091 4633 1132 4697 (cl.
1150 4634 1193 4685 444.
1219 4632 1244 4698 Β.
1261 4633 1302 4686 29.
1323 4633 1354 4684 V.
1374 4633 1399 4699 Β.
1418 4632 1467 4697 844
1488 4631 1604 4682 cretton

272 4705 317 4755 ott.
342 4726 371 4740 ·-
398 4703 439 4756 tr.
465 4717 523 4756 44444
547 4703 646 4766 illo:
672 4710 726 4756 tum
746 4705 794 4756 dtt.
822 4732 850 4744 -
874 4708 914 4758 49.
937 4708 1013 4758 etiem
1036 4708 1077 4760 4444
1093 4708 1170 4772 4342.
1192 4735 1220 4746 —-
1245 4721 1286 4772 eo,
1311 4719 1376 4772 quoa
1396 4721 1422 4759 4.
1446 4719 1495 4758 444.
1513 4703 1599 4772 43424

271 4789 336 4840 quos
352 4790 379 4844 a.
396 4791 459 4844 444.,
476 4793 508 4832 aa
524 4781 612 4832 4440.
627 4807 656 4819 -
674 4781 715 4833 22.
730 4782 830 4847 modos
844 4782 913 4847 4342
930 4796 957 4848 p.
971 4797 1006 4835 m.
1020 4783 1090 4838 4444
1107 4785 1254 4851 aramque
1270 4787 1316 4836 444.
1329 4785 1359 4836 0.
1374 4808 1402 4821 -
1419 4795 1445 4833 aa
1455 4778 1600 4848 4342444,

271 4850 326 4904 Pal.
346 4865 418 4906 see:
442 4867 492 4906 4444
513 4857 559 4908 444.
579 4883 607 4894 -
633 4855 676 4908 23.
697 4871 746 4921 qao
767 4857 861 4909 codd:
888 4861 955 4922 qood
971 4860 999 4911 4.
1021 4886 1048 4897 -
1066 4860 1107 4910 27.
1126 4874 1157 4911 ec
1172 4872 1198 4911 44
1214 4859 1308 4911 codd:
1333 4871 1359 4910 44
1375 4871 1407 4910 aa
1422 4856 1484 4909 edd.
1502 4853 1600 4908 multae

270 4929 333 4992 post
350 4931 421 4982 Grnt
437 4955 465 4968 -
484 4931 524 4984 94.
543 4937 620 4996 capot
635 4945 709 4984 mam
725 4938 771 4985 4444
786 4934 994 4986 44444444ιί444
1009 4932 1078 4998 4342
1090 4947 1116 4999 p.
1130 4947 1178 4986 m.:
1196 4947 1268 4986 4444444
1284 4939 1361 4998 caput
1376 4937 1451 4996 utque
1465 4931 1601 4982 4444444444.

271 5002 317 5054 444.
336 5004 365 5054 0.
390 5007 425 5056 ut
447 5005 481 5058 cl.
504 5005 529 5070 8.
547 5008 588 5058 tt.
611 5007 689 5058 Beier
706 5007 740 5058 ad
756 5007 826 5060 Lael.
846 5009 871 5074 g.
889 5009 930 5061 64.
951 5037 978 5047 -
1005 5007 1045 5060 94.
1065 5009 1173 5062 44444444
1188 5009 1257 5074 4329
1268 5010 1326 5062 ΑΒ.
1348 5035 1375 5046 -
1394 5007 1435 5059 96.
1452 5006 1534 5071 magia
1548 5015 1602 5054 rem

270 5077 349 5143 4329.
369 5079 432 5146 [om.
444 5083 560 5147 Zumpt]
576 5095 651 5147 mogo
666 5085 856 5136 444444444444
872 5085 994 5136 4444444444
1009 5085 1037 5135 tn
1052 5084 1173 5136 4444444444
1188 5087 1312 5143 44444444
1326 5099 1378 5140 coo
1388 5095 1463 5154 porto
1478 5083 1552 5136 serv·
1567 5075 1602 5130 td

270 5153 336 5206 len.
353 5153 386 5208 x.
403 5153 473 5224 444.,
491 5157 538 5224 qu
553 5157 582 5212 in
598 5159 779 5216 Frumentsria
794 5159 868 5216 huno
882 5158 972 5218 locum
988 5158 1041 5228 4434
1056 5159 1122 5219 also
1137 5161 1225 5216 444444.
