<?xml version="1.0" encoding="UTF-8"?>
<!DOCTYPE html PUBLIC "-//W3C//DTD XHTML 1.0 Transitional//EN"
    "http://www.w3.org/TR/xhtml1/DTD/xhtml1-transitional.dtd">
<html xmlns="http://www.w3.org/1999/xhtml" xml:lang="en" lang="en">
 <head>
  <title>
</title>
<meta http-equiv="Content-Type" content="text/html;charset=utf-8" />
  <meta name='ocr-system' content='tesseract 3.04.00' />
  <meta name='ocr-capabilities' content='ocr_page ocr_carea ocr_par ocr_line ocrx_word'/>
</head>
<body>
  <div class='ocr_page' id='page_1' title='image "./mtulliiciceroni00baitgoog_0074.png"; bbox 0 0 3684 5862; ppageno 0'>
   <div class='ocr_carea' id='block_1_1' title="bbox 290 384 1325 460">
    <p class='ocr_par' dir='ltr' id='par_1_1' title="bbox 290 384 1325 460">
     <span class='ocr_line' id='line_1_1' title="bbox 290 384 1325 460; baseline 0.002 -8"><span class='ocrx_word' id='word_1_1' title='bbox 290 384 332 452; x_wconf 68' lang='grc'><strong>28</strong></span> <span class='ocrx_word' id='word_1_2' title='bbox 584 385 737 454; x_wconf 78' lang='lat' dir='ltr'>ORATIO</span> <span class='ocrx_word' id='word_1_3' title='bbox 757 385 837 454; x_wconf 77' lang='lat' dir='ltr'><strong>PRO</strong></span> <span class='ocrx_word' id='word_1_4' title='bbox 860 386 951 460; x_wconf 72' lang='lat' dir='ltr'><strong>SEX.</strong></span> <span class='ocrx_word' id='word_1_5' title='bbox 971 384 1119 456; x_wconf 80' lang='lat' dir='ltr'>ROSCIO</span> <span class='ocrx_word' id='word_1_6' title='bbox 1140 387 1325 458; x_wconf 74' lang='lat' dir='ltr'><strong>maluo</strong></span> 
     </span>
    </p>
   </div>
   <div class='ocr_carea' id='block_1_2' title="bbox 170 555 1654 3763">
    <p class='ocr_par' dir='ltr' id='par_1_2' title="bbox 170 555 1654 3763">
     <span class='ocr_line' id='line_1_2' title="bbox 289 555 1615 646; baseline 0 -21"><span class='ocrx_word' id='word_1_7' title='bbox 289 557 401 625; x_wconf 85' lang='lat' dir='ltr'><strong>terreri</strong></span> <span class='ocrx_word' id='word_1_8' title='bbox 429 555 595 622; x_wconf 76' lang='lat' dir='ltr'>Furiarum</span> <span class='ocrx_word' id='word_1_9' title='bbox 622 557 724 624; x_wconf 88' lang='lat' dir='ltr'><strong>taedis</strong></span> <span class='ocrx_word' id='word_1_10' title='bbox 746 559 939 625; x_wconf 80' lang='lat' dir='ltr'><strong>ardentibus.</strong></span> <span class='ocrx_word' id='word_1_11' title='bbox 983 561 1048 627; x_wconf 76' lang='lat' dir='ltr'><strong>Sin</strong></span> <span class='ocrx_word' id='word_1_12' title='bbox 1068 579 1228 646; x_wconf 80' lang='lat' dir='ltr'>quemque</span> <span class='ocrx_word' id='word_1_13' title='bbox 1249 558 1336 625; x_wconf 69' lang='lat' dir='ltr'><strong>maus</strong></span> <span class='ocrx_word' id='word_1_14' title='bbox 1358 565 1391 625; x_wconf 91' lang='lat' dir='ltr'><strong>et</strong></span> <span class='ocrx_word' id='word_1_15' title='bbox 1412 578 1489 626; x_wconf 90' lang='lat' dir='ltr'><strong>suus</strong></span> <span class='ocrx_word' id='word_1_16' title='bbox 1509 565 1615 625; x_wconf 87' lang='lat' dir='ltr'><strong>terror</strong></span> 
     </span>
     <span class='ocr_line' id='line_1_3' title="bbox 290 649 1654 740; baseline 0.001 -22"><span class='ocrx_word' id='word_1_17' title='bbox 290 654 428 718; x_wconf 83' lang='lat' dir='ltr'><strong>maxime</strong></span> <span class='ocrx_word' id='word_1_18' title='bbox 448 659 559 730; x_wconf 79' lang='lat' dir='ltr'><strong>vexat3</strong></span> <span class='ocrx_word' id='word_1_19' title='bbox 582 673 676 738; x_wconf 83' lang='lat' dir='ltr'><strong>suum</strong></span> <span class='ocrx_word' id='word_1_20' title='bbox 697 674 855 740; x_wconf 91' lang='lat' dir='ltr'><strong>quemque</strong></span> <span class='ocrx_word' id='word_1_21' title='bbox 870 656 974 720; x_wconf 84' lang='lat' dir='ltr'><strong>scelus</strong></span> <span class='ocrx_word' id='word_1_22' title='bbox 989 655 1087 740; x_wconf 87' lang='lat' dir='ltr'><strong>agitat</strong></span> <span class='ocrx_word' id='word_1_23' title='bbox 1101 657 1304 740; x_wconf 71' lang='lat' dir='ltr'><strong>amentiaque</strong></span> <span class='ocrx_word' id='word_1_24' title='bbox 1320 649 1435 732; x_wconf 57' lang='lat' dir='ltr'><strong>officim</strong></span> <span class='ocrx_word' id='word_1_25' title='bbox 1457 675 1534 720; x_wconf 88' lang='lat' dir='ltr'><strong>suae</strong></span> <span class='ocrx_word' id='word_1_26' title='bbox 1548 674 1614 720; x_wconf 84' lang='lat' dir='ltr'><strong>ma·</strong></span> <span class='ocrx_word' id='word_1_27' title='bbox 1650 723 1654 730; x_wconf 71' lang='grc'><strong>,</strong></span> 
     </span>
     <span class='ocr_line' id='line_1_4' title="bbox 289 727 1615 848; baseline 0 -36"><span class='ocrx_word' id='word_1_28' title='bbox 289 747 341 813; x_wconf 90' lang='lat' dir='ltr'><strong>lae</strong></span> <span class='ocrx_word' id='word_1_29' title='bbox 362 747 572 832; x_wconf 87' lang='lat' dir='ltr'><strong>cogitationes</strong></span> <span class='ocrx_word' id='word_1_30' title='bbox 586 727 873 834; x_wconf 73' lang='lat' dir='ltr'><strong>conscientiaeque</strong></span> <span class='ocrx_word' id='word_1_31' title='bbox 895 750 992 815; x_wconf 90' lang='lat' dir='ltr'><strong>animi</strong></span> <span class='ocrx_word' id='word_1_32' title='bbox 1014 750 1231 848; x_wconf 56' lang='lat' dir='ltr'><strong>terrentsbae</strong></span> <span class='ocrx_word' id='word_1_33' title='bbox 1252 750 1354 814; x_wconf 91' lang='lat' dir='ltr'><strong>sunt</strong></span> <span class='ocrx_word' id='word_1_34' title='bbox 1344 749 1452 833; x_wconf 73' lang='lat' dir='ltr'><strong>impiis</strong></span> <span class='ocrx_word' id='word_1_35' title='bbox 1466 749 1615 816; x_wconf 84' lang='lat' dir='ltr'><strong>assiduae</strong></span> 
     </span>
     <span class='ocr_line' id='line_1_5' title="bbox 291 841 1614 936; baseline 0.002 -31"><span class='ocrx_word' id='word_1_36' title='bbox 291 843 547 934; x_wconf 71' lang='lat' dir='ltr'><strong>domesticaeque</strong></span> <span class='ocrx_word' id='word_1_37' title='bbox 568 841 709 936; x_wconf 53' lang='lat' dir='ltr'><strong>Furiae)</strong></span> <span class='ocrx_word' id='word_1_38' title='bbox 721 864 804 929; x_wconf 91' lang='lat' dir='ltr'><strong>quae</strong></span> <span class='ocrx_word' id='word_1_39' title='bbox 826 843 894 908; x_wconf 86' lang='lat' dir='ltr'><strong>dies</strong></span> <span class='ocrx_word' id='word_1_40' title='bbox 916 852 1091 928; x_wconf 88' lang='lat' dir='ltr'><strong>noctesque</strong></span> <span class='ocrx_word' id='word_1_41' title='bbox 1112 853 1280 927; x_wconf 90' lang='lat' dir='ltr'><strong>parentum</strong></span> <span class='ocrx_word' id='word_1_42' title='bbox 1301 863 1422 929; x_wconf 89' lang='lat' dir='ltr'><strong>poenas</strong></span> <span class='ocrx_word' id='word_1_43' title='bbox 1443 865 1463 908; x_wconf 92' lang='lat' dir='ltr'><strong>a</strong></span> <span class='ocrx_word' id='word_1_44' title='bbox 1484 863 1614 908; x_wconf 89' lang='lat' dir='ltr'><strong>consce-</strong></span> 
     </span>
     <span class='ocr_line' id='line_1_6' title="bbox 266 933 1614 1022; baseline 0.001 -23"><span class='ocrx_word' id='word_1_45' title='bbox 266 935 489 1001; x_wconf 81' lang='lat' dir='ltr'><strong>oleratissimis</strong></span> <span class='ocrx_word' id='word_1_46' title='bbox 517 933 591 1001; x_wconf 89' lang='lat' dir='ltr'><strong>filiis</strong></span> <span class='ocrx_word' id='word_1_47' title='bbox 616 945 772 1022; x_wconf 79' lang='lat' dir='ltr'><strong>repetant.</strong></span> <span class='ocrx_word' id='word_1_48' title='bbox 816 937 867 1002; x_wconf 83' lang='lat'><strong>68.</strong></span> <span class='ocrx_word' id='word_1_49' title='bbox 890 940 976 1003; x_wconf 89' lang='lat' dir='ltr'><strong>Haec</strong></span> <span class='ocrx_word' id='word_1_50' title='bbox 997 937 1182 1022; x_wconf 76' lang='lat' dir='ltr'><strong>magnitudo</strong></span> <span class='ocrx_word' id='word_1_51' title='bbox 1204 934 1350 1002; x_wconf 84' lang='lat' dir='ltr'><strong>maleficii</strong></span> <span class='ocrx_word' id='word_1_52' title='bbox 1371 938 1465 1015; x_wconf 82' lang='lat' dir='ltr'><strong>iacit,</strong></span> <span class='ocrx_word' id='word_1_53' title='bbox 1494 945 1531 1002; x_wconf 93' lang='lat' dir='ltr'><strong>ut</strong></span> <span class='ocrx_word' id='word_1_54' title='bbox 1551 936 1614 1002; x_wconf 87' lang='lat' dir='ltr'><strong>nisi</strong></span> 
     </span>
     <span class='ocr_line' id='line_1_7' title="bbox 289 1029 1615 1117; baseline 0 -21"><span class='ocrx_word' id='word_1_55' title='bbox 289 1051 391 1116; x_wconf 92' lang='lat' dir='ltr'><strong>paene</strong></span> <span class='ocrx_word' id='word_1_56' title='bbox 413 1029 616 1096; x_wconf 79' lang='lat' dir='ltr'><strong>manifestum</strong></span> <span class='ocrx_word' id='word_1_57' title='bbox 637 1033 842 1115; x_wconf 69' lang='lat' dir='ltr'><strong>parricidium</strong></span> <span class='ocrx_word' id='word_1_58' title='bbox 863 1033 1060 1117; x_wconf 86' lang='lat' dir='ltr'><strong>proferatur,</strong></span> <span class='ocrx_word' id='word_1_59' title='bbox 1088 1033 1240 1096; x_wconf 84' lang='lat' dir='ltr'><strong>credibile</strong></span> <span class='ocrx_word' id='word_1_60' title='bbox 1261 1052 1327 1096; x_wconf 93' lang='lat' dir='ltr'><strong>non</strong></span> <span class='ocrx_word' id='word_1_61' title='bbox 1348 1033 1404 1108; x_wconf 91' lang='lat' dir='ltr'><strong>sit,</strong></span> <span class='ocrx_word' id='word_1_62' title='bbox 1425 1033 1489 1097; x_wconf 92' lang='lat' dir='ltr'><strong>nisi</strong></span> <span class='ocrx_word' id='word_1_63' title='bbox 1510 1032 1615 1116; x_wconf 83' lang='lat' dir='ltr'><strong>turpis</strong></span> 
     </span>
     <span class='ocr_line' id='line_1_8' title="bbox 289 1124 1615 1212; baseline -0.002 -22"><span class='ocrx_word' id='word_1_64' title='bbox 289 1126 520 1203; x_wconf 88' lang='lat' dir='ltr'><strong>adolescentia,</strong></span> <span class='ocrx_word' id='word_1_65' title='bbox 549 1127 611 1190; x_wconf 92' lang='lat' dir='ltr'><strong>nisi</strong></span> <span class='ocrx_word' id='word_1_66' title='bbox 642 1127 789 1191; x_wconf 93' lang='lat' dir='ltr'><strong>omnibus</strong></span> <span class='ocrx_word' id='word_1_67' title='bbox 817 1124 945 1211; x_wconf 86' lang='lat' dir='ltr'><strong>flagitiis</strong></span> <span class='ocrx_word' id='word_1_68' title='bbox 965 1127 1031 1192; x_wconf 86' lang='lat' dir='ltr'><strong>rita</strong></span> <span class='ocrx_word' id='word_1_69' title='bbox 1057 1127 1242 1212; x_wconf 88' lang='lat' dir='ltr'><strong>inquinata,</strong></span> <span class='ocrx_word' id='word_1_70' title='bbox 1271 1126 1333 1190; x_wconf 92' lang='lat' dir='ltr'><strong>nisi</strong></span> <span class='ocrx_word' id='word_1_71' title='bbox 1356 1125 1615 1211; x_wconf 71' lang='lat' dir='ltr'><strong>sumptus-elium</strong></span> 
     </span>
     <span class='ocr_line' id='line_1_9' title="bbox 289 1220 1615 1307; baseline -0.002 -22"><span class='ocrx_word' id='word_1_72' title='bbox 289 1242 362 1286; x_wconf 92' lang='lat' dir='ltr'><strong>cum</strong></span> <span class='ocrx_word' id='word_1_73' title='bbox 383 1222 501 1305; x_wconf 90' lang='lat' dir='ltr'><strong>probro</strong></span> <span class='ocrx_word' id='word_1_74' title='bbox 524 1229 621 1307; x_wconf 89' lang='lat' dir='ltr'><strong>atque</strong></span> <span class='ocrx_word' id='word_1_75' title='bbox 643 1221 815 1296; x_wconf 89' lang='lat' dir='ltr'><strong>dedecore,</strong></span> <span class='ocrx_word' id='word_1_76' title='bbox 837 1223 900 1286; x_wconf 90' lang='lat' dir='ltr'><strong>nisi</strong></span> <span class='ocrx_word' id='word_1_77' title='bbox 920 1230 1074 1307; x_wconf 89' lang='lat' dir='ltr'><strong>prorupta</strong></span> <span class='ocrx_word' id='word_1_78' title='bbox 1095 1223 1242 1299; x_wconf 86' lang='lat' dir='ltr'><strong>audacia,</strong></span> <span class='ocrx_word' id='word_1_79' title='bbox 1263 1223 1326 1286; x_wconf 90' lang='lat' dir='ltr'><strong>nisi</strong></span> <span class='ocrx_word' id='word_1_80' title='bbox 1341 1228 1431 1287; x_wconf 86' lang='lat' dir='ltr'><strong>tanta</strong></span> <span class='ocrx_word' id='word_1_81' title='bbox 1444 1220 1615 1295; x_wconf 80' lang='lat' dir='ltr'><strong>temeritas,</strong></span> 
     </span>
     <span class='ocr_line' id='line_1_10' title="bbox 288 1315 1614 1406; baseline -0.002 -27"><span class='ocrx_word' id='word_1_82' title='bbox 288 1322 325 1379; x_wconf 92' lang='lat' dir='ltr'><strong>ut</strong></span> <span class='ocrx_word' id='word_1_83' title='bbox 345 1336 411 1380; x_wconf 93' lang='lat' dir='ltr'><strong>non</strong></span> <span class='ocrx_word' id='word_1_84' title='bbox 432 1317 546 1400; x_wconf 90' lang='lat' dir='ltr'><strong>procul</strong></span> <span class='ocrx_word' id='word_1_85' title='bbox 567 1317 735 1381; x_wconf 88' lang='lat' dir='ltr'><strong>abhorreat</strong></span> <span class='ocrx_word' id='word_1_86' title='bbox 750 1316 790 1380; x_wconf 87' lang='lat' dir='ltr'><strong>ab</strong></span> <span class='ocrx_word' id='word_1_87' title='bbox 804 1317 940 1382; x_wconf 90' lang='lat' dir='ltr'><strong>insania.</strong></span> <span class='ocrx_word' id='word_1_88' title='bbox 950 1324 956 1367; x_wconf 72' lang='lat' dir='ltr'><strong>i</strong></span> <span class='ocrx_word' id='word_1_89' title='bbox 967 1318 1106 1406; x_wconf 60' lang='lat' dir='ltr'><strong>decedat</strong></span> <span class='ocrx_word' id='word_1_90' title='bbox 1118 1317 1183 1382; x_wconf 85' lang='lat' dir='ltr'><strong>lruo</strong></span> <span class='ocrx_word' id='word_1_91' title='bbox 1196 1324 1325 1401; x_wconf 88' lang='lat' dir='ltr'><strong>oportet</strong></span> <span class='ocrx_word' id='word_1_92' title='bbox 1337 1317 1448 1380; x_wconf 90' lang='lat' dir='ltr'><strong>odium</strong></span> <span class='ocrx_word' id='word_1_93' title='bbox 1462 1315 1614 1399; x_wconf 85' lang='lat' dir='ltr'><strong>parentis,</strong></span> 
     </span>
     <span class='ocr_line' id='line_1_11' title="bbox 252 1411 1614 1494; baseline -0.003 -20"><span class='ocrx_word' id='word_1_94' title='bbox 252 1425 280 1474; x_wconf 84' lang='lat' dir='ltr'><strong>tu</strong></span> <span class='ocrx_word' id='word_1_95' title='bbox 290 1411 573 1476; x_wconf 86' lang='lat' dir='ltr'><strong>animadversionis</strong></span> <span class='ocrx_word' id='word_1_96' title='bbox 601 1419 751 1494; x_wconf 81' lang='lat' dir='ltr'><strong>putemne</strong></span> <span class='ocrx_word' id='word_1_97' title='bbox 778 1418 897 1487; x_wconf 88' lang='lat' dir='ltr'><strong>metus,</strong></span> <span class='ocrx_word' id='word_1_98' title='bbox 924 1412 1017 1476; x_wconf 89' lang='lat' dir='ltr'><strong>amici</strong></span> <span class='ocrx_word' id='word_1_99' title='bbox 1039 1411 1191 1494; x_wconf 85' lang='lat' dir='ltr'><strong>improbi,</strong></span> <span class='ocrx_word' id='word_1_100' title='bbox 1221 1413 1304 1476; x_wconf 80' lang='lat' dir='ltr'><strong>servi</strong></span> <span class='ocrx_word' id='word_1_101' title='bbox 1326 1411 1461 1486; x_wconf 88' lang='lat' dir='ltr'><strong>conscii,</strong></span> <span class='ocrx_word' id='word_1_102' title='bbox 1489 1416 1614 1492; x_wconf 88' lang='lat' dir='ltr'><strong>tempus</strong></span> 
     </span>
     <span class='ocr_line' id='line_1_12' title="bbox 288 1489 1614 1612; baseline -0.002 -42"><span class='ocrx_word' id='word_1_103' title='bbox 288 1507 457 1582; x_wconf 90' lang='lat' dir='ltr'><strong>idoneum,</strong></span> <span class='ocrx_word' id='word_1_104' title='bbox 479 1506 569 1570; x_wconf 88' lang='lat' dir='ltr'><strong>locus</strong></span> <span class='ocrx_word' id='word_1_105' title='bbox 591 1513 771 1589; x_wconf 85' lang='lat' dir='ltr'><strong>opportune</strong></span> <span class='ocrx_word' id='word_1_106' title='bbox 793 1513 904 1590; x_wconf 89' lang='lat' dir='ltr'><strong>captus</strong></span> <span class='ocrx_word' id='word_1_107' title='bbox 926 1508 967 1570; x_wconf 89' lang='lat' dir='ltr'><strong>ad</strong></span> <span class='ocrx_word' id='word_1_108' title='bbox 990 1526 1059 1571; x_wconf 90' lang='lat' dir='ltr'><strong>eam</strong></span> <span class='ocrx_word' id='word_1_109' title='bbox 1081 1489 1167 1612; x_wconf 73' lang='lat' dir='ltr'><strong>rem)</strong></span> <span class='ocrx_word' id='word_1_110' title='bbox 1188 1526 1290 1591; x_wconf 88' lang='lat' dir='ltr'><strong>paene</strong></span> <span class='ocrx_word' id='word_1_111' title='bbox 1312 1506 1432 1582; x_wconf 91' lang='lat' dir='ltr'><strong>dicam,</strong></span> <span class='ocrx_word' id='word_1_112' title='bbox 1453 1523 1614 1588; x_wconf 85' lang='lat' dir='ltr'><strong>respersas</strong></span> 
     </span>
     <span class='ocr_line' id='line_1_13' title="bbox 289 1600 1614 1686; baseline -0.002 -21"><span class='ocrx_word' id='word_1_113' title='bbox 289 1621 401 1666; x_wconf 89' lang='lat' dir='ltr'><strong>manus</strong></span> <span class='ocrx_word' id='word_1_114' title='bbox 422 1602 575 1684; x_wconf 89' lang='lat' dir='ltr'><strong>sanguine</strong></span> <span class='ocrx_word' id='word_1_115' title='bbox 597 1609 730 1685; x_wconf 91' lang='lat' dir='ltr'><strong>patemo</strong></span> <span class='ocrx_word' id='word_1_116' title='bbox 752 1600 874 1664; x_wconf 89' lang='lat' dir='ltr'><strong>iudices</strong></span> <span class='ocrx_word' id='word_1_117' title='bbox 894 1600 1024 1666; x_wconf 82' lang='lat' dir='ltr'><strong>videant</strong></span> <span class='ocrx_word' id='word_1_118' title='bbox 1044 1609 1187 1686; x_wconf 91' lang='lat' dir='ltr'><strong>oportet,</strong></span> <span class='ocrx_word' id='word_1_119' title='bbox 1208 1603 1236 1666; x_wconf 91' lang='lat' dir='ltr'><strong>si</strong></span> <span class='ocrx_word' id='word_1_120' title='bbox 1252 1608 1375 1668; x_wconf 90' lang='lat' dir='ltr'><strong>tantum</strong></span> <span class='ocrx_word' id='word_1_121' title='bbox 1388 1601 1528 1675; x_wconf 84' lang='lat' dir='ltr'><strong>lacinus,</strong></span> <span class='ocrx_word' id='word_1_122' title='bbox 1550 1606 1614 1662; x_wconf 83' lang='lat' dir='ltr'><strong>tam</strong></span> 
     </span>
     <span class='ocr_line' id='line_1_14' title="bbox 287 1693 1615 1782; baseline -0.001 -22"><span class='ocrx_word' id='word_1_123' title='bbox 287 1697 440 1772; x_wconf 88' lang='lat' dir='ltr'><strong>immane,</strong></span> <span class='ocrx_word' id='word_1_124' title='bbox 469 1703 534 1762; x_wconf 85' lang='lat' dir='ltr'><strong>tam</strong></span> <span class='ocrx_word' id='word_1_125' title='bbox 561 1696 710 1761; x_wconf 89' lang='lat' dir='ltr'><strong>acerbum</strong></span> <span class='ocrx_word' id='word_1_126' title='bbox 736 1695 887 1760; x_wconf 86' lang='lat' dir='ltr'><strong>credituri</strong></span> <span class='ocrx_word' id='word_1_127' title='bbox 909 1703 993 1760; x_wconf 89' lang='lat' dir='ltr'><strong>sunt</strong></span> <span class='ocrx_word' id='word_1_128' title='bbox 1037 1693 1088 1758; x_wconf 83' lang='lat'><strong>69.</strong></span> <span class='ocrx_word' id='word_1_129' title='bbox 1111 1697 1217 1773; x_wconf 86' lang='lat' dir='ltr'><strong>Quare</strong></span> <span class='ocrx_word' id='word_1_130' title='bbox 1238 1697 1318 1772; x_wconf 88' lang='lat' dir='ltr'><strong>hoc,</strong></span> <span class='ocrx_word' id='word_1_131' title='bbox 1349 1717 1416 1782; x_wconf 92' lang='lat' dir='ltr'><strong>quo</strong></span> <span class='ocrx_word' id='word_1_132' title='bbox 1438 1697 1544 1760; x_wconf 89' lang='lat' dir='ltr'><strong>minus</strong></span> <span class='ocrx_word' id='word_1_133' title='bbox 1566 1700 1615 1759; x_wconf 89' lang='lat' dir='ltr'><strong>est</strong></span> 
     </span>
     <span class='ocr_line' id='line_1_15' title="bbox 289 1787 1613 1874; baseline -0.003 -20"><span class='ocrx_word' id='word_1_134' title='bbox 289 1790 456 1866; x_wconf 85' lang='lat' dir='ltr'><strong>credibile,</strong></span> <span class='ocrx_word' id='word_1_135' title='bbox 485 1792 546 1855; x_wconf 91' lang='lat' dir='ltr'><strong>nisi</strong></span> <span class='ocrx_word' id='word_1_136' title='bbox 571 1791 767 1864; x_wconf 82' lang='lat' dir='ltr'><strong>ostenditur,</strong></span> <span class='ocrx_word' id='word_1_137' title='bbox 797 1810 835 1854; x_wconf 89' lang='lat' dir='ltr'><strong>eo</strong></span> <span class='ocrx_word' id='word_1_138' title='bbox 865 1792 966 1874; x_wconf 86' lang='lat' dir='ltr'><strong>magis</strong></span> <span class='ocrx_word' id='word_1_139' title='bbox 987 1798 1051 1866; x_wconf 89' lang='lat' dir='ltr'><strong>est,</strong></span> <span class='ocrx_word' id='word_1_140' title='bbox 1085 1793 1112 1855; x_wconf 89' lang='lat' dir='ltr'><strong>si</strong></span> <span class='ocrx_word' id='word_1_141' title='bbox 1134 1793 1350 1867; x_wconf 81' lang='lat' dir='ltr'><strong>convincitur,</strong></span> <span class='ocrx_word' id='word_1_142' title='bbox 1376 1787 1613 1856; x_wconf 85' lang='lat' dir='ltr'><strong>vindicandum.</strong></span> 
     </span>
     <span class='ocr_line' id='line_1_16' title="bbox 251 1884 1613 1970; baseline 0.001 -24"><span class='ocrx_word' id='word_1_143' title='bbox 251 1897 279 1946; x_wconf 79' lang='lat' dir='ltr'><strong>tt</strong></span> <span class='ocrx_word' id='word_1_144' title='bbox 287 1885 387 1948; x_wconf 83' lang='lat' dir='ltr'><strong>XXV.</strong></span> <span class='ocrx_word' id='word_1_145' title='bbox 409 1887 520 1970; x_wconf 87' lang='lat' dir='ltr'><strong>ltaque</strong></span> <span class='ocrx_word' id='word_1_146' title='bbox 543 1907 615 1949; x_wconf 91' lang='lat' dir='ltr'><strong>cum</strong></span> <span class='ocrx_word' id='word_1_147' title='bbox 636 1885 746 1949; x_wconf 90' lang='lat' dir='ltr'><strong>multis</strong></span> <span class='ocrx_word' id='word_1_148' title='bbox 768 1905 808 1948; x_wconf 86' lang='lat' dir='ltr'><strong>ex</strong></span> <span class='ocrx_word' id='word_1_149' title='bbox 830 1884 925 1948; x_wconf 90' lang='lat' dir='ltr'><strong>rebus</strong></span> <span class='ocrx_word' id='word_1_150' title='bbox 947 1885 1085 1969; x_wconf 78' lang='lat' dir='ltr'><strong>intelligi</strong></span> <span class='ocrx_word' id='word_1_151' title='bbox 1106 1893 1228 1970; x_wconf 90' lang='lat' dir='ltr'><strong>potest,</strong></span> <span class='ocrx_word' id='word_1_152' title='bbox 1250 1887 1387 1950; x_wconf 87' lang='lat' dir='ltr'><strong>maiores</strong></span> <span class='ocrx_word' id='word_1_153' title='bbox 1407 1892 1534 1950; x_wconf 86' lang='lat' dir='ltr'><strong>nostros</strong></span> <span class='ocrx_word' id='word_1_154' title='bbox 1548 1905 1613 1949; x_wconf 94' lang='lat' dir='ltr'><strong>non</strong></span> 
     </span>
     <span class='ocr_line' id='line_1_17' title="bbox 288 1977 1614 2064; baseline 0 -22"><span class='ocrx_word' id='word_1_155' title='bbox 288 1977 384 2043; x_wconf 90' lang='lat' dir='ltr'><strong>modo</strong></span> <span class='ocrx_word' id='word_1_156' title='bbox 412 1980 508 2043; x_wconf 88' lang='lat' dir='ltr'><strong>armis</strong></span> <span class='ocrx_word' id='word_1_157' title='bbox 537 1980 611 2064; x_wconf 89' lang='lat' dir='ltr'><strong>plus</strong></span> <span class='ocrx_word' id='word_1_158' title='bbox 634 1999 730 2064; x_wconf 92' lang='lat' dir='ltr'><strong>quam</strong></span> <span class='ocrx_word' id='word_1_159' title='bbox 753 1987 874 2044; x_wconf 88' lang='lat' dir='ltr'><strong>ceteras</strong></span> <span class='ocrx_word' id='word_1_160' title='bbox 896 1980 1054 2058; x_wconf 91' lang='lat' dir='ltr'><strong>nationes,</strong></span> <span class='ocrx_word' id='word_1_161' title='bbox 1082 1980 1310 2046; x_wconf 89' lang='lat' dir='ltr'><strong>verumetiam</strong></span> <span class='ocrx_word' id='word_1_162' title='bbox 1333 1979 1467 2045; x_wconf 90' lang='lat' dir='ltr'><strong>consilio</strong></span> <span class='ocrx_word' id='word_1_163' title='bbox 1489 1979 1614 2064; x_wconf 87' lang='lat' dir='ltr'><strong>sapien-</strong></span> 
     </span>
     <span class='ocr_line' id='line_1_18' title="bbox 287 2072 1614 2160; baseline -0.001 -22"><span class='ocrx_word' id='word_1_164' title='bbox 287 2075 396 2158; x_wconf 88' lang='lat' dir='ltr'><strong>tiaque</strong></span> <span class='ocrx_word' id='word_1_165' title='bbox 417 2075 579 2160; x_wconf 89' lang='lat' dir='ltr'><strong>potuisse,</strong></span> <span class='ocrx_word' id='word_1_166' title='bbox 602 2083 670 2138; x_wconf 91' lang='lat' dir='ltr'><strong>tum</strong></span> <span class='ocrx_word' id='word_1_167' title='bbox 691 2095 732 2139; x_wconf 86' lang='lat' dir='ltr'><strong>ex</strong></span> <span class='ocrx_word' id='word_1_168' title='bbox 753 2075 812 2138; x_wconf 90' lang='lat' dir='ltr'><strong>bac</strong></span> <span class='ocrx_word' id='word_1_169' title='bbox 835 2093 869 2137; x_wconf 90' lang='lat' dir='ltr'><strong>re</strong></span> <span class='ocrx_word' id='word_1_170' title='bbox 889 2072 941 2137; x_wconf 83' lang='lat' dir='ltr'><strong>vel</strong></span> <span class='ocrx_word' id='word_1_171' title='bbox 963 2074 1118 2149; x_wconf 85' lang='lat' dir='ltr'><strong>maxime,</strong></span> <span class='ocrx_word' id='word_1_172' title='bbox 1149 2074 1237 2158; x_wconf 93' lang='lat' dir='ltr'><strong>quod</strong></span> <span class='ocrx_word' id='word_1_173' title='bbox 1258 2075 1292 2137; x_wconf 92' lang='lat' dir='ltr'><strong>in</strong></span> <span class='ocrx_word' id='word_1_174' title='bbox 1314 2074 1431 2158; x_wconf 90' lang='lat' dir='ltr'><strong>impios</strong></span> <span class='ocrx_word' id='word_1_175' title='bbox 1453 2074 1614 2158; x_wconf 88' lang='lat' dir='ltr'><strong>singulare</strong></span> 
     </span>
     <span class='ocr_line' id='line_1_19' title="bbox 287 2167 1613 2254; baseline -0.002 -21"><span class='ocrx_word' id='word_1_176' title='bbox 287 2170 481 2254; x_wconf 90' lang='lat' dir='ltr'><strong>supplicium</strong></span> <span class='ocrx_word' id='word_1_177' title='bbox 502 2170 702 2234; x_wconf 81' lang='lat' dir='ltr'><strong>invenerunt.</strong></span> <span class='ocrx_word' id='word_1_178' title='bbox 746 2169 819 2245; x_wconf 83' lang='lat' dir='ltr'><strong>Qua</strong></span> <span class='ocrx_word' id='word_1_179' title='bbox 847 2167 881 2230; x_wconf 93' lang='lat' dir='ltr'><strong>in</strong></span> <span class='ocrx_word' id='word_1_180' title='bbox 902 2187 937 2230; x_wconf 94' lang='lat' dir='ltr'><strong>re</strong></span> <span class='ocrx_word' id='word_1_181' title='bbox 959 2176 1115 2251; x_wconf 90' lang='lat' dir='ltr'><strong>quantum</strong></span> <span class='ocrx_word' id='word_1_182' title='bbox 1135 2168 1307 2251; x_wconf 84' lang='lat' dir='ltr'><strong>prudentia</strong></span> <span class='ocrx_word' id='word_1_183' title='bbox 1327 2168 1544 2252; x_wconf 82' lang='lat' dir='ltr'><strong>praestiterint</strong></span> <span class='ocrx_word' id='word_1_184' title='bbox 1563 2167 1613 2242; x_wconf 91' lang='lat' dir='ltr'><strong>iis,</strong></span> 
     </span>
     <span class='ocr_line' id='line_1_20' title="bbox 287 2260 1614 2348; baseline -0.002 -22"><span class='ocrx_word' id='word_1_185' title='bbox 287 2265 343 2348; x_wconf 92' lang='lat' dir='ltr'><strong>qui</strong></span> <span class='ocrx_word' id='word_1_186' title='bbox 365 2263 451 2348; x_wconf 90' lang='lat' dir='ltr'><strong>apud</strong></span> <span class='ocrx_word' id='word_1_187' title='bbox 474 2269 597 2327; x_wconf 89' lang='lat' dir='ltr'><strong>ceteros</strong></span> <span class='ocrx_word' id='word_1_188' title='bbox 620 2262 846 2346; x_wconf 82' lang='lat' dir='ltr'><strong>sapientissimi</strong></span> <span class='ocrx_word' id='word_1_189' title='bbox 860 2260 960 2327; x_wconf 83' lang='lat' dir='ltr'><strong>luisse</strong></span> <span class='ocrx_word' id='word_1_190' title='bbox 977 2262 1141 2337; x_wconf 90' lang='lat' dir='ltr'><strong>dicuntur,</strong></span> <span class='ocrx_word' id='word_1_191' title='bbox 1164 2263 1373 2327; x_wconf 88' lang='lat' dir='ltr'><strong>considerate.</strong></span> <span class='ocrx_word' id='word_1_192' title='bbox 1406 2261 1457 2328; x_wconf 89' lang='grc'><strong>70.</strong></span> <span class='ocrx_word' id='word_1_193' title='bbox 1473 2263 1614 2328; x_wconf 84' lang='lat' dir='ltr'><strong>Pruden-</strong></span> 
     </span>
     <span class='ocr_line' id='line_1_21' title="bbox 249 2355 1613 2441; baseline -0.002 -19"><span class='ocrx_word' id='word_1_194' title='bbox 249 2358 411 2422; x_wconf 79' lang='lat' dir='ltr'><strong>totissima</strong></span> <span class='ocrx_word' id='word_1_195' title='bbox 432 2358 543 2422; x_wconf 83' lang='lat' dir='ltr'><strong>civitas</strong></span> <span class='ocrx_word' id='word_1_196' title='bbox 564 2355 823 2431; x_wconf 78' lang='lat' dir='ltr'><strong>Atheniensium,</strong></span> <span class='ocrx_word' id='word_1_197' title='bbox 845 2355 920 2421; x_wconf 88' lang='lat' dir='ltr'><strong>dum</strong></span> <span class='ocrx_word' id='word_1_198' title='bbox 943 2376 981 2420; x_wconf 92' lang='lat' dir='ltr'><strong>ea</strong></span> <span class='ocrx_word' id='word_1_199' title='bbox 1001 2377 1107 2420; x_wconf 90' lang='lat' dir='ltr'><strong>rerum</strong></span> <span class='ocrx_word' id='word_1_200' title='bbox 1128 2359 1231 2441; x_wconf 89' lang='lat' dir='ltr'><strong>potita</strong></span> <span class='ocrx_word' id='word_1_201' title='bbox 1255 2365 1320 2434; x_wconf 90' lang='lat' dir='ltr'><strong>est,</strong></span> <span class='ocrx_word' id='word_1_202' title='bbox 1340 2357 1441 2422; x_wconf 82' lang='lat' dir='ltr'><strong>fuisse</strong></span> <span class='ocrx_word' id='word_1_203' title='bbox 1462 2357 1613 2423; x_wconf 85' lang='lat' dir='ltr'><strong>traditur:</strong></span> 
     </span>
     <span class='ocr_line' id='line_1_22' title="bbox 287 2450 1612 2537; baseline -0.001 -22"><span class='ocrx_word' id='word_1_204' title='bbox 287 2452 356 2516; x_wconf 89' lang='lat' dir='ltr'><strong>eius</strong></span> <span class='ocrx_word' id='word_1_205' title='bbox 384 2470 481 2535; x_wconf 88' lang='lat' dir='ltr'><strong>porro</strong></span> <span class='ocrx_word' id='word_1_206' title='bbox 510 2450 646 2515; x_wconf 79' lang='lat' dir='ltr'><strong>civitatis</strong></span> <span class='ocrx_word' id='word_1_207' title='bbox 678 2450 949 2535; x_wconf 89' lang='lat' dir='ltr'><strong>sapientissimum</strong></span> <span class='ocrx_word' id='word_1_208' title='bbox 977 2451 1129 2515; x_wconf 90' lang='lat' dir='ltr'><strong>Solonem</strong></span> <span class='ocrx_word' id='word_1_209' title='bbox 1155 2451 1268 2518; x_wconf 88' lang='lat' dir='ltr'><strong>dicunt</strong></span> <span class='ocrx_word' id='word_1_210' title='bbox 1292 2452 1408 2529; x_wconf 85' lang='lat' dir='ltr'><strong>fuisse,</strong></span> <span class='ocrx_word' id='word_1_211' title='bbox 1437 2474 1524 2530; x_wconf 91' lang='lat' dir='ltr'><strong>eum,</strong></span> <span class='ocrx_word' id='word_1_212' title='bbox 1557 2453 1612 2537; x_wconf 89' lang='lat' dir='ltr'><strong>qui</strong></span> 
     </span>
     <span class='ocr_line' id='line_1_23' title="bbox 286 2546 1612 2631; baseline -0.001 -21"><span class='ocrx_word' id='word_1_213' title='bbox 286 2547 390 2630; x_wconf 90' lang='lat' dir='ltr'><strong>leges,</strong></span> <span class='ocrx_word' id='word_1_214' title='bbox 413 2546 530 2631; x_wconf 90' lang='lat' dir='ltr'><strong>quibus</strong></span> <span class='ocrx_word' id='word_1_215' title='bbox 551 2546 647 2610; x_wconf 91' lang='lat' dir='ltr'><strong>bodie</strong></span> <span class='ocrx_word' id='word_1_216' title='bbox 670 2565 801 2630; x_wconf 91' lang='lat' dir='ltr'><strong>quoque</strong></span> <span class='ocrx_word' id='word_1_217' title='bbox 823 2554 973 2622; x_wconf 89' lang='lat' dir='ltr'><strong>utuntur,</strong></span> <span class='ocrx_word' id='word_1_218' title='bbox 999 2546 1170 2629; x_wconf 85' lang='lat' dir='ltr'><strong>scripserit.</strong></span> <span class='ocrx_word' id='word_1_219' title='bbox 1208 2548 1239 2610; x_wconf 93' lang='lat' dir='ltr'><strong>Is</strong></span> <span class='ocrx_word' id='word_1_220' title='bbox 1261 2567 1335 2612; x_wconf 93' lang='lat' dir='ltr'><strong>cum</strong></span> <span class='ocrx_word' id='word_1_221' title='bbox 1355 2549 1612 2631; x_wconf 75' lang='lat' dir='ltr'><strong>interrogaretur,</strong></span> 
     </span>
     <span class='ocr_line' id='line_1_24' title="bbox 287 2640 1614 2727; baseline 0.002 -23"><span class='ocrx_word' id='word_1_222' title='bbox 287 2661 344 2704; x_wconf 92' lang='lat' dir='ltr'><strong>cur</strong></span> <span class='ocrx_word' id='word_1_223' title='bbox 365 2641 490 2705; x_wconf 91' lang='lat' dir='ltr'><strong>nullum</strong></span> <span class='ocrx_word' id='word_1_224' title='bbox 512 2640 705 2724; x_wconf 88' lang='lat' dir='ltr'><strong>supplicium</strong></span> <span class='ocrx_word' id='word_1_225' title='bbox 726 2641 944 2704; x_wconf 88' lang='lat' dir='ltr'><strong>constituisset</strong></span> <span class='ocrx_word' id='word_1_226' title='bbox 965 2642 998 2704; x_wconf 93' lang='lat' dir='ltr'><strong>in</strong></span> <span class='ocrx_word' id='word_1_227' title='bbox 1021 2661 1109 2715; x_wconf 92' lang='lat' dir='ltr'><strong>eum,</strong></span> <span class='ocrx_word' id='word_1_228' title='bbox 1131 2642 1187 2727; x_wconf 92' lang='lat' dir='ltr'><strong>qui</strong></span> <span class='ocrx_word' id='word_1_229' title='bbox 1202 2649 1368 2726; x_wconf 88' lang='lat' dir='ltr'><strong>parentem</strong></span> <span class='ocrx_word' id='word_1_230' title='bbox 1381 2649 1541 2718; x_wconf 89' lang='lat' dir='ltr'><strong>necasset,</strong></span> <span class='ocrx_word' id='word_1_231' title='bbox 1563 2661 1614 2705; x_wconf 89' lang='lat' dir='ltr'><strong>re·</strong></span> 
     </span>
     <span class='ocr_line' id='line_1_25' title="bbox 287 2733 1613 2821; baseline -0.001 -22"><span class='ocrx_word' id='word_1_232' title='bbox 287 2736 432 2821; x_wconf 87' lang='lat' dir='ltr'><strong>spondit,</strong></span> <span class='ocrx_word' id='word_1_233' title='bbox 454 2755 490 2799; x_wconf 88' lang='lat' dir='ltr'><strong>se</strong></span> <span class='ocrx_word' id='word_1_234' title='bbox 511 2735 544 2797; x_wconf 90' lang='lat' dir='ltr'><strong>id</strong></span> <span class='ocrx_word' id='word_1_235' title='bbox 565 2734 725 2799; x_wconf 90' lang='lat' dir='ltr'><strong>neminem</strong></span> <span class='ocrx_word' id='word_1_236' title='bbox 739 2733 897 2799; x_wconf 82' lang='lat' dir='ltr'><strong>iacturum</strong></span> <span class='ocrx_word' id='word_1_237' title='bbox 911 2742 1051 2818; x_wconf 89' lang='lat' dir='ltr'><strong>putasse.</strong></span> <span class='ocrx_word' id='word_1_238' title='bbox 1081 2737 1246 2820; x_wconf 88' lang='lat' dir='ltr'><strong>Sapienter</strong></span> <span class='ocrx_word' id='word_1_239' title='bbox 1258 2736 1373 2800; x_wconf 84' lang='lat' dir='ltr'><strong>iecisse</strong></span> <span class='ocrx_word' id='word_1_240' title='bbox 1388 2736 1518 2812; x_wconf 90' lang='lat' dir='ltr'><strong>dicitur,</strong></span> <span class='ocrx_word' id='word_1_241' title='bbox 1540 2755 1613 2800; x_wconf 87' lang='lat' dir='ltr'><strong>oum</strong></span> 
     </span>
     <span class='ocr_line' id='line_1_26' title="bbox 249 2829 1613 2914; baseline 0.001 -22"><span class='ocrx_word' id='word_1_242' title='bbox 249 2843 278 2892; x_wconf 76' lang='lat'><strong>2⁵</strong></span> <span class='ocrx_word' id='word_1_243' title='bbox 290 2831 330 2894; x_wconf 90' lang='lat' dir='ltr'><strong>de</strong></span> <span class='ocrx_word' id='word_1_244' title='bbox 353 2850 391 2894; x_wconf 89' lang='lat' dir='ltr'><strong>eo</strong></span> <span class='ocrx_word' id='word_1_245' title='bbox 413 2829 495 2892; x_wconf 91' lang='lat' dir='ltr'><strong>nihil</strong></span> <span class='ocrx_word' id='word_1_246' title='bbox 516 2829 670 2904; x_wconf 76' lang='lat' dir='ltr'><strong>sanxerit,</strong></span> <span class='ocrx_word' id='word_1_247' title='bbox 694 2829 781 2913; x_wconf 93' lang='lat' dir='ltr'><strong>quod</strong></span> <span class='ocrx_word' id='word_1_248' title='bbox 802 2836 897 2893; x_wconf 87' lang='lat' dir='ltr'><strong>antea</strong></span> <span class='ocrx_word' id='word_1_249' title='bbox 918 2830 1122 2894; x_wconf 90' lang='lat' dir='ltr'><strong>commissum</strong></span> <span class='ocrx_word' id='word_1_250' title='bbox 1135 2851 1202 2894; x_wconf 93' lang='lat' dir='ltr'><strong>non</strong></span> <span class='ocrx_word' id='word_1_251' title='bbox 1217 2838 1300 2906; x_wconf 91' lang='lat' dir='ltr'><strong>erat,</strong></span> <span class='ocrx_word' id='word_1_252' title='bbox 1323 2850 1364 2894; x_wconf 91' lang='lat' dir='ltr'><strong>ne</strong></span> <span class='ocrx_word' id='word_1_253' title='bbox 1378 2851 1444 2895; x_wconf 93' lang='lat' dir='ltr'><strong>non</strong></span> <span class='ocrx_word' id='word_1_254' title='bbox 1459 2838 1524 2895; x_wconf 90' lang='lat' dir='ltr'><strong>tam</strong></span> <span class='ocrx_word' id='word_1_255' title='bbox 1538 2849 1613 2914; x_wconf 89' lang='lat' dir='ltr'><strong>pro·</strong></span> 
     </span>
     <span class='ocr_line' id='line_1_27' title="bbox 285 2922 1610 3010; baseline -0.001 -22"><span class='ocrx_word' id='word_1_256' title='bbox 285 2924 396 2988; x_wconf 88' lang='lat' dir='ltr'><strong>bibere</strong></span> <span class='ocrx_word' id='word_1_257' title='bbox 431 2943 527 3008; x_wconf 90' lang='lat' dir='ltr'><strong>quam</strong></span> <span class='ocrx_word' id='word_1_258' title='bbox 559 2924 731 2988; x_wconf 88' lang='lat' dir='ltr'><strong>admonere</strong></span> <span class='ocrx_word' id='word_1_259' title='bbox 758 2923 926 2987; x_wconf 87' lang='lat' dir='ltr'><strong>videretur.</strong></span> <span class='ocrx_word' id='word_1_260' title='bbox 971 2922 1098 2999; x_wconf 88' lang='lat' dir='ltr'><strong>Quanto</strong></span> <span class='ocrx_word' id='word_1_261' title='bbox 1126 2926 1228 2989; x_wconf 88' lang='lat' dir='ltr'><strong>nostri</strong></span> <span class='ocrx_word' id='word_1_262' title='bbox 1256 2925 1394 2990; x_wconf 89' lang='lat' dir='ltr'><strong>maiores</strong></span> <span class='ocrx_word' id='word_1_263' title='bbox 1415 2924 1610 3010; x_wconf 87' lang='lat' dir='ltr'><strong>sapientinsl</strong></span> 
     </span>
     <span class='ocr_line' id='line_1_28' title="bbox 287 3017 1612 3104; baseline 0 -22"><span class='ocrx_word' id='word_1_264' title='bbox 287 3019 343 3103; x_wconf 94' lang='lat' dir='ltr'><strong>qui</strong></span> <span class='ocrx_word' id='word_1_265' title='bbox 365 3039 439 3082; x_wconf 88' lang='lat' dir='ltr'><strong>curn</strong></span> <span class='ocrx_word' id='word_1_266' title='bbox 460 3017 687 3101; x_wconf 87' lang='lat' dir='ltr'><strong>intelligerent,</strong></span> <span class='ocrx_word' id='word_1_267' title='bbox 710 3017 790 3081; x_wconf 90' lang='lat' dir='ltr'><strong>nibil</strong></span> <span class='ocrx_word' id='word_1_268' title='bbox 812 3036 882 3081; x_wconf 89' lang='lat' dir='ltr'><strong>esse</strong></span> <span class='ocrx_word' id='word_1_269' title='bbox 904 3025 969 3082; x_wconf 90' lang='lat' dir='ltr'><strong>tam</strong></span> <span class='ocrx_word' id='word_1_270' title='bbox 990 3025 1148 3094; x_wconf 88' lang='lat' dir='ltr'><strong>sanetum,</strong></span> <span class='ocrx_word' id='word_1_271' title='bbox 1171 3017 1259 3103; x_wconf 89' lang='lat' dir='ltr'><strong>quod</strong></span> <span class='ocrx_word' id='word_1_272' title='bbox 1274 3039 1340 3083; x_wconf 93' lang='lat' dir='ltr'><strong>non</strong></span> <span class='ocrx_word' id='word_1_273' title='bbox 1355 3019 1528 3104; x_wconf 89' lang='lat' dir='ltr'><strong>aliquando</strong></span> <span class='ocrx_word' id='word_1_274' title='bbox 1543 3019 1612 3084; x_wconf 85' lang='lat' dir='ltr'><strong>vio-</strong></span> 
     </span>
     <span class='ocr_line' id='line_1_29' title="bbox 286 3111 1611 3197; baseline -0.001 -21"><span class='ocrx_word' id='word_1_275' title='bbox 286 3112 366 3177; x_wconf 88' lang='lat' dir='ltr'><strong>laret</strong></span> <span class='ocrx_word' id='word_1_276' title='bbox 393 3112 543 3187; x_wconf 89' lang='lat' dir='ltr'><strong>audacia,</strong></span> <span class='ocrx_word' id='word_1_277' title='bbox 576 3113 769 3196; x_wconf 90' lang='lat' dir='ltr'><strong>supplicium</strong></span> <span class='ocrx_word' id='word_1_278' title='bbox 797 3113 831 3175; x_wconf 92' lang='lat' dir='ltr'><strong>in</strong></span> <span class='ocrx_word' id='word_1_279' title='bbox 862 3111 1035 3197; x_wconf 89' lang='lat' dir='ltr'><strong>parricidas</strong></span> <span class='ocrx_word' id='word_1_280' title='bbox 1064 3113 1223 3197; x_wconf 91' lang='lat' dir='ltr'><strong>singulare</strong></span> <span class='ocrx_word' id='word_1_281' title='bbox 1251 3113 1528 3196; x_wconf 82' lang='lat' dir='ltr'><strong>excogitavemnt3</strong></span> <span class='ocrx_word' id='word_1_282' title='bbox 1560 3119 1611 3188; x_wconf 91' lang='lat' dir='ltr'><strong>ut,</strong></span> 
     </span>
     <span class='ocr_line' id='line_1_30' title="bbox 287 3205 1612 3292; baseline -0.002 -20"><span class='ocrx_word' id='word_1_283' title='bbox 287 3227 368 3292; x_wconf 87' lang='lat' dir='ltr'><strong>quos</strong></span> <span class='ocrx_word' id='word_1_284' title='bbox 390 3215 504 3273; x_wconf 89' lang='lat' dir='ltr'><strong>nature</strong></span> <span class='ocrx_word' id='word_1_285' title='bbox 524 3207 595 3292; x_wconf 91' lang='lat' dir='ltr'><strong>ipsa</strong></span> <span class='ocrx_word' id='word_1_286' title='bbox 615 3208 752 3272; x_wconf 88' lang='lat' dir='ltr'><strong>retinere</strong></span> <span class='ocrx_word' id='word_1_287' title='bbox 774 3207 809 3272; x_wconf 94' lang='lat' dir='ltr'><strong>in</strong></span> <span class='ocrx_word' id='word_1_288' title='bbox 830 3205 937 3272; x_wconf 90' lang='lat' dir='ltr'><strong>officio</strong></span> <span class='ocrx_word' id='word_1_289' title='bbox 958 3228 1024 3273; x_wconf 93' lang='lat' dir='ltr'><strong>non</strong></span> <span class='ocrx_word' id='word_1_290' title='bbox 1045 3207 1217 3291; x_wconf 89' lang='lat' dir='ltr'><strong>potuisset,</strong></span> <span class='ocrx_word' id='word_1_291' title='bbox 1248 3205 1467 3290; x_wconf 90' lang='lat' dir='ltr'><strong>magnitudine</strong></span> <span class='ocrx_word' id='word_1_292' title='bbox 1486 3224 1612 3290; x_wconf 87' lang='lat' dir='ltr'><strong>poenae</strong></span> 
     </span>
     <span class='ocr_line' id='line_1_31' title="bbox 248 3299 1612 3387; baseline -0.001 -22"><span class='ocrx_word' id='word_1_293' title='bbox 248 3314 305 3366; x_wconf 81' lang='lat' dir='ltr'><strong>toa</strong></span> <span class='ocrx_word' id='word_1_294' title='bbox 326 3299 480 3366; x_wconf 87' lang='lat' dir='ltr'><strong>maleficio</strong></span> <span class='ocrx_word' id='word_1_295' title='bbox 502 3309 786 3367; x_wconf 85' lang='lat' dir='ltr'><strong>summoverentur.</strong></span> <span class='ocrx_word' id='word_1_296' title='bbox 828 3302 917 3366; x_wconf 89' lang='lat' dir='ltr'><strong>Insui</strong></span> <span class='ocrx_word' id='word_1_297' title='bbox 937 3303 1108 3366; x_wconf 84' lang='lat' dir='ltr'><strong>voluerunt</strong></span> <span class='ocrx_word' id='word_1_298' title='bbox 1128 3302 1162 3365; x_wconf 94' lang='lat' dir='ltr'><strong>in</strong></span> <span class='ocrx_word' id='word_1_299' title='bbox 1184 3301 1323 3366; x_wconf 90' lang='lat' dir='ltr'><strong>culleum</strong></span> <span class='ocrx_word' id='word_1_300' title='bbox 1337 3301 1427 3366; x_wconf 85' lang='lat' dir='ltr'><strong>viros</strong></span> <span class='ocrx_word' id='word_1_301' title='bbox 1449 3309 1546 3387; x_wconf 88' lang='lat' dir='ltr'><strong>atque</strong></span> <span class='ocrx_word' id='word_1_302' title='bbox 1567 3300 1612 3365; x_wconf 91' lang='lat' dir='ltr'><strong>ita</strong></span> 
     </span>
     <span class='ocr_line' id='line_1_32' title="bbox 286 3391 1612 3480; baseline -0.002 -22"><span class='ocrx_word' id='word_1_303' title='bbox 286 3396 319 3459; x_wconf 96' lang='lat' dir='ltr'><strong>in</strong></span> <span class='ocrx_word' id='word_1_304' title='bbox 342 3397 461 3461; x_wconf 88' lang='lat' dir='ltr'><strong>tlumen</strong></span> <span class='ocrx_word' id='word_1_305' title='bbox 481 3395 587 3460; x_wconf 90' lang='lat' dir='ltr'><strong>deiici.</strong></span> <span class='ocrx_word' id='word_1_306' title='bbox 630 3398 746 3461; x_wconf 76' lang='lat' dir='ltr'><strong>xxvi.</strong></span> <span class='ocrx_word' id='word_1_307' title='bbox 768 3391 819 3459; x_wconf 83' lang='lat' dir='ltr'><strong>7t.</strong></span> <span class='ocrx_word' id='word_1_308' title='bbox 842 3394 869 3457; x_wconf 92' lang='grc' dir='ltr'>Ο</span> <span class='ocrx_word' id='word_1_309' title='bbox 890 3395 1082 3480; x_wconf 75' lang='lat' dir='ltr'><strong>singularem</strong></span> <span class='ocrx_word' id='word_1_310' title='bbox 1097 3395 1302 3480; x_wconf 87' lang='lat' dir='ltr'><strong>sapientiam,</strong></span> <span class='ocrx_word' id='word_1_311' title='bbox 1324 3394 1466 3460; x_wconf 78' lang='lat' dir='ltr'><strong>iudices!</strong></span> <span class='ocrx_word' id='word_1_312' title='bbox 1498 3395 1612 3460; x_wconf 89' lang='lat' dir='ltr'><strong>Nonne</strong></span> 
     </span>
     <span class='ocr_line' id='line_1_33' title="bbox 170 3487 1612 3573; baseline -0.003 -17"><span class='ocrx_word' id='word_1_313' title='bbox 170 3528 174 3534; x_wconf 94' lang='lat'>·</span> <span class='ocrx_word' id='word_1_314' title='bbox 285 3491 434 3556; x_wconf 85' lang='lat' dir='ltr'><strong>videntur</strong></span> <span class='ocrx_word' id='word_1_315' title='bbox 464 3491 549 3555; x_wconf 88' lang='lat' dir='ltr'><strong>hunc</strong></span> <span class='ocrx_word' id='word_1_316' title='bbox 578 3491 741 3555; x_wconf 91' lang='lat' dir='ltr'><strong>hominem</strong></span> <span class='ocrx_word' id='word_1_317' title='bbox 768 3511 810 3555; x_wconf 83' lang='lat' dir='ltr'><strong>ex</strong></span> <span class='ocrx_word' id='word_1_318' title='bbox 837 3509 944 3554; x_wconf 88' lang='lat' dir='ltr'><strong>rerum</strong></span> <span class='ocrx_word' id='word_1_319' title='bbox 972 3497 1086 3554; x_wconf 73' lang='lat' dir='ltr'><strong>naama</strong></span> <span class='ocrx_word' id='word_1_320' title='bbox 1106 3489 1275 3554; x_wconf 90' lang='lat' dir='ltr'><strong>sustulisse</strong></span> <span class='ocrx_word' id='word_1_321' title='bbox 1296 3495 1329 3552; x_wconf 90' lang='lat' dir='ltr'><strong>et</strong></span> <span class='ocrx_word' id='word_1_322' title='bbox 1350 3489 1525 3573; x_wconf 90' lang='lat' dir='ltr'><strong>eripuisse,</strong></span> <span class='ocrx_word' id='word_1_323' title='bbox 1558 3487 1612 3552; x_wconf 90' lang='lat' dir='ltr'><strong>cui</strong></span> 
     </span>
     <span class='ocr_line' id='line_1_34' title="bbox 285 3583 1611 3670; baseline -0.002 -22"><span class='ocrx_word' id='word_1_324' title='bbox 285 3593 416 3668; x_wconf 90' lang='lat' dir='ltr'><strong>repente</strong></span> <span class='ocrx_word' id='word_1_325' title='bbox 439 3585 580 3661; x_wconf 88' lang='lat' dir='ltr'><strong>caelum,</strong></span> <span class='ocrx_word' id='word_1_326' title='bbox 601 3586 717 3661; x_wconf 90' lang='lat' dir='ltr'><strong>solem,</strong></span> <span class='ocrx_word' id='word_1_327' title='bbox 740 3603 856 3670; x_wconf 87' lang='lat' dir='ltr'><strong>aquam</strong></span> <span class='ocrx_word' id='word_1_328' title='bbox 879 3590 1075 3669; x_wconf 83' lang='lat' dir='ltr'><strong>terrramque</strong></span> <span class='ocrx_word' id='word_1_329' title='bbox 1091 3583 1285 3661; x_wconf 85' lang='lat' dir='ltr'><strong>ademerint3</strong></span> <span class='ocrx_word' id='word_1_330' title='bbox 1307 3589 1357 3660; x_wconf 88' lang='lat' dir='ltr'><strong>ut,</strong></span> <span class='ocrx_word' id='word_1_331' title='bbox 1380 3584 1437 3668; x_wconf 93' lang='lat' dir='ltr'><strong>qui</strong></span> <span class='ocrx_word' id='word_1_332' title='bbox 1459 3604 1532 3648; x_wconf 87' lang='lat' dir='ltr'><strong>eum</strong></span> <span class='ocrx_word' id='word_1_333' title='bbox 1553 3602 1611 3646; x_wconf 90' lang='lat' dir='ltr'><strong>ne·</strong></span> 
     </span>
     <span class='ocr_line' id='line_1_35' title="bbox 286 3676 1610 3763; baseline -0.002 -21"><span class='ocrx_word' id='word_1_334' title='bbox 286 3685 405 3754; x_wconf 85' lang='lat' dir='ltr'><strong>cesset,</strong></span> <span class='ocrx_word' id='word_1_335' title='bbox 433 3677 518 3744; x_wconf 92' lang='lat' dir='ltr'><strong>unde</strong></span> <span class='ocrx_word' id='word_1_336' title='bbox 548 3679 618 3763; x_wconf 89' lang='lat' dir='ltr'><strong>ipse</strong></span> <span class='ocrx_word' id='word_1_337' title='bbox 645 3686 739 3744; x_wconf 88' lang='lat' dir='ltr'><strong>natus</strong></span> <span class='ocrx_word' id='word_1_338' title='bbox 768 3685 868 3755; x_wconf 88' lang='lat' dir='ltr'><strong>esset,</strong></span> <span class='ocrx_word' id='word_1_339' title='bbox 900 3687 1023 3744; x_wconf 86' lang='lat' dir='ltr'><strong>careret</strong></span> <span class='ocrx_word' id='word_1_340' title='bbox 1050 3679 1090 3743; x_wconf 90' lang='lat' dir='ltr'><strong>iis</strong></span> <span class='ocrx_word' id='word_1_341' title='bbox 1119 3681 1214 3744; x_wconf 91' lang='lat' dir='ltr'><strong>rebus</strong></span> <span class='ocrx_word' id='word_1_342' title='bbox 1236 3678 1399 3755; x_wconf 91' lang='lat' dir='ltr'><strong>omnibus,</strong></span> <span class='ocrx_word' id='word_1_343' title='bbox 1431 3698 1473 3742; x_wconf 82' lang='lat' dir='ltr'><strong>ex</strong></span> <span class='ocrx_word' id='word_1_344' title='bbox 1493 3676 1610 3763; x_wconf 90' lang='lat' dir='ltr'><strong>quibus</strong></span> 
     </span>
    </p>
   </div>
   <div class='ocr_carea' id='block_1_3' title="bbox 282 3909 1610 5182">
    <p class='ocr_par' dir='ltr' id='par_1_3' title="bbox 282 3909 1610 5182">
     <span class='ocr_line' id='line_1_36' title="bbox 352 3909 1607 3977; baseline -0.003 -13"><span class='ocrx_word' id='word_1_345' title='bbox 352 3913 375 3964; x_wconf 92' lang='grc'><strong>4.</strong></span> <span class='ocrx_word' id='word_1_346' title='bbox 400 3911 485 3977; x_wconf 75' lang='lat' dir='ltr'><strong>taedis]</strong></span> <span class='ocrx_word' id='word_1_347' title='bbox 510 3911 575 3963; x_wconf 80' lang='lat' dir='ltr'><strong>cedit</strong></span> <span class='ocrx_word' id='word_1_348' title='bbox 594 3913 616 3963; x_wconf 79' lang='lat' dir='ltr'><strong>G</strong></span> <span class='ocrx_word' id='word_1_349' title='bbox 636 3911 679 3975; x_wconf 76' lang='lat' dir='ltr'><strong>tex</strong></span> <span class='ocrx_word' id='word_1_350' title='bbox 695 3912 767 3974; x_wconf 63' lang='lat' dir='ltr'><strong>ude,</strong></span> <span class='ocrx_word' id='word_1_351' title='bbox 794 3915 824 3964; x_wconf 92' lang='lat' dir='ltr'><strong>ut</strong></span> <span class='ocrx_word' id='word_1_352' title='bbox 840 3913 882 3963; x_wconf 88' lang='lat' dir='ltr'><strong>est</strong></span> <span class='ocrx_word' id='word_1_353' title='bbox 897 3911 925 3962; x_wconf 89' lang='lat' dir='ltr'><strong>ln</strong></span> <span class='ocrx_word' id='word_1_354' title='bbox 940 3912 1024 3976; x_wconf 84' lang='lat' dir='ltr'><strong>vac).</strong></span> <span class='ocrx_word' id='word_1_355' title='bbox 1050 3939 1079 3948; x_wconf 97' lang='lat'><em>-</em></span> <span class='ocrx_word' id='word_1_356' title='bbox 1106 3916 1130 3963; x_wconf 88' lang='lat' dir='ltr'><strong>et</strong></span> <span class='ocrx_word' id='word_1_357' title='bbox 1144 3925 1204 3964; x_wconf 76' lang='lat' dir='ltr'><strong>atas</strong></span> <span class='ocrx_word' id='word_1_358' title='bbox 1219 3911 1309 3975; x_wconf 70' lang='grc' dir='ltr'>ωπον]</span> <span class='ocrx_word' id='word_1_359' title='bbox 1335 3916 1360 3962; x_wconf 85' lang='lat' dir='ltr'><strong>et</strong></span> <span class='ocrx_word' id='word_1_360' title='bbox 1375 3924 1434 3962; x_wconf 78' lang='lat' dir='ltr'><strong>eoas</strong></span> <span class='ocrx_word' id='word_1_361' title='bbox 1449 3923 1523 3962; x_wconf 73' lang='lat' dir='ltr'><strong>mor</strong></span> <span class='ocrx_word' id='word_1_362' title='bbox 1538 3909 1607 3961; x_wconf 86' lang='lat' dir='ltr'><strong>conl.</strong></span> 
     </span>
     <span class='ocr_line' id='line_1_37' title="bbox 285 3984 1607 4052; baseline -0.001 -15"><span class='ocrx_word' id='word_1_363' title='bbox 285 3987 308 4038; x_wconf 90' lang='lat' dir='ltr'><strong>J.</strong></span> <span class='ocrx_word' id='word_1_364' title='bbox 328 3987 355 4038; x_wconf 84' lang='lat' dir='ltr'><strong>F.</strong></span> <span class='ocrx_word' id='word_1_365' title='bbox 374 3987 520 4052; x_wconf 83' lang='lat' dir='ltr'><strong>Heusinger</strong></span> <span class='ocrx_word' id='word_1_366' title='bbox 536 3986 571 4039; x_wconf 89' lang='lat' dir='ltr'><strong>ad</strong></span> <span class='ocrx_word' id='word_1_367' title='bbox 587 3987 638 4038; x_wconf 83' lang='lat' dir='ltr'><strong>th.</strong></span> <span class='ocrx_word' id='word_1_368' title='bbox 656 3987 686 4038; x_wconf 80' lang='lat' dir='ltr'><strong>de</strong></span> <span class='ocrx_word' id='word_1_369' title='bbox 704 3987 752 4050; x_wconf 75' lang='lat' dir='ltr'><strong>Off.</strong></span> <span class='ocrx_word' id='word_1_370' title='bbox 770 3988 812 4039; x_wconf 86' lang='lat'><strong>111.</strong></span> <span class='ocrx_word' id='word_1_371' title='bbox 835 4000 859 4038; x_wconf 88' lang='lat' dir='ltr'><strong>o.</strong></span> <span class='ocrx_word' id='word_1_372' title='bbox 877 3987 934 4047; x_wconf 83' lang='grc'><strong>34.;</strong></span> <span class='ocrx_word' id='word_1_373' title='bbox 960 3992 984 4038; x_wconf 89' lang='lat' dir='ltr'><strong>et</strong></span> <span class='ocrx_word' id='word_1_374' title='bbox 1005 3993 1088 4039; x_wconf 66' lang='lat' dir='ltr'><strong>orror</strong></span> <span class='ocrx_word' id='word_1_375' title='bbox 1103 4000 1163 4038; x_wconf 82' lang='lat' dir='ltr'><strong>suae</strong></span> <span class='ocrx_word' id='word_1_376' title='bbox 1177 4000 1209 4047; x_wconf 69' lang='lat' dir='ltr'><strong>v,</strong></span> <span class='ocrx_word' id='word_1_377' title='bbox 1235 3992 1259 4038; x_wconf 85' lang='lat' dir='ltr'><strong>et</strong></span> <span class='ocrx_word' id='word_1_378' title='bbox 1274 4001 1347 4038; x_wconf 75' lang='lat' dir='ltr'><strong>mor</strong></span> <span class='ocrx_word' id='word_1_379' title='bbox 1362 4000 1422 4038; x_wconf 79' lang='lat' dir='ltr'><strong>saur</strong></span> <span class='ocrx_word' id='word_1_380' title='bbox 1438 3987 1506 4038; x_wconf 89' lang='lat' dir='ltr'><strong>coni.</strong></span> <span class='ocrx_word' id='word_1_381' title='bbox 1524 3984 1607 4037; x_wconf 82' lang='lat' dir='ltr'><strong>Klein.</strong></span> 
     </span>
     <span class='ocr_line' id='line_1_38' title="bbox 287 4059 1607 4128; baseline -0.002 -14"><span class='ocrx_word' id='word_1_382' title='bbox 287 4061 384 4114; x_wconf 78' lang='lat' dir='ltr'><strong>«Nimis</strong></span> <span class='ocrx_word' id='word_1_383' title='bbox 401 4064 481 4114; x_wconf 74' lang='lat' dir='ltr'><strong>anus</strong></span> <span class='ocrx_word' id='word_1_384' title='bbox 498 4065 539 4114; x_wconf 88' lang='lat' dir='ltr'><strong>est</strong></span> <span class='ocrx_word' id='word_1_385' title='bbox 554 4075 613 4113; x_wconf 83' lang='lat' dir='ltr'><strong>voc.</strong></span> <span class='ocrx_word' id='word_1_386' title='bbox 625 4074 699 4112; x_wconf 75' lang='lat' dir='ltr'><strong>error</strong></span> <span class='ocrx_word' id='word_1_387' title='bbox 708 4064 770 4127; x_wconf 88' lang='lat' dir='ltr'><strong>post</strong></span> <span class='ocrx_word' id='word_1_388' title='bbox 781 4059 894 4114; x_wconf 85' lang='lat' dir='ltr'><strong>alterum</strong></span> <span class='ocrx_word' id='word_1_389' title='bbox 908 4063 1008 4126; x_wconf 73' lang='lat' dir='ltr'><strong>froas.»</strong></span> <span class='ocrx_word' id='word_1_390' title='bbox 1025 4064 1070 4114; x_wconf 83' lang='lat' dir='ltr'><strong>Oa.</strong></span> <span class='ocrx_word' id='word_1_391' title='bbox 1083 4064 1108 4115; x_wconf 91' lang='grc'><strong>2.</strong></span> <span class='ocrx_word' id='word_1_392' title='bbox 1127 4063 1167 4115; x_wconf 86' lang='lat' dir='ltr'><strong>Cl.</strong></span> <span class='ocrx_word' id='word_1_393' title='bbox 1180 4063 1260 4115; x_wconf 89' lang='lat' dir='ltr'><strong>etiam</strong></span> <span class='ocrx_word' id='word_1_394' title='bbox 1271 4061 1383 4115; x_wconf 87' lang='lat' dir='ltr'><strong>osenbr.</strong></span> <span class='ocrx_word' id='word_1_395' title='bbox 1399 4089 1426 4101; x_wconf 94' lang='grc'>-</span> <span class='ocrx_word' id='word_1_396' title='bbox 1444 4063 1469 4114; x_wconf 92' lang='grc'><strong>2.</strong></span> <span class='ocrx_word' id='word_1_397' title='bbox 1482 4063 1567 4128; x_wconf 73' lang='lat' dir='ltr'><strong>adtett</strong></span> <span class='ocrx_word' id='word_1_398' title='bbox 1577 4063 1607 4112; x_wconf 77' lang='lat' dir='ltr'><strong>G.</strong></span> 
     </span>
     <span class='ocr_line' id='line_1_39' title="bbox 288 4135 1606 4204; baseline 0 -16"><span class='ocrx_word' id='word_1_399' title='bbox 288 4162 316 4172; x_wconf 96' lang='lat'><em>-</em></span> <span class='ocrx_word' id='word_1_400' title='bbox 334 4135 359 4188; x_wconf 83' lang='lat'><strong>3.</strong></span> <span class='ocrx_word' id='word_1_401' title='bbox 376 4137 586 4199; x_wconf 62' lang='lat' dir='ltr'><strong>emmeramus</strong></span> <span class='ocrx_word' id='word_1_402' title='bbox 605 4137 693 4198; x_wconf 86' lang='lat' dir='ltr'><strong>blve,</strong></span> <span class='ocrx_word' id='word_1_403' title='bbox 716 4135 803 4188; x_wconf 90' lang='lat' dir='ltr'><strong>Scbol.</strong></span> <span class='ocrx_word' id='word_1_404' title='bbox 826 4137 924 4188; x_wconf 82' lang='lat' dir='ltr'><strong>Lucani</strong></span> <span class='ocrx_word' id='word_1_405' title='bbox 944 4137 978 4188; x_wconf 88' lang='lat' dir='ltr'><strong>ad</strong></span> <span class='ocrx_word' id='word_1_406' title='bbox 1000 4137 1054 4190; x_wconf 83' lang='lat' dir='ltr'><strong>vu.</strong></span> <span class='ocrx_word' id='word_1_407' title='bbox 1077 4137 1134 4191; x_wconf 85' lang='grc'><strong>784.</strong></span> <span class='ocrx_word' id='word_1_408' title='bbox 1158 4151 1185 4204; x_wconf 88' lang='lat' dir='ltr'><strong>p.</strong></span> <span class='ocrx_word' id='word_1_409' title='bbox 1204 4137 1252 4191; x_wconf 79' lang='grc'><strong>584</strong></span> <span class='ocrx_word' id='word_1_410' title='bbox 1273 4138 1368 4190; x_wconf 82' lang='lat' dir='ltr'><strong>Web:</strong></span> <span class='ocrx_word' id='word_1_411' title='bbox 1393 4139 1556 4190; x_wconf 64' lang='lat' dir='ltr'><strong>conedam</strong></span> <span class='ocrx_word' id='word_1_412' title='bbox 1572 4139 1606 4198; x_wconf 69' lang='lat' dir='ltr'><strong>G}</strong></span> 
     </span>
     <span class='ocr_line' id='line_1_40' title="bbox 286 4211 1609 4276; baseline 0.002 -14"><span class='ocrx_word' id='word_1_413' title='bbox 286 4213 456 4274; x_wconf 69' lang='lat' dir='ltr'><strong>ammiserat</strong></span> <span class='ocrx_word' id='word_1_414' title='bbox 472 4211 590 4272; x_wconf 80' lang='lat' dir='ltr'><strong>CHSa3</strong></span> <span class='ocrx_word' id='word_1_415' title='bbox 608 4212 732 4262; x_wconf 73' lang='lat' dir='ltr'><strong>madae</strong></span> <span class='ocrx_word' id='word_1_416' title='bbox 741 4217 778 4276; x_wconf 83' lang='grc' dir='ltr'><strong>ψ.</strong></span> <span class='ocrx_word' id='word_1_417' title='bbox 794 4239 821 4249; x_wconf 88' lang='grc'>-</span> <span class='ocrx_word' id='word_1_418' title='bbox 839 4217 935 4264; x_wconf 67' lang='lat' dir='ltr'><strong>terrm</strong></span> <span class='ocrx_word' id='word_1_419' title='bbox 946 4215 974 4264; x_wconf 85' lang='lat' dir='ltr'><strong>G.</strong></span> <span class='ocrx_word' id='word_1_420' title='bbox 990 4213 1021 4252; x_wconf 91' lang='grc'><strong>-’</strong></span> <span class='ocrx_word' id='word_1_421' title='bbox 1035 4214 1090 4276; x_wconf 87' lang='lat' dir='ltr'><strong>boe]</strong></span> <span class='ocrx_word' id='word_1_422' title='bbox 1108 4213 1168 4266; x_wconf 83' lang='lat' dir='ltr'><strong>boec</strong></span> <span class='ocrx_word' id='word_1_423' title='bbox 1183 4215 1229 4264; x_wconf 81' lang='lat' dir='ltr'><strong>Ga</strong></span> <span class='ocrx_word' id='word_1_424' title='bbox 1246 4214 1274 4264; x_wconf 91' lang='lat' dir='ltr'><strong>et</strong></span> <span class='ocrx_word' id='word_1_425' title='bbox 1283 4212 1369 4264; x_wconf 87' lang='lat' dir='ltr'><strong>schol.</strong></span> <span class='ocrx_word' id='word_1_426' title='bbox 1382 4213 1445 4264; x_wconf 84' lang='lat' dir='ltr'><strong>Luc.</strong></span> <span class='ocrx_word' id='word_1_427' title='bbox 1464 4213 1503 4265; x_wconf 90' lang='lat' dir='ltr'><strong>Cl.</strong></span> <span class='ocrx_word' id='word_1_428' title='bbox 1516 4211 1609 4264; x_wconf 79' lang='lat' dir='ltr'><strong>Fleck-</strong></span> 
     </span>
     <span class='ocr_line' id='line_1_41' title="bbox 286 4286 1610 4353; baseline 0.001 -15"><span class='ocrx_word' id='word_1_429' title='bbox 286 4287 408 4338; x_wconf 87' lang='lat' dir='ltr'><strong>eisenum</strong></span> <span class='ocrx_word' id='word_1_430' title='bbox 423 4287 451 4338; x_wconf 90' lang='lat' dir='ltr'><strong>in</strong></span> <span class='ocrx_word' id='word_1_431' title='bbox 466 4288 539 4338; x_wconf 83' lang='lat' dir='ltr'><strong>Novo</strong></span> <span class='ocrx_word' id='word_1_432' title='bbox 557 4288 648 4339; x_wconf 83' lang='lat' dir='ltr'><strong>blusso</strong></span> <span class='ocrx_word' id='word_1_433' title='bbox 664 4286 747 4338; x_wconf 80' lang='lat' dir='ltr'><strong>Rhea.</strong></span> <span class='ocrx_word' id='word_1_434' title='bbox 768 4287 859 4352; x_wconf 79' lang='grc'><strong>(4850.)</strong></span> <span class='ocrx_word' id='word_1_435' title='bbox 876 4289 929 4338; x_wconf 85' lang='lat' dir='ltr'><strong>Vll.</strong></span> <span class='ocrx_word' id='word_1_436' title='bbox 947 4301 975 4353; x_wconf 90' lang='lat' dir='ltr'><strong>p.</strong></span> <span class='ocrx_word' id='word_1_437' title='bbox 987 4289 1031 4340; x_wconf 94' lang='grc'><strong>274</strong></span> <span class='ocrx_word' id='word_1_438' title='bbox 1047 4300 1106 4353; x_wconf 86' lang='lat' dir='ltr'><strong>sqq.</strong></span> <span class='ocrx_word' id='word_1_439' title='bbox 1121 4315 1149 4324; x_wconf 94' lang='lat'><em>-</em></span> <span class='ocrx_word' id='word_1_440' title='bbox 1167 4286 1192 4341; x_wconf 76' lang='lat' dir='ltr'><strong>i.</strong></span> <span class='ocrx_word' id='word_1_441' title='bbox 1209 4287 1402 4340; x_wconf 68' lang='lat' dir='ltr'><strong>commemo</strong></span> <span class='ocrx_word' id='word_1_442' title='bbox 1417 4289 1468 4341; x_wconf 85' lang='lat' dir='ltr'><strong>blt.</strong></span> <span class='ocrx_word' id='word_1_443' title='bbox 1482 4313 1510 4324; x_wconf 89' lang='lat'><em>-</em></span> <span class='ocrx_word' id='word_1_444' title='bbox 1529 4289 1554 4340; x_wconf 79' lang='lat'><strong>5.</strong></span> <span class='ocrx_word' id='word_1_445' title='bbox 1565 4299 1610 4339; x_wconf 81' lang='lat' dir='ltr'><strong>re-</strong></span> 
     </span>
     <span class='ocr_line' id='line_1_42' title="bbox 282 4362 1606 4428; baseline 0 -14"><span class='ocrx_word' id='word_1_446' title='bbox 282 4369 369 4427; x_wconf 74' lang='lat' dir='ltr'><strong>petierit</strong></span> <span class='ocrx_word' id='word_1_447' title='bbox 385 4363 454 4414; x_wconf 90' lang='lat' dir='ltr'><strong>coni.</strong></span> <span class='ocrx_word' id='word_1_448' title='bbox 473 4362 594 4413; x_wconf 84' lang='lat' dir='ltr'><strong>Schuetz.</strong></span> <span class='ocrx_word' id='word_1_449' title='bbox 615 4389 643 4399; x_wconf 89' lang='lat'><em>-</em></span> <span class='ocrx_word' id='word_1_450' title='bbox 661 4363 685 4412; x_wconf 88' lang='grc'><strong>7.</strong></span> <span class='ocrx_word' id='word_1_451' title='bbox 704 4362 868 4426; x_wconf 76' lang='lat' dir='ltr'><strong>coinquinato</strong></span> <span class='ocrx_word' id='word_1_452' title='bbox 883 4376 911 4423; x_wconf 82' lang='grc' dir='ltr'><strong>χ.</strong></span> <span class='ocrx_word' id='word_1_453' title='bbox 931 4389 958 4400; x_wconf 89' lang='grc'>-</span> <span class='ocrx_word' id='word_1_454' title='bbox 977 4365 1002 4415; x_wconf 85' lang='grc'><strong>44.</strong></span> <span class='ocrx_word' id='word_1_455' title='bbox 1015 4363 1064 4414; x_wconf 80' lang='lat' dir='ltr'><strong>aiat</strong></span> <span class='ocrx_word' id='word_1_456' title='bbox 1080 4368 1225 4428; x_wconf 72' lang='lat' dir='ltr'><strong>praentpto</strong></span> <span class='ocrx_word' id='word_1_457' title='bbox 1239 4377 1271 4423; x_wconf 85' lang='lat' dir='ltr'><strong>v;</strong></span> <span class='ocrx_word' id='word_1_458' title='bbox 1298 4368 1372 4427; x_wconf 76' lang='lat' dir='ltr'><strong>atque</strong></span> <span class='ocrx_word' id='word_1_459' title='bbox 1386 4368 1513 4427; x_wconf 69' lang='lat' dir='ltr'><strong>prosapta</strong></span> <span class='ocrx_word' id='word_1_460' title='bbox 1528 4365 1558 4414; x_wconf 84' lang='lat' dir='ltr'><strong>G.</strong></span> <span class='ocrx_word' id='word_1_461' title='bbox 1578 4389 1606 4399; x_wconf 97' lang='lat'><em>-</em></span> 
     </span>
     <span class='ocr_line' id='line_1_43' title="bbox 288 4436 1610 4505; baseline 0 -15"><span class='ocrx_word' id='word_1_462' title='bbox 288 4439 312 4490; x_wconf 82' lang='lat'><strong>9.</strong></span> <span class='ocrx_word' id='word_1_463' title='bbox 326 4436 448 4503; x_wconf 78' lang='lat' dir='ltr'><strong>pareatis]</strong></span> <span class='ocrx_word' id='word_1_464' title='bbox 462 4437 577 4501; x_wconf 75' lang='lat' dir='ltr'><strong>peracte</strong></span> <span class='ocrx_word' id='word_1_465' title='bbox 592 4437 706 4488; x_wconf 74' lang='lat' dir='ltr'><strong>animm</strong></span> <span class='ocrx_word' id='word_1_466' title='bbox 722 4439 751 4488; x_wconf 85' lang='lat' dir='ltr'><strong>G.</strong></span> <span class='ocrx_word' id='word_1_467' title='bbox 773 4464 799 4476; x_wconf 97' lang='lat'><em>-</em></span> <span class='ocrx_word' id='word_1_468' title='bbox 820 4439 860 4489; x_wconf 88' lang='grc'><strong>44.</strong></span> <span class='ocrx_word' id='word_1_469' title='bbox 878 4443 998 4501; x_wconf 71' lang='lat' dir='ltr'><strong>oportuerea</strong></span> <span class='ocrx_word' id='word_1_470' title='bbox 1013 4451 1040 4490; x_wconf 87' lang='lat' dir='ltr'><strong>v.</strong></span> <span class='ocrx_word' id='word_1_471' title='bbox 1060 4467 1088 4478; x_wconf 91' lang='lat'><em>-</em></span> <span class='ocrx_word' id='word_1_472' title='bbox 1109 4439 1149 4491; x_wconf 84' lang='grc'><strong>43.</strong></span> <span class='ocrx_word' id='word_1_473' title='bbox 1168 4439 1234 4491; x_wconf 83' lang='lat' dir='ltr'><strong>cred</strong></span> <span class='ocrx_word' id='word_1_474' title='bbox 1252 4439 1301 4490; x_wconf 76' lang='lat' dir='ltr'><strong>set</strong></span> <span class='ocrx_word' id='word_1_475' title='bbox 1316 4450 1340 4489; x_wconf 86' lang='lat' dir='ltr'><strong>a.</strong></span> <span class='ocrx_word' id='word_1_476' title='bbox 1361 4463 1389 4476; x_wconf 91' lang='lat'>-</span> <span class='ocrx_word' id='word_1_477' title='bbox 1408 4451 1457 4502; x_wconf 86' lang='lat' dir='ltr'><strong>quo</strong></span> <span class='ocrx_word' id='word_1_478' title='bbox 1472 4438 1517 4505; x_wconf 64' lang='grc' dir='ltr'>ιιι]</span> <span class='ocrx_word' id='word_1_479' title='bbox 1533 4439 1610 4490; x_wconf 86' lang='lat' dir='ltr'><strong>comi-</strong></span> 
     </span>
     <span class='ocr_line' id='line_1_44' title="bbox 284 4511 1608 4578; baseline -0.003 -12"><span class='ocrx_word' id='word_1_480' title='bbox 284 4527 332 4566; x_wconf 73' lang='grc' dir='ltr'><strong>πω</strong></span> <span class='ocrx_word' id='word_1_481' title='bbox 348 4515 398 4568; x_wconf 74' lang='lat' dir='ltr'><strong>lli.</strong></span> <span class='ocrx_word' id='word_1_482' title='bbox 419 4539 446 4549; x_wconf 95' lang='lat'><em>-</em></span> <span class='ocrx_word' id='word_1_483' title='bbox 466 4511 506 4563; x_wconf 87' lang='lat' dir='ltr'><strong>tl.</strong></span> <span class='ocrx_word' id='word_1_484' title='bbox 524 4513 687 4563; x_wconf 73' lang='lat' dir='ltr'><strong>iudicandam</strong></span> <span class='ocrx_word' id='word_1_485' title='bbox 702 4513 751 4565; x_wconf 88' lang='lat' dir='ltr'><strong>bll.</strong></span> <span class='ocrx_word' id='word_1_486' title='bbox 774 4539 801 4550; x_wconf 95' lang='lat'>-</span> <span class='ocrx_word' id='word_1_487' title='bbox 820 4513 860 4563; x_wconf 87' lang='grc'><strong>48.</strong></span> <span class='ocrx_word' id='word_1_488' title='bbox 879 4518 1105 4578; x_wconf 69' lang='grc' dir='ltr'><strong>ᾳιιαιιιιιιηαιηιᾳιιο</strong></span> <span class='ocrx_word' id='word_1_489' title='bbox 1121 4517 1150 4566; x_wconf 84' lang='lat' dir='ltr'><strong>G.</strong></span> <span class='ocrx_word' id='word_1_490' title='bbox 1170 4542 1198 4552; x_wconf 96' lang='lat'>—</span> <span class='ocrx_word' id='word_1_491' title='bbox 1219 4515 1401 4578; x_wconf 64' lang='lat' dir='ltr'><strong>praesamant</strong></span> <span class='ocrx_word' id='word_1_492' title='bbox 1415 4514 1502 4574; x_wconf 78' lang='lat' dir='ltr'><strong>blxc.</strong></span> <span class='ocrx_word' id='word_1_493' title='bbox 1523 4541 1551 4550; x_wconf 96' lang='lat'>-</span> <span class='ocrx_word' id='word_1_494' title='bbox 1568 4511 1608 4577; x_wconf 82' lang='lat' dir='ltr'><strong>ite]</strong></span> 
     </span>
     <span class='ocr_line' id='line_1_45' title="bbox 286 4586 1606 4655; baseline -0.003 -13"><span class='ocrx_word' id='word_1_495' title='bbox 286 4591 353 4642; x_wconf 83' lang='lat' dir='ltr'><strong>btv.</strong></span> <span class='ocrx_word' id='word_1_496' title='bbox 374 4586 460 4638; x_wconf 83' lang='grc'><strong>-20,</strong></span> <span class='ocrx_word' id='word_1_497' title='bbox 478 4587 677 4650; x_wconf 79' lang='lat' dir='ltr'><strong>potitoesaetx.</strong></span> <span class='ocrx_word' id='word_1_498' title='bbox 697 4611 726 4624; x_wconf 91' lang='lat'>-</span> <span class='ocrx_word' id='word_1_499' title='bbox 744 4587 785 4638; x_wconf 94' lang='grc'><strong>22.</strong></span> <span class='ocrx_word' id='word_1_500' title='bbox 804 4587 1020 4651; x_wconf 71' lang='grc' dir='ltr'><strong>ὴοᾰὶοριιᾰὺιιιι.</strong></span> <span class='ocrx_word' id='word_1_501' title='bbox 1040 4613 1068 4626; x_wconf 93' lang='lat'><strong>-·</strong></span> <span class='ocrx_word' id='word_1_502' title='bbox 1086 4590 1372 4655; x_wconf 72' lang='lat' dir='ltr'><strong>interrogatuteaeetr.</strong></span> <span class='ocrx_word' id='word_1_503' title='bbox 1392 4616 1420 4626; x_wconf 91' lang='lat'><em>-</em></span> <span class='ocrx_word' id='word_1_504' title='bbox 1438 4587 1606 4641; x_wconf 66' lang='lat' dir='ltr'><strong>tttdser.</strong></span> 
     </span>
     <span class='ocr_line' id='line_1_46' title="bbox 288 4663 1606 4727; baseline -0.002 -12"><span class='ocrx_word' id='word_1_505' title='bbox 288 4691 316 4703; x_wconf 90' lang='lat'>-</span> <span class='ocrx_word' id='word_1_506' title='bbox 334 4663 637 4727; x_wconf 58' lang='lat' dir='ltr'><strong>desumpsisset</strong></span> <span class='ocrx_word' id='word_1_507' title='bbox 658 4690 686 4700; x_wconf 91' lang='lat'><em>-</em></span> <span class='ocrx_word' id='word_1_508' title='bbox 708 4663 944 4725; x_wconf 70' lang='lat' dir='ltr'><strong>tbadmouerex.</strong></span> <span class='ocrx_word' id='word_1_509' title='bbox 963 4690 991 4699; x_wconf 97' lang='grc'>-</span> <span class='ocrx_word' id='word_1_510' title='bbox 1009 4665 1166 4715; x_wconf 61' lang='lat' dir='ltr'><strong>mmmm.</strong></span> <span class='ocrx_word' id='word_1_511' title='bbox 1185 4664 1280 4716; x_wconf 84' lang='lat' dir='ltr'><strong>Glla:</strong></span> <span class='ocrx_word' id='word_1_512' title='bbox 1303 4664 1557 4720; x_wconf 66' lang='lat' dir='ltr'><strong>sommatore.</strong></span> <span class='ocrx_word' id='word_1_513' title='bbox 1576 4687 1606 4698; x_wconf 98' lang='lat'><em>-</em></span> 
     </span>
     <span class='ocr_line' id='line_1_47' title="bbox 285 4737 1603 4805; baseline -0.002 -13"><span class='ocrx_word' id='word_1_514' title='bbox 285 4741 326 4792; x_wconf 88' lang='grc'><strong>27.</strong></span> <span class='ocrx_word' id='word_1_515' title='bbox 343 4754 394 4792; x_wconf 81' lang='lat' dir='ltr'><strong>ease</strong></span> <span class='ocrx_word' id='word_1_516' title='bbox 409 4752 464 4792; x_wconf 91' lang='lat' dir='ltr'><strong>om.</strong></span> <span class='ocrx_word' id='word_1_517' title='bbox 482 4741 512 4789; x_wconf 74' lang='lat' dir='ltr'><strong>G.</strong></span> <span class='ocrx_word' id='word_1_518' title='bbox 532 4764 560 4774; x_wconf 92' lang='lat'><em>-</em></span> <span class='ocrx_word' id='word_1_519' title='bbox 578 4737 620 4790; x_wconf 83' lang='grc'><strong>29.</strong></span> <span class='ocrx_word' id='word_1_520' title='bbox 636 4743 717 4802; x_wconf 82' lang='lat' dir='ltr'><strong>posset</strong></span> <span class='ocrx_word' id='word_1_521' title='bbox 732 4749 807 4804; x_wconf 88' lang='lat' dir='ltr'><strong>susp.</strong></span> <span class='ocrx_word' id='word_1_522' title='bbox 825 4739 887 4791; x_wconf 84' lang='lat' dir='ltr'><strong>Ern.</strong></span> <span class='ocrx_word' id='word_1_523' title='bbox 903 4765 932 4776; x_wconf 94' lang='lat'><em>-</em></span> <span class='ocrx_word' id='word_1_524' title='bbox 948 4739 1054 4804; x_wconf 60' lang='lat' dir='ltr'><strong>morit.</strong></span> <span class='ocrx_word' id='word_1_525' title='bbox 1070 4741 1216 4802; x_wconf 81' lang='lat' dir='ltr'><strong>Gblvac,</strong></span> <span class='ocrx_word' id='word_1_526' title='bbox 1234 4739 1338 4790; x_wconf 75' lang='lat' dir='ltr'><strong>torn:</strong></span> <span class='ocrx_word' id='word_1_527' title='bbox 1356 4739 1562 4805; x_wconf 66' lang='lat' dir='ltr'><strong>timescitbo.</strong></span> <span class='ocrx_word' id='word_1_528' title='bbox 1577 4762 1603 4772; x_wconf 96' lang='lat'>-</span> 
     </span>
     <span class='ocr_line' id='line_1_48' title="bbox 286 4811 1605 4881; baseline -0.003 -13"><span class='ocrx_word' id='word_1_529' title='bbox 286 4815 327 4868; x_wconf 76' lang='grc'><strong>80.</strong></span> <span class='ocrx_word' id='word_1_530' title='bbox 346 4815 464 4881; x_wconf 56' lang='lat' dir='ltr'><strong>amm</strong></span> <span class='ocrx_word' id='word_1_531' title='bbox 482 4814 521 4874; x_wconf 83' lang='grc'><strong>24,</strong></span> <span class='ocrx_word' id='word_1_532' title='bbox 538 4815 569 4864; x_wconf 89' lang='lat' dir='ltr'><strong>ut</strong></span> <span class='ocrx_word' id='word_1_533' title='bbox 584 4813 652 4864; x_wconf 87' lang='lat' dir='ltr'><strong>coni.</strong></span> <span class='ocrx_word' id='word_1_534' title='bbox 670 4811 852 4877; x_wconf 85' lang='lat' dir='ltr'><strong>wesenberg:</strong></span> <span class='ocrx_word' id='word_1_535' title='bbox 871 4826 924 4866; x_wconf 86' lang='lat' dir='ltr'><strong>onr.</strong></span> <span class='ocrx_word' id='word_1_536' title='bbox 943 4828 962 4865; x_wconf 85' lang='lat' dir='ltr'><strong>a</strong></span> <span class='ocrx_word' id='word_1_537' title='bbox 978 4814 1056 4866; x_wconf 91' lang='lat' dir='ltr'><strong>codd.</strong></span> <span class='ocrx_word' id='word_1_538' title='bbox 1074 4812 1131 4865; x_wconf 89' lang='lat' dir='ltr'><strong>rell.</strong></span> <span class='ocrx_word' id='word_1_539' title='bbox 1150 4814 1205 4865; x_wconf 88' lang='lat' dir='ltr'><strong>noti</strong></span> <span class='ocrx_word' id='word_1_540' title='bbox 1221 4814 1294 4865; x_wconf 81' lang='lat' dir='ltr'><strong>eto,</strong></span> <span class='ocrx_word' id='word_1_541' title='bbox 1320 4814 1359 4866; x_wconf 88' lang='lat' dir='ltr'><strong>cl.</strong></span> <span class='ocrx_word' id='word_1_542' title='bbox 1372 4816 1475 4880; x_wconf 86' lang='lat' dir='ltr'><strong>Zumpt.</strong></span> <span class='ocrx_word' id='word_1_543' title='bbox 1487 4815 1523 4865; x_wconf 86' lang='lat' dir='ltr'><strong>ad</strong></span> <span class='ocrx_word' id='word_1_544' title='bbox 1535 4814 1605 4865; x_wconf 76' lang='lat' dir='ltr'><strong>Vm.</strong></span> 
     </span>
     <span class='ocr_line' id='line_1_49' title="bbox 285 4887 1606 4956; baseline -0.002 -14"><span class='ocrx_word' id='word_1_545' title='bbox 285 4904 313 4956; x_wconf 91' lang='lat' dir='ltr'><strong>p.</strong></span> <span class='ocrx_word' id='word_1_546' title='bbox 331 4889 389 4942; x_wconf 81' lang='grc'><strong>427.</strong></span> <span class='ocrx_word' id='word_1_547' title='bbox 410 4917 438 4927; x_wconf 97' lang='grc'>-</span> <span class='ocrx_word' id='word_1_548' title='bbox 456 4889 562 4940; x_wconf 70' lang='lat' dir='ltr'><strong>aedom</strong></span> <span class='ocrx_word' id='word_1_549' title='bbox 577 4888 783 4940; x_wconf 73' lang='lat' dir='ltr'><strong>onustae:</strong></span> <span class='ocrx_word' id='word_1_550' title='bbox 801 4887 898 4940; x_wconf 67' lang='grc' dir='ltr'><strong>ωὶοιιηι</strong></span> <span class='ocrx_word' id='word_1_551' title='bbox 914 4890 968 4941; x_wconf 89' lang='lat' dir='ltr'><strong>0v.</strong></span> <span class='ocrx_word' id='word_1_552' title='bbox 987 4889 1026 4941; x_wconf 86' lang='lat' dir='ltr'><strong>ct.</strong></span> <span class='ocrx_word' id='word_1_553' title='bbox 1044 4888 1079 4940; x_wconf 89' lang='lat' dir='ltr'><strong>ad</strong></span> <span class='ocrx_word' id='word_1_554' title='bbox 1096 4889 1120 4953; x_wconf 68' lang='lat' dir='ltr'><strong>S.</strong></span> <span class='ocrx_word' id='word_1_555' title='bbox 1133 4887 1173 4940; x_wconf 81' lang='lat'><strong>³0.</strong></span> <span class='ocrx_word' id='word_1_556' title='bbox 1193 4915 1222 4925; x_wconf 93' lang='lat'>-</span> <span class='ocrx_word' id='word_1_557' title='bbox 1238 4887 1277 4940; x_wconf 84' lang='lat' dir='ltr'><strong>ito</strong></span> <span class='ocrx_word' id='word_1_558' title='bbox 1292 4903 1345 4941; x_wconf 93' lang='lat' dir='ltr'><strong>om.</strong></span> <span class='ocrx_word' id='word_1_559' title='bbox 1364 4892 1422 4943; x_wconf 76' lang='lat' dir='ltr'><strong>et.</strong></span> <span class='ocrx_word' id='word_1_560' title='bbox 1443 4917 1471 4928; x_wconf 94' lang='lat'><em>-</em></span> <span class='ocrx_word' id='word_1_561' title='bbox 1489 4889 1530 4942; x_wconf 82' lang='grc'><strong>32.</strong></span> <span class='ocrx_word' id='word_1_562' title='bbox 1547 4888 1606 4940; x_wconf 80' lang='lat' dir='ltr'><strong>eab-</strong></span> 
     </span>
     <span class='ocr_line' id='line_1_50' title="bbox 285 4963 1606 5029; baseline 0.002 -13"><span class='ocrx_word' id='word_1_563' title='bbox 285 4965 446 5020; x_wconf 71' lang='lat' dir='ltr'><strong>saturem.</strong></span> <span class='ocrx_word' id='word_1_564' title='bbox 466 4991 494 5004; x_wconf 93' lang='lat'>-</span> <span class='ocrx_word' id='word_1_565' title='bbox 513 4963 692 5027; x_wconf 63' lang='lat' dir='ltr'><strong>commen.</strong></span> <span class='ocrx_word' id='word_1_566' title='bbox 713 4963 959 5016; x_wconf 78' lang='lat' dir='ltr'><strong>—33.terramG.</strong></span> <span class='ocrx_word' id='word_1_567' title='bbox 979 4989 1006 5003; x_wconf 93' lang='lat'>—</span> <span class='ocrx_word' id='word_1_568' title='bbox 1026 4963 1299 5016; x_wconf 74' lang='lat' dir='ltr'><strong>odemotottlblva:</strong></span> <span class='ocrx_word' id='word_1_569' title='bbox 1320 4965 1606 5029; x_wconf 66' lang='lat' dir='ltr'><strong>stemmatum-</strong></span> 
     </span>
     <span class='ocr_line' id='line_1_51' title="bbox 285 5037 1606 5103; baseline 0.003 -11"><span class='ocrx_word' id='word_1_570' title='bbox 285 5041 414 5092; x_wconf 75' lang='lat' dir='ltr'><strong>mtbe.</strong></span> <span class='ocrx_word' id='word_1_571' title='bbox 433 5066 461 5077; x_wconf 99' lang='lat'>-</span> <span class='ocrx_word' id='word_1_572' title='bbox 480 5037 522 5093; x_wconf 81' lang='grc'><strong>34.</strong></span> <span class='ocrx_word' id='word_1_573' title='bbox 539 5043 760 5094; x_wconf 58' lang='lat' dir='ltr'><strong>catecasta:</strong></span> <span class='ocrx_word' id='word_1_574' title='bbox 781 5041 1077 5102; x_wconf 60' lang='lat' dir='ltr'><strong>alstemum</strong></span> <span class='ocrx_word' id='word_1_575' title='bbox 1100 5043 1270 5094; x_wconf 73' lang='lat' dir='ltr'><strong>eatam.</strong></span> <span class='ocrx_word' id='word_1_576' title='bbox 1288 5040 1437 5103; x_wconf 65' lang='lat' dir='ltr'><strong>cusin</strong></span> <span class='ocrx_word' id='word_1_577' title='bbox 1453 5039 1606 5096; x_wconf 66' lang='lat' dir='ltr'><strong>mom</strong></span> 
     </span>
     <span class='ocr_line' id='line_1_52' title="bbox 286 5113 607 5182; baseline 0 -15"><span class='ocrx_word' id='word_1_578' title='bbox 286 5126 341 5167; x_wconf 81' lang='lat' dir='ltr'><strong>ear.</strong></span> <span class='ocrx_word' id='word_1_579' title='bbox 358 5115 397 5179; x_wconf 71' lang='lat'><strong>115</strong></span> <span class='ocrx_word' id='word_1_580' title='bbox 414 5120 450 5171; x_wconf 83' lang='lat' dir='ltr'><strong>est</strong></span> <span class='ocrx_word' id='word_1_581' title='bbox 464 5127 519 5168; x_wconf 75' lang='lat' dir='ltr'><strong>car.</strong></span> <span class='ocrx_word' id='word_1_582' title='bbox 536 5113 607 5182; x_wconf 66' lang='lat' dir='ltr'><strong>xit).</strong></span> 
     </span>
    </p>
   </div>
   <div class='ocr_carea' id='block_1_4' title="bbox 0 0 1846 5862">
    <p class='ocr_par' dir='ltr' id='par_1_4' title="bbox 0 0 1846 5862">
     <span class='ocr_line' id='line_1_53' title="bbox 0 0 1846 5862; baseline 0 2"><span class='ocrx_word' id='word_1_583' title='bbox 0 0 1846 5862; x_wconf 95' lang='lat' dir='ltr'><strong> </strong></span> 
     </span>
    </p>
   </div>
  </div>
 </body>
</html>
