3578 5862
545 475 618 540 ct».
639 475 962 542 xxxn1-xxxv.
990 473 1046 560 ss.
1068 471 1213 540 tto-oo.
1478 453 1540 526 569

223 646 377 729 pulariter
397 645 577 709 concitatas.
605 645 779 709 accusabat
793 647 938 711 tribunus
953 647 1055 730 plebis
1071 647 1153 710 idem
1167 647 1199 708 in
1216 644 1432 718 contionibus,
1454 637 1541 705 idern

223 741 263 804 ad
291 740 459 804 subsellia:
489 740 528 803 ad
550 740 702 804 iudicium
724 762 788 804 non
810 741 905 804 modo
928 742 967 803 de
989 740 1153 814 contione,
1181 739 1354 803 sedetiam
1377 759 1447 802 curn
1470 737 1538 821 ipsa

222 835 365 898 contione
394 833 547 897 veniebat.
585 833 707 897 Gradus
735 835 781 897 illi
810 834 929 897 Aurelii
958 843 1024 897 tum
1051 835 1126 897 novi
1148 835 1240 918 quasi
1269 853 1326 915 pro
1347 831 1469 895 theatro
1491 829 1537 892 illi

221 928 339 991 iudicio
367 927 524 991 aedificati
552 927 759 991 videbantur:
792 949 873 1012 quos
902 930 955 992 ubi
984 937 1146 993 accusator
1171 928 1335 991 concitatis
1355 925 1538 989 hominibus

220 1021 404 1104 complerat,
427 1041 490 1084 non
512 1021 607 1084 modo
629 1021 754 1084 dicendi
777 1023 816 1084 ab
837 1043 909 1098 rec,
937 1022 992 1086 sed
1014 1043 1054 1085 ne
1076 1023 1226 1104 surgendi
1247 1020 1376 1105 quidem
1397 1021 1562 1102 potestas⁵

221 1123 295 1177 erat
338 1111 389 1176 at.
411 1117 519 1197 Nuper
540 1115 624 1197 apud
647 1115 679 1177 C.
702 1114 885 1180 Orchivium
907 1117 1060 1198 collegam
1082 1137 1188 1180 meum
1209 1115 1298 1178 locus
1317 1113 1356 1176 ah
1381 1109 1540 1176 iudicibus
1658 1101 1685 1200 ί

219 1209 334 1271 Fausto
357 1208 464 1271 Sullae
486 1210 525 1272 de
547 1209 691 1290 pecuniis
712 1209 846 1271 residuis
868 1231 930 1274 non
953 1201 1000 1273 est
1015 1212 1222 1274 constitutus:
1244 1228 1308 1271 non
1330 1230 1393 1291 quo
1415 1205 1462 1270 illi
1484 1209 1543 1266 aul

219 1303 362 1385 exlegem
395 1323 465 1366 esse
495 1303 613 1366 Sullam
642 1311 697 1366 ant
718 1321 843 1366 oausam
870 1305 1022 1385 pecuniae
1044 1303 1188 1386 publicae
1210 1309 1421 1387 contemptam
1442 1307 1540 1384 atque

218 1397 374 1461 abiectam
394 1405 556 1479 putarent,
583 1398 637 1460 sed
662 1397 745 1482 quod
769 1406 935 1460 accusante
959 1398 1082 1461 tribuno
1104 1397 1206 1481 plebis
1229 1395 1415 1460 condicione
1436 1411 1538 1476 aequa

219 1491 387 1573 disceptari
419 1511 512 1574 posse
542 1513 605 1555 uon
634 1498 792 1574 putarunt.
829 1491 935 1566 Quid‘i
969 1491 1128 1554 conferam
1151 1491 1314 1554 Sullamne
1335 1509 1406 1552 cum
1426 1485 1576 1548 lunioil⁰

218 1603 258 1646 an
279 1585 364 1647 hunc
387 1586 546 1648 tribunum
567 1587 669 1668 plebis
691 1606 760 1648 cum
784 1585 960 1661 Quinctio?
983 1606 1022 1648 an
1044 1607 1119 1650 vero
1142 1596 1265 1668 tempus
1280 1605 1349 1648 cum
1372 1583 1538 1664 tempore?

219 1678 305 1740 Sulla
328 1681 472 1742 maximis
494 1679 624 1763 opibus,
654 1680 812 1760 cognatis,
840 1676 1010 1755 affinibus,
1028 1680 1228 1753 necessariis,
1251 1679 1419 1742 clientibus
1440 1675 1540 1759 pluri·

218 1773 295 1836 mis:
317 1773 396 1836 haec
416 1781 522 1836 autem
543 1774 626 1857 apud
649 1773 773 1836 lunium
795 1793 891 1856 parva
912 1781 945 1837 et
966 1773 1087 1838 infirma
1103 1783 1135 1838 et
1154 1775 1254 1857 ipsius
1272 1774 1380 1838 labore
1395 1769 1540 1854 quaesita

217 1874 311 1950 atque
333 1868 472 1930 collecta.
516 1869 575 1929 llic
596 1867 865 1950 tribunusplebis
885 1868 1065 1944 modestus,
1093 1870 1234 1952 pudens,
1262 1887 1327 1930 non
1357 1863 1451 1928 modo
1473 1881 1538 1924 non

217 1960 405 2034 seditiosus,
435 1962 491 2024 sed
514 1963 607 2025 etiam
631 1960 791 2024 seditiosis
814 1963 1030 2027 adversarius:
1059 1965 1113 2027 ille
1135 1971 1240 2026 autem
1262 1962 1411 2034 acerbus,
1434 1957 1576 2021 crini-u

216 2073 330 2126 nosus,
359 2057 522 2139 popularis
549 2057 643 2120 homo
675 2077 711 2119 ao
734 2057 941 2121 turbulentus.
964 2061 1113 2143 ⁴Tempus
1135 2059 1196 2121 hoc
1218 2057 1420 2140 tranquillum
1442 2061 1538 2136 atque

216 2155 375 2229 pacatum:
404 2151 483 2213 illud
514 2152 660 2214 omnibus
689 2151 829 2216 invidiae
860 2153 1097 2236 tempestatibus
1120 2153 1321 2216 concitatum.
1355 2150 1444 2225 Quae
1465 2165 1538 2208 cum

215 2241 258 2304 ita
286 2252 406 2318 essent,
435 2244 468 2306 in
489 2246 604 2308 Fausto
633 2254 739 2308 tamen
769 2246 815 2308 illi
844 2246 964 2309 iudices
991 2255 1184 2321 statuerunt,
1211 2247 1323 2329 iniqua
1352 2241 1537 2306 condicione

215 2355 300 2399 reum
323 2357 449 2400 causam
471 2338 593 2412 dicere,
616 2359 687 2402 cum
710 2338 890 2402 adversario
913 2342 1041 2404 eiusad
1064 2342 1113 2404 ius
1128 2339 1338 2404 accusationis
1354 2335 1537 2400 summarie

215 2429 378 2510 potestatis
400 2431 571 2494 accederet.
615 2433 747 2496 XXXV.
769 2430 819 2496 95.
851 2435 953 2510 Quam
977 2436 1105 2519 quidem
1126 2435 1279 2498 rationem
1300 2453 1382 2506 vos,
1406 2429 1576 2500 iudicasse

215 2521 383 2605 diligenter
405 2545 462 2607 pro
484 2533 588 2589 vestra
611 2527 766 2609 sapientia
790 2522 834 2609 [ct
848 2525 1053 2611 humanitate]
1077 2530 1214 2613 cogitare
1230 2535 1262 2590 et
1275 2525 1402 2609 penitus
1416 2523 1537 2607 perspi-

213 2634 284 2678 cere
312 2617 448 2692 debetis,
476 2619 551 2702 quid
586 2615 858 2704 mali,iquantum
888 2623 1020 2705 periculi
1042 2623 1098 2685 uni
1120 2622 1235 2706 cuique
1256 2627 1398 2682 nostrum
1420 2618 1536 2681 inlerre

211 2711 312 2800 possit
332 2712 378 2773 vis
400 2685 742 2794 tribuniciailcoullata
763 2716 948 2796 praesertim
971 2715 1090 2778 invidia
1112 2723 1143 2777 et
1166 2713 1365 2777 contionibus
1385 2711 1536 2776 seditiose
1638 2791 1646 2806 ο

212 2805 385 2868 concitatis.
420 2806 556 2889 Optimis
578 2809 706 2872 hercule
729 2808 941 2890 temporibus,
963 2815 1044 2884 tum,
1066 2831 1137 2872 eum
1152 2809 1298 2872 homines
1313 2827 1347 2870 se
1363 2828 1425 2870 nou
1441 2807 1536 2868 iacta-

212 2900 298 2962 tione
319 2900 479 2983 populari,
502 2900 558 2963 sed
582 2901 732 2984 dignitate
755 2910 850 2986 atque
873 2903 1054 2966 innocentia
1076 2905 1261 2976 tuebantur,
1293 2911 1397 2965 tamen
1420 2919 1479 2962 nec
1501 2898 1574 2959 P.²⁵

209 2993 349 3075 Popilius
371 3013 476 3078 neque
500 2996 538 3070 Q.
563 2997 727 3070 Metellus,
750 2996 915 3086 clarissimi
937 2999 996 3060 viri
1019 3007 1114 3081 atque
1134 2997 1336 3081 amplissimi,
1358 2995 1422 3058 vim
1437 2991 1536 3055 tribu-

211 3085 324 3150 niciam
347 3090 502 3152 sustinere
518 3097 708 3173 potuerunt:
732 3088 848 3152 nedum
860 3079 913 3153 his
929 3091 1139 3175 temporibus,
1160 3090 1210 3153 his
1227 3091 1384 3164 moribus,
1405 3089 1456 3150 his
1471 3105 1536 3148 ma·

209 3181 390 3262 gistratibus
420 3184 488 3245 sine
517 3193 620 3245 vestra
651 3184 805 3266 sapientia
832 3203 868 3246 ae
890 3185 959 3247 sine
981 3185 1171 3247 iudiciorum
1194 3184 1344 3247 remediis
1365 3183 1442 3246 salvi
1465 3199 1535 3243 esse

209 3273 377 3355 possimus.
420 3273 471 3338 96.
494 3279 564 3338 Non
586 3275 645 3340 luit
667 3276 745 3339 illud
768 3277 865 3359 igitur
879 3277 1033 3341 iudicium
1048 3278 1160 3340 iudicii
1174 3278 1293 3351 simile,
1315 3276 1447 3347 iudices,
1469 3292 1534 3336 non

210 3357 341 3429 luittiin
365 3389 429 3452 quo
452 3390 516 3432 non
540 3370 651 3432 modus
674 3370 758 3433 ullus
777 3378 826 3432 est
839 3371 1012 3446 adhibitus,
1034 3391 1098 3433 non
1114 3379 1181 3434 mos
1197 3369 1455 3450 consuetudoque
1471 3373 1572 3429 ser-³⁰

209 3455 385 3554 salmana
408 3483 503 3526 causa
526 3448 677 3527 defensa)
703 3465 759 3526 Vis
780 3464 836 3552 illa
849 3463 910 3526 luit
924 3471 972 3538 et,
994 3472 1030 3526 ut
1044 3483 1136 3548 saepe
1151 3464 1213 3528 iam
1229 3463 1310 3537 dixi,
1332 3461 1424 3525 ruina
1438 3479 1535 3565 quae·
1649 3443 1732 3555 (ΞΛ,
1755 3427 1784 3514 Ἰ

211 3552 282 3617 dam
311 3563 406 3638 atque
437 3563 609 3638 tempestas
637 3565 669 3620 et
695 3557 821 3640 quidvis
849 3558 1072 3641 potiusquam
1098 3558 1250 3621 iudicium
1271 3564 1326 3620 aut
1346 3554 1536 3634 disceptatio

209 3654 264 3710 aut
285 3650 438 3732 quaestio.
475 3651 568 3725 Quod
592 3652 619 3714 si
643 3653 714 3735 quis
743 3658 791 3713 est
820 3651 876 3736 qui
905 3651 985 3715 illud
1012 3651 1162 3715 iudicium
1191 3652 1290 3716 fuisse
1314 3649 1481 3712 arbitretur
1502 3655 1535 3709 et

209 3743 264 3826 qui
293 3743 343 3807 his
370 3743 465 3807 rebus
492 3745 636 3808 iudicatis
666 3745 812 3809 standum
841 3753 946 3829 putet,
978 3746 1005 3810 is
1035 3755 1139 3811 tamen
1167 3747 1248 3810 hanc
1270 3762 1396 3809 causam
1417 3742 1457 3805 ab
1478 3741 1533 3806 illa

275 4051 298 4100 6.
312 4051 339 4101 C.
350 4050 493 4101 Orciioium
504 4051 561 4100 ST:
582 4051 744 4103 coactitius
752 4055 786 4113 P;
807 4053 834 4105 C.
845 4054 988 4105 Orchinium
999 4055 1052 4105 su
1060 4053 1174 4108 ΑΗΘ.
1194 4054 1232 4106 Cl.
1245 4054 1269 4118 5.
1283 4053 1370 4105 tia·
1383 4053 1424 4119 ab]
1435 4069 1453 4106 a
1463 4056 1489 4106 S.
1502 4081 1529 4094 -

207 4124 231 4172 T.
243 4125 357 4191 residuis]
369 4125 510 4188 repetundis
521 4127 608 4175 ST.-
625 4141 675 4176 nnn
686 4141 734 4189 ouo
745 4128 782 4177 iili
793 4155 807 4166 -
815 4154 829 4165 -
837 4135 957 4191 putarent
973 4131 1073 4181 Nonius
1085 4129 1222 4182 Marcellus
1239 4143 1265 4193 p.
1280 4131 1320 4190 to,
1332 4130 1389 4189 ST,
1406 4143 1457 4180 nen
1467 4132 1533 4192 pueri

207 4197 243 4246 illi
267 4203 312 4248 aul
335 4201 445 4264 catapan
461 4215 511 4251 esse
527 4202 623 4263 Spilarn
640 4203 799 4254 arbitrantur
820 4204 863 4266 (al.
881 4205 1042 4268 arbitrentur)
1061 4205 1209 4256 Priscianus
1225 4205 1267 4254 vt.
1287 4204 1334 4268 ta,
1353 4204 1393 4256 9l.
1419 4233 1446 4243 -
1473 4207 1531 4274 quo]

207 4273 281 4337 pund]
299 4275 384 4325 PLO.
394 4303 421 4312 -
440 4277 464 4327 8.
477 4291 527 4328 csse
544 4289 597 4326 om.
612 4278 718 4328 Nonius.
731 4303 757 4314 -
772 4279 877 4344 Sanam]
889 4281 968 4330 adoni
984 4279 1063 4330 codd.
1076 4281 1160 4330 Nonii.
1171 4306 1198 4316 -
1216 4285 1292 4342 atque
1302 4293 1355 4332 om.
1368 4283 1396 4331 P.
1407 4305 1434 4318 -
1453 4281 1477 4331 9.
1491 4283 1530 4331 ob

206 4346 296 4395 iectum
312 4349 336 4397 S.
352 4375 381 4385 -
397 4355 521 4410 putarunt
537 4351 615 4400 codd.
629 4353 712 4401 Nonii.
725 4378 754 4387 -
775 4355 814 4404 to.
830 4355 911 4420 pesse]
926 4355 1024 4417 publice
1040 4356 1098 4416 ST·;
1114 4368 1186 4417 posse
1200 4355 1321 4418 popiaun
1335 4369 1359 4406 r.
1372 4357 1399 4406 F.
1414 4383 1441 4392 -
1456 4361 1532 4419 puta-
1562 4396 1564 4400 ,

205 4425 266 4470 runt
282 4421 340 4471 ST:
355 4429 509 4485 putauerunt
524 4425 667 4479 uasto.
689 4453 714 4463 -
735 4429 774 4478 li.
793 4429 928 4479 clumtibns
944 4431 977 4480 ll.
992 4457 1019 4464 -
1039 4429 1079 4480 tl.
1097 4431 1206 4492 prudens
1221 4427 1421 4485 P'STPMAP.
1435 4458 1463 4468 -
1481 4445 1532 4480 uon

205 4494 413 4559 audierasne.
432 4501 460 4548 T.
481 4523 508 4535 -
535 4501 575 4549 ts.
594 4501 676 4562 mque]
694 4515 725 4550 uc
741 4500 768 4556 P.
793 4529 820 4538 —
848 4507 887 4555 tT.
904 4505 1033 4567 placatum
1049 4506 1103 4556 ST.
1124 4533 1152 4543 -
1177 4507 1216 4557 ts.
1234 4505 1271 4556 iiii
1287 4506 1380 4556 iudices
1395 4519 1449 4557 om.
1469 4505 1529 4557 cod.

206 4571 232 4618 S.
251 4570 375 4633 Victoris,
403 4573 510 4625 Palatini
528 4589 588 4634 ses,
607 4577 742 4627 Franciani
760 4578 826 4638 duo,
851 4581 1018 4632 Dresdensis.
1038 4607 1065 4618 -
1086 4581 1128 4629 at.
1146 4584 1169 4629 et
1184 4581 1339 4631 amaenitate
1355 4593 1408 4631 om.
1427 4581 1480 4631 ST.
1502 4607 1528 4618 -

205 4645 369 4694 buccarum
384 4649 437 4699 ST.
453 4675 480 4685 —
499 4648 539 4699 il.
558 4651 656 4701 bucule
672 4653 787 4703 STl'h:
807 4655 887 4705 hercle
903 4654 1022 4710 uuio.
1036 4681 1063 4691 -
1082 4655 1123 4706 25.
1142 4657 1167 4706 Ρ.
1186 4669 1248 4706 cnm
1265 4654 1353 4719 Sylvio
1370 4657 1404 4706 O:
1422 4657 1450 4706 l..
1470 4657 1528 4714 ST;

206 4719 232 4769 C.
251 4719 365 4774 liabi-
380 4748 407 4758 -
426 4725 467 4773 26.
485 4723 671 4786 Popiliusilb:
689 4727 806 4789 Popillius
823 4729 935 4783 abac.
949 4755 976 4764 —-
995 4741 1074 4791 neque
1090 4730 1150 4780 ST:
1169 4730 1367 4785 musaeo,
1382 4757 1408 4767 -
1427 4731 1477 4780 oiri
1493 4737 1531 4780 at·

206 4807 253 4856 quc
264 4796 409 4858 unplannti
420 4800 437 4846 S
447 4799 479 4848 T:
497 4805 573 4860 atque
584 4801 660 4862 ampl.
672 4803 722 4850 uiri
733 4802 875 4858 RALSO.
888 4831 915 4840 -
932 4805 972 4855 28.
985 4819 1016 4854 ac
1027 4805 1177 4856 iudanam
1189 4807 1249 4867 tom.
1262 4807 1321 4870 uno)
1334 4805 1361 4860 a.
1376 4833 1403 4843 -
1421 4807 1461 4857 29.
1474 4808 1531 4858 Non

205 4869 284 4919 solum
299 4871 378 4933 ipitur
394 4873 456 4922 iilud
466 4899 503 4910 --
514 4887 564 4922 non
579 4875 629 4937 suit
646 4875 819 4934 Quintilianus
835 4881 901 4930 Vlll.
914 4879 942 4938 3,
955 4881 996 4930 at.
1015 4879 1115 4931 anecd.
1128 4882 1209 4932 Paris.
1226 4881 1326 4932 rhetor.
1339 4895 1366 4946 p.
1380 4884 1419 4932 tl.
1432 4896 1457 4932 v.
1471 4883 1528 4941 ⁴23

204 4958 254 4994 non
277 4945 326 5008 sitit
349 4947 416 4996 istud
438 4949 558 4999 iudiciuin
575 4951 661 5000 iudicii
679 4951 757 5001 simile
775 4953 868 5003 iudices
888 4955 1029 5004 Martianus
1055 4953 1160 5020 Capella
1180 4957 1218 5020 (V.
1238 4957 1261 5020 5.
1280 4959 1347 5020 548.)
1364 4971 1390 5022 p.
1408 4958 1465 5009 tto.
1484 4960 1528 5011 ed.

205 5022 287 5085 Capp.
309 5049 336 5058 -
355 5023 417 5072 illud
433 5025 511 5086 ipitar
527 5026 585 5075 ST:
604 5027 683 5089 ipitur
698 5027 760 5076 illuri
775 5027 919 5082 annio.
935 5055 962 5066 -
979 5045 1030 5080 non
1044 5031 1106 5094 suit,
1124 5032 1216 5082 iudices
1232 5033 1331 5084 luced.
1344 5033 1423 5084 Paris.
1437 5033 1454 5084 l.
1466 5033 1483 5084 l.
1499 5063 1527 5073 -

204 5095 244 5146 30.
262 5097 328 5147 uitus
344 5099 404 5148 ST:
429 5112 483 5149 om.
501 5100 642 5155 sahso.
663 5128 691 5136 -
709 5102 832 5152 adbibitus
848 5102 962 5158 STLP:
980 5105 1078 5154 babitu
1093 5107 1213 5159 l'hlAO.
1231 5135 1259 5145 -
1278 5109 1318 5158 32.
1337 5109 1390 5170 aut]
1407 5114 1482 5172 etque
1497 5113 1526 5163 T.

204 5196 231 5207 -
251 5171 291 5224 33.
311 5172 480 5226 arbitraretur
496 5175 611 5230 STSll.
631 5177 669 5228 Ci.
689 5176 712 5244 ἓ.
730 5179 771 5228 aa.
792 5205 819 5215 -
838 5183 861 5228 ct
877 5179 925 5230 iltis
940 5179 1013 5234 mbae
1028 5179 1154 5236 Halmius.
1176 5209 1203 5222 ··
1222 5179 1263 5232 Sl.
1281 5182 1310 5250 is]
1328 5183 1365 5234 bis
1381 5183 1407 5232 S.
