3684 5862
291 448 314 496 X

289 605 416 691 primae
444 623 561 671 manus
590 605 625 672 et
651 605 820 674 secundae
848 608 1013 675 tertiaeve
1034 609 1192 676 accurate
1214 606 1516 698 distinguerentur,
1546 629 1611 696 qua

290 745 327 792 re
360 727 461 812 plana
491 731 670 815 perspecta
699 729 850 815 quantia
880 728 1085 812 difficillima,
1118 729 1160 798 da
1189 749 1255 817 qua
1282 730 1434 798 llalmius
1460 733 1495 796 in
1522 730 1612 798 Novi

290 848 392 914 musei
413 847 569 915 ltlaenani
591 850 668 917 Vol.
684 849 806 936 Vllll,
828 871 859 937 p.
877 847 956 917 321
981 871 1053 940 sqq.
1073 850 1392 940 (larterpolottoaea
1412 858 1450 920 ta
1468 847 1611 920 &cero-

289 970 433 1038 atrcban
448 969 571 1038 ltedmt
587 991 653 1039 arar
668 972 747 1038 dem
761 973 873 1040 codex
886 970 1074 1040 Parisinus
1095 992 1189 1040 riam.
1207 969 1316 1041 7794
1335 972 1612 1062 rooobpeaoterea)

290 1093 379 1180 egit,
401 1093 541 1160 suborta
561 1097 633 1181 est,
654 1093 732 1180 qaid
754 1094 966 1162 statuendum
989 1099 1081 1162 osset
1103 1093 1145 1162 de
1166 1095 1294 1183 aliquoi
1314 1096 1443 1163 lacunis
1465 1097 1498 1162 in
1513 1095 1613 1163 Pari-

289 1214 375 1295 sino,
397 1233 483 1301 quae
504 1234 526 1282 a
546 1216 690 1282 librariis
712 1217 956 1301 posterioribus
976 1219 1010 1284 in
1032 1217 1149 1286 codice
1163 1219 1320 1304 expletae
1340 1222 1517 1306 apparent.
1548 1216 1612 1302 Qui

290 1339 375 1405 enim
398 1339 619 1427 intellexerit,
642 1341 797 1425 quotiens
818 1342 852 1406 in
874 1339 939 1408 hoc
959 1339 1077 1408 codice
1097 1341 1188 1407 levia
1208 1341 1292 1406 viiia
1312 1341 1348 1406 in
1368 1339 1511 1426 singuiis
1531 1359 1614 1406 vcr-

292 1460 343 1525 bis
364 1461 537 1528 commissa
560 1479 665 1547 pravo
687 1481 707 1527 a
729 1463 874 1530 librariis
904 1464 1145 1548 posterioribus
1164 1466 1320 1530 correcta
1339 1465 1421 1548 sint,
1450 1462 1504 1548 qui
1533 1461 1614 1528 iilud

289 1585 515 1668 reputaverit,
537 1601 580 1651 ex
602 1585 753 1651 omnibus
767 1585 906 1671 reliquis
926 1586 1037 1671 libris,
1059 1585 1179 1673 quibus
1193 1583 1329 1651 eaedem
1345 1585 1514 1652 orationes
1528 1603 1614 1652 coa-

289 1705 454 1790 iinentnr,
481 1704 560 1772 nibil
589 1705 660 1771 isra
687 1705 826 1773 subsidii
853 1706 897 1774 ad
925 1709 1124 1795 scripturam
1152 1706 1389 1774 emendandam
1412 1709 1480 1793 peti
1503 1727 1613 1793 possa,

290 1829 319 1892 is
341 1827 405 1896 hoc
426 1830 543 1895 saltem
566 1828 731 1896 concedet
753 1828 794 1896 dc
818 1830 883 1895 illis
903 1830 988 1898 locis
1009 1830 1195 1918 lacunosis,
1217 1831 1271 1916 qui
1293 1831 1328 1896 in
1348 1831 1442 1897 libris
1461 1830 1614 1895 Parisino

290 1952 393 2040 longe
416 1948 637 2017 deterioribus
659 1952 786 2037 exploti
808 1954 897 2038 sunt,
919 1950 1092 2017 admodum
1114 1955 1213 2018 cante
1234 1951 1443 2019 iudicandam
1461 1971 1549 2034 esse,
1571 1973 1614 2020 ne

292 2062 398 2129 medio
422 2063 510 2147 quod
526 2070 651 2131 vocani
674 2083 760 2132 aevo
783 2064 941 2132 confecia
963 2083 1024 2148 pro
1046 2063 1209 2131 Tullianis
1229 2065 1454 2132 venditentur.
1485 2066 1526 2132 ln
1549 2085 1616 2133 una

290 2191 400 2254 tamen
423 2189 594 2271 oratione,
615 2206 711 2275 quam
733 2183 853 2255 Cicero
876 2187 990 2254 habuit
1012 2205 1086 2254 cum
1108 2192 1187 2272 post
1208 2187 1349 2255 reditum
1372 2205 1416 2255 ax
1435 2190 1534 2256 exilio
1556 2209 1615 2256 se-

290 2293 385 2378 natui
406 2311 537 2400 gratias
559 2313 647 2400 agit,
669 2309 735 2377 dno
757 2309 892 2378 codices
909 2327 930 2374 a
946 2310 1042 2376 nobis
1063 2310 1231 2396 usurpati,
1252 2310 1355 2392 alter,
1377 2329 1442 2396 quo
1457 2311 1520 2377 iam
1535 2331 1616 2378 usus

292 2435 345 2500 est
365 2432 546 2518 Pithoeus,
568 2450 610 2499 ex
634 2432 836 2500 bibliotheca
860 2431 1031 2515 Palatina,
1051 2436 1090 2498 ut
1104 2430 1247 2517 videtur,
1270 2433 1409 2517 petitus,
1431 2434 1519 2500 alter
1539 2433 1616 2500 ilr-

287 2558 519 2646 langensis
545 2573 567 2620 a
598 2557 694 2622 nobis
717 2556 852 2639 primam
874 2553 1060 2638 adhibitus,
1087 2555 1214 2641 aliquot
1238 2555 1343 2622 bonas
1363 2555 1526 2622 lectiones
1550 2555 1615 2622 im-

287 2681 387 2761 bent,
417 2694 502 2763 quae
530 2679 783 2745 manaverintne
810 2696 853 2744 ex
880 2678 977 2744 fonte
1004 2679 1102 2742 etiam
1125 2677 1279 2764 puriora,
1301 2696 1345 2743 an
1366 2678 1433 2745 sint
1455 2677 1615 2746 emcnda-

288 2803 399 2866 tiones
427 2801 533 2868 critici
563 2801 782 2892 intelligentis
810 2799 964 2867 dubitare
994 2801 1114 2886 possis.
1163 2798 1236 2865 Nos
1263 2799 1393 2887 quidem
1421 2819 1510 2868 nunc
1531 2801 1615 2866 satis

288 2921 448 2990 babemus
479 2942 546 2990 rem
582 2924 754 3014 tetigisse,
786 2921 848 2988 sed
877 2920 980 3012 digna
1008 2920 1142 2987 videtur
1170 2920 1211 2987 dc
1240 2941 1306 3008 qua
1333 2923 1389 2988 alii
1422 2921 1615 3012 diligentius

290 3050 462 3132 quaerant.
505 3047 646 3114 Praetor
674 3045 862 3113 Parisinum
890 3046 923 3110 in
950 3043 1074 3111 eisdem
1097 3045 1304 3111 orationibus
1325 3044 1497 3112 habuimus
1518 3043 1615 3112 codi-

289 3189 359 3239 cem
375 3169 540 3255 quondam
555 3168 899 3239 Gemblacensem
908 3217 919 3259 7
941 3184 1030 3233 nunc
1048 3166 1302 3234 Bruxellensem
1319 3186 1404 3233 num.
1419 3165 1538 3253 buco,
1560 3167 1615 3252 qui

290 3296 326 3358 ut
348 3294 450 3384 longe
473 3297 525 3360 est
547 3293 685 3358 interior
706 3289 880 3374 Parisino,
902 3290 1094 3354 lineatoris
1115 3292 1226 3355 tamen
1246 3289 1437 3378 codicibus,
1459 3294 1513 3374 qui
1536 3309 1614 3357 ιιι-

289 3415 362 3484 dem
393 3417 564 3483 orationes
590 3414 735 3502 habent,
764 3412 863 3478 facile
894 3415 1055 3495 praestat·
1099 3408 1162 3493 Qui
1191 3416 1300 3476 aulem
1329 3411 1454 3478 iactum
1477 3415 1547 3499 sit,
1578 3417 1615 3478 ut

293 3540 435 3606 nobilem
459 3540 548 3605 illum
569 3539 835 3605 Bernensem
857 3554 942 3600 num.
968 3529 1060 3618 104,
1084 3552 1196 3619 quem,
1218 3537 1407 3620 priusquam
1429 3534 1614 3601 Parisinum

290 3662 353 3746 ipsi
377 3661 631 3743 tractassemus,
667 3655 815 3723 codicem
838 3657 962 3733 primae
984 3659 1085 3722 notae
1107 3655 1292 3723 habendum
1315 3677 1390 3724 csse
1413 3660 1615 3744 putaremus,

293 3802 433 3868 prorsus
455 3783 689 3865 abiiceramus,
710 3781 773 3846 iam
795 3796 899 3864 supra
919 3798 953 3864 p·
974 3780 992 3846 l
1013 3777 1192 3846 indicatum
1213 3787 1276 3846 cst

376 4007 632 4095 Orationem
660 4025 937 4092 Pisonianam
968 4023 1102 4091 saeculo
1124 4020 1191 4090 XV
1219 4042 1241 4089 a
1269 4023 1400 4116 Poggio
1430 4028 1464 4092 ln
1485 4027 1616 4093 ltaliam

293 4155 497 4236 reportatam
520 4166 596 4216 csse
619 4148 681 4214 iam
703 4146 854 4213 diximus.
881 4145 1007 4212 Postea
1028 4149 1139 4212 tamen
1160 4165 1282 4237 magna
1302 4151 1374 4214 cius
1394 4165 1472 4232 pars
1486 4142 1547 4227 (55
1563 4145 1617 4214 32

292 4269 410 4345 44)
428 4274 567 4339 inventa
587 4274 640 4336 ast
661 4271 696 4334 in
711 4268 827 4336 codice
844 4269 901 4334 illo
917 4269 1043 4356 inclyto
1058 4269 1243 4336 tabulariae
1259 4271 1416 4337 basilicae
1430 4271 1617 4338 Vaticanus

293 4400 327 4463 at
350 4398 466 4462 nostra
488 4397 601 4488 aetate
621 4394 748 4478 aliquot
762 4391 953 4480 fragmenta
972 4393 1005 4456 ln
1025 4391 1241 4476 palimpsesto
1257 4390 1466 4460 Paurinensi·
1491 4391 1618 4476 Quibus

293 4520 446 4606 partibus
468 4514 612 4584 demotis
632 4518 669 4580 ut
693 4514 856 4599 permulta
879 4513 1039 4578 orationis
1060 4511 1178 4578 menda
1194 4516 1347 4580 correcta
1367 4515 1462 4598 sunt,
1484 4514 1532 4579 iia
1552 4512 1618 4580 boc

294 4641 504 4708 manifestum
535 4641 658 4707 iactum
685 4635 804 4704 estad
826 4635 970 4720 reliqna·
993 4635 1154 4701 orationis
1176 4637 1292 4718 partas
1311 4633 1535 4701 emendandas
1555 4654 1617 4701 co-

292 4763 384 4831 dices
414 4764 576 4848 vulgares
606 4779 674 4828 non
703 4758 875 4842 suiiicere,
902 4755 963 4823 sed
992 4757 1056 4822 arti
1086 4757 1224 4824 criticae
1249 4758 1405 4824 maiorem
1431 4758 1465 4824 in
1487 4756 1617 4823 modum

293 4889 400 4954 locum
431 4884 573 4951 dandum
605 4901 692 4950 osse.
735 4881 819 4948 Nam
846 4877 981 4946 codices
1003 4877 1220 4948 Germanicos
1247 4897 1393 4965 quoquo,
1423 4895 1617 4966 quamquam

292 5009 462 5100 aliquanto
492 5007 647 5074 meliores
674 5007 772 5090 sunt,
803 5021 845 5069 ex
878 4999 992 5068 eodem
1022 5001 1118 5066 ionic
1139 5017 1292 5069 manasse
1315 5022 1358 5070 ax
1379 5023 1445 5091 quo
1466 5019 1617 5090 apogra-
