3642 5868
506 445 575 512 sn.
596 445 652 512 ur.
682 444 757 512 sss.
779 445 985 512 xu-xru.
1014 444 1071 530 34.
1093 443 1246 512 es-aa.
1483 441 1546 510 ass

215 619 285 684 llna
305 617 377 693 illa,
405 615 544 694 iudices,
572 637 668 702 quam
689 617 824 694 videtis,
853 617 940 702 quod
969 617 1054 680 ultro
1078 619 1171 682 etiam
1193 616 1305 682 illusos
1327 637 1362 682 se
1384 623 1416 682 et
1436 617 1545 682 irrisos

214 715 255 778 ab
275 712 395 778 iudicio
418 711 616 776 discessuros
635 711 797 776 videbant.
811 707 960 789 (Etenim
988 711 1075 802 quod
1104 719 1188 778 esset
1211 712 1380 788 iudicium,
1410 733 1482 776 cum
1505 731 1547 776 ex

213 808 321 872 Verris
344 805 528 890 turpissimo
551 805 864 890 flagitiosissimoque
879 807 1030 870 comitatu
1052 813 1116 869 tres
1138 812 1397 888 recuperatorum
1415 808 1546 870 nomine

213 901 422 974 assedissent,
450 900 591 964 asseclae
620 899 715 964 istius
743 919 808 962 nou
838 918 858 962 a
885 907 975 981 patre
1003 898 1032 961 ei
1061 899 1184 974 traditi,
1221 898 1276 964 sed
1305 900 1547 964 smeretrioule

213 995 449 1058 commendati?
492 987 544 1056 31.
566 994 683 1076 Ageret
703 992 854 1056 videlicet
875 1012 1003 1056 causam
1024 999 1151 1056 aratore
1174 993 1254 1057 nibil
1268 993 1328 1058 sihi
1341 993 1491 1058 frumenti
1506 994 1568 1058 abe

212 1087 355 1171 Apronio
377 1087 541 1161 relictum,
570 1087 655 1150 bona
677 1106 734 1150 sua
756 1086 853 1150 etiam
875 1086 1019 1169 direpta,
1041 1107 1075 1150 se
1098 1088 1261 1169 pulsatum
1282 1087 1547 1170 verberatumque

214 1183 350 1246 diceret:
379 1182 561 1247 conterrent
585 1180 645 1244 riri
674 1180 751 1244 boni
774 1181 893 1262 capita,
923 1179 964 1242 de
986 1181 1210 1244 comissatione
1234 1180 1442 1266 loquerentur
1464 1180 1548 1243 iuter

214 1297 249 1342 se
269 1296 306 1341 ac
329 1276 369 1342 de
390 1274 604 1349 mulierculis,
627 1273 654 1338 si
677 1293 757 1357 quas
779 1293 800 1336 a
814 1281 960 1356 praetore
976 1275 1129 1338 abeuntes
1144 1284 1276 1356 possent
1291 1274 1546 1358 deprehendere:

214 1389 264 1434 res
286 1371 337 1452 agi
358 1369 531 1433 videretur.
576 1369 773 1432 Surrexisset
793 1368 971 1450 Apronius,
999 1388 1083 1434 nova
1115 1368 1254 1451 dignitas
1276 1369 1452 1452 publicani,
1481 1387 1547 1431 non

213 1470 250 1528 ut
271 1463 467 1528 decumanus
491 1463 649 1546 squaloris
671 1462 786 1544 plenus
808 1481 845 1524 ac
867 1460 1026 1544 pulveris,
1050 1463 1105 1526 sed
1128 1463 1299 1544 unguentis
1314 1463 1449 1536 oblitus,
1471 1463 1583 1528 vinoso

213 1558 395 1640 vigiliisque
417 1555 598 1638 languidus.
628 1547 744 1619 Omnia
765 1557 867 1638 primo
890 1563 978 1642 motu
999 1575 1037 1618 ao
1052 1556 1167 1638 spiritu
1183 1576 1258 1630 suo,
1280 1558 1360 1632 viui,
1383 1557 1547 1640 unguenti,

214 1649 357 1736 corporis
380 1650 480 1714 odore
502 1650 701 1732 complesset.
724 1650 864 1712 Dixisset
878 1648 968 1723 baec,
991 1669 1073 1733 quae
1089 1650 1184 1732 vulgo
1200 1651 1306 1714 dicere
1321 1651 1458 1725 solebat,
1481 1669 1548 1713 non

213 1765 249 1810 se
271 1745 424 1808 decumas
445 1743 578 1816 emisse,
600 1743 656 1806 sed
678 1744 763 1807 bona
782 1742 992 1825 fortunasque
1006 1749 1183 1817 aratorum,
1206 1763 1272 1806 non
1287 1764 1321 1808 se
1336 1745 1547 1810 decumanum

214 1860 285 1904 esse
318 1837 514 1920 Apronium,
547 1836 603 1900 sed
632 1838 762 1900 Verrem
788 1838 922 1899 alterum
951 1835 1116 1916 dominum
1145 1836 1274 1900 illorum
1303 1858 1340 1902 ac
1368 1846 1547 1923 tyranuum.

215 1933 307 2010 Quae
329 1951 401 1996 cum
424 1931 574 2006 dixisset,
597 1931 644 1994 illi
665 1931 724 1994 viri
748 1929 860 2013 optimi
883 1929 923 1994 de
945 1930 1075 1994 cohorte
1097 1930 1190 1994 istius
1204 1941 1460 2014 recuperatores,
1482 1951 1586 2000 44444

215 2027 256 2090 de
278 2024 473 2088 absolvendo
495 2025 637 2108 Apronio
660 2023 888 2098 deliberarent,
911 2024 968 2087 sed
991 2032 1184 2108 quaererent
1198 2045 1301 2109 eoquo
1317 2025 1412 2088 modo
1433 2027 1550 2109 petito-

215 2139 282 2186 rem
311 2119 417 2202 ipsum
447 2119 589 2201 Apronio
619 2118 832 2182 condemnem
853 2125 995 2200 possent
1039 2118 1124 2180 Xlll.
1146 2115 1198 2182 32.
1220 2119 1311 2182 blane
1331 2126 1367 2183 tu
1389 2120 1548 2184 licentiam

216 2213 467 2297 diripiendorum
489 2219 649 2276 aratorum
672 2232 745 2274 oum
767 2211 970 2284 decumanis,
1002 2211 1063 2276 hoc
1086 2219 1150 2287 est,
1173 2231 1246 2275 cum
1266 2215 1410 2295 Apronio
1432 2213 1551 2297 permi-

214 2309 329 2382 sisses,
356 2315 392 2370 ut
412 2314 566 2391 quantum
588 2305 684 2370 uellet
711 2312 874 2388 posceret,
905 2313 1059 2389 quantum
1081 2306 1282 2390 poposcisset
1302 2305 1458 2383 auferret,
1486 2309 1549 2372 boc

215 2403 273 2468 tibi
295 2401 488 2464 defensionis
510 2399 550 2462 ad
572 2398 726 2464 indicium
750 2407 840 2464 tuum
862 2400 1085 2482 comparabas,
1113 2400 1264 2464 babuisse
1286 2409 1318 2464 te
1340 2401 1479 2466 edictum
1499 2421 1587 2470 re-ao

215 2502 419 2579 superatores
448 2495 482 2558 in
512 2493 676 2576 octuplum
699 2494 870 2557 daturum?
907 2495 941 2556 Si
970 2493 1151 2558 mehercule
1180 2514 1221 2557 ex
1250 2496 1337 2558 omni
1359 2497 1453 2578 copia
1474 2505 1550 2560 oon-

214 2599 329 2654 ventus
344 2589 552 2672 Syracusani,
574 2587 907 2678 splendidissimorum
921 2588 1286 2673 honestissimorumque
1300 2589 1482 2666 hominum,
1504 2589 1551 2654 ia·

216 2703 304 2749 ceres
325 2687 514 2768 potestatem
537 2681 655 2744 aratori
678 2700 743 2744 non
765 2681 862 2744 modo
885 2681 1065 2758 reiioiendi,
1093 2681 1149 2746 sed
1172 2684 1268 2746 etiam
1290 2684 1437 2748 sumendi
1459 2703 1551 2748 recu-

214 2786 394 2864 peratores,
417 2783 524 2840 tameu
545 2775 608 2839 hoc
629 2795 748 2840 novum
770 2796 871 2859 genus
893 2776 1030 2840 iniuriae
1051 2777 1134 2840 terre
1150 2797 1245 2842 nemo
1261 2785 1384 2859 posset,
1406 2785 1455 2854 te,
1478 2800 1551 2843 cum

214 2881 287 2936 tuos
316 2890 426 2934 omnes
459 2869 581 2933 fructus
604 2867 776 2953 publicano
799 2869 983 2934 tradidisses
1005 2879 1038 2934 et
1058 2890 1126 2934 rem
1147 2872 1188 2936 de
1210 2871 1357 2936 manibus
1379 2873 1589 2950 amisisses,rs

214 2975 281 3032 tum
311 2966 396 3030 bona
424 2973 480 3028 tna
508 2972 653 3047 repetere
682 2985 719 3028 ac
747 2965 898 3047 persequi
928 2965 983 3028 lite
1006 2971 1102 3050 atque
1123 2965 1254 3030 iudicio.
1298 2961 1350 3028 33.
1374 2966 1453 3030 Cum
1474 2988 1550 3032 vero

214 3061 314 3125 verbo
342 3059 496 3124 iudicium
524 3058 565 3121 sit
593 3059 627 3120 in
649 3059 772 3134 edicto,
798 3077 833 3120 re
856 3058 986 3141 quidem
1010 3078 1086 3123 vera
1107 3065 1236 3124 tuomum
1257 3061 1425 3135 comitum,
1447 3061 1552 3127 homi·
1599 3111 1602 3118 .

215 3176 292 3220 num
322 3152 610 3238 nequissimorum,
640 3151 777 3216 collusio
805 3171 876 3213 cum
907 3153 1108 3228 decumanis,
1141 3155 1237 3216 sociis
1266 3155 1330 3218 tuis
1352 3160 1448 3238 atque
1471 3147 1551 3220 adeo

217 3247 494 3333 procuratoribus,
516 3254 623 3310 tamen
644 3245 749 3326 audes,
767 3245 864 3309 ullius
887 3246 996 3309 iudicii
1012 3249 1206 3310 mentionem
1222 3247 1343 3322 iacere,
1364 3252 1552 3331 praesertim

217 3363 289 3406 oum
311 3344 345 3408 id
366 3361 432 3406 non
454 3341 550 3405 modo
574 3341 719 3404 oratione
741 3359 828 3415 mea,
858 3338 914 3402 sed
936 3339 1031 3402 etiam
1051 3360 1087 3402 re
1108 3342 1179 3422 ipsa
1199 3339 1379 3416 refellatur,
1408 3344 1496 3425 quod
1518 3346 1589 3418 ineo

214 3436 312 3501 tantis
342 3433 552 3498 incommodis
586 3441 745 3497 aratorum
774 3433 965 3517 iniuriisque
994 3433 1411 3521 decumanorum(nullum)
1428 3455 1469 3500 ex
1490 3437 1552 3502 isto

214 3529 379 3613 praeclaro
402 3527 594 3638 edictopnon
617 3529 711 3592 modo
733 3527 869 3602 iactum,
891 3527 948 3591 sed
971 3547 1012 3592 ne
1034 3528 1232 3628 postulatum
1246 3526 1375 3612 quidem
1397 3528 1553 3594 iudicium

281 3743 306 3794 4.
324 3739 647 3805 44444434441114444
666 3739 739 3792 tritor
754 3741 839 3806 43494
866 3741 954 3792 4444444
969 3738 1026 3792 4411.
1048 3767 1075 3778 -
1094 3741 1119 3792 4.
1138 3753 1172 3790 ror
1188 3739 1220 3790 i:
1241 3751 1255 3790 4
1271 3737 1319 3792 dtt.
1338 3741 1367 3792 0.
1389 3769 1416 3780 -
1435 3742 1460 3793 4.
1479 3743 1553 3794 44444-

215 3818 288 3870 44444
307 3817 424 3883 434411;
452 3817 579 3867 mestos
599 3817 677 3880 4349.
698 3844 725 3854 -
748 3831 767 3868 α
785 3817 869 3882 patre]
891 3832 909 3868 4
928 3831 988 3881 pop.
1007 3818 1077 3868 14444.
1108 3817 1221 3867 sirano.
1240 3815 1319 3881 prob.
1337 3818 1433 3868 Graev.
1451 3818 1554 3883 recepit

216 3893 321 3944 Sohiiiz.
344 3905 494 3958 provocans
513 3891 548 3942 ad
570 3892 619 3957 Ep.
637 3891 672 3942 ad
690 3891 721 3953 Q.
739 3893 780 3943 Fr.
800 3895 820 3945 l.
839 3895 863 3955 4,
882 3893 917 3952 3.,
946 3892 993 3943 ubi
1010 3895 1101 3943 temen
1117 3905 1167 3956 per
1183 3893 1295 3943 comites
1313 3893 1340 3943 et
1356 3889 1492 3942 adiutores
1507 3907 1553 3944 oe·

215 3969 341 4034 pellem
354 3967 512 4032 publicem
525 3969 641 4031 praetori
657 3968 729 4018 dator
739 3967 771 4018 ab
787 3969 844 4033 ipro
860 3983 889 4021 rs
896 3968 999 4032 publice
1015 3965 1194 4031 intelliguntur
1204 3967 1280 4033 iapott
1291 3973 1316 4020 et
1327 3974 1477 4030 quaestores.
1497 3969 1553 4021 lloc

216 4057 281 4095 vero
296 4041 356 4094 loco
372 4055 462 4096 sermo
480 4046 522 4096 est
538 4043 572 4094 de
590 4041 647 4096 sola
664 4043 773 4095 cohorte
790 4046 939 4109 praetoria,
961 4056 1031 4108 qnos
1047 4057 1081 4094 ec
1096 4043 1234 4094 (4444444444
1250 4044 1443 4096 comedentem
1459 4050 1506 4096 444
1521 4060 1555 4097 em

215 4119 362 4170 excurrite
381 4118 582 4182 apparitionibus
604 4131 697 4170 secum
721 4131 782 4172 asse
799 4119 855 4172 vult
871 4124 992 4186 praetor3
1017 4117 1137 4183 talesque
1158 4121 1234 4172 recte
1250 4119 1304 4171 dlct
1320 4121 1434 4186 possunt
1449 4125 1555 4183 epatre

215 4193 329 4246 traditi·
341 4193 386 4244 04.
398 4220 426 4232 -
445 4195 469 4245 4.
488 4194 674 4245 commirotioos
691 4193 766 4258 4349.
779 4220 806 4232 ·-
826 4195 850 4248 8.
869 4195 981 4246 44444444
997 4194 1107 4260 4344-
1126 4195 1151 4246 9.
1163 4195 1395 4260 4444444444344.
1415 4193 1477 4259 [non
1488 4196 1555 4246 oide-

214 4270 290 4336 rsnt.]
301 4297 329 4308 -
341 4271 454 4322 44444444
464 4269 547 4334 43494
560 4270 700 4320 mamaea
710 4269 821 4333 4344-
834 4285 927 4321 novum
936 4283 1014 4335 petor
1022 4271 1151 4334 publicani
1161 4283 1235 4337 susp.
1249 4272 1396 4323 Schtltzius.
1412 4273 1460 4322 «At
1471 4270 1553 4332 idem,

215 4345 265 4400 sed
280 4345 357 4411 14434
379 4343 474 4398 melius
492 4345 555 4395 dicit
572 4344 599 4396 b.
617 4343 635 4395 1.
653 4343 751 4396 Tullius
769 4357 831 4398 curn
850 4343 919 4396 salsa
937 4347 1092 4418 eipovslq.»
1110 4348 1155 4397 04.
1169 4375 1196 4384 -
1216 4349 1257 4398 44.
1274 4347 1409 4412 4443444444
1425 4344 1504 4409 4344.
1524 4371 1552 4382 -

185 4421 188 4427 ’
217 4423 257 4474 44.
269 4422 344 4488 colpe
355 4420 465 4484 43444·-
484 4422 525 4472 te.
543 4421 580 4470 itii
591 4420 680 4483 opidis
689 4419 769 4484 4344.
788 4420 887 4485 lberto,
900 4423 930 4471 ut
940 4421 1055 4482 videtur,
1070 4434 1124 4472 om.
1138 4421 1198 4472 cod.
1210 4422 1281 4484 oiri]
1295 4445 1322 4458 -
1342 4422 1383 4471 46.
1396 4433 1472 4483 scqrso
1485 4419 1554 4484 4344

216 4511 249 4558 qr:
268 4511 316 4560 quo
327 4497 391 4559 1144)
404 4497 426 4547 N
437 4493 494 4546 rell.
507 4496 569 4546 0.—
588 4496 629 4545 47.
647 4497 813 4546 condeosoors
826 4502 926 4559 possent
938 4495 1006 4560 4344
1019 4511 1042 4558 φ
1061 4496 1135 4561 [item
1151 4497 1235 4560 4349;
1255 4509 1288 4547 ex
1304 4509 1357 4560 quo
1374 4493 1451 4546 Nieb.
1464 4493 1555 4546 lectio·

216 4584 281 4623 nam
290 4570 487 4636 discrepantem
500 4569 597 4620 nullam
608 4571 773 4636 descripsitJ:
792 4573 985 4622 condsrsnorent
995 4571 1081 4622 ABNO
1093 4574 1121 4622 et
1132 4573 1200 4623 teste
1214 4573 1326 4622 Grutero
1338 4571 1376 4628 Mi
1389 4570 1555 4620 condemnare

215 4673 253 4686 --
264 4645 442 4708 eumAprouio
454 4659 507 4696 om.
527 4645 575 4697 dtt.
588 4673 615 4682 -
636 4647 675 4697 48.
694 4660 752 4696 com
767 4647 829 4708 Apr.
847 4647 917 4710 4349
928 4646 960 4698 44
972 4648 1005 4697 B:
1024 4646 1134 4709 Apronio
1151 4643 1207 4696 rell.
1226 4645 1289 4696 0.-
1304 4645 1458 4708 pensiore
1473 4643 1498 4706 4,
1517 4646 1552 4696 ll:

215 4720 382 4785 4444444444
392 4719 440 4770 dtt.
451 4747 479 4759 -
497 4721 539 4772 40.
552 4721 711 4784 comparabis
722 4721 800 4786 4349.
809 4747 837 4759 -
857 4723 898 4772 44.
911 4723 939 4772 44
955 4726 1002 4772 oct.
1015 4722 1069 4772 dat.
1081 4721 1151 4784 4344
1163 4735 1169 4772 :
1188 4722 1241 4772 dot.
1253 4721 1281 4770 14
1291 4725 1339 4771 oct.
1353 4719 1410 4771 rell.
1423 4720 1484 4771 0.-
1503 4731 1554 4770 444-

216 4795 327 4847 4444144
342 4794 420 4858 4344.
441 4821 469 4832 -
491 4797 532 4847 44.
556 4797 830 4860 mnotbstmorumqas
853 4798 981 4847 homimem
996 4796 1065 4861 4344
1076 4811 1113 4858 φτ
1136 4797 1311 4858 4444444444
1327 4796 1554 4847 mortesmortes

216 4870 275 4924 rell.
293 4871 322 4922 0.
342 4870 428 4933 [deest
444 4874 512 4922 teste
529 4873 605 4926 Nieb.
623 4874 897 4936 mmcosmommqus
914 4873 940 4924 in
958 4873 1027 4936 4349
1035 4875 1067 4923 et
1082 4874 1098 4924 o
1116 4871 1185 4934 eliis,
1203 4874 1268 4924 44444
1284 4872 1455 4922 4444444414
1472 4871 1551 4934 4433.

217 4946 278 5012 (144.]
293 4969 320 4982 -
333 4947 376 4998 49.
388 4948 505 4998 reiciendi
516 4948 564 5011 434
580 4948 626 5008 44;
639 4948 771 4998 reiiciundi
781 4947 838 5000 rell.
852 4950 914 5000 0.-
927 4947 968 5000 44.
982 4947 1261 5013 444444144444344.-
1274 4947 1316 4998 aa.
1331 4945 1461 5010 publicani
1471 4943 1550 5008 4344.

219 5049 248 5060 -
258 5022 300 5072 47.
317 5034 347 5072 re
361 5035 424 5072 uero
441 5023 538 5084 quidem
548 5023 627 5087 4344.
645 5025 679 5073 At
695 5023 728 5074 ci.
742 5022 765 5088 5.
780 5024 821 5074 64,
839 5036 866 5088 p.
879 5025 947 5074 sest.
961 5021 986 5087 5.
999 5025 1040 5074 tt.
1053 5037 1080 5087 p.
1094 5021 1196 5074 cluent.
1215 5022 1240 5086 5.
1252 5021 1293 5073 ot.
1307 5035 1333 5086 p.
1349 5021 1451 5082 Quinci.
1471 5019 1496 5084 5.
1509 5020 1551 5070 eo.

220 5124 249 5134 -
267 5096 309 5148 48.
327 5095 448 5148 missio
464 5097 549 5160 bgii;
573 5099 654 5149 44444444
677 5098 756 5163 4344.
784 5127 811 5136 -
838 5099 879 5150 49.
898 5098 973 5150 ullius
990 5097 1059 5162 4349
1070 5099 1200 5150 ABMN:
1224 5098 1292 5148 4444444
1316 5095 1373 5148 rell.
1391 5096 1420 5147 0.
1440 5123 1467 5134 -
1485 5107 1554 5146 mco·

218 5173 412 5226 tmeeoiudicit'
429 5173 570 5239 4349414.
592 5199 621 5214 -
643 5173 684 5227 39.
702 5175 952 5239 quos--ieceotesr
968 5174 1081 5240 434444
1099 5172 1358 5226 4444--44444444444
1374 5169 1422 5224 (144.
1441 5171 1470 5224 0.
