3610 5860
411 415 485 482 cm.
499 416 702 484 xn-x1v.
722 415 779 502 tt·
794 415 940 492 as-av.
964 417 1130 504 [vm-x.
1153 417 1299 506 u-arp
1453 416 1509 485 m

197 587 304 659 vdsrs
332 585 502 671 plurimum
530 585 639 663 dabat,
669 607 734 652 non
762 588 857 656 modo
887 607 959 652 cum
979 591 1108 657 summis
1129 590 1261 658 civitatis
1282 597 1408 658 noemae
1428 593 1516 668 viris,

196 680 253 751 sed
275 702 346 750 cum
368 677 475 744 infimo
497 681 564 745 cive
583 683 723 747 Romano
746 683 914 766 quisquam
929 684 1139 766 amplissimus
1154 685 1273 750 Galliae
1288 684 1516 769 comparandus

196 775 269 840 asti
302 773 368 838 Scit
387 772 635 851 Indutiomarus,
658 776 736 860 quid
751 776 793 839 sit
809 778 1021 842 testimonium
1035 776 1161 844 diceret
1183 786 1326 845 movetur
1340 797 1379 842 eo
1394 778 1516 853 timore,
1578 778 1580 782 ’
1643 845 1646 853 ,

196 887 259 953 quo
281 875 424 934 nosbvnm
444 887 528 930 unus
543 869 695 952 quisque,
718 889 789 943 cum
810 870 843 934 in
866 892 936 940 eum
957 871 1063 936 locum
1076 872 1246 954 productus
1262 875 1334 937 est‘t
1363 872 1449 934 XIII.
1464 868 1515 934 28.

196 959 265 1048 [IX.
280 956 344 1043 la]
367 961 601 1036 Recordamini,
624 962 759 1038 iudices,
782 972 899 1048 quanto
915 985 1009 1049 opere
1027 964 1170 1030 laborare
1185 965 1323 1039 soleatis,
1344 985 1408 1029 non
1421 965 1540 1028 modo!⁵

196 1056 274 1141 quid
295 1055 406 1120 dicatis
427 1076 485 1139 pro
507 1055 705 1132 testimonio,
734 1057 790 1122 sed
813 1059 905 1122 etiam
928 1059 1043 1140 quibus
1064 1059 1168 1124 verbis
1189 1059 1339 1133 utamini,
1367 1079 1408 1123 ne
1431 1058 1517 1142 quod

196 1151 301 1219 minus
326 1148 487 1212 moderate
518 1149 672 1232 positum,
702 1151 851 1235 nequod
873 1151 912 1216 ab
934 1152 1039 1235 aliqua
1060 1153 1227 1235 cupiditate
1248 1151 1427 1236 prolapsum
1448 1172 1518 1216 ves*

195 1245 271 1310 bum
292 1263 363 1308 csse
384 1243 545 1308 videatur:
566 1243 656 1308 vultu
677 1243 816 1328 denique
838 1244 986 1310 laboratis
1007 1265 1048 1309 nc
1072 1265 1135 1328 qua
1156 1243 1325 1328 significari
1346 1247 1447 1328 possit
1467 1266 1519 1310 su·

196 1339 297 1426 spicio
318 1338 517 1421 cupiditatis,
539 1342 588 1411 ut,
610 1344 642 1400 et
663 1357 734 1402 cum
755 1339 907 1421 proditis,
929 1339 1117 1404 existimatio
1139 1340 1182 1402 sit
1196 1337 1351 1422 quaedam
1365 1340 1458 1404 tacita
1479 1338 1518 1401 de

195 1433 287 1498 vobis
309 1433 438 1516 pudoris
459 1451 495 1495 ac
515 1430 693 1513 religionis,
715 1439 746 1495 et
767 1453 838 1496 cum
854 1432 1029 1507 disceditis,
1053 1451 1091 1495 ea
1106 1431 1272 1514 dIIIgenter
1285 1439 1470 1496 conservata
1483 1438 1557 1498 aott

197 1533 321 1594 retenta
333 1524 486 1590 videatur.
529 1521 580 1590 29.
598 1520 672 1608 [la]
691 1525 791 1589 Credo
807 1526 887 1590 baec
901 1527 1012 1590 eadam
1028 1525 1273 1591 Indutiomarum
1289 1525 1323 1588 in
1339 1525 1519 1589 testimonio

197 1623 341 1692 timuisse
369 1625 423 1685 aut
451 1619 654 1702 cogitavisse:
682 1620 738 1702 qui
766 1621 900 1704 primum
929 1618 1010 1682 illud
1039 1619 1169 1686 verbum
1199 1619 1521 1684 consideratissimum

197 1722 325 1782 nostrae
347 1712 584 1776 consuetudinis
597 1732 769 1788 aaavraoa,
793 1733 856 1796 quo
879 1732 936 1776 nos
958 1714 1050 1778 etiarn
1072 1721 1147 1776 tunc
1169 1713 1300 1787 utimur,
1322 1731 1394 1780 cum
1416 1733 1454 1778 ea
1474 1711 1521 1774 di-

198 1809 296 1880 cimus
317 1807 427 1883 iurati,
455 1827 538 1889 quae
561 1814 723 1890 comperta
742 1806 911 1880 babemus,
933 1826 1014 1889 quae
1035 1807 1095 1890 ipsi
1114 1807 1265 1881 vidImus,
1287 1825 1328 1870 ex
1349 1813 1414 1872 toto
1435 1805 1522 1872 testi

198 1903 305 1968 monio
327 1923 384 1966 suo
406 1900 535 1964 sustulit
554 1908 651 1984 atque
673 1901 778 1966 omnia
799 1919 834 1964 sa
856 1901 936 1962 scire
959 1899 1049 1964 dixit.
1078 1899 1253 1964 Verebatur
1266 1902 1350 1964 enim
1365 1900 1558 1974 videlicettt

199 2013 240 2059 ne
262 1993 340 2079 quid
361 1995 446 2080 apud
468 2014 523 2058 vos
545 1994 762 2078 populumque
783 1995 959 2058 Romanum
981 1992 1021 2058 de
1043 1993 1275 2059 calstimatione
1297 2013 1356 2058 sua
1369 1993 1522 2077 deperde-

68 2167 71 2174 .
198 2095 266 2164 ret,
287 2107 328 2154 ne
350 2108 414 2172 qua
434 2087 519 2152 fama
533 2095 781 2172 consequeretur
794 2089 863 2152 eius
877 2086 981 2162 modi,
1007 2087 1271 2161 Indutiomarum,
1292 2087 1388 2152 talem
1409 2088 1522 2161 virum

199 2191 265 2250 mm
285 2182 417 2266 cupide,
439 2189 503 2246 tam
525 2188 642 2248 temera
664 2181 793 2249 dixisse.
825 2182 895 2244 Non
917 2180 1112 2262 intelligebat
1132 2200 1167 2244 se
1188 2180 1222 2244 in
1242 2181 1421 2246 testimonio
1442 2181 1523 2246 nihil

198 2283 326 2363 praeter
347 2295 456 2342 vocem
479 2283 511 2338 et
533 2296 568 2344 os
591 2281 624 2338 et
643 2274 805 2340 audaciam
827 2294 932 2358 neque
955 2274 1073 2338 civibus
1088 2275 1154 2340 suis
1169 2294 1275 2359 neque
1289 2275 1522 2340 accusatoribus

199 2373 318 2438 nostrIs
340 2378 500 2453 praestare
524 2367 649 2434 debere.
684 2365 735 2430 30.
760 2365 834 2452 [ld]
856 2369 906 2432 An
929 2387 1003 2432 vero
1025 2369 1100 2432 istas
1123 2369 1264 2433 nationes
1278 2368 1431 2451 religione
1445 2368 1559 2432 iusisse

199 2465 327 2534 iurandi
348 2484 385 2531 ac
407 2470 493 2528 metu
516 2462 647 2526 deorum
668 2461 890 2526 immortalium
911 2462 946 2524 in
968 2461 1155 2526 testimoniis
1171 2461 1312 2528 beandis
1334 2466 1524 2529 commoveri

200 2558 410 2631 arbitramini,
441 2575 522 2639 quae
553 2563 672 2620 tantum
701 2576 719 2620 a
748 2563 921 2620 ceterarum
942 2559 1083 2639 gentium
1104 2576 1190 2620 more
1212 2575 1248 2620 ac
1270 2563 1382 2622 natura
1402 2559 1523 2622 dissen-

200 2654 309 2718 tiunt?
344 2649 437 2726 Quod
460 2657 581 2714 ceterae
603 2669 661 2732 pro
684 2649 888 2732 religionibus
910 2649 976 2714 suis
996 2649 1081 2716 bella
1102 2651 1288 2733 suscipiunt,
1316 2651 1394 2716 istae
1417 2659 1524 2719 mntra

200 2747 340 2812 omnium
361 2744 545 2827 religiones:
567 2742 640 2806 illac
662 2743 809 2807 inbellis
831 2744 977 2826 gerendis
991 2745 1030 2808 ab
1052 2745 1100 2808 dis
1121 2744 1346 2810 immortalibus
1361 2766 1472 2829 pacem
1486 2767 1523 2812 ec

199 2841 325 2906 veniam
353 2845 481 2922 petunt,
509 2840 589 2901 istac
615 2856 685 2900 cum
712 2836 788 2922 ipsis
810 2835 858 2901 dis
880 2837 1106 2904 immortalibus
1127 2837 1212 2902 bella
1233 2847 1406 2921 gesserunt
1438 2842 1560 2905 xlvi:

199 2931 266 3021 [lb]
290 2935 358 3026 Hae
380 2939 455 2996 sunt
475 2933 635 3006 rabones,
666 2951 747 3014 quae
770 2932 929 3015 quondam
951 2939 1013 2998 tam
1035 2933 1129 3014 longe
1151 2932 1191 2996 ab
1212 2933 1277 2996 suis
1299 2935 1428 3000 sedibus
1449 2935 1524 3000 Ilel-

199 3031 280 3116 phos
309 3047 413 3110 usque
439 3026 479 3091 ad
507 3024 686 3108 Apollinem
709 3024 855 3108 Pythium
880 3032 975 3109 atque
997 3027 1038 3090 ad
1057 3027 1218 3091 oraculum
1240 3027 1325 3092 orbis
1346 3037 1448 3092 terrae
1469 3049 1524 3095 ve·

200 3121 341 3188 randum
363 3140 400 3184 ac
421 3119 621 3203 spoliandum
644 3117 801 3201 proiectae
824 3127 906 3182 sunt
938 3120 987 3184 Ab
1007 3121 1109 3184 isdem
1130 3121 1277 3203 gentibus
1300 3122 1415 3184 sanctis
1437 3128 1470 3185 et
1489 3123 1524 3185 iu

201 3216 380 3282 testimonio
410 3214 564 3295 religiosis
593 3212 758 3276 obsessum
779 3212 969 3294 Capitolium
991 3221 1155 3298 astatque
1177 3215 1231 3278 ille
1252 3216 1409 3298 luppiter,
1436 3217 1524 3281 cuius

201 3312 328 3376 nomine
351 3309 483 3374 maiores
506 3306 606 3370 nostri
627 3307 764 3370 vinctam
784 3306 1037 3370 testimoniorum
1058 3307 1154 3370 tidem
1176 3327 1246 3372 esso
1267 3307 1443 3372 voluerunt.
1472 3305 1561 3375 3l.oo

204 3399 279 3489 [Vl]
303 3403 464 3468 Postremo
495 3401 545 3463 bis
574 3399 742 3483 quicquam
767 3408 908 3464 sanctum
929 3420 965 3462 ac
987 3401 1168 3482 religiosum
1189 3401 1289 3464 videri
1310 3409 1428 3483 potest,
1458 3404 1524 3486 qui,
1615 3421 1618 3428 ’

203 3497 351 3562 etiamsi
380 3493 506 3580 quando
534 3493 641 3576 aliquo
669 3500 755 3558 metu
783 3493 911 3558 adducti
940 3493 1017 3558 deos
1044 3494 1213 3579 placandos
1236 3513 1306 3558 esso
1326 3497 1524 3574 arbitrantur,

202 3589 350 3656 bumanis
371 3588 481 3656 hostiis
503 3605 610 3652 eorum
627 3607 697 3652 aras
711 3607 748 3652 ac
760 3588 876 3674 templa
890 3588 1072 3654 incestant?
1094 3596 1183 3652 utne
1197 3589 1381 3671 religionem
1395 3591 1525 3675 quidem

203 3687 309 3752 colere
329 3683 466 3767 possint,
487 3681 548 3748 nisi
569 3702 638 3748 eam
659 3682 762 3766 ipsam
783 3683 870 3767 prius
891 3684 1010 3748 scelere
1024 3683 1179 3748 violarint
1210 3683 1292 3757 ‘Quis
1306 3683 1390 3748 enim
1403 3685 1526 3767 ignorat

205 3801 261 3846 eos
282 3799 385 3864 usque
406 3776 448 3841 ad
468 3777 550 3842 banc
571 3776 654 3840 diem
676 3778 809 3840 retinere
832 3777 917 3840 illam
939 3779 1107 3842 immanem
1128 3797 1165 3841 ao
1179 3776 1341 3840 barbaram
1356 3784 1561 3843 consuetu-ee

205 3877 309 3940 dinem
330 3872 492 3937 homiuum
513 3870 800 3936 immolandorum?
833 3870 936 3947 Quam
958 3870 999 3934 ob
1020 3890 1087 3935 rem
1102 3870 1188 3954 quali
1202 3870 1285 3946 fide,
1307 3870 1394 3954 quali
1407 3872 1525 3954 pietate

206 3967 391 4034 existimatis
420 3985 489 4030 esse
521 3986 594 4043 eos,
627 3966 682 4050 qui
709 3965 803 4030 etiam
831 3966 906 4029 deos
936 3965 1128 4031 immortales
1155 3964 1343 4030 arbitrentur
1362 3965 1524 4030 hominum

205 4064 324 4127 scelera
338 4069 369 4126 et
390 4060 544 4144 sangiune
564 4059 712 4126 facillime
733 4079 828 4143 posse
849 4059 988 4144 placarit
1012 4058 1090 4124 Cum
1109 4057 1159 4124 bis
1174 4079 1230 4124 vos
1244 4059 1373 4124 testibus
1389 4067 1524 4124 vestram

270 4379 295 4430 Ξ.
311 4379 412 4442 infimo
429 4379 460 4428 V.
480 4404 506 4413 -
528 4377 552 4428 ³.
570 4377 756 4428 noeumane
772 4378 807 4427 V:
831 4377 1021 4428 IndacIomerue
1037 4377 1083 4428 St)
1099 4377 1137 4440 (et
1152 4377 1191 4428 sio
1207 4378 1336 4442 semperl;
1361 4377 1394 4429 ct.
1413 4379 1525 4443 NIpper-

205 4455 297 4506 deium
313 4453 348 4502 ad
364 4453 432 4504 Caes.
450 4453 481 4503 B.
500 4451 567 4503 Getl.
585 4452 616 4502 V.
635 4450 660 4501 3.
681 4479 707 4488 -
732 4449 757 4502 l.
775 4465 853 4502 onom
869 4453 972 4514 pouces
987 4453 1018 4502 V.
1039 4478 1065 4488 -
1091 4451 1115 4503 b.
1134 4453 1193 4514 aon]
1208 4465 1240 4502 ae
1256 4453 1287 4512 V,
1305 4465 1374 4503 corr.
1392 4453 1418 4504 in
1434 4467 1475 4504 oo.
1495 4479 1522 4490 -·

204 4532 230 4580 7.
246 4530 355 4592 poetam
370 4527 401 4589 V,
422 4525 540 4592 syllabae
557 4539 584 4576 oe
601 4524 682 4576 altera
700 4539 712 4576 a
728 4527 916 4592 superscrtpta.
937 4553 964 4562 —
979 4525 1113 4589 prolapsio
1128 4526 1160 4576 V.
1176 4553 1202 4563 -
1221 4525 1245 4577 8.
1263 4526 1360 4577 otdetvvr
1375 4527 1401 4577 S.
1416 4553 1443 4562 -
1462 4527 1485 4576 9.
1498 4531 1527 4577 ot

204 4603 372 4670 ellactatV.
392 4627 420 4640 -
448 4603 712 4654 colistimatioestv.
734 4627 761 4640 -
788 4603 829 4653 lo.
848 4601 992 4652 etcomS:
1021 4601 1168 4651 otcomV.
1188 4625 1215 4638 -
1240 4600 1523 4666 incogitavmevs:

204 4682 324 4746 cogitosus
340 4680 369 4730 0.
388 4705 415 4716 -
441 4679 481 4729 48.
499 4677 651 4742 Intellegebat
667 4677 697 4727 V.
718 4705 745 4714 -
769 4677 809 4727 t9.
826 4688 922 4735 eccam
947 4688 974 4726 oe
994 4681 1017 4726 ct
1039 4675 1173 4726 eudociam
1191 4675 1259 4726 coni
1278 4676 1373 4726 llavius
1389 4677 1420 4726 11.
1437 4687 1464 4738 p.
1483 4675 1524 4724 7⁴.

204 4757 239 4808 a:
253 4769 279 4807 v.
297 4754 443 4807 Manutium
458 4753 493 4803 ad
508 4754 536 4804 h.
555 4751 572 4804 l.
593 4779 622 4790 -
640 4752 680 4804 23.
699 4751 772 4816 quod]
790 4765 823 4803 ne
841 4752 900 4815 quis
916 4763 991 4813 quom
1006 4750 1091 4813 malit,
1110 4749 1143 4801 cl.
1161 4751 1274 4816 interpp.
1293 4750 1327 4800 ad
1344 4763 1383 4800 cr.
1402 4749 1524 4800 invatin.

205 4831 230 4895 5.
242 4831 283 4882 22.
301 4841 329 4894 p.
342 4829 382 4880 ld.
396 4828 439 4880 ed.
457 4841 534 4879 meae
552 4828 622 4892 Lips.
647 4853 674 4864 -
692 4827 733 4878 al.
750 4828 778 4877 ta
794 4839 848 4877 om.
867 4827 893 4876 S.
914 4851 941 4863 —
960 4825 992 4876 ob
1009 4826 1090 4876 disV:
1109 4825 1141 4876 ab
1158 4826 1249 4887 dliso,
1267 4839 1285 4875 a
1300 4826 1348 4875 diis
1363 4827 1389 4875 S.
1403 4849 1431 4862 -
1449 4824 1491 4875 26.
1509 4835 1527 4874 o

205 4907 256 4956 asts
273 4906 299 4956 S.
313 4929 340 4940 -
359 4903 543 4956 saccenv:
562 4897 885 4964 tudemS‚ttsdem0.‘—
904 4900 1340 4964 29.1oppoerv:1optorso.-
1360 4898 1401 4949 30.
1417 4897 1526 4948 stactem

206 4981 242 5030 V:
260 4981 376 5030 :metam
392 4980 417 5029 S.
438 5005 464 5014 -
482 4979 527 5029 34.
542 4983 695 5041 postremum
711 4979 737 5027 S.
756 5001 786 5016 -
804 4977 938 5040 quoquam
954 4977 971 5025 S
986 4989 1023 5027 m.
1042 4989 1098 5040 pr.:
1117 4977 1249 5040 comesam
1265 4977 1329 5026 Sm.
1342 4975 1371 5035 ῖς
1391 4973 1526 5036 pessumae

207 5057 236 5108 0.
257 5081 285 5094 ·-
303 5055 345 5106 32.
363 5054 522 5108 orbiomtw
538 5053 568 5105 S:
587 5053 779 5106 arbitrabootss·
794 5052 826 5103 V.
847 5079 874 5090 -
892 5051 933 5104 33.
950 5052 1025 5102 lectt:
1040 5051 1071 5102 V.
1094 5078 1120 5088 -
1139 5051 1180 5102 37.
1199 5064 1248 5102 esse
1264 5063 1309 5101 ece
1325 5049 1368 5112 qo:
1383 5047 1414 5098 V.
1434 5073 1461 5084 -
1480 5047 1526 5098 loe·

206 5133 320 5186 mortalis
335 5131 388 5229 V..
