3610 5860
618 435 691 500 cn.
712 436 849 502 v-vr.
875 435 931 522 §i-
954 433 1100 500 rr-ro.
1453 425 1510 496 aar

200 625 270 670 rum
291 603 526 687 provinciarum
547 603 667 681 socios,
696 605 809 689 dignos
832 609 1034 682 existimetis,
1061 627 1195 690 quorum
1217 603 1350 671 salutem
1372 603 1427 668 tali
1448 603 1518 667 viro

200 697 444 774 commendetis;
466 705 561 783 atque
583 699 644 762 hoc
667 699 760 764 etiam
782 701 898 784 magis,
924 701 1011 784 quod
1033 707 1155 764 ceteros
1176 701 1210 762 in
1231 699 1426 783 provinciam
1449 697 1520 760 eius

200 791 285 855 modi
306 791 452 856 homines
477 813 547 856 cum
570 795 702 880 imperio
725 795 894 869 mittimus,
915 801 967 867 ut,
995 793 1138 857 etiamsi
1161 795 1199 856 ab
1221 794 1313 857 hoste
1336 790 1521 861 defendant,

200 893 305 948 tamen
332 885 474 967 ipsorum
504 888 657 951 adrentus
678 889 712 951 in
733 889 827 952 urbes
849 889 1008 952 sociorum
1029 907 1094 950 non
1116 888 1249 952 multum
1271 887 1310 949 ab
1331 885 1441 948 hostili
1463 901 1520 945 ex-

198 979 392 1064 pugnatione
420 981 584 1056 differant,
616 981 700 1046 hunc
729 983 901 1046 audiebant
927 990 1036 1057 antea,
1074 1002 1157 1045 nunc
1185 987 1383 1064 praesentem
1409 976 1540 1041 vidente

198 1081 286 1135 tanta
307 1075 530 1156 temperantia,
559 1083 647 1138 tanta
667 1078 928 1151 mansuetudine,
956 1083 1043 1142 tanta
1063 1077 1275 1150 humanitate,
1301 1081 1339 1136 ut
1358 1072 1381 1135 ii
1403 1069 1519 1133 beatis-

199 1166 271 1230 simi
294 1186 363 1230 esse
384 1167 565 1242 videantur,
587 1170 673 1251 apud
694 1191 776 1254 quos
798 1170 852 1234 ille
874 1171 1050 1234 diutissime
1072 1175 1292 1233 commoratur.
1387 1177 1391 1188 '
1456 1247 1460 1253 ¹

281 1261 334 1323 Vl.
357 1255 406 1323 ll.
430 1262 553 1338 Quare,
577 1266 604 1327 si
625 1272 754 1348 propter
774 1265 892 1338 socios,
915 1264 1003 1327 nulla
1024 1264 1085 1348 ipsi
1106 1263 1223 1325 iniuria
1244 1262 1397 1335 lacessiti,
1420 1258 1522 1321 maio·-

198 1375 249 1418 res
270 1355 370 1417 nostri
391 1376 463 1418 cum
485 1355 658 1432 Antiocho,
680 1379 751 1422 cum
773 1359 937 1441 Philippo,
959 1378 1030 1420 cum
1052 1357 1190 1432 Aetolia,
1213 1377 1284 1420 cum
1306 1355 1420 1420 Poenis
1434 1353 1518 1416 bella

198 1456 377 1531 gesserunt,
407 1456 527 1532 quanto
550 1473 607 1515 vos
630 1453 735 1515 studio
758 1453 907 1516 convenit
928 1452 1052 1514 iniuriis
1073 1459 1264 1535 provocatos
1286 1450 1446 1514 sociorum
1469 1461 1556 1510 sa-ro

197 1543 296 1605 lutem
322 1563 386 1606 una
415 1564 485 1607 oum
514 1546 638 1630 imperii
668 1547 763 1610 vestri
786 1546 940 1628 dignitate
961 1544 1148 1620 defendere,
1176 1545 1362 1630 praesertim
1384 1563 1455 1606 cum
1478 1542 1518 1606 de

198 1637 344 1700 maximis
372 1639 486 1702 vestris
514 1640 721 1722 vectigalibus
746 1644 882 1724 agatur?
914 1641 992 1704 Nam
1016 1648 1189 1703 ceterarum
1211 1639 1442 1721 provinciarum
1464 1656 1518 1698 ve-

198 1731 339 1814 ctigalia,
369 1733 523 1808 Quirites,
552 1741 638 1797 tanta
664 1741 754 1809 sunt,
782 1741 819 1796 ut
847 1735 886 1798 iis
915 1736 954 1798 ad
982 1737 1067 1818 ipsas
1095 1733 1273 1817 provincias
1295 1732 1441 1795 tutandas
1463 1731 1519 1792 vix

199 1829 338 1890 contenti
361 1845 429 1890 esse
451 1828 628 1909 possimus3
649 1829 724 1890 Asia
746 1847 821 1891 vero
844 1837 906 1892 tam
929 1830 1035 1912 opima
1057 1837 1105 1891 est
1125 1849 1162 1890 ac
1175 1826 1307 1900 fertilis,
1328 1833 1365 1889 ut
1380 1833 1412 1888 et
1424 1825 1520 1888 uber-

198 1927 262 1984 tate
283 1940 429 2004 agrorum
452 1929 484 1984 et
504 1922 656 1985 varietate
677 1922 834 1986 fruetuum
857 1931 889 1986 et
909 1923 1124 2006 magnitudine
1148 1921 1302 2005 pastionis
1324 1927 1357 1983 et
1378 1919 1558 1981 multitu-re

199 2016 272 2078 dine
295 2035 402 2078 earum
424 2035 543 2090 rerum,
576 2035 657 2098 quae
686 2024 908 2098 exportantur,
939 2016 1032 2080 facile
1055 2016 1204 2080 omnibus
1226 2017 1318 2078 terris
1340 2013 1516 2076 antecellat.

198 2111 308 2192 ltaque
336 2108 414 2171 baec
443 2109 534 2172 vobis
563 2111 740 2192 provincia,
775 2110 933 2185 Quirites,
956 2113 993 2174 'si
1022 2118 1054 2174 et
1081 2109 1156 2174 belli
1187 2109 1356 2172 utilitatem
1377 2114 1409 2169 et
1431 2107 1518 2189 pacis

199 2203 382 2286 dignitatem
410 2205 547 2266 retinere
576 2203 689 2278 vultis,
721 2224 787 2267 non
814 2207 909 2269 modo
933 2226 951 2268 a
976 2205 1169 2279 calamitate,
1198 2203 1254 2266 sed
1276 2203 1371 2266 etiam
1392 2221 1411 2263 a
1432 2207 1519 2264 metu

198 2296 383 2360 calamitatis
405 2305 454 2360 est
474 2297 683 2360 defendenda.
727 2294 777 2359 t5.
799 2301 877 2362 Nam
899 2300 932 2362 in
956 2301 1068 2362 ceteris
1095 2298 1206 2373 rebus,
1235 2317 1307 2360 cum
1330 2295 1416 2359 venit
1436 2291 1521 2356 cala-

197 2390 302 2464 mitas,
326 2396 392 2452 turn
414 2379 636 2454 detrimentum
657 2392 825 2475 accipitur3
847 2387 926 2474 atde
941 2393 1148 2474 vectigalibus
1163 2411 1227 2454 non
1244 2391 1347 2476 solum
1363 2389 1559 2476 adreptusro

197 2483 289 2557 mali,
312 2484 369 2546 sed
391 2485 485 2546 etiam
506 2491 610 2568 metus
631 2486 699 2567 ipse
718 2487 808 2550 affert
822 2477 1055 2572 calamitatem)
1074 2487 1153 2549 Nam
1168 2505 1239 2548 cum
1254 2485 1391 2548 hostium
1407 2482 1518 2564 copiae

196 2596 262 2639 non
284 2577 378 2659 longe
399 2577 530 2652 absunt,
552 2579 647 2641 etiam
669 2580 695 2641 si
718 2579 960 2664 irruptionulla
980 2579 1065 2644 laeta
1086 2588 1151 2655 cst,
1174 2587 1279 2643 tamen
1301 2597 1402 2661 pecua
1422 2576 1521 2640 relin-

197 2681 355 2755 quuntur,
385 2672 576 2754 agricultura
607 2673 779 2749 deseritur,
809 2683 1018 2738 mercatorum
1039 2675 1199 2758 navigatio
1222 2673 1429 2757 conquiescit.
1473 2671 1520 2734 Ita

195 2785 300 2848 neque
329 2785 370 2828 ex
399 2773 492 2848 portu
519 2785 624 2850 neque
646 2787 687 2830 ex
709 2768 850 2831 decumis
870 2789 976 2853 neque
998 2789 1039 2831 ex
1061 2770 1215 2851 scriptura
1235 2765 1369 2849 vectigal
1392 2783 1521 2828 conser-

195 2859 262 2922 uari
284 2865 407 2943 potest3
435 2879 533 2943 quare
556 2879 650 2944 saepe
672 2861 770 2925 totius
791 2864 866 2925 anni
887 2862 1009 2926 fructus
1031 2882 1096 2925 uno
1117 2879 1245 2924 rumore
1266 2858 1400 2943 periculi
1423 2864 1558 2941 atqueae

196 2972 260 3017 unc
281 2953 358 3016 belli
379 2960 500 3017 terrore
521 2955 682 3017 amittitur.
714 2950 763 3017 to.
787 2955 858 3032 Quo
874 2956 1001 3019 tandem
1016 2957 1112 3038 igitur
1125 2956 1231 3018 auimo
1247 2973 1317 3018 esse
1332 2951 1521 3016 existimatis

197 3055 252 3110 aut
273 3067 344 3122 eos,
366 3049 421 3131 qui
443 3049 608 3130 vectigalia
629 3049 721 3112 nobis
742 3051 918 3133 pensitant,
939 3058 995 3112 aut
1009 3069 1082 3125 eos,
1105 3051 1160 3134 qui
1176 3054 1327 3113 exercent
1340 3054 1437 3129 atque
1452 3044 1521 3106 eri-

197 3147 289 3224 gunt,
312 3161 384 3204 cum
406 3140 471 3203 duo
492 3161 584 3223 reges
606 3163 678 3205 oum
700 3144 846 3206 maximis
868 3144 969 3225 copiis
991 3151 1122 3227 propter
1143 3143 1274 3206 adsint?
1296 3163 1368 3204 oum
1384 3158 1449 3202 una
1464 3157 1521 3200 eu-

197 3235 302 3340 cursio
330 3234 489 3318 equitatus
518 3235 663 3317 perbrevi
694 3243 837 3319 tempore
866 3237 965 3298 totius
992 3239 1067 3300 anni
1089 3236 1224 3318 vectigal
1246 3233 1369 3298 auferre
1391 3233 1519 3316 possit‘l

262 3484 285 3533 4.
304 3482 395 3533 saluus
411 3479 443 3545 Vl.
463 3509 490 3522 ·-
510 3484 535 3535 2.
552 3484 605 3549 boc]
622 3485 667 3534 boe
681 3486 708 3536 F.
727 3512 755 3521 —
777 3489 844 3550 quod
858 3493 950 3538 ceteros
965 3488 991 3538 in
1006 3487 1164 3551 prouinciam
1180 3484 1324 3550 (prouincia
1338 3484 1369 3546 V)
1386 3484 1437 3534 aar
1452 3482 1520 3532 modi

196 3559 305 3609 mines
326 3559 389 3610 EV:
416 3559 482 3622 ortod
502 3565 594 3611 ceterm
613 3561 731 3611 etrumodt
751 3561 778 3610 in
795 3563 954 3624 procinctam
974 3563 1084 3612 baninu
1104 3563 1181 3620 CW;
1207 3562 1273 3623 quod
1294 3565 1387 3611 oneror
1402 3559 1521 3610 etnanodt

196 3635 305 3686 Mmtner
320 3635 347 3685 tn
360 3647 432 3697 prou.
452 3631 492 3696 Via
511 3637 577 3696 quod
596 3640 689 3686 aanor
710 3637 828 3688 dwnodt
843 3638 871 3688 in
886 3651 960 3700 prun
978 3639 1087 3688 nomime
1102 3638 1135 3697 B;
1160 3649 1237 3699 mcum
1252 3642 1344 3686 ceteros
1359 3633 1477 3685 etumsodt
1492 3633 1520 3682 tn

192 3725 267 3774 prou
285 3710 393 3760 bominac
409 3711 471 3766 FA;
496 3725 572 3773 qnam
588 3715 691 3772 cennos,
715 3712 781 3774 qnod
801 3711 920 3763 duonodi
941 3715 968 3762 tn
984 3727 1058 3776 prou
1075 3712 1185 3763 boman
1199 3710 1285 3764 Lao.
1309 3709 1395 3773 (aton.
1413 3708 1440 3757 in
1454 3708 1520 3756 lonc

194 3784 365 3850 procinctum»
384 3795 437 3846 mg.
456 3782 492 3847 tl.)
512 3811 540 3822 -
559 3784 582 3834 3.
600 3799 657 3834 curn
674 3785 788 3850 (imperto
805 3788 869 3850 om.)
891 3789 988 3838 mittitis
1003 3789 1078 3838 ettam
1093 3788 1115 3836 rt
1130 3797 1171 3837 ecs
1186 3786 1219 3836 ab
1234 3787 1302 3836 norw
1318 3781 1350 3846 44.
1370 3809 1397 3818 -
1417 3781 1441 3833 4.
1458 3781 1520 3832 urbe

196 3861 320 3913 socinum
336 3860 450 3910 EVFB.
470 3885 498 3896 -
516 3861 541 3910 5.
559 3861 689 3925 differant,
707 3861 780 3926 burc]
797 3863 839 3912 Sic
856 3861 975 3922 distinxi,
994 3866 1024 3914 ut
1039 3877 1065 3912 v.
1082 3863 1148 3912 amre
1164 3861 1314 3926 opponatur
1330 3857 1462 3922 superiori
1477 3869 1519 3908 ce·
1546 3897 1548 3902 .

196 3945 275 3998 tana,
297 3939 378 4000 atque
400 3935 535 3986 audiebant
556 3940 582 3987 et
602 3938 685 3987 vident
705 3937 841 4001 pendeant
860 3951 874 3988 e
895 3938 1118 4002 praecedentibus
1134 3937 1179 3988 boe
1196 3937 1271 3987 edom
1285 3934 1368 3998 manis
1383 3933 1449 3995 quod
1465 3933 1517 3984 cet.

199 4013 300 4064 Ceteri:
319 4011 445 4074 differunt.
463 4011 535 4060 Hunc
551 4013 603 4061 cet.
624 4038 651 4049 -
670 4013 694 4062 6.
712 4013 747 4062 444
763 4013 798 4075 V;
818 4027 870 4064 om.
890 4010 922 4077 a.
941 4041 969 4050 -
994 4016 1018 4065 7.
1036 4018 1201 4064 corrnnmetnr
1217 4012 1245 4061 l..
1266 4037 1293 4046 —
1312 4011 1337 4062 8.
1356 4008 1461 4058 martti
1477 4008 1520 4058 tn-

196 4090 266 4138 lunio
282 4085 314 4149 Vl.
334 4113 362 4122 —
381 4087 405 4136 9,
423 4087 502 4136 nostri
518 4087 709 4138 WEVFBA:
726 4090 802 4138 vestrl
819 4087 902 4142 iac.
923 4116 950 4125 —
970 4090 1071 4140 aetbolts
1087 4091 1107 4139 E
1126 4089 1198 4152 (ως
1217 4086 1301 4137 adtolit
1316 4085 1348 4134 V.
1367 4109 1395 4120 -
1415 4085 1455 4134 40.
1474 4096 1520 4133 noe

196 4162 255 4213 VB.
272 4189 306 4200 -
321 4163 425 4212 ralatcm
440 4163 564 4212 sonorum
581 4163 610 4213 V.
628 4189 661 4200 -
678 4164 719 4213 44.
735 4166 815 4214 nostri
831 4165 890 4214 VB.
911 4192 939 4201 -
959 4165 998 4214 ta.
1016 4164 1135 4213 mainan
1149 4163 1237 4212 vastate
1251 4157 1318 4221 nti:
1338 4159 1457 4208 mmmia
1472 4171 1521 4208 no·

195 4239 254 4287 stris
263 4238 312 4288 VF
322 4239 356 4294 B;
373 4239 460 4288 certata
474 4239 587 4288 manime
597 4240 631 4294 A:
649 4239 736 4288 uestris
750 4239 936 4293 maximinio.
955 4237 1022 4304 (cnm
1036 4243 1120 4288 oestro
1135 4238 1251 4287 mammea
1266 4235 1399 4300 vernantia
1409 4238 1521 4298 cpontnr

195 4314 270 4376 L.)·-
290 4313 330 4364 43.
343 4315 374 4363 its
388 4311 532 4365 Erato:
551 4314 598 4362 liis
609 4314 638 4372 V;
654 4314 763 4370 bisam
777 4328 829 4365 om.
843 4312 908 4375 lb·-
923 4312 961 4364 ll.
974 4327 1098 4364 cauom.
1111 4309 1175 4374 Vt-
1189 4326 1220 4362 ac
1232 4311 1293 4363 EV:
1311 4307 1518 4362 ariarate

197 4415 224 4432 .-
242 4393 271 4437 nt
286 4388 397 4438 ubertate
414 4389 475 4450 (om.
494 4388 527 4450 etl
547 4389 572 4437 F.
592 4414 620 4423 -
646 4390 685 4438 re.
701 4389 826 4452 pactionis
842 4389 868 4443 tl.
889 4415 916 4425 -·
941 4390 980 4439 46.
999 4393 1161 4451 asportantur
1176 4388 1265 4438 EVB.
1285 4411 1312 4422 ··
1339 4397 1423 4448 manea
1438 4380 1520 4434 terras

195 4463 325 4512 antecedat
340 4461 372 4525 44.
387 4489 414 4498 -
434 4464 473 4512 ti.
486 4464 547 4513 boec
563 4463 647 4525 traque
662 4461 694 4525 43,
708 4490 736 4499 -
754 4463 824 4514 neon
839 4465 866 4515 F.
881 4491 908 4500 -
927 4463 948 4512 ei
964 4461 1001 4514 ad'
1013 4465 1068 4514 belli
1078 4465 1121 4514 W.
1136 4491 1165 4502 -
1183 4463 1223 4514 48.
1241 4462 1348 4513 retinere
1362 4461 1397 4511 W
1407 4460 1447 4511 Ch
1458 4460 1517 4510 EV:

194 4539 313 4588 moenem
323 4539 342 4589 R
352 4540 372 4588 Α
383 4538 498 4592 Lao-
515 4539 595 4588 vetula
604 4542 666 4588 Α.-
684 4539 723 4589 tt.
737 4540 763 4589 in
774 4539 868 4605 cetera]
879 4539 952 4589 certia
963 4541 1105 4605 (superscr.
1118 4539 1213 4604 neure)
1226 4540 1253 4588 tn
1266 4539 1296 4598 F;
1317 4537 1404 4587 ceteris
1418 4537 1446 4586 tn
1457 4547 1519 4586 cum

195 4612 237 4663 ed.
253 4611 424 4664 Cratandrina
436 4613 453 4668 V
463 4613 523 4663 0.-
542 4615 582 4664 ti.
596 4614 677 4664 obsint
689 4616 750 4665 4.-
763 4616 811 4664 trr.
824 4615 894 4664 nulla
909 4615 980 4677 facta
990 4621 1024 4665 est
1034 4617 1054 4666 E
1064 4615 1098 4666 V:
1117 4616 1164 4665 lrr.
1177 4615 1248 4664 nudo
1262 4613 1332 4676 sacia
1348 4612 1452 4670 sitim
1471 4611 1518 4660 trr.

193 4687 263 4750 [octa
283 4689 354 4738 nulla
373 4689 405 4738 n't
421 4701 483 4738 cum
495 4688 712 4740 ed.Cratendrina
729 4690 789 4751 43ος
807 4691 877 4740 nula
892 4691 940 4740 lrr.
957 4691 1027 4755 facta
1043 4692 1074 4742 att
1089 4693 1117 4741 i..
1131 4713 1158 4728 ··
1175 4701 1257 4753 pecua
1274 4689 1380 4739 Servius
1397 4684 1431 4736 ad
1448 4685 1519 4747 Virg.

196 4765 289 4827 Georg.
308 4765 350 4815 ill.
369 4765 409 4816 64.
429 4765 472 4829 (cl.
492 4765 616 4817 Claudius
633 4769 804 4818 Mamertinus
821 4768 846 4816 in
865 4768 961 4829 Peneg.
981 4769 1010 4816 ll.
1029 4781 1053 4818 c.
1073 4768 1137 4830 t0.):
1154 4779 1249 4829 peoora
1265 4760 1410 4816 VALVO.
1431 4772 1520 4809 -rc-

195 4837 339 4900 linquentur
354 4841 414 4890 EV.
435 4865 463 4877 -·
481 4840 522 4890 23.
540 4843 671 4904 nontptum
688 4843 715 4893 F.
735 4867 763 4880 -
781 4841 822 4893 tl.
841 4853 874 4891 aa
886 4841 925 4906 ra]
942 4847 965 4891 et
978 4855 1005 4904 ρ.
1024 4843 1044 4892 Ε
1063 4843 1121 4905 (Fr.)
1133 4843 1163 4891 V.
1185 4868 1212 4877 —
1230 4855 1264 4890 ac
1280 4838 1315 4902 d]
1333 4842 1356 4887 et
1372 4837 1396 4886 d.
1410 4835 1445 4892 Et
1464 4845 1517 4884 om.

195 4918 218 4962 et
234 4910 276 4962 vel
293 4925 327 4962 em
342 4915 372 4964 V.
393 4940 421 4951 -
440 4917 539 4965 decimis
555 4917 575 4966 E
592 4929 632 4981 pr.
645 4929 681 4967 m.
701 4917 759 4980 (Fr.)
777 4919 807 4967 Α.
828 4943 855 4952 -
874 4931 907 4967 erc
923 4915 981 4980 sca]
999 4922 1022 4967 et
1038 4929 1086 4967 scr.
1105 4917 1165 4968 EV.
1184 4915 1222 4966 Ci.
1236 4915 1260 4977 ἓ.
1274 4914 1298 4964 i.
1314 4935 1341 4948 -
1360 4909 1402 4960 26·
1420 4908 1520 4958 tandm

195 4987 274 5051 initur
290 4988 343 5039 Ch:
362 4990 462 5040 tandem
474 4991 536 5052 (om.
549 4991 637 5054 initur)
653 4991 701 5040 RA
713 4992 731 5041 L
741 4991 796 5045 VO.
816 4991 855 5042 Cl.
869 5005 908 5042 or.
921 5004 948 5055 p.
962 4991 1081 5043 Cluentio
1100 4991 1123 5056 5.
1136 4993 1177 5043 29.
1190 4991 1263 5042 db-
1282 4989 1323 5039 il.
1335 4985 1405 5037 nobis
1421 4983 1518 5034 EVO:

194 5061 263 5112 nobie
278 5061 390 5117 RALV.
412 5093 439 5101 -
457 5065 499 5117 28.
514 5070 619 5132 propter
636 5067 751 5120 CbEV:
767 5079 847 5132 prope
863 5066 1038 5130 ΡΒΑΙΛΞΟς
1056 5080 1109 5122 cm.
1123 5065 1155 5134 V).
1174 5066 1213 5118 Cl.
1230 5064 1254 5129 ἓ.
1268 5063 1308 5116 43.
1323 5087 1350 5100 -
1366 5058 1517 5140 mannan

195 5138 286 5189 adsum
301 5137 387 5204 tilii.

1629 2461 1702 2543 aaz
