3638 5868
258 327 320 398 342
624 333 667 398 IN
687 331 855 398 manau
874 330 996 397 acilo
1020 329 1204 396 SECUNDA

229 571 231 576 ,
258 503 352 568 tavitr
374 501 526 586 apposuit
547 500 712 585 patellam,
733 502 768 565 in
790 521 854 585 qua
876 501 979 584 sigilla
1000 508 1091 565 erant
1111 501 1246 584 egregia.
1282 501 1346 564 Iste
1368 501 1520 565 continuo
1541 508 1579 566 nt

258 596 353 674 vidit,
385 616 451 661 non
480 594 635 660 dubitarit
663 595 742 658 illud
762 597 886 678 insigne
908 597 1073 660 Penatium
1093 595 1363 679 hospitaliumque
1384 594 1515 658 deorum
1537 615 1579 660 ex

256 689 408 774 hospitali
429 709 539 753 mensa
559 688 686 752 tollere:
715 688 773 752 sed
794 697 916 764 tamen,
944 689 1030 774 quod
1053 696 1125 753 ente
1148 689 1187 753 de
1207 688 1301 752 istius
1321 688 1510 752 abstinentia
1530 688 1580 752 di·

257 801 385 858 xeram,
417 782 529 866 sigillis
559 782 677 847 avulsis
710 783 869 868 reliquum
901 790 1064 866 argentum
1094 785 1162 847 sine
1190 783 1255 847 ulla
1281 781 1410 846 avaritia
1430 781 1579 846 reddidit

111 900 126 1002 6
235 874 309 940 rit.
332 875 440 952 Quid?
471 876 646 960 Eupolemo
671 877 848 952 Calactino,
877 877 999 959 bomini
1021 877 1138 953 nobili,
1167 876 1372 941 Lucullorum
1399 874 1520 959 bospiti
1541 896 1580 941 ac

259 969 480 1054 perfamiliari,
510 971 566 1055 qui
598 990 683 1034 nnnc
704 970 789 1054 apud
811 973 984 1035 exereitum
1007 991 1078 1035 cum
1099 971 1135 1034 L.
1157 970 1289 1033 Lucullo
1312 976 1376 1044 est,
1409 988 1473 1031 non
1494 969 1579 1033 idem

258 1064 357 1128 ieciti
393 1062 531 1128 Cenabat
551 1064 636 1148 apud
659 1084 748 1128 eum:
769 1073 933 1147 argentum
955 1064 1009 1128 ille
1027 1072 1165 1128 ceterum
1181 1084 1295 1147 purum
1309 1068 1517 1146 apposuerat,
1537 1083 1579 1126 ne

258 1176 358 1244 purus
389 1157 459 1241 ipse
491 1159 744 1243 relinqueretur,
775 1158 839 1222 duo
867 1159 983 1243 pocula
1004 1178 1069 1222 non
1091 1177 1220 1242 magna,
1251 1177 1360 1220 verram
1380 1162 1580 1221 tamencum

258 1252 454 1317 emblemate.
496 1251 556 1316 Hic
578 1260 740 1338 tamqnam
760 1253 908 1317 festivum
929 1272 1088 1328 acroama,
1120 1273 1161 1316 ne
1183 1253 1252 1316 sine
1267 1250 1433 1316 corollario
1450 1250 1490 1314 de
1504 1271 1580 1316 con·

221 1347 342 1412 sortem
365 1346 558 1422 discederet,
587 1346 706 1410 ibidem
728 1348 869 1412 convivis
894 1346 1109 1430 spectantibus
1132 1346 1319 1410 emblemata
1340 1346 1505 1410 evellenda
1525 1366 1580 1410 ou·

257 1443 348 1506 ravit.
383 1443 494 1526 Neque
517 1460 576 1524 ego
597 1460 682 1504 nunc
702 1441 793 1505 istius
815 1440 898 1504 iacta
919 1441 1025 1504 omnia
1047 1460 1230 1504 enumerare
1253 1459 1351 1504 conor
1371 1460 1476 1523 neque
1498 1461 1579 1523 opus

258 1542 307 1600 est
327 1554 386 1598 nec
408 1531 475 1598 lieri
497 1534 564 1599 ullo
586 1534 681 1598 modo
704 1542 828 1618 potest:
855 1541 977 1598 tantum
998 1536 1093 1598 unius
1115 1535 1269 1618 cuiusque
1292 1532 1331 1596 de
1353 1534 1441 1598 varia
1460 1534 1579 1617 impro-

256 1629 354 1693 bitate
375 1629 500 1712 generis
521 1628 640 1692 indicia
659 1627 746 1712 apud
767 1648 824 1693 vos
847 1636 878 1692 et
900 1629 1046 1712 exempla
1066 1628 1204 1712 profero.
1246 1629 1356 1710 Neque
1379 1629 1464 1691 enim
1485 1629 1528 1693 ita
1544 1649 1578 1694 se

258 1724 354 1807 gessit
374 1722 408 1785 in
428 1721 480 1786 bis
501 1723 614 1798 rebus,
647 1729 808 1807 tamquam
829 1722 985 1786 rationem
1007 1699 1177 1807 aliquando
1200 1729 1284 1785 esset
1304 1722 1501 1798 redditurus,
1522 1722 1578 1786 sed

221 1835 249 1882 it
257 1836 388 1902 prorsus
408 1816 463 1892 ita,
487 1819 579 1902 quasi
600 1822 656 1881 aut
676 1835 749 1880 reus
771 1837 946 1901 numquam
968 1823 1051 1880 esset
1070 1815 1195 1879 futurus
1217 1823 1286 1892 aut,
1309 1837 1373 1899 quo
1395 1817 1487 1899 plura
1507 1818 1579 1881 abe-

256 1912 401 1986 tnlisset,
424 1930 462 1975 eo
483 1912 607 1974 minore
627 1910 770 1994 periculo
789 1911 823 1974 in
846 1909 999 1973 iudicium
1022 1918 1173 1975 venturus
1189 1917 1288 1986 esset;
1311 1911 1366 1995 qui
1379 1911 1473 1986 baec,
1496 1932 1578 1996 quae

258 2005 346 2081 dico,
368 2006 432 2069 iam
453 2025 518 2069 non
540 2005 681 2080 occulte,
702 2021 847 2087 non'per
867 2006 984 2068 amicos
1002 2010 1097 2087 atque
1121 2004 1327 2088 interpretes,
1349 2005 1405 2069 sed
1419 2005 1523 2088 palam
1538 2005 1578 2069 de

258 2101 329 2164 loco
352 2099 515 2184 superiore
537 2104 645 2182 ageret
665 2115 724 2182 pro
746 2097 880 2180 imperio
897 2106 929 2161 et
948 2104 1113 2181 potestate.
1149 2098 1266 2161 XXlll.
1284 2095 1334 2160 50.
1351 2099 1493 2164 Catinam
1507 2121 1578 2164 eum

149 2169 167 2274 i,
218 2226 226 2284 ,¹
257 2195 415 2270 venisset,
437 2182 591 2277 oppidani
613 2192 770 2275 locuples,
793 2192 978 2266 honestum,
1000 2194 1181 2275 copiosum,
1202 2193 1463 2276 Dionysiarchum
1482 2195 1522 2258 ad
1545 2214 1578 2258 se

215 2279 622 2372 improagommj“bocjst
643 2305 800 2349 summum
821 2287 1052 2369 magistratum,
1081 2286 1187 2349 vocari
1208 2285 1311 2349 iubet:
1346 2289 1374 2350 ei
1397 2287 1500 2370 palam
1521 2289 1579 2352 im-

257 2387 363 2466 perat,
392 2387 427 2444 ut
449 2400 544 2444 omne
565 2386 745 2462 argentum,
775 2381 862 2463 quod
883 2379 969 2463 apud
991 2398 1150 2464 quemque
1171 2385 1256 2443 esset
1278 2378 1424 2456 Catinae,
1448 2383 1579 2467 conqui-

257 2474 392 2540 rendum
418 2481 544 2538 curaret
572 2481 604 2537 et
631 2474 672 2538 ad
694 2493 727 2537 se
749 2473 953 2537 afferendum.
995 2472 1206 2556 Phylarcbum
1228 2473 1485 2557 Centuripinum,
1515 2477 1579 2559 pri-

157 2567 172 2654 i,
258 2587 345 2632 mum
365 2567 526 2652 hominem
547 2585 679 2650 genere,
701 2567 835 2642 virtute,
864 2567 1014 2650 pecunia,
1037 2585 1103 2630 non
1123 2565 1185 2631 hoc
1206 2566 1291 2630 idem
1313 2568 1449 2633 iuratum
1472 2570 1577 2633 dicere

219 2687 226 2702 ⁸
258 2661 406 2736 audistis,
428 2661 488 2725 sibi
510 2661 606 2726 iatum
628 2661 791 2746 negotium
812 2661 936 2724 dedisse
958 2668 1055 2746 atque
1076 2659 1268 2743 imperasse,
1296 2667 1333 2724 ut
1355 2662 1577 2746 Centuripinis,

116 2823 119 2828 ,
205 2755 440 2844 κωίυὴᾳίγίίαὶθ
462 2753 560 2818 totius
583 2755 709 2819 Siciliae
730 2755 830 2819 multo
853 2755 991 2819 maxima
1012 2761 1044 2818 et
1064 2754 1331 2838 locupletissima,
1353 2776 1447 2820 omne
1468 2777 1578 2840 argen-

257 2859 326 2914 tum
354 2849 555 2934 conquireret
582 2855 613 2913 et
643 2850 683 2913 ad
712 2869 747 2913 se
776 2849 965 2932 comportari
994 2849 1143 2912 iubereti
1178 2849 1295 2933 Agyrio
1321 2849 1465 2913 similiter
1485 2850 1577 2914 istius

257 2943 389 3027 imperio
409 2961 486 3008 rasa
508 2941 670 3008 Corinthia
689 2963 748 3028 per
763 2942 1010 3026 Apollodorum,
1033 2961 1129 3027 quem
1150 2948 1260 3006 testem
1274 2942 1422 3019 audistis,
1445 2942 1578 3027 Syracu·

258 3058 309 3104 sas
331 3037 497 3121 deportata
518 3044 601 3102 sunt
632 3033 685 3102 tt.
706 3037 766 3102 illa
779 3055 855 3101 vero
871 3037 1008 3120 optima,
1029 3035 1134 3121 quod,
1156 3057 1226 3100 oum
1240 3036 1426 3100 Haluntium
1439 3037 1579 3102 venisset

145 3205 157 3263 f
220 3131 645 3295 ..tt‘tltliitttt
659 3129 908 3311 latinii
924 3130 1578 3308 itittiliitiil'tditl

151 3273 159 3291 f
893 3270 904 3300 1
1387 3272 1397 3302 2

145 3266 159 3314 t
257 3341 322 3387 non
344 3319 447 3385 solum
469 3319 571 3397 domi,
600 3320 656 3384 sed
678 3327 745 3385 tota
767 3319 927 3384 Siciliain
956 3320 1068 3402 primis
1090 3319 1246 3392 nobilem,
1282 3321 1387 3383 vocari
1408 3321 1519 3385 iussit:
1548 3323 1577 3385 ei

257 3414 420 3498 negotium
442 3413 546 3490 dedit,
567 3421 621 3490 ut,
644 3415 802 3500 quidquid
816 3413 959 3478 Haluntii
982 3420 1066 3478 esset
1079 3413 1201 3498 argenti
1216 3413 1343 3490 caelati,
1365 3423 1435 3492 aut,
1457 3415 1577 3500 siquid

323 3695 347 3745 4.
365 3695 392 3746 in
409 3693 591 3759 qoadcdioii.
606 3719 634 3730 -·
647 3695 672 3745 2.
686 3692 856 3744 comatam
871 3719 898 3729 -
912 3693 936 3744 3.
949 3691 1126 3745 ementiti:
1145 3693 1433 3746 macresceret.
1446 3694 1475 3746 0.
1491 3720 1519 3732 -
1531 3694 1578 3746 ab·

255 3769 386 3823 citocatiae
401 3769 430 3820 14.
451 3795 478 3806 ·-
497 3766 522 3818 i.
541 3767 630 3818 arabis
646 3767 692 3818 Gi.
712 3795 740 3804 -
758 3769 782 3818 t.
801 3767 932 3820 Calactino
949 3770 1032 3834 Lgiti3
1055 3770 1196 3820 Galaertioo
1212 3767 1268 3820 rell.
1288 3771 1365 3834 lagg.
1386 3796 1414 3806 -
1431 3771 1578 3820 iacoiionim

258 3848 278 3899 14
295 3846 322 3896 et
337 3859 363 3896 v.
382 3844 406 3894 6.
424 3842 521 3893 beatio.
542 3869 569 3880 -
588 3843 613 3892 7.
632 3841 738 3892 cenobia
752 3843 787 3893 14;
813 3844 933 3894 comedat
949 3846 978 3895 0.
999 3873 1025 3883 ·-
1044 3845 1084 3896 ilie
1101 3843 1136 3895 143
1148 3845 1184 3895 Ε;
1210 3844 1248 3894 iiii
1263 3844 1327 3895 dett.
1347 3845 1375 3895 0.
1396 3871 1423 3882 -
1441 3847 1527 3908 adpos.
1545 3846 1574 3897 14.

259 3949 287 3960 -
305 3922 331 3971 9.
348 3919 490 3971 amimae
506 3918 555 3969 ua:
574 3917 678 3968 cmbhte
693 3917 727 3978 14;
745 3917 894 3969 marnatis
905 3918 969 3970 dett.
983 3920 1013 3981 0,
1031 3920 1103 3983 quod
1115 3917 1232 3970 Halmius
1242 3919 1356 3971 retinuit.
1375 3921 1412 3970 lc
1423 3931 1488 3970 sene
1499 3919 1575 3982 intra,

257 3994 410 4059 ubicunque
432 3994 467 4045 de
490 3991 604 4059 plurium
620 4005 747 4044 vesorum
764 3991 930 4044 emblematis
947 3994 1045 4058 agitur,
1068 4007 1176 4058 semper
1191 3991 1298 4058 pluralis
1315 3993 1420 4058 legitur,
1444 3995 1503 4059 qui,
1527 3995 1577 4047 nisi
1650 3993 1657 4005 '

257 4071 398 4123 estimato
414 4081 496 4122 sensu
513 4067 650 4120 collectivo
666 4069 789 4133 accipere
807 4067 882 4130 licet,
905 4069 957 4120 hoc
974 4082 1081 4134 quoque
1104 4068 1162 4121 loco
1179 4068 1368 4133 praeferendus
1384 4069 1496 4121 videtur.
1516 4069 1577 4134 [cot-

257 4146 369 4198 biematis
384 4158 428 4197 me
445 4145 525 4197 invito
542 4143 585 4195 ed.
604 4144 674 4209 Lips.
693 4141 783 4195 babet.
802 4143 895 4209 11111.)
915 4172 941 4181 -
960 4149 1089 4207 tachiom
1104 4144 1141 4195 143
1152 4141 1168 4194 λ
1179 4143 1216 4195 E:
1238 4144 1311 4206 quasi
1328 4143 1391 4196 deit.
1410 4145 1440 4196 0.
1460 4172 1488 4182 -
1505 4146 1578 4210 ferti-

256 4234 315 4272 oom
333 4221 356 4284 (i
372 4233 409 4271 m.
426 4218 549 4285 scalmum)
568 4231 673 4269 acram
688 4220 719 4270 14.
738 4244 765 4255 ·-
793 4220 834 4270 to.
851 4218 1041 4282 inspectantibus
1057 4218 1121 4270 dett.
1140 4219 1168 4269 0.
1194 4245 1222 4254 -
1249 4218 1373 4270 molimdis
1389 4219 1439 4282 143,
1456 4217 1474 4270 λ
1490 4221 1575 4285 Lglti:

175 4318 179 4326 ·
255 4296 368 4349 odanda
384 4296 418 4356 E;
445 4295 574 4346 avcdmda
590 4294 654 4346 dett.
673 4295 703 4346 0.
730 4322 757 4331 -
785 4295 826 4345 ll.
843 4308 888 4346 aec
903 4309 965 4358 opos
981 4294 1028 4344 Ld.
1054 4321 1082 4332 -
1109 4295 1149 4345 44.
1167 4306 1245 4357 oeque
1261 4295 1315 4361 dcci
1332 4295 1363 4345 Gt
1384 4293 1575 4360 1111349.-

256 4377 356 4424 mium
371 4371 408 4422 143
420 4369 453 4422 λι
471 4375 569 4422 metae
584 4371 657 4422 niodo
674 4369 738 4421 dett.
752 4371 781 4422 0.
794 4396 822 4409 -
836 4371 877 4422 46.
896 4376 956 4422 esset
971 4373 1036 4420 vent.
1054 4369 1119 4421 dett.
1137 4369 1166 4420 0.
1182 4370 1262 4420 -11,
1280 4369 1310 4420 de
1321 4371 1348 4420 et
1359 4368 1511 4434 deiudepro
1522 4385 1575 4424 om.

258 4448 336 4513 igit.
351 4473 378 4484 -
392 4446 433 4498 49.
446 4446 632 4510 dionudarcmn
642 4448 673 4499 14.
684 4474 712 4483 -
722 4446 764 4497 40.
774 4458 929 4510 proagonim
938 4443 1007 4509 ugso
1018 4445 1051 4495 Gi
1062 4458 1068 4494 :
1078 4457 1248 4510 mooqrosum
1260 4445 1398 4510 (expuncta
1410 4446 1497 4498 media
1507 4448 1530 4511 r)
1542 4450 1576 4510 14;

255 4537 305 4588 pro
315 4535 438 4588 agrem
450 4523 487 4574 Gi
499 4521 547 4574 bd.
561 4549 588 4560 -
602 4523 643 4575 44.
656 4523 811 4587 afferendum
822 4518 867 4573 iii
878 4522 910 4571 Gt
923 4521 939 4570 4
952 4519 1040 4585 (seda
1051 4519 1127 4584 odil:
1146 4521 1296 4584 offerendum
1308 4520 1369 4581 1.(1.;
1382 4523 1499 4588 basem
1511 4522 1575 4576 dett.

257 4599 287 4649 0.
307 4625 335 4635 -
352 4595 518 4659 murciam
533 4597 615 4662 igit:
641 4598 794 4649 Pbiiiareimi
810 4599 847 4658 14;
870 4595 1027 4647 Pdiiarcbrea
1047 4596 1092 4646 ott.
1116 4595 1144 4647 0.
1167 4593 1201 4646 ci.
1219 4594 1295 4660 adg.
1313 4595 1355 4647 49.
1375 4625 1402 4636 -
1420 4599 1578 4662 cmtupim

256 4675 286 4725 14.
301 4700 329 4710 -
348 4671 389 4725 ai.
407 4673 567 4736 inponere
583 4673 631 4725 1.(1.
649 4673 756 4725 detto.
771 4700 799 4711 -
817 4671 983 4734 Gmtodmois
994 4669 1072 4722 codd.
1084 4669 1151 4720 noti:
1171 4669 1309 4734 &muricis
1319 4673 1355 4722 St.
1368 4673 1425 4724 Lo.
1440 4701 1468 4711 -
1485 4675 1526 4726 25.
1538 4675 1577 4726 lo-

257 4747 393 4812 apicum
408 4750 445 4807 14;
463 4755 487 4800 ct
503 4749 594 4813 locspi.
613 4761 666 4801 om.
685 4749 763 4813 legg.
783 4775 811 4784 -
829 4748 869 4799 46.
888 4747 1033 4811 conportari
1048 4747 1078 4798 14.
1097 4773 1125 4783 -
1143 4746 1184 4798 48.
1202 4747 1296 4809 mama
1311 4752 1346 4799 est
1361 4747 1438 4799 codd.
1456 4750 1519 4800 noti.
1544 4751 1578 4800 at

258 4822 291 4876 cl.
310 4822 397 4874 Madv.
416 4824 464 4889 0p.
482 4825 502 4875 1.
520 4837 547 4889 p.
566 4823 623 4875 360.
642 4825 672 4876 C.
692 4826 721 4875 G.
733 4823 868 4876 Dietrichii
885 4824 998 4888 quaesit.
1012 4834 1124 4886 mamm.
1139 4825 1165 4873 et
1180 4822 1246 4874 critt.
1261 4823 1338 4887 (nipe.
1351 4823 1434 4888 ⁴835.)
1451 4837 1478 4889 p.
1491 4823 1523 4876 48
1534 4837 1575 4890 sq.

258 4900 370 4964 (mimia
386 4899 425 4964 14.)
445 4925 472 4936 -
490 4899 638 4950 ilatum
655 4899 798 4964 (tuendam
814 4900 843 4962 14)
861 4898 914 4950 ua:
931 4900 966 4950 cd
981 4898 1039 4950 liat.
1058 4897 1121 4948 dett.
1140 4901 1169 4949 0.
1181 4925 1209 4934 -
1227 4898 1268 4950 49.
1287 4899 1401 4951 madere
1415 4900 1495 4952 aoioit
1509 4899 1574 4952 dett.

257 4975 287 5026 0.
308 5002 335 5013 -
354 4975 395 5028 30,
413 4987 516 5026 wareo
531 4975 560 5026 14.
580 4998 609 5011 -
628 4975 794 5040 wabapatom
809 4973 972 5037 Hdpotioom
988 4975 1009 5025 14
1026 4973 1061 5036 (et
1076 4974 1115 5024 sic
1130 4973 1196 5025 inira
1214 4974 1382 5041 archagatro).
1402 5001 1429 5012 -
1453 4975 1492 5026 34.
1510 4976 1576 5026 danii

258 5061 319 5101 roae
334 5047 399 5102 dett.
417 5050 446 5101 0.
467 5077 494 5088 -
513 5049 554 5101 32.
572 5049 690 5114 alioquid
705 5049 734 5101 14.
750 5075 777 5086 -
789 5049 885 5114 tapeti
900 5049 934 5110 li;
951 5049 1055 5102 flama
1070 5049 1132 5104 cett.
1145 5049 1223 5104 codd.
1238 5073 1265 5087 —
1279 5049 1352 5103 celati
1363 5050 1393 5102 14.
1407 5075 1436 5090 -
1447 5050 1470 5102 ei
1480 5050 1533 5116 aab
1543 5051 1573 5106 14.
