3610 5860
573 488 1088 578 cn.v1-vn.qq.u-le.
1192 566 1201 580 ,
1431 493 1492 559 aas

176 665 216 730 ad
237 665 391 740 tabulam,
412 663 527 728 licetur
545 664 715 740 Aebutium
738 663 936 730 deterrentur
958 671 1115 748 emptores
1130 647 1235 740 multi,
1256 648 1379 750 partim¹
1393 667 1493 750 gratia

177 760 384 834 Caesenniae,
411 757 526 842 partim
548 761 643 822 etiam
663 762 776 841 pretio.
816 759 944 821 Fundus
967 759 1124 822 addicitur
1145 761 1298 834 Aebuti03
1325 760 1492 842 pecuniam

174 852 351 936 argentario
380 851 536 935 promittit
562 853 729 916 Aebutius:
760 874 823 938 quo
852 853 1032 917 testimonio
1061 873 1145 916 nuno
1166 855 1216 917 vir
1237 854 1372 936 optimus
1394 854 1493 916 utitur

175 948 234 1012 sibi
257 952 396 1031 emptum
418 966 505 1020 esse,
534 947 623 1030 quasi
652 967 728 1011 vero
755 956 810 1010 aut
839 965 897 1009 nos
920 948 950 1009 ei
972 966 1123 1029 negemus
1146 945 1321 1021 addictum,
1351 955 1404 1010 aut
1424 953 1492 1009 turn

173 1043 339 1126 quisquam
360 1039 470 1115 luerit,
493 1043 548 1124 qui
570 1041 742 1116 dubitaret,
765 1043 841 1125 quin
865 1049 1021 1104 emeretur
1043 1041 1249 1115 Caesenniae3
1278 1060 1347 1103 oum
1369 1039 1403 1101 id
1425 1041 1516 1122 ple-s

172 1136 264 1219 rique
286 1136 417 1208 scirent,
440 1153 549 1196 omnes
570 1133 636 1197 fere
659 1135 837 1209 audissent,
860 1135 911 1216 qui
925 1155 985 1198 nou
998 1135 1145 1208 audisset,
1169 1135 1197 1196 is
1213 1134 1394 1196 coniectura
1408 1153 1493 1196 asse-

173 1229 227 1311 qui
250 1235 375 1310 posset,
406 1249 476 1291 oum
504 1229 639 1312 pecunia
661 1227 852 1293 Caesenniae
874 1250 915 1293 ex
937 1230 991 1291 illa
1013 1227 1189 1292 hereditate
1211 1227 1392 1301 deberetur,
1423 1246 1492 1289 eam

171 1342 267 1406 porro
288 1323 321 1384 in
336 1321 475 1406 praediis
491 1323 638 1385 collocari
654 1324 790 1387 maxime
806 1324 985 1406 expediret,
1009 1329 1114 1386 essent
1127 1330 1233 1386 autem
1247 1320 1387 1404 praedia,
1410 1340 1492 1404 quae

172 1415 298 1480 mulieri
320 1417 456 1478 maxime
478 1417 700 1492 convenirent,
723 1436 760 1478 ea
781 1417 941 1490 venirent,
963 1416 1111 1479 liceretur
1124 1414 1167 1490 is,
1191 1435 1284 1498 quem
1301 1413 1492 1478 Caesenniae

173 1511 248 1574 dare
270 1529 397 1596 operam
421 1530 512 1574 nemo
535 1511 715 1585 miraretur,
739 1511 800 1574 sibi
822 1530 925 1573 emere
939 1531 1033 1574 nemo
1048 1517 1158 1593 posset
1170 1510 1334 1592 suspicari.
1361 1502 1529 1574 i7.}1aeu

173 1605 332 1688 emptione
353 1602 437 1667 iacta
457 1604 591 1687 pecunia
612 1603 745 1667 solvitur
765 1625 784 1667 a
807 1604 996 1668 Caesennia:
1025 1606 1115 1668 cuins
1137 1604 1183 1666 rei
1204 1611 1294 1688 putat
1316 1604 1376 1665 iste
1397 1602 1493 1665 ratio-

171 1720 245 1762 nem
266 1698 357 1761 reddi
379 1719 443 1760 non
465 1718 577 1781 posse,
600 1699 684 1782 quod
707 1700 776 1783 ipse
797 1697 920 1762 tabulas
942 1700 1106 1763 averterit:
1129 1720 1163 1761 se
1185 1704 1289 1761 autem
1308 1696 1426 1760 habere
1444 1715 1493 1758 ar-

172 1792 305 1876 gentarii
327 1791 465 1867 tabulas,
488 1793 521 1856 in
543 1794 659 1877 quibus
683 1794 742 1856 sibi
767 1813 906 1876 expensa
926 1794 1063 1877 pecunia
1083 1793 1146 1858 lata
1167 1793 1209 1855 sit
1230 1797 1422 1875 acceptaque
1443 1810 1493 1852 re·

171 1888 251 1950 lata:
273 1888 365 1969 quasi
387 1886 421 1948 id
441 1887 533 1950 aliter
554 1885 621 1950 fieri
643 1888 825 1972 oportuerit.
859 1887 935 1952 Cum
958 1889 1063 1951 omnia
1084 1889 1127 1952 ita
1147 1887 1230 1951 iacta
1252 1891 1374 1958 essent,
1397 1904 1492 1968 quem

159 1982 213 2045 ad
235 1981 362 2044 modum
384 2001 442 2048 nos
465 1982 678 2059 defendimus,
710 1982 883 2046 Caesennia
903 1981 1035 2046 firndum
1055 1981 1199 2065 possedit
1219 1980 1414 2062 locavitque,
1435 1999 1529 2046 ne-ss

172 2095 234 2160 que
263 2075 307 2137 ita
334 2076 431 2139 multo
460 2083 533 2158 post
559 2078 597 2149 Α.
621 2078 772 2140 Caecinae
800 2078 917 2160 nupsit.
952 2077 991 2138 Ut
1013 2076 1045 2138 in
1067 2096 1167 2158 panca
1189 2075 1365 2149 conteram,
1397 2079 1493 2136 testa-

171 2176 278 2233 mento
299 2167 382 2233 lacto
404 2170 518 2232 mulier
539 2171 687 2233 moritur:
708 2170 785 2235 iacit
804 2171 954 2235 heredem
976 2189 1017 2232 ex
1038 2170 1159 2233 deunce
1182 2177 1212 2233 et
1234 2169 1395 2232 semuncia
1415 2167 1492 2230 Cae·

171 2262 291 2336 cinam,
315 2282 355 2324 ex
377 2262 497 2327 duabus
520 2264 652 2327 sextulis
666 2265 708 2328 M.
723 2265 899 2330 Fulcinium
914 2265 1060 2327 libertum
1075 2264 1245 2348 superioris
1259 2264 1336 2338 viri3
1357 2261 1491 2325 Aebutio

170 2356 327 2419 sextulam
355 2355 523 2439 adspergit.
565 2357 655 2419 Hanc
676 2359 831 2422 sextulam
853 2359 908 2422 illa
929 2357 1104 2422 mercedem
1126 2359 1178 2422 isti
1200 2377 1270 2421 esse
1292 2357 1393 2420 voluit
1413 2356 1492 2419 assi-

170 2450 299 2513 duitatis
322 2457 354 2512 et
375 2449 556 2526 molestiae,
579 2454 605 2514 si
629 2471 723 2534 quam
745 2460 881 2537 ceperat.
907 2453 969 2516 Iste
991 2459 1095 2515 autem
1116 2451 1178 2515 hac
1192 2451 1318 2514 sextula
1333 2471 1367 2514 se
1382 2469 1528 2516 ansamxo
1629 2498 1654 2512 ,

169 2543 306 2607 retinere
329 2545 469 2608 omnium
491 2546 772 2609 controversiarum
794 2553 893 2631 putat.

253 2638 320 2702 le.
343 2633 393 2702 l8.
417 2641 482 2702 lam
510 2640 666 2723 principio
696 2661 790 2703 ausus
821 2649 869 2704 est
897 2641 1016 2716 dicere,
1042 2661 1107 2704 non
1129 2660 1225 2723 posse
1246 2638 1397 2702 heredem
1420 2657 1490 2702 esse

169 2732 362 2797 Caesenniae
390 2733 571 2808 Caecinam,
604 2735 689 2817 quod
717 2734 744 2796 is
774 2735 928 2798 deteriore
957 2737 1025 2799 iure
1052 2744 1136 2798 esset
1165 2755 1260 2818 qnam
1287 2732 1383 2795 ceteri
1405 2734 1490 2796 cives

166 2835 298 2909 propter
329 2827 563 2891 incommodum
591 2829 863 2891 Volaterranorum
897 2827 1167 2913 calamitatemque
1201 2828 1335 2892 civilem.
1376 2827 1489 2912 Itaque

167 2919 263 2984 homo
286 2920 415 2983 timidus
438 2921 684 3005 imperitasque,
706 2922 760 3005 qni
783 2942 888 3006 neque
909 2922 1006 2985 animi
1027 2943 1132 3006 neque
1150 2922 1273 2986 consilii
1296 2921 1372 2985 satis
1393 2922 1526 2988 habe-as

166 3021 231 3090 ret,
252 3033 318 3076 non
340 3014 461 3097 putavit
476 3035 545 3079 esse
566 3017 644 3080 tanti
665 3015 889 3091 hereditatem,
911 3023 945 3079 ut
961 3015 999 3078 de
1015 3016 1139 3081 civitate
1158 3019 1190 3079 in
1207 3017 1336 3080 dubium
1350 3017 1488 3094 veqiret:

168 3107 341 3182 concessit,
371 3107 483 3183 oredo,
512 3109 668 3183 Aebutio,
696 3119 847 3192 quantum
868 3109 964 3172 vellet
986 3109 1025 3172 de
1048 3110 1241 3173 Caesenniae
1261 3111 1355 3173 bonis
1377 3118 1412 3173 ut
1432 3111 1489 3174 ha·

165 3203 263 3264 beret
304 3201 420 3276 Immo,
443 3209 479 3264 ut
499 3202 568 3265 viro
590 3201 665 3264 forti
688 3221 724 3264 ao
746 3202 879 3285 sapienti
901 3201 1029 3284 dignum
1050 3202 1126 3278 fuit,
1148 3205 1193 3265 ita
1208 3203 1397 3268 calumniam
1411 3205 1489 3268 stul-

54 3377 56 3380 ,
166 3295 332 3379 litiamque
362 3295 429 3358 eius
459 3296 585 3359 obtrivit
613 3315 649 3357 ao
678 3294 832 3357 contudit.
875 3290 925 3357 49.
946 3295 983 3357 ln
1011 3295 1212 3379 possessione
1238 3297 1395 3360 bonorum
1415 3318 1488 3360 enm

167 3395 251 3451 esset
279 3394 311 3449 et
340 3407 411 3450 oum
433 3389 493 3451 iste
519 3389 675 3452 sextulam
698 3407 784 3450 suam
807 3388 940 3451 nimium
962 3395 1181 3471 exaggeraret,
1209 3391 1338 3452 nomine
1359 3389 1524 3457 heredisao

167 3481 316 3545 arbitrum
336 3481 474 3545 familiae
494 3481 721 3546 herciscundae
743 3482 922 3566 postulavit.
953 3483 1058 3567 Atque
1081 3482 1144 3544 illis
1162 3484 1271 3564 paucis
1288 3483 1409 3558 diebus,
1430 3504 1488 3566 po-

168 3581 329 3659 steaquam
360 3575 461 3650 videt,
489 3575 569 3638 nihil
597 3595 631 3639 se
661 3575 700 3639 ab
722 3577 758 3640 h.
781 3576 915 3640 Caecina
942 3595 1038 3661 posse
1059 3576 1163 3640 litium
1184 3584 1303 3640 terrore
1324 3577 1486 3652 abradere,

166 3668 287 3732 homini
308 3670 425 3732 Romae
445 3670 480 3732 in
500 3669 570 3732 foro
593 3670 776 3746 denuntiat,
797 3670 932 3734 fundum
954 3671 1062 3746 illum,
1085 3669 1124 3733 de
1147 3691 1211 3754 quo
1232 3677 1305 3734 ante
1326 3671 1409 3748 dixi,
1431 3693 1487 3738 ou-

232 3934 255 3984 4.
272 3933 359 3998 pratia
376 3945 428 3983 om.
448 3931 476 3983 Τ.
496 3958 524 3968 -
542 3933 566 3982 2.
585 3933 660 3983 etiam
676 3946 737 3984 cum
754 3931 854 3982 Iuntina
873 3945 926 3982 om.
945 3933 973 3982 L.
987 3958 1014 3978 -τ
1033 3932 1058 3982 a.
1077 3929 1200 3981 dubitaret
1215 3931 1281 3982 ET:
1301 3929 1421 3982 dubimiit
1435 3934 1485 3985 Rh

165 4008 249 4064 LTO.
264 4035 291 4044 -
311 4008 335 4058 6.
353 4007 489 4070 accusent,
507 4008 551 4070 qui
566 4022 616 4058 uou
632 4009 751 4070 audisset,
769 4009 791 4056 is
807 4021 828 4057 o.
842 4019 868 4056 a.
878 4011 960 4068 posset
976 4019 1041 4056 nos:
1061 4006 1200 4066 audisset,
1218 4005 1243 4055 li
1258 4004 1290 4071 (is
1301 4007 1333 4068 Τ,
1351 4008 1389 4058 his
1404 4009 1484 4077 Eky,

163 4083 195 4132 iis
212 4095 277 4142 em,
299 4083 347 4132 hiis
362 4097 405 4148 pq
416 4086 438 4144 t,
462 4084 481 4132 ii
496 4080 524 4146 β]
541 4083 684 4133 coniectura
700 4083 797 4144 assequi
810 4087 908 4145 possent
924 4079 1066 4134 naulo
1089 4079 1238 4144 (amasus
1261 4082 1282 4131 si
1300 4083 1342 4144 qui
1356 4084 1421 4147 sorte
1436 4098 1486 4136 aaa

164 4158 299 4220 audmeut,
317 4157 343 4206 hi
358 4172 380 4208 c.
399 4171 424 4208 a.
440 4164 538 4221 possem
554 4159 600 4208 Th.
619 4159 779 4218 Mommsen3
807 4159 931 4208 audissent
946 4161 969 4206 el
984 4156 1006 4204 si
1023 4156 1077 4217 quis
1092 4170 1142 4205 uon
1159 4157 1279 4218 audisset,
1306 4158 1328 4207 is
1344 4160 1486 4210 coniectura

164 4233 261 4293 assequi
274 4237 354 4294 posset
370 4233 494 4298 Spengel;
513 4235 650 4295 audissast,
669 4235 708 4284 lie
726 4233 855 4298 (Caecina)
872 4245 894 4282 c.
908 4246 933 4281 a.
949 4239 1030 4295 posset
1041 4230 1220 4296 Wesenberg
1240 4233 1413 4284 audiueutcsl
1429 4249 1486 4284 eou-

162 4309 259 4358 iectura
275 4309 377 4370 adsequi
390 4315 488 4370 possent
504 4307 617 4359 Klotzius
635 4309 660 4358 in
679 4309 721 4359 ed.
738 4306 796 4364 all.;
815 4308 952 4368 audissent,
969 4308 991 4356 si
1006 4307 1100 4368 miuus,
1120 4308 1262 4358 coniectura
1273 4309 1375 4372 adsequi
1387 4315 1487 4371 possent

163 4383 235 4433 idem
252 4383 279 4433 in
296 4384 452 4446 prooemio.)
470 4411 498 4420 —
517 4385 557 4433 46.
572 4385 650 4447 possit
666 4397 705 4433 aa
720 4383 767 4447 (ps.
781 4383 827 4444 m.)
840 4385 889 4444 ql;
904 4382 1045 4445 posscET.
1060 4410 1087 4418 —
1107 4381 1147 4433 44.
1163 4382 1220 4447 {tesi
1236 4395 1288 4433 om.
1303 4385 1330 4434 L.
1346 4409 1375 4422 -
1395 4384 1435 4434 46.
1447 4385 1485 4435 ito
1518 4403 1525 4416 ·

163 4472 216 4510 om.
235 4459 263 4508 T.
285 4484 310 4494 -
341 4459 381 4508 li.
399 4459 520 4508 sauuutia
537 4459 564 4508 T.
585 4486 612 4493 —
640 4459 680 4509 48.
699 4458 803 4508 liberum
819 4458 847 4507 T.
869 4483 895 4492 -
923 4459 963 4508 49.
983 4457 1093 4521 aspergit
1109 4457 1137 4508 E.
1158 4483 1185 4492 -
1212 4457 1253 4507 isti
1269 4459 1327 4522 esse]
1345 4459 1390 4508 iste
1405 4459 1433 4508 T.
1454 4485 1481 4494 —

162 4533 202 4586 2⁰.
221 4536 320 4595 ceperat
336 4533 369 4592 T,
387 4539 502 4596 caeperat
518 4534 553 4584 E:
571 4539 711 4597 uaoepual
727 4531 867 4587 444460.
895 4531 932 4584 Cl.
951 4545 977 4597 p.
997 4529 1065 4581 Sulla
1083 4532 1107 4596 ἓ.
1127 4533 1150 4583 4.
1170 4530 1239 4584 Lael.
1259 4533 1283 4598 ἓ.
1302 4533 1342 4584 944.
1362 4558 1391 4571 -
1409 4547 1485 4584 amas

162 4609 196 4668 n;
216 4593 483 4672 encaustae.
503 4609 688 4673 sessioque.
709 4608 995 4673 -eeusqesun
1016 4609 1102 4660 -sa
1122 4611 1415 4674 accumulatur.
1443 4610 1481 4662 ci.

98 4695 103 4710 ·
163 4695 217 4736 var.
236 4680 297 4733 lect.
311 4681 335 4746 ᾖ.
348 4681 372 4730 7.
387 4709 415 4718 -
432 4683 473 4733 68.
490 4685 667 4746 stultitiamque
683 4685 735 4734 citu
750 4685 814 4734 ET:
833 4684 1010 4746 stultitiamque
1028 4685 1090 4747 (om.
1103 4685 1162 4748 eius)
1180 4683 1323 4740 RALCO.
1339 4715 1366 4725 -
1383 4687 1484 4736 balmu-

158 4757 248 4819 puiam
263 4769 288 4805 v.
308 4768 332 4806 o.
350 4754 377 4805 in
393 4769 446 4820 mg.
459 4755 486 4810 6.
507 4785 534 4793 -
553 4759 593 4808 29.
607 4757 720 4809 obsteiuil
736 4759 755 4810 T
773 4763 799 4811 el
815 4773 854 4824 pr.
874 4760 903 4809 Ε.
929 4786 956 4794 -
983 4773 1014 4809 oe
1029 4759 1147 4824 contudit]
1171 4760 1210 4811 De
1227 4759 1354 4824 particula
1372 4775 1403 4812 ac
1422 4764 1482 4812 ante

162 4828 292 4893 syllabam
308 4843 355 4879 cou
370 4833 452 4894 posita
471 4831 502 4882 cl.
521 4832 546 4896 S.
565 4834 620 4884 444.;
647 4847 677 4882 ae
693 4833 803 4884 convelli.
822 4833 896 4884 Verr.
914 4835 971 4884 liet.
988 4835 1008 4884 Ι.
1027 4833 1051 4898 S.
1070 4834 1123 4886 aa:
1148 4849 1179 4885 ae
1195 4837 1330 4888 cumulare.
1348 4849 1375 4902 p.
1394 4834 1482 4888 Caelio

162 4905 186 4968 Β.
204 4905 258 4956 aa:
281 4918 313 4956 ac
332 4906 503 4958 continentias.
524 4935 551 4945 —
573 4910 734 4971 possessiones
754 4907 1048 4974 ETVGabepqtli.
1069 4937 1095 4946 --
1121 4909 1161 4961 36.
1181 4915 1204 4960 et
1219 4912 1284 4976 cum]
1302 4925 1315 4962 s
1331 4925 1387 4962 cum
1404 4913 1432 4962 T.
1452 4937 1479 4946 -

159 4980 205 5031 iste
222 4995 284 5032 oum
301 4981 421 5032 Sohtitzio
439 4982 471 5032 0:
491 4983 544 5046 ipsc
559 4981 676 5039 ilhht.
701 4985 782 5047 (utam
799 4983 994 5046 Pantagathus.)
1014 5011 1041 5021 -
1063 4985 1168 5034 simiam
1184 4985 1214 5034 Α.
1235 5010 1263 5020 —-
1288 4985 1328 5034 34.
1348 4985 1482 5034 arhiuium

161 5055 251 5108 Tlrm.
279 5083 306 5092 -
330 5055 504 5108 lueiseumca
527 5059 624 5109 EGA:
651 5059 794 5108 deusdedi
819 5059 851 5120 T;
877 5059 1036 5110 erciscundae
1057 5059 1141 5113 1220.
1171 5083 1199 5096 -
1219 5060 1363 5122 postulauit.
1394 5060 1481 5120 ltaque

160 5129 261 5193 Kayser
271 5130 378 5181 lietoldi.
390 5131 491 5182 luisti.
510 5131 582 5183 4864.
600 5145 627 5196 p.
641 5133 697 5182 686.
712 5159 739 5170 -
757 5133 814 5195 iilis]
830 5133 1031 5184 istcSohiitzius.
1094 5133 1134 5185 34.
1153 5133 1186 5185 ab
1196 5133 1225 5185 A.
1239 5133 1354 5200 Caecius]
1373 5133 1405 5182 ab
1416 5145 1480 5183 auro

161 5203 203 5268 lex
218 5207 285 5272 aulo)
304 5208 336 5260 ab
351 5209 381 5260 Δ.
396 5210 503 5265 cuium
518 5221 567 5277 per
584 5208 785 5275 dittographiem
802 5208 830 5262 T.
849 5234 877 5244 —
896 5208 1029 5263 ciamus
1044 5209 1073 5262 T.
