3638 5868
303 431 366 503 362
673 439 717 504 lll
736 439 903 506 VERREM
922 439 1044 505 serlo
1066 438 1250 506 SECUNDA

303 607 448 674 audieras
469 615 501 672 et
520 607 604 672 bono
626 615 762 674 auctore.
799 609 861 685 Qui
883 610 916 673 id
937 615 1040 694 potes,
1068 609 1124 694 qui
1145 630 1186 674 ne
1207 629 1249 673 ex
1269 610 1336 676 riro
1357 609 1486 696 quidem
1507 611 1617 675 audire
1693 583 1701 602 ’

303 701 465 786 potueris?
506 703 628 768 Audisti
649 704 742 786 igitur
762 724 804 768 ex
824 703 969 778 muliere,
991 705 1138 789 quoniam
1159 704 1192 767 id
1212 705 1271 768 viri
1292 725 1352 769 neo
1372 704 1488 772 vidisse
1509 727 1618 790 neque

302 815 396 860 nosse
423 805 576 880 poterant
625 796 758 873 Qualem
789 817 882 884 porro
909 797 995 861 illum
1022 796 1171 862 feminam
1199 797 1296 862 finisse
1323 801 1454 883 putatis,
1486 799 1617 876 indices,

302 911 396 974 quam
426 890 584 974 pudieam,
615 910 696 975 quae
724 911 794 956 eum
822 891 919 955 Verre
951 891 1153 976 loqueretur?
1188 911 1284 976 quam
1311 893 1504 976 religiosam,
1534 915 1616 979 quae

277 985 427 1048 444044ιί4
447 984 601 1068 spoliandi
622 985 772 1048 rationem
794 985 995 1050 ostenderet?
1036 987 1085 1048 An
1106 984 1233 1048 minime
1259 985 1387 1061 mirum,
1419 1007 1500 1072 quae
1529 1008 1618 1053 saera

301 1098 359 1162 per
378 1097 532 1142 summam
553 1079 767 1143 castimoniam
788 1080 925 1144 virorum
953 1099 990 1144 ae
1010 1079 1175 1143 mulierum
1196 1078 1288 1153 liant,
1316 1079 1426 1144 eadem
1446 1101 1506 1164 per
1526 1082 1615 1146 istius

300 1179 444 1256 stuprum
458 1192 495 1237 40
508 1170 659 1256 flagitium
674 1193 744 1237 esse
758 1172 892 1237 violata?
923 1173 1033 1237 XLVI.
1048 1172 1132 1249 Quid
1146 1177 1244 1256 erqo?
1265 1174 1325 1239 hoo
1340 1174 1441 1238 solum
1456 1175 1616 1240 auditione

301 1273 450 1351 expetere
477 1269 597 1350 eoepit,
628 1287 699 1331 oum
720 1266 753 1332 id
773 1268 842 1350 ipse
863 1287 927 1331 non
947 1267 1098 1332 vidisset?
1140 1268 1239 1331 lmmo
1260 1289 1335 1333 vero
1356 1268 1418 1332 alia
1439 1269 1615 1353 complura:

301 1377 343 1424 ex
371 1360 485 1445 quibus
515 1361 628 1445 eligam
655 1361 874 1446 spoliationem
898 1361 1081 1426 nobilissimi
1110 1368 1205 1445 atque
1229 1362 1440 1446 antiquissimi
1464 1363 1543 1438 fani,
1575 1365 1615 1428 de

264 1467 365 1538 sequa
390 1455 494 1539 priore
526 1456 650 1520 notione
681 1462 777 1520 testes
810 1455 913 1519 disere
944 1455 1085 1520 audistis.
1132 1457 1232 1520 Nune·
1244 1456 1353 1521 eadem
1382 1455 1453 1532 illa,
1486 1477 1614 1542 quaeso,

298 1546 405 1612 audite
427 1555 459 1612 et
478 1548 652 1632 diligenter,
674 1551 755 1614 sieut
768 1549 870 1615 adbuc
883 1548 1013 1626 lecistis,
1035 1548 1194 1614 attendite.
1228 1544 1298 1612 toa.
1319 1549 1426 1616 Insula
1439 1556 1487 1614 est
1499 1551 1614 1628 Melita,

299 1639 430 1716 iudices,
452 1643 526 1706 satis
548 1643 611 1706 lato
634 1645 775 1708 aSioilia
788 1645 865 1708 mari
883 1644 1121 1728 periculosoque
1142 1643 1294 1707 diiuncta:
1317 1644 1350 1708 in
1365 1664 1429 1728 qua
1442 1653 1491 1709 est
1504 1646 1615 1711 eodem

300 1736 429 1799 nomine
451 1737 611 1820 oppidum,
633 1759 696 1823 quo
717 1738 777 1802 iste
798 1759 969 1822 numquam
990 1739 1130 1813 accessit,
1153 1737 1238 1822 quod
1259 1745 1363 1803 tamen
1378 1739 1429 1802 isti
1443 1741 1614 1804 textrinum

299 1849 357 1914 per
378 1831 545 1896 triennium
567 1833 607 1897 ad
628 1831 813 1898 muliebrem
841 1839 959 1896 vestem
990 1832 1218 1897 conficiendam
1244 1833 1312 1897 finit.
1353 1833 1402 1896 Ab
1430 1853 1469 1898 eo
1497 1833 1614 1918 oppido

261 1935 364 1990 44404
385 1925 478 2008 longe
500 1928 533 1990 in
553 1929 768 2011 promontorio
790 1926 896 1991 lanum
919 1935 967 1990 est
987 1927 1115 1991 lunonis
1136 1927 1310 2011 antiquum,
1334 1927 1420 2010 quod
1442 1935 1529 1992 44444
1542 1929 1615 1993 reli·

298 2021 391 2102 340444
413 2041 538 2106 semper
557 2021 630 2096 luit,
658 2029 785 2086 utnon
813 2020 908 2085 modo
936 2021 998 2085 illis
1022 2021 1148 2084 Punicis
1175 2021 1284 2096 bellis,
1317 2041 1398 2105 quae
1425 2024 1458 2086 in
1478 2021 1528 2086 bis
1547 2023 1614 2088 lere

298 2114 376 2181 loois
398 2115 501 2181 novali
524 2115 614 2201 eopia
634 2122 724 2198 gesta
753 2125 847 2201 etque
873 2116 995 2180 'versata
1023 2123 1112 2190 sunt,
1142 2117 1199 2180 sed
1227 2118 1319 2180 etiam
1339 2117 1399 2180 bae
1420 2115 1614 2199 praedonum

299 2209 501 2276 multitudine
537 2229 661 2294 semper
697 2209 880 2275 inviolatum
916 2217 1122 2294 sanctumque
1155 2209 1259 2274 buerit
1313 2209 1399 2285 Quin
1431 2211 1524 2274 etism
1555 2211 1614 2276 boe

299 2305 469 2372 memoriae
489 2303 650 2388 proditum
671 2311 728 2380 est,
750 2305 851 2368 olesse
872 2304 1033 2390 quondam
1047 2304 1231 2370 Masinissae
1252 2304 1335 2387 regis
1356 2304 1397 2366 nd
1419 2325 1490 2369 eum
1510 2305 1614 2371 locum

261 2399 433 2485 soappulse
460 2399 655 2482 praefectum
682 2398 804 2482 regium
832 2400 943 2463 dentes
971 2400 1126 2462 eburneos
1153 2397 1330 2462 incredibili
1360 2400 1614 2482 magnitudines

297 2494 372 2560 iano
396 2494 562 2558 sustulisse
584 2499 617 2556 et
630 2513 686 2556 eos
700 2494 734 2556 in
748 2491 883 2558 Africam
898 2501 1040 2578 portasse
1055 2493 1304 2577 Masinissaeque
1320 2491 1466 2557 donasse.
1498 2496 1615 2578 Regem

297 2591 399 2674 primo
422 2587 611 2652 delectatum
633 2607 702 2651 esse
725 2607 871 2651 munere:
900 2597 981 2672 post,
1002 2589 1057 2652 ubi
1078 2587 1234 2662 audisset,
1261 2587 1346 2651 unde
1368 2595 1489 2663 essent,
1510 2591 1614 2655 statim

298 2690 398 2748 eertos
412 2681 555 2746 homines
570 2682 603 2745 in
617 2683 835 2768 quinqueremi
850 2685 982 2758 misisse,
1005 2682 1060 2766 qui
1075 2701 1129 2745 eos
1145 2681 1256 2745 dentes
1269 2690 1466 2766 reponerent.
1501 2683 1614 2768 ltaque

298 2779 331 2840 in
356 2777 395 2841 iis
414 2775 564 2860 seriptum
585 2775 698 2840 litteris
723 2777 848 2840 Punicis
866 2776 940 2840 luit:
963 2777 1078 2840 Reesrr
1098 2777 1293 2840 Masrrrssarr
1314 2795 1542 2842 rnrsrnnsrsn
1559 2797 1615 2842 sc·

136 2855 207 2938 &⁸3-
259 2881 437 2938 stcnrrssn:
469 2891 510 2935 as
538 2889 671 2934 coeurrs
700 2889 920 2934 nnronrsunos
948 2890 1090 2934 cvnsssn.
1120 2865 1213 2960 (lipsi
1239 2877 1401 2953 praeterea
1426 2891 1539 2955 magna
1566 2873 1614 2938 vis

298 2965 418 3041 eboris,
439 2965 536 3029 multa
557 2951 765 3041 ornamenta)
780 2965 813 3028 in
842 2966 957 3052 quibus
985 2966 1141 3030 eburneae
1163 2965 1334 3040 Victoriae,
1365 2965 1496 3049 antiquo
1517 2985 1614 3050 opere

297 3081 334 3126 ao
355 3080 476 3126 summa
497 3067 563 3124 arte
585 3059 751 3145 perlectae.
794 3056 866 3123 tol.
887 3061 973 3125 Haeo
994 3061 1052 3124 iste
1075 3061 1195 3135 omnia,
1218 3080 1258 3123 ne
1279 3059 1387 3122 multis
1409 3079 1528 3137 morer,
1549 3081 1613 3126 uno

296 3157 416 3240 impetu
436 3163 531 3240 atque
551 3173 616 3219 uno
634 3155 743 3219 nuntio
756 3175 814 3240 per
827 3175 934 3220 servos
948 3155 1112 3229 Venerios,
1133 3174 1212 3239 quos
1227 3153 1297 3217 eius
1310 3153 1356 3216 rei
1372 3173 1464 3218 eausa
1477 3156 1612 3233 miserat,

296 3249 436 3314 tollenda
456 3257 551 3334 atque
573 3248 761 3334 asportanda
781 3250 910 3314 curarit.
942 3249 1066 3312 XLVll.
1086 3249 1146 3312 l‘ro
1168 3249 1200 3310 di
1214 3245 1422 3312 immortales!
1446 3268 1539 3332 04044
1554 3269 1612 3333 eqo

259 3343 456 3410 sobominorn
484 3347 623 3410 aoeusoi
656 3363 750 3429 qoem
777 3345 899 3427 legibus
927 3351 984 3407 aut
1004 3337 1144 3406 iudiciali
1172 3341 1240 3405 iure
1261 3344 1456 3426 persequor?
1487 3342 1527 3406 de
1548 3363 1612 3428 quo
1690 3365 1694 3375 ·

362 3571 387 3620 4.
400 3573 481 3632 potest
497 3566 562 3618 dett.
581 3594 609 3605 ·-
627 3567 652 3618 2.
669 3579 715 3618 oso
729 3567 780 3618 044.
798 3567 819 3619 R
837 3569 873 3618 04
890 3565 951 3617 Ld.:
976 3579 1007 3616 oe
1023 3565 1074 3616 oid.
1093 3566 1142 3626 Gt;
1160 3577 1238 3628 osque
1252 3565 1302 3615 oid.
1322 3561 1386 3615 dett.
1405 3564 1434 3615 0.
1455 3590 1483 3602 -
1502 3563 1526 3616 3.
1543 3565 1613 3616 444404

297 3659 349 3698 om.
369 3641 386 3702 λ
402 3645 447 3696 Gi.
462 3670 490 3682 -
504 3644 612 3708 protestis
629 3641 666 3694 443
683 3644 711 3694 44
726 3643 809 3707 4349,
828 3643 872 3707 qui
889 3641 970 3693 babet
982 3643 1090 3705 potestis
1104 3641 1187 3705 potsse.
1203 3667 1230 3677 -
1246 3642 1270 3691 b.
1288 3640 1355 3690 saort
1371 3639 1452 3704 legi&
1470 3641 1613 3692 4404044444

296 3718 353 3772 rell.
367 3721 444 3784 lagg.
460 3746 487 3757 -
498 3723 550 3770 ras.
568 3723 613 3769 ost.
627 3717 705 3769 codd.
719 3719 786 3769 noti:
805 3723 850 3768 ost.
867 3722 918 3767 rot.
937 3717 966 3768 0.
981 3741 1008 3754 —
1023 3731 1058 3767 os
1073 3717 1110 3768 ne
1128 3715 1222 3779 (lledv.
1235 3727 1262 3780 p.
1275 3715 1340 3778 lbi:
1359 3715 1485 3777 ooL3293
1503 3721 1531 3766 ot
1546 3715 1611 3768 dett.

297 3797 326 3846 0.
344 3797 396 3858 [444
412 3795 508 3846 deinde
525 3795 552 3846 in
568 3795 637 3859 Lens
653 3792 710 3845 solo
728 3807 760 3844 ex
776 3793 859 3844 notis:
877 3793 977 3843 4044444
992 3797 1028 3843 ost
1041 3795 1143 3854 mimos,
1161 3793 1243 3852 recte,
1262 3792 1291 3840 ut
1306 3789 1431 3853 videtur]
1449 3817 1477 3828 -
1495 3791 1519 3841 6.
1536 3791 1614 3856 04404-

295 3883 357 3920 oms
372 3883 404 3920 00
419 3870 479 3920 mut.
497 3869 531 3920 de
549 3871 688 3921 llotomant
705 3870 773 3921 0044.
792 3871 821 3920 0.
837 3893 863 3904 -
875 3867 947 3934 flunt]
964 3873 1037 3919 uoot
1052 3870 1130 3931 legg.
1145 3893 1172 3902 -
1185 3867 1210 3917 8.
1223 3865 1355 3928 comploro
1364 3864 1457 3916 codd:
1475 3867 1614 3930 eompletis

297 3943 378 3996 Prisc.
396 3945 417 3994 l.
434 3956 462 4009 p.
480 3943 536 3996 ³l2.
558 3943 691 4009 (00044440
706 3944 744 4010 lt.)
769 3971 796 3982 -
819 3944 844 3995 0.
862 3957 940 3994 onem
955 3943 1046 4007 4440040
1066 3941 1125 3994 eod.
1144 3943 1199 3994 Urs.
1219 3943 1246 3991 et
1262 3939 1339 4003 Leti.
1360 3964 1387 3978 ·-
1408 3941 1448 3992 40.
1472 3947 1542 3994 tostos
1557 3955 1611 3993 orn.

297 4021 373 4084 Lgdtl.
389 4047 416 4058 -
436 4020 476 4072 44.
494 4020 525 4070 04
542 4021 593 4071 Sto.
605 4021 670 4072 dett.
689 4021 722 4072 ol.
741 4020 775 4071 ad
792 4020 849 4070 Dis.
869 4019 893 4084 5.
905 4019 946 4070 48.
962 4045 989 4056 -
1007 4019 1119 4069 44444040
1134 4019 1155 4069 R
1172 4030 1208 4067 m.
1220 4029 1263 4080 p.:
1281 4017 1403 4066 4444444040
1419 4017 1439 4067 0
1457 4020 1484 4067 44
1499 4018 1519 4068 ll
1535 4029 1572 4068 m.
1586 4018 1612 4069 2.

297 4109 366 4147 oorr.
381 4121 407 4136 ·-
428 4095 468 4148 44.
485 4097 583 4160 setas]
595 4098 773 4162 4440444440.
785 4109 822 4146 m.
836 4120 864 4134 -
887 4096 927 4146 44.
943 4095 1118 4158 monsontio
1134 4094 1169 4153 ll;
1183 4094 1357 4156 mommolo
1374 4092 1442 4156 [¹8²⁹
1454 4090 1568 4144 4444444.
1584 4119 1611 4130 -

296 4173 337 4222 44.
354 4171 546 4236 ooplo1prosls'o
562 4171 626 4223 dett.
645 4173 731 4223 Garat
750 4173 781 4222 44.
799 4170 868 4222 cont.
886 4171 946 4221 'lae
965 4171 1031 4221 bun.
1050 4169 1092 4220 lV.
1110 4169 1151 4219 no.
1168 4169 1245 4218 044440
1260 4168 1347 4218 400044
1362 4169 1437 4231 copto
1453 4168 1480 4218 et
1490 4167 1561 4218 cort.
1579 4167 1613 4218 nd

296 4245 356 4297 Sall.
375 4243 449 4297 Catil.
468 4247 508 4297 446.
528 4273 556 4286 ·-
574 4248 621 4300 boo
636 4249 657 4298 ll
674 4247 735 4299 nd:
759 4260 812 4298 om.
831 4248 865 4297 04
878 4246 908 4306 ²3
932 4247 960 4296 io
975 4247 1022 4296 400
1041 4244 1106 4295 dett.
1134 4244 1168 4294 at
1184 4243 1217 4295 ol.
1235 4241 1347 4294 Ellendt.
1365 4242 1399 4294 sd
1417 4245 1472 4295 Cio.
1491 4239 1525 4295 de
1542 4243 1612 4294 Orat.

297 4319 354 4371 Vol.
372 4321 403 4372 ll.
422 4333 448 4385 p.
462 4322 519 4372 tos.
534 4347 563 4360 -
577 4323 617 4374 48.
635 4335 731 4386 sonipes·
745 4322 821 4386 [04444
836 4321 887 4372 iou.
905 4326 983 4372 sooot.
1002 4320 1047 4371 G3.
1063 4345 1090 4355 -
1104 4319 1144 4370 49.
1163 4318 1401 4383 masmunster)
1418 4319 1447 4369 L.
1465 4317 1498 4368 ot.
1516 4318 1611 4369 Osann.

297 4396 332 4448 ed
348 4397 412 4461 llep.
430 4396 472 4446 Vl.
491 4409 517 4462 p.
538 4397 610 4457 460.;
636 4399 796 4450 Meminisses
811 4398 844 4449 Gt
865 4396 941 4461 Lgii.
967 4423 995 4434 -·
1019 4396 1059 4447 2⁰.
1079 4394 1187 4458 0404440
1204 4395 1234 4445 a.
1255 4420 1282 4430 -
1305 4392 1347 4444 44.
1364 4393 1392 4444 to
1407 4403 1461 4445 om.
1485 4393 1563 4456 Lagg.
1583 4418 1611 4429 -

295 4485 380 4536 resero
396 4471 494 4535 044440
511 4470 575 4523 dett.
594 4473 623 4523 0.
638 4499 666 4511 —
678 4473 719 4524 23.
738 4473 812 4524 certis
827 4472 936 4522 bmuloes
952 4472 988 4522 tm
1004 4485 1028 4534 q.
1040 4471 1070 4522 a.
1085 4497 1113 4508 -
1125 4466 1438 4533 suessonensis:
1456 4472 1613 4531 reporimus

184 4575 189 4584 ·
296 4547 360 4600 dett.
379 4547 408 4598 0.
429 4573 457 4583 -
474 4545 516 4598 ii.
538 4548 570 4601 tis
585 4548 620 4598 It:
646 4548 684 4598 bts
699 4549 729 4599 0.
749 4575 776 4585 -
794 4545 1131 4611 mopsuestensis:
1157 4545 1304 4608 imorem
1327 4543 1373 4595 ld.
1392 4542 1457 4594 dett.
1476 4544 1505 4594 0.
1526 4571 1553 4581 -
1571 4543 1612 4594 to·

292 4623 439 4687 pmdootem
454 4622 484 4673 ll.
505 4651 532 4660 —
557 4623 597 4674 44.
615 4625 779 4688 reportandos
794 4623 830 4674 03
847 4620 878 4672 l:
901 4623 1129 4686 rspormodosquus
1144 4622 1178 4682 ll,
1205 4633 1274 4672 oorr.
1291 4620 1319 4670 to
1334 4619 1524 4682 reportandosq·
1541 4619 1609 4682 (sio);

293 4698 447 4761 reponendos
459 4699 668 4760 munerumque
681 4698 746 4750 dett.
763 4700 792 4749 0.
811 4697 930 4761 [Videtur
945 4697 1116 4750 scribendum
1134 4708 1208 4746 esse:
1225 4695 1389 4758 reponendos
1403 4696 1609 4757 reponendosque.

296 4773 364 4823 Cum
381 4772 452 4822 enim
469 4771 495 4821 in
511 4773 532 4823 n
549 4774 584 4824 sit
598 4773 836 4837 rspormoomqooe,
853 4772 1021 4824 verisimilius
1038 4777 1079 4825 est
1094 4772 1192 4825 librasti
1208 4771 1298 4823 oeulos
1316 4770 1350 4822 sb
1368 4769 1450 4822 altero
1467 4771 1611 4836 gerundivo

296 4846 331 4897 ad
347 4845 460 4897 alterum
475 4845 630 4910 aberrasse,
657 4860 737 4913 quam
759 4861 823 4911 quae
839 4860 861 4898 4.
880 4861 927 4910 quse
948 4846 1103 4912 negligentia
1125 4851 1171 4899 aut
1189 4845 1389 4912 interpolatione
1405 4844 1524 4897 additum
1540 4859 1609 4898 esse.

295 4923 396 4975 Eadem
411 4924 512 4974 ratione
528 4924 649 4989 peccarit
664 4922 785 4975 librarius
802 4926 861 4977 eod.
880 4924 900 4974 lt
917 4923 958 4974 lV.
978 4922 1001 4988 g.
1020 4922 1061 4973 43.
1080 4925 1107 4974 et
1124 4922 1180 4975 440.
1209 4921 1302 4987 itanu]
1321 4948 1348 4959 -
1366 4922 1407 4973 28.
1425 4921 1518 4984 4400444
1536 4926 1612 4984 atque

295 5011 345 5048 soso
361 5009 415 5049 om.
433 4999 512 5062 legg.
533 5025 560 5036 -
579 4998 619 5049 49.
638 4998 665 5048 44
680 4999 716 5048 R:
735 4998 770 5048 444
787 4997 816 5048 0.
837 5023 862 5036 -
883 4998 923 5049 30.
941 4999 993 5062 4494
1009 4995 1086 5062 4349.
1107 5025 1135 5035 -
1153 5003 1198 5048 aot
1213 4998 1259 5060 443,
1277 4994 1305 5047 l:
1324 5009 1355 5046 04
1371 4995 1435 5048 dett.
1453 4997 1482 5048 0.
1498 5023 1522 5032 -
1542 4997 1610 5046 4444-

296 5073 356 5124 stoli
371 5072 449 5124 oodd.
469 5073 525 5137 (sed
540 5075 560 5124 44
577 5073 629 5127 44οτ
647 5072 777 5158 4444440444
792 5072 871 5138 boel:
890 5072 983 5138 4404444
998 5085 1030 5123 04
1045 5075 1101 5125 tarro
1116 5073 1150 5124 de
1167 5074 1235 5125 coni.
1252 5074 1313 5124 Ern.
1331 5071 1517 5124 Probabiliterl
1535 5071 1610 5124 ldem

297 5159 391 5227 postes
406 5157 528 5228 probavit
543 5157 630 5212 ltadv.
647 5158 695 5226 Op.
713 5159 734 5208 1.
752 5171 778 5224 p.
797 5156 865 5221 est,
883 5169 945 5209 oum
961 5158 1038 5210 antea
1055 5158 1082 5209 in
1098 5157 1145 5224 Ep.
1163 5170 1190 5223 p.
1203 5156 1243 5210 47.
1261 5156 1353 5223 britto
1368 5170 1399 5208 40
1414 5156 1506 5209 indicto
1521 5157 1609 5223 suspi-
