3708 5850
307 437 370 505 bl2
711 442 862 509 ORATIO
884 443 963 510 PRO
985 443 1022 509 A.
1045 443 1216 512 CAECINA

307 608 508 674 defenderem
530 615 563 674 et
577 608 666 675 Cotta
686 609 873 676 decemviris
894 613 1081 696 religionem
1096 615 1271 690 iniecisset,
1293 634 1359 679 non
1373 635 1467 699 posse
1482 625 1625 681 nostrum

306 710 534 767 eaommentum
570 703 689 768 iustam
717 704 869 781 iudicari,
900 709 987 794 quod
1018 709 1172 772 Arretinis
1206 710 1354 793 adempta
1387 709 1496 774 civitas
1532 720 1625 786 esset,

306 804 338 859 et
359 817 419 880 ego
439 797 658 862 vehementius
680 798 924 876 contendissem,
947 802 1104 867 civitatem
1125 802 1222 866 adimi
1245 823 1309 866 non
1324 803 1478 886 potuisse,
1500 803 1627 867 decem·

304 891 364 955 riri
385 891 488 975 prima
508 893 632 958 actione
659 913 723 958 non
749 893 983 972 iudicaverunt3
1017 905 1129 982 postea
1155 917 1189 961 re
1218 898 1364 981 quaesita
1393 905 1425 962 et
1454 898 1626 962 deliberata

282 995 534 1051 tsaornmentum
556 995 698 1052 nostmm
719 987 837 1054 iustum
858 989 1089 1056 indicaverunt.
1124 995 1229 1077 Atque
1250 991 1310 1056 hoe
1332 993 1486 1065 eticontra
1503 992 1626 1056 dicente

141 1081 294 1192 ,jfflff
306 1080 398 1146 Cotta
425 1089 457 1146 et
478 1069 660 1168 Sulla)riro
679 1080 854 1148 iudicatum
876 1091 934 1149 est
977 1085 1043 1149 lam
1065 1104 1140 1149 vero
1163 1087 1196 1150 in
1220 1087 1333 1151 ceteris
1359 1088 1468 1164 rebus,
1497 1095 1532 1151 nt
1560 1108 1626 1152 orn·

304 1195 377 1252 nes,
399 1177 456 1261 qui
477 1177 512 1240 in
533 1176 644 1241 eadem
666 1196 760 1241 eausa
782 1186 872 1256 sunt,
895 1187 927 1243 et
948 1180 1017 1264 lege
1040 1187 1135 1263 agant
1157 1189 1189 1244 et
1210 1201 1302 1246 suum
1323 1181 1373 1246 ios
1395 1188 1626 1266 persequantur

304 1278 336 1335 et
357 1270 443 1334 omni
466 1271 534 1334 iure
556 1269 642 1333 civili
665 1270 733 1334 sine
755 1271 942 1355 cuiusquam
964 1281 1019 1338 aut
1039 1276 1238 1358 magistratus
1260 1283 1316 1342 aut
1334 1276 1448 1341 iudicis
1463 1283 1518 1340 aut
1531 1273 1624 1360 periti

303 1361 442 1430 bominis
463 1371 519 1428 aut
539 1363 677 1448 imperiti
700 1364 895 1429 dubitatione
917 1373 1058 1443 utantur,
1080 1368 1158 1452 quid
1180 1388 1239 1452 ego
1263 1373 1525 1434 commemorem?
1560 1371 1626 1433 llu-

266 1457 389 1523 tobium
412 1478 482 1523 esse
503 1457 624 1522 nemini
644 1467 783 1522 vestrum
805 1464 891 1522 certo
913 1461 986 1523 seio.

385 1551 438 1622 98.
461 1553 578 1632 Quaeri
599 1551 661 1616 boo
683 1552 785 1616 solere
807 1573 857 1616 me
879 1573 943 1618 non
965 1555 1116 1639 praeterit
1135 1588 1177 1603 -
1197 1562 1233 1620 ut
1254 1577 1295 1621 ex
1317 1578 1367 1622 me
1389 1579 1443 1633 ea,
1465 1576 1547 1641 qnae
1568 1555 1623 1620 tibi

301 1649 333 1716 in
356 1657 492 1713 mentem
514 1669 577 1712 non
597 1647 747 1724 veniunt,
772 1647 883 1711 audias
904 1680 962 1724 -,
994 1667 1089 1732 quem
1112 1649 1319 1727 admodum,
1347 1653 1375 1717 si
1397 1651 1506 1716 civitas
1528 1651 1623 1716 adimi

300 1765 365 1810 non
386 1744 497 1830 possit,
517 1743 552 1807 in
574 1741 716 1806 colonias
737 1741 865 1806 Latinas
886 1761 981 1825 saepe
1004 1744 1103 1807 nostri
1125 1745 1209 1810 eires
1231 1747 1365 1830 profecti
1380 1748 1453 1811 sint.
1491 1747 1553 1810 Aut
1566 1765 1624 1809 sue

301 1837 464 1904 voluntate
485 1843 540 1901 aut
560 1835 638 1919 legis
660 1835 759 1899 multa
780 1835 912 1919 profecti
934 1843 1024 1899 eunt:
1047 1858 1142 1921 qnam
1164 1840 1293 1906 multam
1316 1842 1344 1904 si
1362 1841 1492 1904 sufferre
1507 1838 1623 1902 volnis-

264 1939 381 2008 ttsent,
402 1951 530 1995 manere
550 1930 583 1994 in
604 1929 730 1994 civitate
753 1930 941 2013 potuissent.
983 1931 1130 1994 XXXIV.
1158 1931 1265 2008 Quint
1282 1937 1500 2020 t'quemipater
1520 1940 1624 2015 patra·

109 2037 177 2120 fit
301 2035 353 2091 tus
375 2025 497 2090 dedidit
517 2019 668 2092 88448888
689 2032 779 2108 pater
799 2024 978 2107 populusve
998 2023 1162 2113 vendidit)
1186 2044 1250 2110 quo
1272 2028 1299 2090 is
1321 2029 1390 2092 iure
1412 2024 1532 2092 amittit'
1548 2028 1625 2091 eiri-

111 2113 112 2118 ’
300 2123 421 2186 tatem?
463 2119 504 2184 444
523 2119 677 2202 religione
699 2119 808 2182 civitas
830 2117 986 2194 solvatur,
1016 2118 1093 2182 eivis
1115 2120 1275 2184 Romanus
1298 2122 1439 2198 deditnr3
1471 2122 1525 2206 qni
1553 2142 1623 2184 eum

301 2221 535 2299 eulampius,
558 2220 606 2277 est
628 2231 757 2288 eorum,
779 2213 896 2297 quibus
918 2219 965 2276 eet
986 2211 1130 2288 deditns3
1153 2213 1180 2276 si
1202 2233 1267 2277 non
1289 2214 1460 2298 accipiunt,
1481 2223 1516 2279 ut
1536 2217 1624 2280 4488-

300 2311 405 2374 einum
432 2307 631 2382 Numantini,
664 2307 776 2371 retinet
805 2307 957 2389 integram
982 2325 1108 2369 eausam
1138 2315 1169 2369 et
1197 2306 1249 2370 ius
1277 2307 1422 2372 civitatis.
1474 2309 1507 2374 Si
1533 2317 1625 2395 pater

262 2402 443 2468 revendidit
463 2421 546 2478 eum,
568 2421 662 2486 quem
683 2401 717 2465 in
738 2421 828 2466 suam
845 2406 1031 2484 potestatem
1047 2407 1238 2484 susceperat,
1261 2423 1301 2466 ex
1315 2409 1470 2486 potestate
1486 2403 1621 2468 dimittit

300 2495 350 2561 844.
372 2499 436 2562 lam
457 2496 601 2580 populor
618 2516 690 2560 eum
712 2515 783 2560 enm
806 2496 923 2572 vendit,
946 2496 1002 2581 qui
1025 2495 1117 2560 miles
1138 2496 1238 2562 laetus
1260 2518 1324 2563 non
1347 2506 1404 2574 est,
1426 2518 1490 2562 non
1512 2495 1624 2562 adimit

299 2592 330 2657 ei
351 2593 537 2666 libertatem,
558 2588 615 2654 sed
637 2591 757 2654 indicat
777 2610 843 2654 non
864 2609 934 2654 esse
955 2609 1027 2654 eum
1049 2590 1193 2667 liberum,
1215 2593 1281 2677 qui,
1302 2601 1338 2657 84
1359 2594 1440 2658 liber
1462 2593 1513 2668 eit,
1534 2591 1622 2655 adire

298 2686 476 2771 perieulum
496 2685 614 2760 noluit;
633 2704 709 2762 ‚eum
730 2694 835 2749 nutem
858 2685 1021 2748 incensum
1042 2685 1162 2760 vendit,
1183 2686 1243 2750 boo
1265 2686 1393 2763 iudicat,
1416 2705 1488 2749 eum
1503 2685 1543 2759 ei,
1565 2685 1620 2768 qni

299 2781 332 2843 in
355 2780 507 2844 servitute
528 2779 611 2842 iusta
631 2777 769 2854 luerunt,
792 2798 889 2842 censu
910 2778 1101 2856 liberentur,
1123 2799 1213 2856 eum,
1236 2781 1310 2868 qui,
1333 2802 1404 2845 curn
1425 2780 1507 2844 liber
1527 2786 1620 2852 esset,

261 2873 421 2939 tteeneeri
443 2873 590 2949 noluerit,
611 2872 716 2956 ipsum
737 2872 798 2936 sibi
820 2871 996 2936 libertatem
1018 2873 1259 2939 abiudicarisse.
1303 2875 1397 2953 Quod
1427 2875 1455 2938 ei
1473 2872 1619 2960 (maxime

365 3157 389 3207 t.
407 3159 478 3206 coetu
493 3152 671 3218 ltbmpqt;
689 3156 784 3202 coelem
800 3152 828 3202 T.
847 3177 875 3188 -
892 3152 920 3202 48
937 3153 1082 3204 deceuur'ris
1097 3153 1116 3205 b
1134 3153 1197 3218 (seo.
1213 3155 1260 3218 m.)
1277 3153 1407 3222 mpqtti
1424 3157 1451 3207 et
1468 3157 1497 3207 Α.
1517 3181 1544 3191 -
1563 3155 1642 3206 reti..

298 3232 380 3298 pionii
395 3223 689 3292 ETGabmpqtuB
705 3230 778 3286 etA3
795 3227 923 3292 retteionia
937 3230 1067 3290 8888884,
1084 3230 1212 3294 8844848848
1228 3230 1335 3293 aliquem
1351 3205 1627 3294 mmmmmufflbliffis

299 3310 325 3360 tn
343 3310 464 3360 Prooem.
482 3304 526 3356 ed.
545 3302 589 3356 alt.
606 3317 634 3369 p.
652 3303 717 3354 XIV.
740 3302 778 3354 Cl.
797 3301 880 3354 simile
898 3301 1027 3354 mendum
1043 3304 1070 3354 in
1087 3305 1193 3369 optimis
1210 3303 1283 3356 libris
1300 3305 1325 3371 5.
1341 3305 1381 3358 98.
1401 3332 1428 3341 -
1447 3311 1560 3356 nostrum
1575 3319 1619 3356 se-

299 3387 453 3436 orumeetaeu
463 3380 522 3431 ET:
539 3392 606 3430 ruer.
617 3382 729 3428 aesinae
739 3376 899 3431 altuo-
909 3379 934 3429 t.
947 3377 1038 3428 ciuitas
1049 3379 1166 3442 84888848
1176 3379 1204 3431 T.
1218 3381 1315 3432 Deerat
1326 3384 1352 3431 et
1365 3381 1433 3432 haee
1441 3383 1468 3432 et
1479 3394 1547 3445 quae
1559 3393 1620 3445 pro-

298 3460 370 3512 xime
380 3454 518 3523 praecedit
532 3453 610 3504 lectio
626 3454 653 3503 48
663 3454 828 3504 Mommsenii
845 3451 960 3503 schedis.
970 3477 997 3488 -
1017 3452 1041 3504 3.
1054 3457 1077 3501 84
1093 3466 1149 3502 eum
1166 3467 1210 3518 eoo
1221 3454 1238 3504 k
1250 3455 1277 3504 et
1287 3458 1317 3506 Α.
1332 3481 1360 3491 -
1377 3457 1493 3522 potuisse]
1508 3469 1578 3520 poree
1588 3456 1617 3506 T.

300 3557 327 3572 ·-
341 3533 365 3586 l.
378 3547 407 3584 re
418 3530 538 3594 meite]
555 3528 675 3592 requisitu
691 3529 719 3580 T.
733 3552 761 3563 -
781 3529 805 3578 o.
823 3528 887 3579 sitta
897 3528 924 3578 h.
937 3525 954 3577 l.
973 3528 1073 3580 Eteste
1091 3527 1230 3578 Freundio.
1245 3555 1273 3566 -
1291 3529 1377 3580 ceteris
1392 3531 1465 3582 rebus
1480 3531 1512 3582 T:
1533 3531 1620 3580 ceteris

298 3611 360 3674 (orn.
372 3605 451 3668 retur)
469 3603 611 3658 attio.
631 3630 658 3640 -
677 3604 702 3654 7.
720 3615 792 3654 tuum
808 3602 854 3668 ius]
871 3617 919 3653 auo
934 3602 986 3669 leae
1001 3602 1030 3654 T.
1057 3603 1085 3654 ln
1103 3603 1123 3654 E
1139 3604 1179 3654 tue
1195 3605 1405 3670 superscriptum
1421 3609 1471 3660 est.
1490 3633 1518 3643 -
1535 3620 1620 3670 88888-

297 3681 418 3749 qunntur]
442 3683 469 3732 ln
487 3679 507 3732 Ε
523 3677 610 3731 littere
626 3695 644 3730 rr
659 3679 838 3744 superscripta
856 3679 905 3730 est.
919 3703 947 3714 ·-
966 3677 990 3728 8.
1009 3678 1076 3728 omni
1092 3679 1153 3730 ET:
1172 3692 1254 3729 omues
1270 3677 1412 3734 nasto,
1427 3710 1455 3720 -
1473 3683 1497 3734 9.
1508 3682 1617 3734 Dubium

298 3773 348 3812 erre
366 3757 459 3810 888484
472 3759 581 3808 vestm
597 3759 663 3807 certo
679 3755 737 3806 reio.
766 3754 859 3818 Quaeri
879 3751 1006 3804 Iordanes
1024 3755 1062 3818 (in
1079 3754 1289 3818 Commentario,
1310 3753 1370 3806 coti.
1388 3755 1412 3821 5.
1431 3758 1495 3822 tol:
1517 3757 1618 3808 dubium

296 3849 347 3888 8888
363 3832 455 3884 remini
470 3837 581 3882 uastam
596 3837 670 3882 nerto.
694 3830 786 3894 Quaeri
802 3831 835 3890 T;
859 3827 960 3879 dubium
982 3842 1032 3880 erre
1051 3829 1144 3879 nemini
1163 3827 1294 3880 treatment
1319 3829 1390 3902 Certo
1406 3833 1494 3894 quaeri
1510 3833 1543 3892 li;
1569 3835 1617 3884 ‹tu-

297 3910 365 3962 unm
379 3907 472 3960 8888484
488 3906 597 3971 (maniat
613 3920 645 3971 p,
662 3919 744 3956 meum
759 3905 786 3957 ai
802 3918 829 3955 m
840 3907 892 3968 qt,
911 3917 993 3956 meum
1008 3905 1057 3956 nist
1073 3903 1098 3970 e)
1114 3909 1226 3956 austrum
1236 3911 1302 3956 certe
1313 3904 1403 3970 (cottae
1413 3907 1438 3969 k)
1450 3907 1538 3970 888884
1549 3908 1615 3968 444,

297 3985 398 4038 dubium
417 3982 510 4034 888484
530 3985 641 4033 uestram
657 3986 699 4032 ert.
726 3981 796 4034 Certe
812 3979 900 4044 quaeri
916 3992 979 4031 eum
995 3978 1086 4030 Aldina
1104 3979 1187 4033 tto.
1210 3978 1321 4044 (dubium
1336 3982 1429 4032 8888484
1444 3987 1552 4032 88848888
1568 3995 1618 4032 esre

295 4061 378 4114 ereda
406 4057 499 4122 Quaeri
515 4056 687 4119 Garatoniue.)
706 4081 733 4092 -
755 4056 796 4106 43.
813 4056 870 4118 out]
887 4059 944 4104 mat
959 4055 988 4105 Τ.
1008 4081 1035 4090 -
1060 4053 1100 4105 44.
1118 4054 1390 4106 mutete--mutetem
1406 4060 1438 4108 Α.
1457 4084 1484 4094 -
1502 4057 1616 4122 multem]

295 4136 378 4188 multe
387 4135 416 4186 Τ.
430 4159 456 4168 -
469 4131 615 4194 rebium,
631 4145 734 4182 mouere
749 4143 815 4182 noa:
834 4130 967 4181 uoluissent
982 4133 1034 4180 tam
1044 4143 1076 4180 88
1086 4144 1114 4181 re
1125 4131 1158 4189 Τ;
1176 4131 1308 4182 voluissent
1324 4137 1408 4183 temen
1424 4127 1462 4196 (tii
1476 4131 1504 4196 Ε)
1516 4145 1617 4183 8488888

296 4211 317 4264 44
335 4210 454 4274 (excepto
470 4206 495 4270 k)
512 4203 602 4268 Ab&
619 4206 750 4258 8848488884
765 4211 818 4256 tom
833 4217 934 4256 merem
950 4205 967 4254 k
985 4206 1012 4255 et
1028 4217 1089 4256 cum
1104 4203 1195 4255 Aldina
1214 4206 1242 4256 0.
1257 4232 1284 4241 -
1304 4208 1345 4258 ts.
1360 4206 1504 4271 potuissent]
1519 4207 1617 4258 884848-

295 4290 349 4338 rent
365 4285 393 4344 lr;
412 4283 544 4334 uoluuteut
560 4297 593 4342 α;
611 4282 717 4333 uoluisse
733 4282 754 4332 lt
772 4280 829 4344 (8484
845 4279 918 4344 quod
934 4279 1042 4330 uetuisse
1058 4293 1113 4330 sec.
1126 4294 1161 4332 m.
1175 4281 1218 4344 b);
1234 4283 1342 4344 potuine
1358 4285 1387 4334 A.
1407 4283 1550 4346 (potuissent
1565 4282 1616 4347 pri-

296 4373 371 4414 mum
388 4360 525 4424 comparet
541 4357 568 4410 in
583 4359 745 4410 Ascensiana
762 4370 786 4407 8.
805 4356 889 4420 toea.)
906 4383 934 4394 ·-
954 4357 993 4408 46.
1012 4357 1078 4408 dedit
1093 4355 1117 4409 u
1134 4359 1315 4423 (praeteriti)
1332 4363 1368 4422 4,
1386 4359 1441 4408 dedi
1453 4359 1490 4416 bl;
1509 4359 1575 4408 teuit
1585 4359 1613 4408 L.

296 4433 471 4488 Emendetum
489 4433 572 4484 estin
588 4434 700 4484 4884488.
720 4458 747 4468 -
766 4433 850 4482 uendit
866 4433 894 4482 4..
916 4459 943 4469 -
962 4432 1001 4483 tr.
1020 4431 1115 4498 8484488]
1133 4434 1233 4484 84844848
1250 4435 1307 4485 ET.
1329 4433 1367 4485 Cl.
1385 4431 1470 4485 simile
1488 4433 1615 4484 mendum

203 4547 207 4556 .
296 4510 321 4576 5.
339 4509 379 4562 et.
399 4535 426 4546 -
446 4509 543 4559 decitur
559 4520 621 4559 nos:
649 4507 789 4558 detruditur
810 4505 1056 4572 ETblabpqtii;
1084 4509 1225 4560 8848844488
1245 4509 1394 4566 (telmon
1420 4511 1563 4560 retrodntur
1579 4511 1613 4568 A;

295 4587 405 4637 48844488
425 4597 487 4636 cum
507 4581 599 4635 Aldina
620 4580 704 4636 tto.
731 4580 856 4634 tiendum
878 4582 1038 4648 optimorum
1061 4583 1184 4635 codicum
1201 4587 1287 4635 ortum
1303 4583 1408 4636 videtur
1424 4597 1439 4636 e
1455 4581 1614 4648 glossemate

295 4657 337 4703 tro
1285 4665 1314 4700 co

295 4719 406 4779 (48444488,
431 4715 499 4766 84884
519 4709 658 4778 mitilene
681 4711 704 4775 5.
723 4711 764 4763 38.
782 4712 967 4776 udeomroutsset
989 4713 1015 4763 48
1033 4713 1052 4764 Ε
1069 4716 1157 4766 ortum
1174 4717 1215 4768 est
1232 4729 1264 4767 ex
1280 4716 1444 4781 Marroutuet.
1465 4743 1492 4752 -
1520 4714 1559 4766 48.
1579 4719 1614 4766 est

294 4791 388 4858 eumen]
405 4796 429 4843 et
444 4801 530 4842 eorum
545 4787 670 4847 ETGll;
686 4789 716 4852 itt
731 4787 884 4838 88888818-
902 4789 1126 4852 mueronem,
1144 4791 1255 4854 4884488,
1272 4790 1363 4845 Lto:
1381 4795 1410 4841 ut
1425 4791 1544 4853 mactati
1561 4803 1612 4848 ne;

293 4869 403 4932 mancipi
415 4868 477 4933 (om.
488 4865 524 4930 ut]
536 4867 595 4917 4444.
609 4891 636 4902 -
656 4865 696 4916 ta.
709 4865 796 4916 retinet
811 4865 885 4917 ETk
896 4869 923 4916 et
934 4863 1015 4918 Ltlo:
1033 4867 1138 4917 retinent
1151 4868 1208 4917 at.
1221 4893 1248 4904 ·-
1267 4867 1392 4931 talearum
1402 4865 1463 4917 Τ.-
1476 4865 1517 4916 20.
1528 4863 1612 4915 uerrdtt

293 4945 322 4997 1..
338 4971 366 4981 -
383 4941 546 4995 2488844444
562 4942 583 4991 G
600 4937 702 4994 848-
721 4939 762 4992 44.
780 4940 844 5006 eum]
862 4945 914 4992 tum
930 4941 988 4993 ET.
1003 4967 1030 4977 —
1048 4940 1090 4992 23.
1107 4942 1135 4991 tn
1150 4941 1325 4997 maenu-
1344 4941 1454 4992 uendidit
1470 4942 1495 4991 k.
1511 4967 1538 4976 -
1557 4951 1613 4989 eum

294 5019 317 5070 84
333 5017 363 5084 (ii
377 5015 399 5080 β
415 5020 443 5069 84
457 5017 519 5082 ΑΙ.)
546 5018 588 5080 qul
603 5043 644 5055 --
658 5016 759 5081 [timeat
779 5015 869 5082 (fuerit
885 5030 924 5083 pr.
943 5031 970 5079 8,
992 5017 1086 5081 tumim
1103 5029 1170 5067 corr.
1190 5017 1228 5082 8),
1247 5031 1321 5068 centu
1336 5017 1469 5069 liberentur
1486 5016 1613 5081 4444888488·

284 5107 335 5160 φτ.
353 5093 376 5158 e]
394 5091 488 5146 uit:
514 5105 571 5144 eum
586 5093 623 5155 tt,
649 5091 834 5158 qut--tuertt,
859 5107 934 5145 ceam
953 5091 1069 5144 liberetur
1089 5105 1150 5143 cum
1172 5092 1233 5144 edd.
1251 5093 1359 5146 Venetis
1380 5089 1567 5156 antiquissimis
1584 5089 1611 5140 84

295 5166 518 5226 renouato·
541 5170 583 5224 tt.
601 5169 780 5222 8448448884888
795 5169 861 5220 ET:
883 5168 1036 5224 8444448488
1052 5166 1193 5223 anteo
