3684 5862
568 446 667 512 cn.
688 431 965 510 xxm-xxiv.
992 439 1048 528 §u
1070 439 1105 507 oi
1119 434 1220 507 -oi
1525 435 1568 503 ir

332 619 449 683 XXIII.
477 613 529 682 dl.
561 619 633 680 Non
661 619 706 681 ita
735 616 843 681 multis
871 622 944 679 ante
966 615 1058 678 annis
1079 615 1168 678 aiunt
1188 616 1224 677 T.
1247 612 1388 676 Caelium
1409 611 1568 695 quendam

202 783 205 791 ,
249 713 523 788 Tarracinensem,
544 712 706 804 bomjprem
729 731 793 774 non
816 710 1001 784 obscurum,
1022 729 1093 772 cum
1115 714 1244 772 cenatus
1265 707 1406 771 cubitum
1427 708 1461 770 in
1482 707 1568 770 idem

249 808 398 872 conclave
420 828 493 871 cnm
513 807 637 871 duobus
659 804 914 869 adolescentibus
937 801 1010 866 liliis
1031 803 1122 878 isset,
1143 805 1308 867 inuentum
1329 822 1399 866 esse
1412 821 1505 866 mane
1520 801 1569 864 iu·

249 903 402 985 gulatum.
431 901 509 966 Cum
530 921 636 985 neque
659 919 768 963 servus
792 900 961 983 quisquam
975 899 1169 982 reperiretur
1182 918 1293 982 neque·
1301 898 1396 972 liber,
1419 895 1458 959 ad
1474 914 1569 980 quem

250 1018 288 1062 ea
314 998 453 1082 suspicio
481 997 669 1080 pertineret,
699 994 732 1056 id
760 995 871 1058 aetatis
901 1000 1006 1056 antem
1033 993 1097 1055 duo
1125 989 1182 1055 lilii
1203 1000 1335 1078 propter
1355 992 1507 1055 cubantes
1529 1003 1607 1053 net

250 1093 389 1158 sensisse
410 1090 540 1177 quidem
562 1109 597 1155 se
618 1091 775 1164 dicerent,
798 1088 929 1152 nomina
948 1085 1086 1151 filiorum
1106 1077 1145 1150 de
1167 1087 1338 1171 parricidio
1360 1087 1464 1150 delata
1486 1093 1570 1150 sunt.

252 1187 338 1265 Quid
360 1192 484 1270 poterat
504 1193 569 1248 tam
591 1203 661 1247 esse
683 1183 918 1265 suspiciosum?
939 1189 1129 1245 neutrumne
1151 1183 1309 1246 sensisse?
1330 1201 1443 1246 ausum
1464 1189 1570 1244 autem

252 1301 321 1346 esse
344 1301 537 1365 quemqnam
568 1299 602 1343 se
629 1279 664 1341 in
686 1277 719 1341 id
741 1275 890 1340 conclave
912 1274 1109 1338 committere
1131 1295 1170 1338 eo
1192 1276 1392 1358 potissimum
1412 1284 1569 1360 tempore,

252 1396 324 1439 cum
356 1375 474 1438 ibidem
501 1380 608 1438 essent
638 1372 702 1434 duo
733 1369 950 1434 adolescentes
972 1365 1046 1442 lilii,
1079 1369 1135 1453 qui
1157 1377 1190 1432 et
1210 1369 1325 1433 sentire
1348 1377 1379 1433 et
1400 1369 1571 1434 defendere

182 1483 186 1490 '
251 1469 344 1532 facile
375 1471 534 1553 possenti
575 1469 653 1530 Erat
683 1483 780 1548 porro
812 1482 922 1538 nemo,
955 1464 988 1526 in
1018 1483 1111 1547 quem
1144 1482 1181 1526 ea
1208 1464 1348 1547 suspicio
1377 1463 1608 1528 conveniretis

253 1560 305 1635 65.
326 1565 462 1638 Tamen,
484 1582 557 1625 cum
579 1562 710 1644 planum
731 1555 890 1621 iudicibus
912 1563 995 1620 esset
1014 1557 1132 1620 factum
1154 1565 1263 1639 aperto
1279 1559 1361 1621 ostio
1378 1559 1570 1622 dormientes

254 1677 309 1720 eos
329 1663 474 1739 repertos
496 1675 582 1730 esse,
604 1654 723 1717 iudicio
745 1651 882 1716 absoluti
896 1650 1115 1715 adolescentes
1137 1658 1169 1714 et
1190 1651 1373 1734 suspicione
1387 1653 1472 1716 omni
1493 1652 1573 1716 libe-

144 1803 148 1814 .
254 1749 314 1813 rati
335 1757 418 1812 sunt.
450 1751 550 1813 Nemo
573 1748 658 1811 enim
679 1746 811 1830 putabat
832 1765 1024 1830 quemquam
1047 1763 1133 1820 esse,
1157 1745 1229 1828 qui,
1250 1765 1323 1809 cum
1345 1748 1451 1810 omnia
1465 1747 1573 1810 divina

255 1852 352 1927 atquo
379 1843 518 1906 hnmana
544 1843 615 1905 iura
643 1841 762 1905 scelere
790 1839 911 1902 nefario
939 1838 1124 1922 polluisset,
1152 1860 1299 1904 somnum
1327 1841 1432 1904 statim
1460 1859 1572 1924 capere

255 1936 429 2021 potuisset,
450 1943 620 2020 propterea
642 1935 744 2019 quod,
767 1933 822 2018 qni
844 1939 966 1996 tantum
986 1931 1109 1996 lacinus
1131 1934 1373 2008 commiserunt,
1395 1954 1460 1997 non
1478 1933 1573 1997 modo
1583 1945 1611 1994 it

257 2032 326 2095 sine
347 2051 423 2096 cura
444 2029 623 2114 quiescere,
647 2029 703 2092 sed
726 2049 766 2092 ne
788 2028 907 2110 spirare
929 2026 1060 2110 quidem
1082 2027 1151 2090 sine
1172 2034 1257 2091 metu
1279 2035 1425 2111 possunt.
1459 2027 1574 2091 XXth

258 2123 309 2188 66.
337 2124 518 2199 Videtisne,
551 2143 632 2208 quos
664 2123 757 2187 nobis
788 2127 902 2205 po‘etae
933 2121 1132 2184 tradiderunt
1157 2123 1256 2205 patris
1284 2121 1459 2186 ulciscendi
1481 2141 1577 2186 causa

258 2218 448 2302 supplicium
476 2219 517 2281 de
545 2225 643 2281 matre
671 2216 861 2298 sumpsisse,
891 2234 962 2278 cum
989 2216 1174 2297 praesertim
1196 2217 1328 2279 deorum
1350 2217 1577 2279 immortalium

258 2313 353 2376 iussis
381 2318 477 2397 atque
506 2310 642 2375 oraculis
670 2310 703 2373 id
730 2309 844 2373 iecisse
873 2309 1034 2386 dicantur,
1061 2317 1167 2374 tamen
1188 2319 1224 2374 ut
1245 2331 1301 2374 eos
1322 2312 1443 2395 agitent
1463 2312 1577 2375 Furiae

258 2427 363 2491 neque
389 2407 562 2470 consistere
588 2424 741 2489 nmquam
767 2405 945 2488 patiantur,
976 2403 1062 2489 quod
1083 2425 1124 2468 ne
1145 2405 1191 2488 pii
1213 2404 1343 2490 quidem
1365 2407 1436 2469 sine
1457 2406 1614 2470 scelerato

257 2521 326 2566 esse
348 2503 543 2584 potuerunt?
578 2499 629 2563 Sic
652 2520 687 2562 se
708 2519 760 2562 res
780 2499 893 2572 babet,
915 2498 1052 2562 iudices:
1076 2519 1220 2589 mappam
1241 2501 1323 2578 vim,
1350 2520 1496 2584 magnam
1520 2521 1576 2564 ne-

257 2595 449 2669 cessitatem,
471 2613 617 2678 magnam
639 2593 784 2676 possidet
804 2593 991 2675 religionem
1011 2601 1163 2679 paternus
1184 2572 1576 2682 metemusouesanguis3
1700 2617 1722 2691 ἰ

258 2711 298 2756 ex
319 2709 383 2775 qno
405 2689 433 2752 si
456 2683 842 2774 qua(macula)conoepta
864 2694 927 2761 est,
950 2707 1015 2749 non
1037 2688 1132 2750 modo
1150 2688 1214 2752 elui
1236 2709 1302 2754 non
1322 2698 1444 2774 potest,
1465 2711 1576 2755 verum
1701 2689 1711 2708 ⁸

239 2779 359 2868 (nsque
381 2802 420 2847 eo
441 2789 606 2867 permanat
627 2782 668 2846 ad
689 2781 846 2856 animum,
867 2788 904 2844 ut
924 2800 1065 2845 summus
1086 2780 1176 2846 furor
1196 2791 1292 2868 atque
1307 2786 1445 2848 amentia
1466 2805 1577 2850 consc-
1656 2767 1674 2838 3

258 2869 404 2966 quatur.)
426 2873 477 2940 67.
498 2877 605 2941 Nolite
627 2876 712 2940 enim
732 2883 861 2960 putare,
884 2857 1150 2959 quemammodum
1168 2878 1203 2941 in
1216 2877 1332 2942 fabulis
1347 2885 1614 2964 saepenumeroit
1642 2873 1753 2978 ὦ

257 2972 387 3047 uidetis,
410 2990 482 3047 eos,
505 2971 562 3056 qui
584 2968 706 3053 aliquid
726 2970 824 3054 impie
839 2971 1055 3055 scelerateque
1069 2973 1311 3049 commiserunt,
1333 2975 1445 3058 agitari
1460 2981 1492 3038 et
1506 2994 1578 3058 per·
1651 2971 1660 2984 “

322 3142 347 3192 4.
366 3144 424 3190 outa
439 3151 493 3189 om.
512 3137 573 3189 Scb.
596 3165 623 3174 -
642 3136 760 3202 Coelium]
782 3137 821 3189 sic
837 3136 915 3189 codd.
934 3136 1029 3189 Valerii
1046 3140 1150 3192 Maximi
1168 3140 1240 3203 (viil.
1259 3141 1283 3191 4.
1301 3139 1359 3192 abs.
1373 3141 1437 3205 isi,
1455 3143 1501 3206 qui
1517 3154 1580 3193 ean·

259 3215 321 3267 dem
339 3213 515 3266 narrationem
533 3228 566 3266 er
586 3212 639 3263 hoc
656 3213 710 3263 Cic.
729 3211 786 3264 loco
808 3213 914 3278 petivit:
938 3213 1055 3264 Cloeliam
1071 3215 1154 3277 GMt,
1174 3215 1232 3276 Oc;
1256 3215 1368 3267 Clodiano
1389 3215 1495 3279 ion„
1518 3230 1577 3280 va;

259 3291 388 3343 Ctoedium
403 3289 429 3339 S.
455 3289 522 3339 Cum
544 3300 576 3339 ex
596 3288 675 3338 variis
696 3285 854 3339 lectionibus
871 3288 948 3338 codd.
971 3286 1147 3339 Tullianornm
1169 3292 1241 3340 certe
1261 3290 1386 3354 cognosci
1407 3304 1460 3342 non
1482 3291 1578 3357 possit,

260 3364 339 3431 quale
355 3375 454 3416 nomen
470 3362 560 3425 inerit,
578 3376 595 3413 a
611 3360 715 3414 Valerio
732 3363 858 3425 Hammo,
877 3365 951 3415 cuius
968 3361 1074 3416 codices
1091 3361 1175 3414 multo
1186 3365 1348 3429 antiquiores
1364 3363 1506 3427 habemus,
1525 3367 1581 3417 tra·

261 3441 346 3492 ditum
369 3437 552 3503 recipiendum
574 3438 677 3504 putaui,
703 3439 845 3504 praecipue
867 3452 929 3491 cum
950 3439 1030 3491 etiam
1047 3436 1206 3492 scholiastes
1222 3452 1321 3491 nomen
1337 3442 1457 3492 οιιιοιὶιιιι
1472 3440 1579 3505 habeat,

261 3513 334 3580 quod
350 3525 413 3564 cum
429 3512 527 3563 Coelius
542 3512 667 3564 conlundi
683 3513 770 3565 solere
788 3515 896 3566 constat.
924 3515 960 3577 (in
977 3511 1036 3565 loco
1052 3512 1108 3565 Val.
1121 3515 1188 3566 Max.
1206 3514 1291 3566 codex
1307 3517 1421 3581 optimus
1438 3519 1580 3582 apparatus

260 3587 421 3655 liempflanl,
438 3588 590 3648 bernensis,
608 3587 690 3639 babet
704 3590 798 3652 srutm
812 3590 884 3640 coelii
902 3591 928 3641 et
939 3589 1035 3641 deinde
1048 3595 1126 3653 poter
1141 3592 1200 3640 buu
1215 3591 1318 3653 coelium
1337 3593 1419 3643 ceteri
1435 3591 1513 3644 codd.
1526 3593 1581 3643 celii

261 3668 289 3718 et
304 3665 393 3722 cottam
411 3663 470 3715 eod.
489 3665 570 3716 Paris.
588 3664 615 3715 in
632 3665 698 3729 Epit.
717 3667 829 3730 utroque
847 3663 905 3716 loco
921 3666 1031 3728 castior.)
1050 3689 1079 3703 —-
1098 3667 1230 3728 quanm
1245 3669 1274 3719 G.
1290 3695 1317 3706 -
1335 3669 1359 3719 i.
1379 3669 1582 3720 immineam

260 3743 327 3795 bia:
347 3741 545 3800 Tmociruruem
561 3741 677 3802 Giiiv,
698 3742 756 3792 Par.
771 3741 795 3791 4.
808 3740 833 3792 4.
845 3742 881 3802 7.,
905 3739 992 3792 Sobol.
1021 3741 1185 3806 scripturam
1204 3743 1276 3794 Τιιτ.
1295 3745 1374 3795 etiam
1390 3743 1509 3797 Valerius
1525 3746 1582 3798 bla-

260 3819 348 3870 ximus
365 3817 513 3868 confirmat.
532 3841 561 3854 -
580 3829 637 3866 σιιιιι
652 3821 752 3866 seuam
768 3819 797 3866 G.
818 3843 844 3852 —-
864 3817 889 3868 3.
907 3815 1100 3868 mucosum
1116 3818 1144 3869 G.
1166 3845 1193 3856 —
1211 3816 1236 3869 4.
1253 3820 1404 3882 repar-tretia
1421 3834 1452 3872 c:
1471 3821 1583 3884 repose-

262 3893 336 3945 botur
352 3891 442 3954 codd,
459 3904 512 3942 va.
538 3891 576 3942 Cl.
595 3889 651 3942 Vol.
669 3892 736 3943 Max.
755 3890 773 3943 4.
792 3906 814 3944 c.
834 3893 861 3942 et
877 3905 903 3942 v.
922 3891 1007 3944 Madv.
1026 3891 1060 3942 ad
1077 3893 1127 3944 cie.
1146 3894 1176 3944 de
1191 3894 1263 3944 Fine.
1281 3907 1307 3959 p.
1320 3894 1378 3947 iit.
1404 3895 1492 3948 Simile
1504 3907 1582 3948 men-

263 3969 328 4020 dum
344 3970 385 4019 est
401 3968 427 4018 in
445 3966 524 4018 codd.
542 3965 608 4017 inira
626 3966 650 4030 ξ.
669 3967 710 4018 si.
729 3968 757 4018 et
768 3967 913 4032 profitearis
929 3966 954 4031 ἓ.
972 3965 1013 4019 ii.
1034 3995 1061 4006 -
1083 3968 1107 4019 6.
1126 3973 1183 4019 aaut
1199 3981 1252 4020 om.
1271 3971 1300 4020 G.
1321 3997 1348 4008 -
1367 3973 1391 4022 7.
1411 3972 1470 4036 quid
1483 3976 1583 4037 poterut

263 4049 316 4094 torn
331 4057 382 4095 esse
396 4040 577 4105 mmmm?
592 4042 747 4108 oeutnuuoe]
765 4044 804 4094 sic
820 4041 971 4105 Madvigius.
997 4045 1047 4094 Pro
1063 4047 1116 4094 tom
1131 4057 1182 4095 esse
1197 4044 1265 4096 baec
1280 4043 1381 4098 habent
1391 4047 1512 4101 codices:
1529 4047 1582 4097 tom

263 4131 312 4170 esre
327 4120 366 4177 ii;
385 4114 442 4169 sai
458 4119 493 4173 G:
512 4130 561 4168 ια.
577 4122 652 4167 ..ιιι
669 4117 738 4182 (sict)
763 4119 821 4169 Par.
835 4118 859 4168 4.
873 4116 913 4179 4.;
935 4131 996 4168 sorte
1011 4119 1113 4179 ii'ixv
1130 4120 1184 4182 (Τν
1200 4120 1280 4172 etium
1297 4121 1363 4184 quod
1378 4136 1426 4187 pro
1443 4123 1546 4186 quidet
1562 4125 1582 4176 Τ

264 4193 449 4260 noemma
474 4194 535 4243 rotis
550 4197 585 4243 ert
601 4193 636 4252 Η;
663 4193 728 4255 pou
740 4207 768 4254 p.
785 4194 847 4243 ratu
861 4205 911 4244 erse
926 4206 955 4254 ις
982 4195 1042 4257 quid
1054 4193 1176 4258 poterat?
1199 4207 1261 4246 soor
1276 4208 1300 4247 c.
1327 4196 1428 4248 Deinde
1444 4197 1539 4262 legitur
1555 4200 1582 4249 in

265 4270 389 4324 omnibus
406 4269 484 4322 codd.
502 4268 662 4331 ιιιῳίοιοιιιιιι
679 4274 762 4319 auton
783 4267 843 4331 (soli
860 4269 922 4320 Tu:
947 4281 1011 4332 susp.
1037 4269 1092 4333 out)
1115 4281 1164 4334 pro
1189 4271 1361 4334 rusptotorum,
1387 4272 1458 4324 unde
1475 4258 1539 4325 mibi
1556 4275 1583 4326 in

265 4350 382 4399 mentem
398 4345 483 4407 venit,
503 4345 660 4395 ciceronem
676 4341 823 4393 iuveniliter
839 4342 1031 4394 exuberantem
1047 4343 1158 4395 tortasse
1175 4345 1213 4395 sic
1230 4345 1384 4411 scripsisse:
1407 4349 1472 4412 Quid
1485 4355 1584 4412 poterat

265 4427 318 4474 tom
333 4433 383 4472 esse
397 4418 580 4483 mirionum
606 4418 768 4481 maiouim
783 4417 889 4468 amon?
912 4418 1064 4470 Nostrumne
1079 4419 1180 4470 sordue
1195 4421 1247 4470 etc.
1275 4420 1313 4471 ci.
1332 4420 1415 4472 Hand.
1433 4423 1543 4475 Turseli.
1561 4425 1582 4477 l.

264 4511 292 4564 p.
311 4496 367 4547 tie.
391 4495 468 4560 (Quid
479 4491 590 4558 posteo?
605 4497 661 4543 oct
676 4503 735 4543 soce
750 4494 929 4556 stupidorum:
945 4497 1062 4544 omanem
1078 4495 1126 4544 LO
1144 4507 1177 4544 ex
1193 4494 1261 4544 coni.
1279 4495 1396 4559 llanutii;
1424 4500 1489 4562 Quid
1503 4501 1585 4566 mois

264 4575 363 4637 poterat
378 4583 428 4621 erre
443 4567 533 4632 susp?
557 4569 691 4619 Ferrettns
707 4569 735 4618 in
752 4566 795 4619 ed.
814 4568 913 4633 (tryph.
927 4569 1013 4628 istc.;
1032 4569 1092 4631 quid
1103 4574 1204 4632 poterat
1219 4582 1279 4620 soce
1294 4575 1348 4620 tom
1362 4585 1413 4623 osse
1428 4573 1471 4624 a?
1486 4577 1583 4640 Garat.)

268 4673 296 4685 -
314 4643 470 4709 mmmm]
486 4645 688 4703 ιιιιιηιιιιιιΰς
705 4647 882 4694 munciaco
898 4656 926 4704 a;
944 4644 1008 4694 oeli
1025 4644 1278 4709 (om.oeutmm).-
1298 4646 1337 4696 tt.
1355 4647 1446 4712 ιαιιιιιι]
1463 4654 1584 4701 ettamen

267 4723 301 4781 ις
319 4725 372 4770 tuo
386 4734 413 4770 v.
433 4743 461 4756 -·
484 4719 562 4770 iccio
577 4719 614 4770 ui
626 4732 653 4770 v.
674 4745 702 4755 -
725 4719 764 4769 ⁴2.
784 4724 808 4770 et
823 4731 876 4769 om.
895 4719 924 4768 G.
945 4744 973 4756 -
992 4719 1032 4769 tt.
1047 4719 1205 4783 potuissem
1228 4726 1311 4784 posset
1325 4721 1387 4774 Ern.
1406 4725 1491 4786 conl.;
1514 4727 1541 4776 at
1556 4739 1582 4776 v.

267 4795 371 4860 Reisigii
387 4795 467 4844 schot.
486 4796 516 4845 de
546 4793 574 4844 1..
592 4793 620 4844 i.
637 4807 664 4860 p.
677 4793 735 4845 4404.
756 4821 784 4830 -
803 4794 952 4845 commiserit
967 4805 992 4844 a.
1012 4819 1040 4831 -·
1059 4794 1099 4846 46.
1116 4796 1242 4859 respiraro
1258 4798 1312 4848 bv.
1332 4823 1359 4835 -
1380 4799 1433 4850 sine
1446 4804 1514 4850 metu
1529 4813 1582 4853 om.

268 4873 297 4922 G.
318 4895 346 4908 ·-
361 4871 594 4933 pomustiillvo:
609 4869 835 4932 poemenem
850 4869 963 4933 possita.
978 4891 1006 4906 -
1020 4870 1061 4920 47.
1074 4871 1143 4936 quos]
1161 4884 1202 4922 eos
1215 4873 1360 4936 quosscb.;
1378 4875 1541 4936 ouodCHS.
1554 4902 1582 4913 —

266 4945 338 4997 cotti
353 4945 383 4995 G.
403 4969 431 4981 -
448 4944 489 4994 ac.
507 4957 629 5007 mquam
644 4945 771 5006 Gitcx,
790 4943 868 4996 codd.
887 4943 993 4995 bamb:
1012 4957 1118 5008 mquam
1133 4959 1212 5009 vac,
1231 4948 1260 4998 0.
1275 4973 1303 4984 -
1320 4947 1362 5000 2³.
1379 4948 1582 5002 etauVictorios:

268 5021 318 5073 terat
334 5020 428 5082 stix,
446 5019 505 5069 Par.
524 5020 547 5069 4.
560 5018 601 5080 4.;
620 5019 668 5070 loni
684 5022 741 5080 εις
760 5020 814 5071 tout
830 5017 883 5071 Pal.
896 5020 931 5082 t.,
950 5031 965 5070 c
981 5020 1041 5085 (leui
1055 5019 1255 5072 vellentii’all.
1267 5020 1383 5087 reliqnt);
1400 5021 1582 5090 cecoton..

267 5092 615 5229 acratXmarpopd-i-stil.
629 5100 761 5160 mouet
774 5109 801 5148 v.
821 5119 850 5134 -·
867 5095 984 5160 worm
1000 5099 1029 5148 G.
1047 5121 1077 5136 -
1094 5097 1136 5150 44.
1153 5097 1437 5152 commonacum:
1455 5099 1585 5154 commise-

335 5183 404 5225 ace
431 5183 461 5224 rc
481 5206 489 5222 .
1487 5183 1489 5190 ’
