<?xml version="1.0" encoding="UTF-8"?>
<!DOCTYPE html PUBLIC "-//W3C//DTD XHTML 1.0 Transitional//EN"
    "http://www.w3.org/TR/xhtml1/DTD/xhtml1-transitional.dtd">
<html xmlns="http://www.w3.org/1999/xhtml" xml:lang="en" lang="en">
 <head>
  <title>
</title>
<meta http-equiv="Content-Type" content="text/html;charset=utf-8" />
  <meta name='ocr-system' content='tesseract 3.04.00' />
  <meta name='ocr-capabilities' content='ocr_page ocr_carea ocr_par ocr_line ocrx_word'/>
</head>
<body>
  <div class='ocr_page' id='page_1' title='image "./mtulliiciceroni00baitgoog_0548.png"; bbox 0 0 3610 5860; ppageno 0'>
   <div class='ocr_carea' id='block_1_1' title="bbox 311 422 1312 510">
    <p class='ocr_par' dir='ltr' id='par_1_1' title="bbox 311 422 1312 510">
     <span class='ocr_line' id='line_1_1' title="bbox 311 422 1312 510; baseline 0.014 -14"><span class='ocrx_word' id='word_1_1' title='bbox 311 422 373 496; x_wconf 71' lang='lat'><strong>522</strong></span> <span class='ocrx_word' id='word_1_2' title='bbox 628 441 778 506; x_wconf 78' lang='lat' dir='ltr'>ORATIO</span> <span class='ocrx_word' id='word_1_3' title='bbox 800 443 853 507; x_wconf 85' lang='lat' dir='ltr'><strong>DE</strong></span> <span class='ocrx_word' id='word_1_4' title='bbox 874 443 1042 510; x_wconf 78' lang='lat' dir='ltr'><strong>IMPERIO</strong></span> <span class='ocrx_word' id='word_1_5' title='bbox 1065 445 1126 510; x_wconf 83' lang='lat' dir='ltr'><strong>GN.</strong></span> <span class='ocrx_word' id='word_1_6' title='bbox 1146 445 1312 510; x_wconf 68' lang='lat' dir='ltr'><strong>bonuau</strong></span> 
     </span>
    </p>
   </div>
   <div class='ocr_carea' id='block_1_2' title="bbox 104 605 1749 3350">
    <p class='ocr_par' dir='ltr' id='par_1_2' title="bbox 312 605 1681 700">
     <span class='ocr_line' id='line_1_2' title="bbox 312 605 1681 700; baseline 0.007 -35"><span class='ocrx_word' id='word_1_7' title='bbox 312 622 383 666; x_wconf 89' lang='lat' dir='ltr'><strong>cum</strong></span> <span class='ocrx_word' id='word_1_8' title='bbox 405 605 566 686; x_wconf 87' lang='lat' dir='ltr'><strong>publicani</strong></span> <span class='ocrx_word' id='word_1_9' title='bbox 585 609 720 674; x_wconf 71' lang='lat' dir='ltr'><strong>familias</strong></span> <span class='ocrx_word' id='word_1_10' title='bbox 742 613 911 689; x_wconf 83' lang='lat' dir='ltr'><strong>maximas,</strong></span> <span class='ocrx_word' id='word_1_11' title='bbox 933 634 1012 698; x_wconf 87' lang='lat' dir='ltr'><strong>quas</strong></span> <span class='ocrx_word' id='word_1_12' title='bbox 1033 616 1068 678; x_wconf 93' lang='lat' dir='ltr'><strong>in</strong></span> <span class='ocrx_word' id='word_1_13' title='bbox 1086 615 1217 680; x_wconf 80' lang='lat' dir='ltr'><strong>saltibus</strong></span> <span class='ocrx_word' id='word_1_14' title='bbox 1232 616 1365 692; x_wconf 88' lang='lat' dir='ltr'><strong>habent,</strong></span> <span class='ocrx_word' id='word_1_15' title='bbox 1388 635 1489 700; x_wconf 87' lang='lat' dir='ltr'><strong>quas</strong></span> <span class='ocrx_word' id='word_1_16' title='bbox 1515 617 1559 677; x_wconf 86' lang='lat' dir='ltr'><strong>in</strong></span> <span class='ocrx_word' id='word_1_17' title='bbox 1576 613 1681 696; x_wconf 80' lang='lat' dir='ltr'><strong>agris,</strong></span> 
     </span>
    </p>

    <p class='ocr_par' dir='ltr' id='par_1_3' title="bbox 312 699 1681 790">
     <span class='ocr_line' id='line_1_3' title="bbox 312 699 1681 790; baseline 0.006 -30"><span class='ocrx_word' id='word_1_18' title='bbox 312 717 392 779; x_wconf 84' lang='lat' dir='ltr'><strong>quas</strong></span> <span class='ocrx_word' id='word_1_19' title='bbox 415 699 447 762; x_wconf 91' lang='lat' dir='ltr'><strong>in</strong></span> <span class='ocrx_word' id='word_1_20' title='bbox 468 703 623 783; x_wconf 89' lang='lat' dir='ltr'><strong>portubus</strong></span> <span class='ocrx_word' id='word_1_21' title='bbox 644 713 739 789; x_wconf 86' lang='lat' dir='ltr'><strong>atque</strong></span> <span class='ocrx_word' id='word_1_22' title='bbox 760 707 928 782; x_wconf 88' lang='lat' dir='ltr'><strong>custodiis,</strong></span> <span class='ocrx_word' id='word_1_23' title='bbox 951 727 1065 790; x_wconf 79' lang='lat' dir='ltr'><strong>magno</strong></span> <span class='ocrx_word' id='word_1_24' title='bbox 1081 709 1272 790; x_wconf 83' lang='lat' dir='ltr'><strong>periculose</strong></span> <span class='ocrx_word' id='word_1_25' title='bbox 1287 710 1403 774; x_wconf 87' lang='lat' dir='ltr'><strong>habere</strong></span> <span class='ocrx_word' id='word_1_26' title='bbox 1418 711 1681 774; x_wconf 71' lang='lat' dir='ltr'><strong>arbitrentur?</strong></span> 
     </span>
    </p>

    <p class='ocr_par' dir='ltr' id='par_1_4' title="bbox 312 790 1681 887">
     <span class='ocr_line' id='line_1_4' title="bbox 312 790 1681 887; baseline 0.008 -34"><span class='ocrx_word' id='word_1_27' title='bbox 312 790 474 857; x_wconf 84' lang='lat' dir='ltr'><strong>Putatisne</strong></span> <span class='ocrx_word' id='word_1_28' title='bbox 501 816 558 860; x_wconf 89' lang='lat' dir='ltr'><strong>vos</strong></span> <span class='ocrx_word' id='word_1_29' title='bbox 587 798 650 862; x_wconf 91' lang='lat' dir='ltr'><strong>illis</strong></span> <span class='ocrx_word' id='word_1_30' title='bbox 679 801 772 864; x_wconf 90' lang='lat' dir='ltr'><strong>rebus</strong></span> <span class='ocrx_word' id='word_1_31' title='bbox 798 800 861 864; x_wconf 81' lang='lat' dir='ltr'><strong>frui</strong></span> <span class='ocrx_word' id='word_1_32' title='bbox 892 821 1004 884; x_wconf 90' lang='lat' dir='ltr'><strong>posse,</strong></span> <span class='ocrx_word' id='word_1_33' title='bbox 1033 803 1095 865; x_wconf 88' lang='lat' dir='ltr'><strong>nisi</strong></span> <span class='ocrx_word' id='word_1_34' title='bbox 1118 822 1190 877; x_wconf 87' lang='lat' dir='ltr'><strong>ees,</strong></span> <span class='ocrx_word' id='word_1_35' title='bbox 1219 805 1275 887; x_wconf 90' lang='lat' dir='ltr'><strong>qui</strong></span> <span class='ocrx_word' id='word_1_36' title='bbox 1297 804 1388 867; x_wconf 82' lang='lat' dir='ltr'><strong>rubis</strong></span> <span class='ocrx_word' id='word_1_37' title='bbox 1409 802 1564 867; x_wconf 83' lang='lat' dir='ltr'><strong>fructui</strong></span> <span class='ocrx_word' id='word_1_38' title='bbox 1590 810 1681 874; x_wconf 89' lang='lat' dir='ltr'><strong>sunt,</strong></span> 
     </span>
    </p>

    <p class='ocr_par' dir='ltr' id='par_1_5' title="bbox 289 889 1683 1050">
     <span class='ocr_line' id='line_1_5' title="bbox 312 889 1683 972; baseline 0.008 -27"><span class='ocrx_word' id='word_1_39' title='bbox 312 889 547 965; x_wconf 81' lang='lat' dir='ltr'><strong>conservaritis,</strong></span> <span class='ocrx_word' id='word_1_40' title='bbox 570 911 633 956; x_wconf 91' lang='lat' dir='ltr'><strong>nou</strong></span> <span class='ocrx_word' id='word_1_41' title='bbox 655 892 772 968; x_wconf 91' lang='lat' dir='ltr'><strong>solum,</strong></span> <span class='ocrx_word' id='word_1_42' title='bbox 794 901 831 957; x_wconf 92' lang='lat' dir='ltr'><strong>ut</strong></span> <span class='ocrx_word' id='word_1_43' title='bbox 851 903 924 958; x_wconf 86' lang='lat' dir='ltr'><strong>ante</strong></span> <span class='ocrx_word' id='word_1_44' title='bbox 945 894 1030 971; x_wconf 82' lang='lat' dir='ltr'>dixi,</span> <span class='ocrx_word' id='word_1_45' title='bbox 1052 896 1242 972; x_wconf 83' lang='lat' dir='ltr'><strong>calamitate,</strong></span> <span class='ocrx_word' id='word_1_46' title='bbox 1265 896 1432 962; x_wconf 84' lang='lat' dir='ltr'><strong>sedetiam</strong></span> <span class='ocrx_word' id='word_1_47' title='bbox 1454 895 1683 961; x_wconf 72' lang='lat' dir='ltr'><strong>calamitatis</strong></span> 
     </span>
     <span class='ocr_line' id='line_1_6' title="bbox 289 975 672 1050; baseline 0.039 -14"><span class='ocrx_word' id='word_1_48' title='bbox 289 975 479 1044; x_wconf 82' lang='lat' dir='ltr'><strong>tlormidine</strong></span> <span class='ocrx_word' id='word_1_49' title='bbox 500 983 672 1050; x_wconf 71' lang='lat' dir='ltr'><strong>liberatos?</strong></span> 
     </span>
    </p>

    <p class='ocr_par' dir='ltr' id='par_1_6' title="bbox 297 1071 1681 1450">
     <span class='ocr_line' id='line_1_7' title="bbox 395 1071 1681 1170; baseline 0.007 -34"><span class='ocrx_word' id='word_1_50' title='bbox 395 1075 463 1138; x_wconf 88' lang='lat' dir='ltr'><strong>Vll.</strong></span> <span class='ocrx_word' id='word_1_51' title='bbox 485 1071 534 1141; x_wconf 81' lang='grc'><strong>47.</strong></span> <span class='ocrx_word' id='word_1_52' title='bbox 557 1079 602 1143; x_wconf 77' lang='lat' dir='ltr'><strong>Ac</strong></span> <span class='ocrx_word' id='word_1_53' title='bbox 623 1101 663 1144; x_wconf 88' lang='lat' dir='ltr'><strong>nc</strong></span> <span class='ocrx_word' id='word_1_54' title='bbox 684 1081 765 1145; x_wconf 93' lang='lat' dir='ltr'><strong>illud</strong></span> <span class='ocrx_word' id='word_1_55' title='bbox 788 1083 916 1166; x_wconf 84' lang='lat' dir='ltr'><strong>quidem</strong></span> <span class='ocrx_word' id='word_1_56' title='bbox 931 1084 1021 1149; x_wconf 88' lang='lat' dir='ltr'><strong>vobis</strong></span> <span class='ocrx_word' id='word_1_57' title='bbox 1043 1085 1267 1168; x_wconf 72' lang='lat' dir='ltr'><strong>negligendum</strong></span> <span class='ocrx_word' id='word_1_58' title='bbox 1286 1094 1351 1160; x_wconf 87' lang='lat' dir='ltr'><strong>est,</strong></span> <span class='ocrx_word' id='word_1_59' title='bbox 1375 1085 1475 1170; x_wconf 86' lang='lat' dir='ltr'><strong>quod</strong></span> <span class='ocrx_word' id='word_1_60' title='bbox 1499 1083 1599 1147; x_wconf 84' lang='lat' dir='ltr'><strong>mibi</strong></span> <span class='ocrx_word' id='word_1_61' title='bbox 1618 1102 1681 1163; x_wconf 72' lang='lat' dir='ltr'><strong>ego</strong></span> 
     </span>
     <span class='ocr_line' id='line_1_8' title="bbox 311 1175 1681 1263; baseline 0.007 -34"><span class='ocrx_word' id='word_1_62' title='bbox 311 1175 485 1233; x_wconf 81' lang='lat' dir='ltr'><strong>extremum</strong></span> <span class='ocrx_word' id='word_1_63' title='bbox 507 1193 749 1257; x_wconf 79' lang='lat' dir='ltr'><strong>proposueram,</strong></span> <span class='ocrx_word' id='word_1_64' title='bbox 781 1197 976 1240; x_wconf 83' lang='lat' dir='ltr'><strong>cumessam</strong></span> <span class='ocrx_word' id='word_1_65' title='bbox 998 1179 1037 1242; x_wconf 93' lang='lat' dir='ltr'><strong>de</strong></span> <span class='ocrx_word' id='word_1_66' title='bbox 1059 1179 1135 1244; x_wconf 92' lang='lat' dir='ltr'><strong>belli</strong></span> <span class='ocrx_word' id='word_1_67' title='bbox 1158 1199 1273 1261; x_wconf 79' lang='lat' dir='ltr'><strong>genere</strong></span> <span class='ocrx_word' id='word_1_68' title='bbox 1295 1180 1459 1256; x_wconf 90' lang='lat' dir='ltr'><strong>dicturus,</strong></span> <span class='ocrx_word' id='word_1_69' title='bbox 1503 1178 1613 1263; x_wconf 87' lang='lat' dir='ltr'><strong>quod</strong></span> <span class='ocrx_word' id='word_1_70' title='bbox 1637 1176 1681 1239; x_wconf 82' lang='lat' dir='ltr'><strong>sd</strong></span> 
     </span>
     <span class='ocr_line' id='line_1_9' title="bbox 312 1261 1679 1358; baseline 0.007 -36"><span class='ocrx_word' id='word_1_71' title='bbox 312 1261 480 1328; x_wconf 89' lang='lat' dir='ltr'><strong>multorum</strong></span> <span class='ocrx_word' id='word_1_72' title='bbox 500 1266 585 1330; x_wconf 88' lang='lat' dir='ltr'><strong>bona</strong></span> <span class='ocrx_word' id='word_1_73' title='bbox 605 1269 722 1331; x_wconf 85' lang='lat' dir='ltr'><strong>civium</strong></span> <span class='ocrx_word' id='word_1_74' title='bbox 743 1270 955 1336; x_wconf 86' lang='lat' dir='ltr'><strong>Romanorum</strong></span> <span class='ocrx_word' id='word_1_75' title='bbox 978 1275 1130 1356; x_wconf 60' lang='lat' dir='ltr'><strong>pertinen</strong></span> <span class='ocrx_word' id='word_1_76' title='bbox 1161 1293 1295 1357; x_wconf 90' lang='lat' dir='ltr'><strong>quornm</strong></span> <span class='ocrx_word' id='word_1_77' title='bbox 1324 1273 1415 1338; x_wconf 82' lang='lat' dir='ltr'><strong>vobis</strong></span> <span class='ocrx_word' id='word_1_78' title='bbox 1443 1293 1523 1358; x_wconf 89' lang='lat' dir='ltr'><strong>pro</strong></span> <span class='ocrx_word' id='word_1_79' title='bbox 1562 1279 1679 1334; x_wconf 83' lang='lat' dir='ltr'><strong>vestra</strong></span> 
     </span>
     <span class='ocr_line' id='line_1_10' title="bbox 297 1357 1678 1450; baseline 0.009 -37"><span class='ocrx_word' id='word_1_80' title='bbox 297 1357 479 1438; x_wconf 86' lang='lat' dir='ltr'><strong>¹sapientia,</strong></span> <span class='ocrx_word' id='word_1_81' title='bbox 501 1360 655 1440; x_wconf 84' lang='lat' dir='ltr'><strong>Quirites,</strong></span> <span class='ocrx_word' id='word_1_82' title='bbox 677 1362 822 1427; x_wconf 92' lang='lat' dir='ltr'><strong>habenda</strong></span> <span class='ocrx_word' id='word_1_83' title='bbox 844 1372 892 1428; x_wconf 89' lang='lat' dir='ltr'><strong>est</strong></span> <span class='ocrx_word' id='word_1_84' title='bbox 912 1367 993 1428; x_wconf 92' lang='lat' dir='ltr'><strong>ratio</strong></span> <span class='ocrx_word' id='word_1_85' title='bbox 1007 1367 1186 1450; x_wconf 78' lang='lat' dir='ltr'><strong>diligenter.</strong></span> <span class='ocrx_word' id='word_1_86' title='bbox 1220 1370 1299 1431; x_wconf 86' lang='lat' dir='ltr'><strong>Nam</strong></span> <span class='ocrx_word' id='word_1_87' title='bbox 1323 1374 1354 1430; x_wconf 92' lang='lat' dir='ltr'><strong>et</strong></span> <span class='ocrx_word' id='word_1_88' title='bbox 1375 1365 1588 1450; x_wconf 87' lang='lat' dir='ltr'><strong>publicani,</strong></span> <span class='ocrx_word' id='word_1_89' title='bbox 1614 1364 1678 1426; x_wconf 90' lang='lat' dir='ltr'><strong>bo-</strong></span> 
     </span>
    </p>

    <p class='ocr_par' dir='ltr' id='par_1_7' title="bbox 104 1450 1749 3350">
     <span class='ocr_line' id='line_1_11' title="bbox 275 1450 1676 1544; baseline 0.006 -33"><span class='ocrx_word' id='word_1_90' title='bbox 275 1450 412 1515; x_wconf 81' lang='lat' dir='ltr'><strong>ttmines</strong></span> <span class='ocrx_word' id='word_1_91' title='bbox 439 1452 654 1518; x_wconf 79' lang='lat' dir='ltr'><strong>honestissimi</strong></span> <span class='ocrx_word' id='word_1_92' title='bbox 683 1465 777 1540; x_wconf 90' lang='lat' dir='ltr'><strong>atque</strong></span> <span class='ocrx_word' id='word_1_93' title='bbox 806 1459 1015 1534; x_wconf 88' lang='lat' dir='ltr'><strong>ornatissimi,</strong></span> <span class='ocrx_word' id='word_1_94' title='bbox 1044 1481 1117 1524; x_wconf 90' lang='lat' dir='ltr'><strong>suas</strong></span> <span class='ocrx_word' id='word_1_95' title='bbox 1146 1463 1286 1524; x_wconf 86' lang='lat' dir='ltr'><strong>rationes</strong></span> <span class='ocrx_word' id='word_1_96' title='bbox 1309 1473 1340 1526; x_wconf 91' lang='lat' dir='ltr'><strong>et</strong></span> <span class='ocrx_word' id='word_1_97' title='bbox 1361 1461 1477 1544; x_wconf 87' lang='lat' dir='ltr'><strong>copias</strong></span> <span class='ocrx_word' id='word_1_98' title='bbox 1506 1461 1551 1522; x_wconf 89' lang='lat' dir='ltr'><strong>in</strong></span> <span class='ocrx_word' id='word_1_99' title='bbox 1579 1458 1676 1520; x_wconf 86' lang='lat' dir='ltr'><strong>illam</strong></span> 
     </span>
     <span class='ocr_line' id='line_1_12' title="bbox 130 1537 1673 1666; baseline 0.006 -63"><span class='ocrx_word' id='word_1_100' title='bbox 130 1573 181 1666; x_wconf 46' lang='grc' dir='ltr'>ἐ</span> <span class='ocrx_word' id='word_1_101' title='bbox 310 1537 505 1626; x_wconf 76' lang='lat' dir='ltr'><strong>provid&#39;c&#39;iam</strong></span> <span class='ocrx_word' id='word_1_102' title='bbox 534 1549 913 1645; x_wconf 48' lang='lat' dir='ltr'><strong>contulerunt,=„qu0rum</strong></span> <span class='ocrx_word' id='word_1_103' title='bbox 938 1555 1080 1637; x_wconf 88' lang='lat' dir='ltr'><strong>ipsorum</strong></span> <span class='ocrx_word' id='word_1_104' title='bbox 1108 1575 1165 1637; x_wconf 89' lang='lat' dir='ltr'><strong>per</strong></span> <span class='ocrx_word' id='word_1_105' title='bbox 1197 1575 1231 1618; x_wconf 91' lang='lat' dir='ltr'><strong>se</strong></span> <span class='ocrx_word' id='word_1_106' title='bbox 1253 1575 1303 1618; x_wconf 89' lang='lat' dir='ltr'><strong>res</strong></span> <span class='ocrx_word' id='word_1_107' title='bbox 1324 1562 1357 1640; x_wconf 87' lang='lat' dir='ltr'><strong>et</strong></span> <span class='ocrx_word' id='word_1_108' title='bbox 1376 1553 1547 1638; x_wconf 80' lang='lat' dir='ltr'><strong>fortunae</strong></span> <span class='ocrx_word' id='word_1_109' title='bbox 1574 1551 1673 1615; x_wconf 78' lang='lat' dir='ltr'><strong>vobis</strong></span> 
     </span>
     <span class='ocr_line' id='line_1_13' title="bbox 311 1639 1674 1733; baseline 0.004 -33"><span class='ocrx_word' id='word_1_110' title='bbox 311 1656 405 1702; x_wconf 87' lang='lat' dir='ltr'><strong>curae</strong></span> <span class='ocrx_word' id='word_1_111' title='bbox 427 1661 497 1705; x_wconf 88' lang='lat' dir='ltr'><strong>esse</strong></span> <span class='ocrx_word' id='word_1_112' title='bbox 521 1642 656 1733; x_wconf 52' lang='lat' dir='ltr'><strong>debente</strong></span> <span class='ocrx_word' id='word_1_113' title='bbox 680 1644 806 1709; x_wconf 85' lang='lat' dir='ltr'><strong>Etenim</strong></span> <span class='ocrx_word' id='word_1_114' title='bbox 827 1647 854 1709; x_wconf 91' lang='lat' dir='ltr'><strong>si</strong></span> <span class='ocrx_word' id='word_1_115' title='bbox 876 1647 1042 1730; x_wconf 82' lang='lat' dir='ltr'><strong>vectigalia</strong></span> <span class='ocrx_word' id='word_1_116' title='bbox 1064 1668 1178 1712; x_wconf 85' lang='lat' dir='ltr'><strong>nervos</strong></span> <span class='ocrx_word' id='word_1_117' title='bbox 1200 1669 1270 1712; x_wconf 90' lang='lat' dir='ltr'><strong>esse</strong></span> <span class='ocrx_word' id='word_1_118' title='bbox 1284 1649 1330 1711; x_wconf 89' lang='lat' dir='ltr'><strong>rei</strong></span> <span class='ocrx_word' id='word_1_119' title='bbox 1345 1639 1506 1732; x_wconf 81' lang='lat' dir='ltr'><strong>publicae</strong></span> <span class='ocrx_word' id='word_1_120' title='bbox 1526 1664 1674 1726; x_wconf 85' lang='lat' dir='ltr'><strong>semper</strong></span> 
     </span>
     <span class='ocr_line' id='line_1_14' title="bbox 310 1730 1669 1824; baseline 0.007 -31"><span class='ocrx_word' id='word_1_121' title='bbox 310 1730 475 1810; x_wconf 86' lang='lat' dir='ltr'><strong>duximus,</strong></span> <span class='ocrx_word' id='word_1_122' title='bbox 498 1755 569 1799; x_wconf 89' lang='lat' dir='ltr'><strong>eum</strong></span> <span class='ocrx_word' id='word_1_123' title='bbox 591 1746 675 1801; x_wconf 90' lang='lat' dir='ltr'><strong>certe</strong></span> <span class='ocrx_word' id='word_1_124' title='bbox 697 1739 857 1813; x_wconf 87' lang='lat' dir='ltr'><strong>ordinem,</strong></span> <span class='ocrx_word' id='word_1_125' title='bbox 880 1742 935 1824; x_wconf 87' lang='lat' dir='ltr'><strong>qni</strong></span> <span class='ocrx_word' id='word_1_126' title='bbox 958 1751 1085 1805; x_wconf 87' lang='lat' dir='ltr'><strong>exercet</strong></span> <span class='ocrx_word' id='word_1_127' title='bbox 1105 1742 1175 1816; x_wconf 90' lang='lat' dir='ltr'><strong>illa,</strong></span> <span class='ocrx_word' id='word_1_128' title='bbox 1204 1739 1434 1805; x_wconf 87' lang='lat' dir='ltr'><strong>firmamentum</strong></span> <span class='ocrx_word' id='word_1_129' title='bbox 1457 1747 1669 1804; x_wconf 74' lang='lat' dir='ltr'><strong>cetetonem</strong></span> 
     </span>
     <span class='ocr_line' id='line_1_15' title="bbox 311 1824 1669 1900; baseline 0.006 -14"><span class='ocrx_word' id='word_1_130' title='bbox 311 1824 457 1891; x_wconf 91' lang='lat' dir='ltr'><strong>ordinum</strong></span> <span class='ocrx_word' id='word_1_131' title='bbox 477 1838 563 1894; x_wconf 88' lang='lat' dir='ltr'><strong>recte</strong></span> <span class='ocrx_word' id='word_1_132' title='bbox 586 1851 656 1894; x_wconf 90' lang='lat' dir='ltr'><strong>esse</strong></span> <span class='ocrx_word' id='word_1_133' title='bbox 677 1831 829 1896; x_wconf 90' lang='lat' dir='ltr'><strong>dicemus.</strong></span> <span class='ocrx_word' id='word_1_134' title='bbox 883 1831 933 1897; x_wconf 88' lang='grc'><strong>48.</strong></span> <span class='ocrx_word' id='word_1_135' title='bbox 956 1836 1079 1899; x_wconf 89' lang='lat' dir='ltr'><strong>Deinde</strong></span> <span class='ocrx_word' id='word_1_136' title='bbox 1102 1855 1142 1898; x_wconf 83' lang='lat' dir='ltr'><strong>ex</strong></span> <span class='ocrx_word' id='word_1_137' title='bbox 1165 1836 1279 1900; x_wconf 88' lang='lat' dir='ltr'><strong>ceteris</strong></span> <span class='ocrx_word' id='word_1_138' title='bbox 1301 1835 1467 1899; x_wconf 75' lang='lat' dir='ltr'><strong>ordinibus</strong></span> <span class='ocrx_word' id='word_1_139' title='bbox 1498 1834 1669 1897; x_wconf 84' lang='lat' dir='ltr'><strong>homines</strong></span> 
     </span>
     <span class='ocr_line' id='line_1_16' title="bbox 126 1921 1668 2060; baseline 0.007 -81"><span class='ocrx_word' id='word_1_140' title='bbox 126 1955 155 2060; x_wconf 53' lang='grc' dir='ltr'><em>ί</em></span> <span class='ocrx_word' id='word_1_141' title='bbox 181 1932 200 1981; x_wconf 75' lang='lat' dir='ltr'><em>l</em></span> <span class='ocrx_word' id='word_1_142' title='bbox 274 1921 405 2000; x_wconf 73' lang='lat' dir='ltr'><strong>regnavi</strong></span> <span class='ocrx_word' id='word_1_143' title='bbox 426 1929 519 2006; x_wconf 89' lang='lat' dir='ltr'><strong>atque</strong></span> <span class='ocrx_word' id='word_1_144' title='bbox 540 1924 686 1988; x_wconf 88' lang='lat' dir='ltr'><strong>industrii</strong></span> <span class='ocrx_word' id='word_1_145' title='bbox 709 1927 823 2011; x_wconf 66' lang='lat' dir='ltr'><strong>partim</strong></span> <span class='ocrx_word' id='word_1_146' title='bbox 846 1927 906 2010; x_wconf 88' lang='lat' dir='ltr'><strong>ipsi</strong></span> <span class='ocrx_word' id='word_1_147' title='bbox 929 1929 962 1990; x_wconf 94' lang='lat' dir='ltr'><strong>in</strong></span> <span class='ocrx_word' id='word_1_148' title='bbox 983 1930 1058 1992; x_wconf 84' lang='lat' dir='ltr'><strong>Asia</strong></span> <span class='ocrx_word' id='word_1_149' title='bbox 1078 1929 1297 2012; x_wconf 82' lang='lat' dir='ltr'><strong>negotiantur,</strong></span> <span class='ocrx_word' id='word_1_150' title='bbox 1320 1928 1435 2013; x_wconf 91' lang='lat' dir='ltr'><strong>quibus</strong></span> <span class='ocrx_word' id='word_1_151' title='bbox 1450 1949 1522 1992; x_wconf 87' lang='lat' dir='ltr'><strong>vos</strong></span> <span class='ocrx_word' id='word_1_152' title='bbox 1539 1929 1668 1992; x_wconf 86' lang='lat' dir='ltr'><strong>absen-</strong></span> 
     </span>
     <span class='ocr_line' id='line_1_17' title="bbox 310 2012 1667 2106; baseline 0.008 -32"><span class='ocrx_word' id='word_1_153' title='bbox 310 2012 393 2076; x_wconf 87' lang='lat' dir='ltr'><strong>tibus</strong></span> <span class='ocrx_word' id='word_1_154' title='bbox 415 2017 579 2082; x_wconf 88' lang='lat' dir='ltr'><strong>consulcre</strong></span> <span class='ocrx_word' id='word_1_155' title='bbox 601 2019 740 2094; x_wconf 87' lang='lat' dir='ltr'><strong>debetis,</strong></span> <span class='ocrx_word' id='word_1_156' title='bbox 762 2022 878 2104; x_wconf 70' lang='lat' dir='ltr'><strong>partim</strong></span> <span class='ocrx_word' id='word_1_157' title='bbox 900 2042 1009 2086; x_wconf 91' lang='lat' dir='ltr'><strong>eorum</strong></span> <span class='ocrx_word' id='word_1_158' title='bbox 1032 2023 1064 2085; x_wconf 95' lang='lat' dir='ltr'><strong>in</strong></span> <span class='ocrx_word' id='word_1_159' title='bbox 1089 2041 1127 2086; x_wconf 90' lang='lat' dir='ltr'><strong>ea</strong></span> <span class='ocrx_word' id='word_1_160' title='bbox 1149 2024 1311 2105; x_wconf 85' lang='lat' dir='ltr'><strong>provincia</strong></span> <span class='ocrx_word' id='word_1_161' title='bbox 1332 2023 1488 2106; x_wconf 87' lang='lat' dir='ltr'><strong>pecunias</strong></span> <span class='ocrx_word' id='word_1_162' title='bbox 1516 2039 1667 2104; x_wconf 80' lang='lat' dir='ltr'><strong>magnas</strong></span> 
     </span>
     <span class='ocr_line' id='line_1_18' title="bbox 310 2107 1663 2198; baseline 0.007 -29"><span class='ocrx_word' id='word_1_163' title='bbox 310 2107 480 2174; x_wconf 88' lang='lat' dir='ltr'><strong>collocatas</strong></span> <span class='ocrx_word' id='word_1_164' title='bbox 508 2112 634 2178; x_wconf 88' lang='lat' dir='ltr'><strong>habent.</strong></span> <span class='ocrx_word' id='word_1_165' title='bbox 677 2116 734 2178; x_wconf 89' lang='lat' dir='ltr'><strong>Est</strong></span> <span class='ocrx_word' id='word_1_166' title='bbox 762 2116 858 2198; x_wconf 85' lang='lat' dir='ltr'><strong>igitur</strong></span> <span class='ocrx_word' id='word_1_167' title='bbox 884 2116 1088 2180; x_wconf 85' lang='lat' dir='ltr'><strong>humanitatis</strong></span> <span class='ocrx_word' id='word_1_168' title='bbox 1121 2124 1264 2191; x_wconf 84' lang='lat' dir='ltr'><strong>vestrae,</strong></span> <span class='ocrx_word' id='word_1_169' title='bbox 1293 2135 1442 2198; x_wconf 76' lang='lat' dir='ltr'><strong>magnum</strong></span> <span class='ocrx_word' id='word_1_170' title='bbox 1470 2133 1663 2179; x_wconf 88' lang='lat' dir='ltr'><strong>numerum</strong></span> 
     </span>
     <span class='ocr_line' id='line_1_19' title="bbox 309 2205 1663 2291; baseline 0.005 -28"><span class='ocrx_word' id='word_1_171' title='bbox 309 2220 420 2266; x_wconf 90' lang='lat' dir='ltr'><strong>eorum</strong></span> <span class='ocrx_word' id='word_1_172' title='bbox 442 2205 560 2270; x_wconf 87' lang='lat' dir='ltr'><strong>civium</strong></span> <span class='ocrx_word' id='word_1_173' title='bbox 581 2208 756 2272; x_wconf 78' lang='lat' dir='ltr'><strong>calamitate</strong></span> <span class='ocrx_word' id='word_1_174' title='bbox 778 2209 963 2291; x_wconf 89' lang='lat' dir='ltr'><strong>prohibere,</strong></span> <span class='ocrx_word' id='word_1_175' title='bbox 986 2210 1178 2291; x_wconf 86' lang='lat' dir='ltr'><strong>sapientiae,</strong></span> <span class='ocrx_word' id='word_1_176' title='bbox 1200 2211 1309 2273; x_wconf 88' lang='lat' dir='ltr'><strong>videre</strong></span> <span class='ocrx_word' id='word_1_177' title='bbox 1326 2209 1502 2274; x_wconf 82' lang='lat' dir='ltr'><strong>multorum</strong></span> <span class='ocrx_word' id='word_1_178' title='bbox 1530 2208 1663 2272; x_wconf 84' lang='lat' dir='ltr'><strong>civium</strong></span> 
     </span>
     <span class='ocr_line' id='line_1_20' title="bbox 310 2295 1659 2388; baseline 0.007 -32"><span class='ocrx_word' id='word_1_179' title='bbox 310 2295 518 2364; x_wconf 88' lang='lat' dir='ltr'><strong>calamitatem</strong></span> <span class='ocrx_word' id='word_1_180' title='bbox 546 2321 565 2364; x_wconf 86' lang='lat' dir='ltr'><strong>a</strong></span> <span class='ocrx_word' id='word_1_181' title='bbox 592 2321 627 2364; x_wconf 87' lang='lat' dir='ltr'><strong>re</strong></span> <span class='ocrx_word' id='word_1_182' title='bbox 655 2302 782 2385; x_wconf 90' lang='lat' dir='ltr'><strong>publica</strong></span> <span class='ocrx_word' id='word_1_183' title='bbox 810 2305 984 2367; x_wconf 88' lang='lat' dir='ltr'><strong>seiunctam</strong></span> <span class='ocrx_word' id='word_1_184' title='bbox 1012 2323 1168 2367; x_wconf 88' lang='lat' dir='ltr'><strong>essenon</strong></span> <span class='ocrx_word' id='word_1_185' title='bbox 1197 2323 1302 2388; x_wconf 87' lang='lat' dir='ltr'><strong>posse.</strong></span> <span class='ocrx_word' id='word_1_186' title='bbox 1346 2303 1471 2366; x_wconf 87' lang='lat' dir='ltr'><strong>Etenim</strong></span> <span class='ocrx_word' id='word_1_187' title='bbox 1504 2303 1659 2386; x_wconf 83' lang='lat' dir='ltr'><strong>primum</strong></span> 
     </span>
     <span class='ocr_line' id='line_1_21' title="bbox 272 2389 1659 2481; baseline 0.005 -29"><span class='ocrx_word' id='word_1_188' title='bbox 272 2389 388 2453; x_wconf 78' lang='lat' dir='ltr'><strong>nillud</strong></span> <span class='ocrx_word' id='word_1_189' title='bbox 410 2394 498 2474; x_wconf 91' lang='lat' dir='ltr'><strong>parvi</strong></span> <span class='ocrx_word' id='word_1_190' title='bbox 519 2395 629 2470; x_wconf 79' lang='lat' dir='ltr'><strong>refert,</strong></span> <span class='ocrx_word' id='word_1_191' title='bbox 651 2416 711 2460; x_wconf 91' lang='lat' dir='ltr'><strong>nos</strong></span> <span class='ocrx_word' id='word_1_192' title='bbox 732 2398 908 2479; x_wconf 83' lang='lat' dir='ltr'><strong>publicanis</strong></span> <span class='ocrx_word' id='word_1_193' title='bbox 931 2398 1055 2462; x_wconf 87' lang='lat' dir='ltr'><strong>amissis</strong></span> <span class='ocrx_word' id='word_1_194' title='bbox 1078 2399 1245 2481; x_wconf 76' lang='lat' dir='ltr'><strong>vectigalia</strong></span> <span class='ocrx_word' id='word_1_195' title='bbox 1266 2404 1379 2481; x_wconf 89' lang='lat' dir='ltr'><strong>postca</strong></span> <span class='ocrx_word' id='word_1_196' title='bbox 1393 2397 1537 2460; x_wconf 81' lang='lat' dir='ltr'><strong>victoria</strong></span> <span class='ocrx_word' id='word_1_197' title='bbox 1560 2416 1659 2460; x_wconf 89' lang='lat' dir='ltr'><strong>recu·</strong></span> 
     </span>
     <span class='ocr_line' id='line_1_22' title="bbox 309 2482 1654 2574; baseline 0.005 -29"><span class='ocrx_word' id='word_1_198' title='bbox 309 2502 436 2565; x_wconf 86' lang='lat' dir='ltr'><strong>parare:</strong></span> <span class='ocrx_word' id='word_1_199' title='bbox 449 2498 570 2570; x_wconf 76' lang='lat' dir='ltr'><strong>(neque</strong></span> <span class='ocrx_word' id='word_1_200' title='bbox 599 2491 683 2553; x_wconf 90' lang='lat' dir='ltr'><strong>enim</strong></span> <span class='ocrx_word' id='word_1_201' title='bbox 711 2491 811 2554; x_wconf 88' lang='lat' dir='ltr'><strong>isdem</strong></span> <span class='ocrx_word' id='word_1_202' title='bbox 833 2491 1008 2554; x_wconf 89' lang='lat' dir='ltr'><strong>redimendi</strong></span> <span class='ocrx_word' id='word_1_203' title='bbox 1029 2490 1161 2554; x_wconf 81' lang='lat' dir='ltr'><strong>laurltas</strong></span> <span class='ocrx_word' id='word_1_204' title='bbox 1182 2482 1394 2574; x_wconf 59' lang='lat' dir='ltr'><strong>critbpropter</strong></span> <span class='ocrx_word' id='word_1_205' title='bbox 1415 2491 1654 2562; x_wconf 70' lang='lat' dir='ltr'><strong>calamitatem,</strong></span> 
     </span>
     <span class='ocr_line' id='line_1_23' title="bbox 291 2575 1655 2670; baseline 0.003 -30"><span class='ocrx_word' id='word_1_206' title='bbox 291 2575 414 2661; x_wconf 76' lang='lat' dir='ltr'><strong>(neque</strong></span> <span class='ocrx_word' id='word_1_207' title='bbox 436 2579 507 2644; x_wconf 90' lang='lat' dir='ltr'><strong>aliis</strong></span> <span class='ocrx_word' id='word_1_208' title='bbox 529 2582 823 2668; x_wconf 76' lang='lat' dir='ltr'><strong>voluntaslpropter</strong></span> <span class='ocrx_word' id='word_1_209' title='bbox 843 2587 998 2648; x_wconf 90' lang='lat' dir='ltr'><strong>timorem.</strong></span> <span class='ocrx_word' id='word_1_210' title='bbox 1034 2579 1084 2646; x_wconf 86' lang='lat' dir='ltr'><strong>t9.</strong></span> <span class='ocrx_word' id='word_1_211' title='bbox 1105 2586 1243 2659; x_wconf 87' lang='lat' dir='ltr'><strong>Deinde,</strong></span> <span class='ocrx_word' id='word_1_212' title='bbox 1258 2585 1345 2669; x_wconf 91' lang='lat' dir='ltr'><strong>quod</strong></span> <span class='ocrx_word' id='word_1_213' title='bbox 1357 2575 1418 2670; x_wconf 72' lang='lat' dir='ltr'><strong>iios</strong></span> <span class='ocrx_word' id='word_1_214' title='bbox 1434 2585 1556 2648; x_wconf 86' lang='lat' dir='ltr'><strong>eadem</strong></span> <span class='ocrx_word' id='word_1_215' title='bbox 1573 2584 1655 2646; x_wconf 82' lang='lat' dir='ltr'><strong>Asis</strong></span> 
     </span>
     <span class='ocr_line' id='line_1_24' title="bbox 107 2665 1652 2780; baseline 0.005 -48"><span class='ocrx_word' id='word_1_216' title='bbox 107 2751 117 2780; x_wconf 34' lang='grc' dir='ltr'><em>τ</em></span> <span class='ocrx_word' id='word_1_217' title='bbox 148 2743 155 2760; x_wconf 21' lang='lat'><strong>¹,</strong></span> <span class='ocrx_word' id='word_1_218' title='bbox 310 2677 405 2754; x_wconf 83' lang='lat' dir='ltr'><strong>atque</strong></span> <span class='ocrx_word' id='word_1_219' title='bbox 427 2673 512 2738; x_wconf 89' lang='lat' dir='ltr'><strong>idem</strong></span> <span class='ocrx_word' id='word_1_220' title='bbox 532 2671 592 2738; x_wconf 81' lang='lat' dir='ltr'><strong>istc</strong></span> <span class='ocrx_word' id='word_1_221' title='bbox 614 2677 810 2741; x_wconf 85' lang='lat' dir='ltr'><strong>Mithridates</strong></span> <span class='ocrx_word' id='word_1_222' title='bbox 831 2679 921 2743; x_wconf 91' lang='lat' dir='ltr'><strong>initio</strong></span> <span class='ocrx_word' id='word_1_223' title='bbox 941 2678 1018 2741; x_wconf 85' lang='lat' dir='ltr'><strong>belli</strong></span> <span class='ocrx_word' id='word_1_224' title='bbox 1039 2679 1169 2743; x_wconf 82' lang='lat' dir='ltr'><strong>Asiatici</strong></span> <span class='ocrx_word' id='word_1_225' title='bbox 1191 2679 1300 2741; x_wconf 90' lang='lat' dir='ltr'><strong>docuit</strong></span> <span class='ocrx_word' id='word_1_226' title='bbox 1307 2665 1376 2767; x_wconf 60' lang='lat' dir='ltr'><strong>,frid</strong></span> <span class='ocrx_word' id='word_1_227' title='bbox 1397 2678 1534 2760; x_wconf 87' lang='lat' dir='ltr'><strong>quidem</strong></span> <span class='ocrx_word' id='word_1_228' title='bbox 1561 2683 1652 2740; x_wconf 83' lang='lat' dir='ltr'><strong>certe</strong></span> 
     </span>
     <span class='ocr_line' id='line_1_25' title="bbox 104 2756 1649 2846; baseline 0.002 -18"><span class='ocrx_word' id='word_1_229' title='bbox 104 2756 223 2828; x_wconf 56' lang='lat'><strong>757*</strong></span> <span class='ocrx_word' id='word_1_230' title='bbox 310 2765 488 2832; x_wconf 87' lang='lat' dir='ltr'><strong>calamitate</strong></span> <span class='ocrx_word' id='word_1_231' title='bbox 510 2769 595 2834; x_wconf 91' lang='lat' dir='ltr'><strong>docti</strong></span> <span class='ocrx_word' id='word_1_232' title='bbox 616 2772 767 2836; x_wconf 86' lang='lat' dir='ltr'><strong>memoria</strong></span> <span class='ocrx_word' id='word_1_233' title='bbox 789 2772 923 2835; x_wconf 88' lang='lat' dir='ltr'><strong>retinere</strong></span> <span class='ocrx_word' id='word_1_234' title='bbox 946 2765 1115 2836; x_wconf 82' lang='lat' dir='ltr'><strong>debemus:</strong></span> <span class='ocrx_word' id='word_1_235' title='bbox 1137 2761 1315 2846; x_wconf 71' lang='lat' dir='ltr'><strong>nnm&#39;tum,</strong></span> <span class='ocrx_word' id='word_1_236' title='bbox 1338 2791 1409 2836; x_wconf 87' lang='lat' dir='ltr'><strong>cum</strong></span> <span class='ocrx_word' id='word_1_237' title='bbox 1431 2773 1464 2834; x_wconf 93' lang='lat' dir='ltr'><strong>in</strong></span> <span class='ocrx_word' id='word_1_238' title='bbox 1485 2772 1574 2834; x_wconf 80' lang='lat' dir='ltr'><strong>Asia</strong></span> <span class='ocrx_word' id='word_1_239' title='bbox 1595 2788 1649 2832; x_wconf 88' lang='lat' dir='ltr'><strong>res</strong></span> 
     </span>
     <span class='ocr_line' id='line_1_26' title="bbox 273 2862 1650 2948; baseline 0.003 -26"><span class='ocrx_word' id='word_1_240' title='bbox 273 2873 439 2940; x_wconf 73' lang='lat' dir='ltr'><strong>tamagnas</strong></span> <span class='ocrx_word' id='word_1_241' title='bbox 461 2863 610 2942; x_wconf 86' lang='lat' dir='ltr'><strong>permulti</strong></span> <span class='ocrx_word' id='word_1_242' title='bbox 632 2865 817 2940; x_wconf 86' lang='lat' dir='ltr'><strong>amiserant,</strong></span> <span class='ocrx_word' id='word_1_243' title='bbox 839 2867 956 2930; x_wconf 89' lang='lat' dir='ltr'><strong>scimus</strong></span> <span class='ocrx_word' id='word_1_244' title='bbox 977 2866 1095 2928; x_wconf 82' lang='lat' dir='ltr'><strong>Romae</strong></span> <span class='ocrx_word' id='word_1_245' title='bbox 1110 2867 1267 2930; x_wconf 88' lang='lat' dir='ltr'><strong>solutione</strong></span> <span class='ocrx_word' id='word_1_246' title='bbox 1283 2865 1435 2948; x_wconf 88' lang='lat' dir='ltr'><strong>impedita</strong></span> <span class='ocrx_word' id='word_1_247' title='bbox 1448 2862 1552 2928; x_wconf 84' lang='lat' dir='ltr'><strong>fidem</strong></span> <span class='ocrx_word' id='word_1_248' title='bbox 1568 2883 1650 2927; x_wconf 91' lang='lat' dir='ltr'><strong>con-</strong></span> 
     </span>
     <span class='ocr_line' id='line_1_27' title="bbox 311 2953 1647 3043; baseline 0.003 -29"><span class='ocrx_word' id='word_1_249' title='bbox 311 2953 435 3017; x_wconf 90' lang='lat' dir='ltr'><strong>cidisse.</strong></span> <span class='ocrx_word' id='word_1_250' title='bbox 479 2957 550 3020; x_wconf 92' lang='lat' dir='ltr'><strong>Non</strong></span> <span class='ocrx_word' id='word_1_251' title='bbox 572 2959 657 3022; x_wconf 89' lang='lat' dir='ltr'><strong>enim</strong></span> <span class='ocrx_word' id='word_1_252' title='bbox 678 2967 814 3043; x_wconf 90' lang='lat' dir='ltr'><strong>possunt</strong></span> <span class='ocrx_word' id='word_1_253' title='bbox 833 2979 897 3022; x_wconf 91' lang='lat' dir='ltr'><strong>una</strong></span> <span class='ocrx_word' id='word_1_254' title='bbox 919 2959 952 3022; x_wconf 93' lang='lat' dir='ltr'><strong>in</strong></span> <span class='ocrx_word' id='word_1_255' title='bbox 975 2958 1100 3023; x_wconf 85' lang='lat' dir='ltr'><strong>civitate</strong></span> <span class='ocrx_word' id='word_1_256' title='bbox 1121 2959 1212 3023; x_wconf 92' lang='lat' dir='ltr'><strong>multi</strong></span> <span class='ocrx_word' id='word_1_257' title='bbox 1232 2979 1299 3024; x_wconf 88' lang='lat' dir='ltr'><strong>rem</strong></span> <span class='ocrx_word' id='word_1_258' title='bbox 1321 2978 1358 3022; x_wconf 90' lang='lat' dir='ltr'><strong>ac</strong></span> <span class='ocrx_word' id='word_1_259' title='bbox 1378 2959 1524 3024; x_wconf 82' lang='lat' dir='ltr'><strong>fortunas</strong></span> <span class='ocrx_word' id='word_1_260' title='bbox 1549 2959 1647 3022; x_wconf 88' lang='lat' dir='ltr'><strong>amit-</strong></span> 
     </span>
     <span class='ocr_line' id='line_1_28' title="bbox 310 3053 1647 3138; baseline 0.007 -28"><span class='ocrx_word' id='word_1_261' title='bbox 310 3054 390 3122; x_wconf 85' lang='lat' dir='ltr'><strong>tere,</strong></span> <span class='ocrx_word' id='word_1_262' title='bbox 420 3057 455 3112; x_wconf 94' lang='lat' dir='ltr'><strong>ut</strong></span> <span class='ocrx_word' id='word_1_263' title='bbox 480 3069 544 3114; x_wconf 95' lang='lat' dir='ltr'><strong>non</strong></span> <span class='ocrx_word' id='word_1_264' title='bbox 573 3053 679 3135; x_wconf 91' lang='lat' dir='ltr'><strong>plures</strong></span> <span class='ocrx_word' id='word_1_265' title='bbox 701 3075 809 3118; x_wconf 89' lang='lat' dir='ltr'><strong>secum</strong></span> <span class='ocrx_word' id='word_1_266' title='bbox 831 3055 865 3118; x_wconf 93' lang='lat' dir='ltr'><strong>in</strong></span> <span class='ocrx_word' id='word_1_267' title='bbox 887 3056 1020 3118; x_wconf 88' lang='lat' dir='ltr'><strong>candem</strong></span> <span class='ocrx_word' id='word_1_268' title='bbox 1042 3053 1168 3118; x_wconf 88' lang='lat' dir='ltr'><strong>trahant</strong></span> <span class='ocrx_word' id='word_1_269' title='bbox 1188 3054 1406 3121; x_wconf 83' lang='lat' dir='ltr'><strong>calamitatem.</strong></span> <span class='ocrx_word' id='word_1_270' title='bbox 1442 3057 1565 3138; x_wconf 78' lang='lat' dir='ltr'><strong>Aquo</strong></span> <span class='ocrx_word' id='word_1_271' title='bbox 1588 3073 1647 3136; x_wconf 85' lang='lat' dir='ltr'><strong>pe·</strong></span> 
     </span>
     <span class='ocr_line' id='line_1_29' title="bbox 310 3119 1644 3238; baseline 0.001 -31"><span class='ocrx_word' id='word_1_272' title='bbox 310 3143 411 3208; x_wconf 88' lang='lat' dir='ltr'><strong>riculo</strong></span> <span class='ocrx_word' id='word_1_273' title='bbox 432 3144 598 3227; x_wconf 88' lang='lat' dir='ltr'><strong>prohibete</strong></span> <span class='ocrx_word' id='word_1_274' title='bbox 619 3167 685 3210; x_wconf 88' lang='lat' dir='ltr'><strong>rem</strong></span> <span class='ocrx_word' id='word_1_275' title='bbox 700 3149 858 3232; x_wconf 90' lang='lat' dir='ltr'><strong>publicam</strong></span> <span class='ocrx_word' id='word_1_276' title='bbox 873 3148 997 3213; x_wconf 89' lang='lat' dir='ltr'><strong>etmihi</strong></span> <span class='ocrx_word' id='word_1_277' title='bbox 1015 3147 1152 3223; x_wconf 90' lang='lat' dir='ltr'><strong>credite,</strong></span> <span class='ocrx_word' id='word_1_278' title='bbox 1173 3148 1206 3212; x_wconf 93' lang='lat' dir='ltr'><strong>id</strong></span> <span class='ocrx_word' id='word_1_279' title='bbox 1221 3149 1309 3232; x_wconf 89' lang='lat' dir='ltr'><strong>quod</strong></span> <span class='ocrx_word' id='word_1_280' title='bbox 1326 3148 1388 3230; x_wconf 91' lang='lat' dir='ltr'><strong>ipsi</strong></span> <span class='ocrx_word' id='word_1_281' title='bbox 1402 3119 1644 3238; x_wconf 54' lang='lat' dir='ltr'><strong>videtisffbaec</strong></span> 
     </span>
     <span class='ocr_line' id='line_1_30' title="bbox 105 3228 1749 3350; baseline 0.008 -52"><span class='ocrx_word' id='word_1_282' title='bbox 105 3252 237 3350; x_wconf 28' lang='lat' dir='ltr'><strong>s&gt;</strong></span> <span class='ocrx_word' id='word_1_283' title='bbox 309 3236 389 3302; x_wconf 88' lang='lat' dir='ltr'><strong>tides</strong></span> <span class='ocrx_word' id='word_1_284' title='bbox 410 3247 506 3323; x_wconf 89' lang='lat' dir='ltr'><strong>atque</strong></span> <span class='ocrx_word' id='word_1_285' title='bbox 526 3239 606 3304; x_wconf 89' lang='lat' dir='ltr'><strong>baec</strong></span> <span class='ocrx_word' id='word_1_286' title='bbox 626 3241 707 3306; x_wconf 86' lang='lat' dir='ltr'><strong>ratio</strong></span> <span class='ocrx_word' id='word_1_287' title='bbox 729 3228 951 3337; x_wconf 52' lang='lat' dir='ltr'><strong>pecuniarum}</strong></span> <span class='ocrx_word' id='word_1_288' title='bbox 976 3263 1058 3332; x_wconf 83' lang='lat' dir='ltr'><strong>quae</strong></span> <span class='ocrx_word' id='word_1_289' title='bbox 1080 3245 1216 3318; x_wconf 84' lang='lat' dir='ltr'><strong>Romae,</strong></span> <span class='ocrx_word' id='word_1_290' title='bbox 1238 3261 1320 3326; x_wconf 87' lang='lat' dir='ltr'><strong>quae</strong></span> <span class='ocrx_word' id='word_1_291' title='bbox 1342 3239 1466 3306; x_wconf 81' lang='lat' dir='ltr'><strong>inloto</strong></span> <span class='ocrx_word' id='word_1_292' title='bbox 1480 3235 1655 3338; x_wconf 59' lang='lat' dir='ltr'><strong>versam)</strong></span> <span class='ocrx_word' id='word_1_293' title='bbox 1745 3247 1749 3260; x_wconf 90' lang='grc'><strong>’</strong></span> 
     </span>
    </p>
   </div>
   <div class='ocr_carea' id='block_1_3' title="bbox 307 3501 1777 5219">
    <p class='ocr_par' dir='ltr' id='par_1_8' title="bbox 307 3501 1777 5219">
     <span class='ocr_line' id='line_1_31' title="bbox 376 3501 1638 3561; baseline -0.003 -8"><span class='ocrx_word' id='word_1_294' title='bbox 376 3505 399 3553; x_wconf 97' lang='grc'><strong>4.</strong></span> <span class='ocrx_word' id='word_1_295' title='bbox 417 3503 520 3554; x_wconf 74' lang='lat' dir='ltr'><strong>collibia</strong></span> <span class='ocrx_word' id='word_1_296' title='bbox 536 3505 717 3556; x_wconf 87' lang='lat' dir='ltr'><strong>Hotomanus:</strong></span> <span class='ocrx_word' id='word_1_297' title='bbox 741 3505 828 3556; x_wconf 81' lang='lat' dir='ltr'><strong>saliuis</strong></span> <span class='ocrx_word' id='word_1_298' title='bbox 844 3517 906 3556; x_wconf 90' lang='lat' dir='ltr'><strong>cum</strong></span> <span class='ocrx_word' id='word_1_299' title='bbox 925 3504 1061 3556; x_wconf 84' lang='lat' dir='ltr'><strong>codicibus</strong></span> <span class='ocrx_word' id='word_1_300' title='bbox 1077 3502 1169 3561; x_wconf 73' lang='lat' dir='ltr'><strong>ism</strong></span> <span class='ocrx_word' id='word_1_301' title='bbox 1191 3503 1260 3552; x_wconf 82' lang='lat' dir='ltr'><strong>siluis</strong></span> <span class='ocrx_word' id='word_1_302' title='bbox 1276 3515 1337 3552; x_wconf 92' lang='lat' dir='ltr'><strong>cum</strong></span> <span class='ocrx_word' id='word_1_303' title='bbox 1355 3501 1479 3553; x_wconf 84' lang='lat' dir='ltr'><strong>Turnebo</strong></span> <span class='ocrx_word' id='word_1_304' title='bbox 1496 3505 1524 3554; x_wconf 87' lang='grc'><strong>4..</strong></span> <span class='ocrx_word' id='word_1_305' title='bbox 1552 3503 1638 3552; x_wconf 85' lang='lat' dir='ltr'><strong>Varro</strong></span> 
     </span>
     <span class='ocr_line' id='line_1_32' title="bbox 311 3575 1639 3643; baseline -0.002 -17"><span class='ocrx_word' id='word_1_306' title='bbox 311 3575 340 3627; x_wconf 83' lang='lat' dir='ltr'><strong>R.</strong></span> <span class='ocrx_word' id='word_1_307' title='bbox 359 3577 388 3626; x_wconf 85' lang='lat' dir='ltr'><strong>R.</strong></span> <span class='ocrx_word' id='word_1_308' title='bbox 406 3578 448 3628; x_wconf 81' lang='lat'><strong>111.</strong></span> <span class='ocrx_word' id='word_1_309' title='bbox 468 3580 491 3638; x_wconf 89' lang='grc'><strong>4,</strong></span> <span class='ocrx_word' id='word_1_310' title='bbox 510 3580 540 3630; x_wconf 89' lang='lat'><strong>8:</strong></span> <span class='ocrx_word' id='word_1_311' title='bbox 566 3579 652 3629; x_wconf 75' lang='lat' dir='ltr'><strong>Altera</strong></span> <span class='ocrx_word' id='word_1_312' title='bbox 668 3585 703 3630; x_wconf 85' lang='lat' dir='ltr'><strong>ert</strong></span> <span class='ocrx_word' id='word_1_313' title='bbox 718 3581 831 3630; x_wconf 78' lang='grc'><strong>4444444444</strong></span> <span class='ocrx_word' id='word_1_314' title='bbox 843 3579 939 3642; x_wconf 84' lang='lat' dir='ltr'><strong>pastio,</strong></span> <span class='ocrx_word' id='word_1_315' title='bbox 963 3580 1045 3630; x_wconf 76' lang='grc'><strong>444444</strong></span> <span class='ocrx_word' id='word_1_316' title='bbox 1066 3579 1187 3643; x_wconf 74' lang='grc'><strong>49444444,-</strong></span> <span class='ocrx_word' id='word_1_317' title='bbox 1211 3579 1271 3629; x_wconf 83' lang='lat' dir='ltr'><strong>boec</strong></span> <span class='ocrx_word' id='word_1_318' title='bbox 1292 3583 1352 3628; x_wconf 84' lang='grc'><strong>4444</strong></span> <span class='ocrx_word' id='word_1_319' title='bbox 1369 3583 1393 3628; x_wconf 82' lang='lat' dir='ltr'><strong>et</strong></span> <span class='ocrx_word' id='word_1_320' title='bbox 1406 3578 1506 3640; x_wconf 82' lang='lat' dir='ltr'><strong>nobilis,</strong></span> <span class='ocrx_word' id='word_1_321' title='bbox 1531 3589 1601 3641; x_wconf 70' lang='grc'><strong>4444</strong></span> <span class='ocrx_word' id='word_1_322' title='bbox 1615 3577 1639 3624; x_wconf 84' lang='lat' dir='ltr'><strong>ct</strong></span> 
     </span>
     <span class='ocr_line' id='line_1_33' title="bbox 307 3653 1640 3719; baseline -0.002 -18"><span class='ocrx_word' id='word_1_323' title='bbox 307 3653 430 3713; x_wconf 77' lang='grc'><strong>44444444</strong></span> <span class='ocrx_word' id='word_1_324' title='bbox 445 3655 590 3704; x_wconf 80' lang='lat' dir='ltr'><strong>nominatur</strong></span> <span class='ocrx_word' id='word_1_325' title='bbox 606 3659 630 3704; x_wconf 84' lang='lat' dir='ltr'><strong>ct</strong></span> <span class='ocrx_word' id='word_1_326' title='bbox 644 3655 751 3704; x_wconf 83' lang='lat' dir='ltr'><strong>muttum</strong></span> <span class='ocrx_word' id='word_1_327' title='bbox 766 3655 874 3705; x_wconf 75' lang='lat' dir='ltr'><strong>homines</strong></span> <span class='ocrx_word' id='word_1_328' title='bbox 889 3655 1035 3719; x_wconf 85' lang='lat' dir='ltr'><strong>locupletat,</strong></span> <span class='ocrx_word' id='word_1_329' title='bbox 1054 3660 1077 3705; x_wconf 83' lang='lat' dir='ltr'><strong>et</strong></span> <span class='ocrx_word' id='word_1_330' title='bbox 1093 3653 1123 3704; x_wconf 86' lang='lat' dir='ltr'><strong>ob</strong></span> <span class='ocrx_word' id='word_1_331' title='bbox 1139 3667 1195 3704; x_wconf 83' lang='lat' dir='ltr'><strong>scm</strong></span> <span class='ocrx_word' id='word_1_332' title='bbox 1210 3667 1264 3702; x_wconf 81' lang='lat' dir='ltr'><strong>rein</strong></span> <span class='ocrx_word' id='word_1_333' title='bbox 1280 3657 1325 3702; x_wconf 81' lang='lat' dir='ltr'><strong>cot</strong></span> <span class='ocrx_word' id='word_1_334' title='bbox 1340 3654 1472 3703; x_wconf 80' lang='lat' dir='ltr'><strong>conductos</strong></span> <span class='ocrx_word' id='word_1_335' title='bbox 1481 3657 1527 3702; x_wconf 78' lang='lat' dir='ltr'><strong>orit</strong></span> <span class='ocrx_word' id='word_1_336' title='bbox 1542 3655 1640 3714; x_wconf 77' lang='lat' dir='ltr'><strong>eruptos</strong></span> 
     </span>
     <span class='ocr_line' id='line_1_34' title="bbox 310 3726 1637 3793; baseline -0.001 -17"><span class='ocrx_word' id='word_1_337' title='bbox 310 3726 398 3777; x_wconf 72' lang='grc'><strong>4444</strong></span> <span class='ocrx_word' id='word_1_338' title='bbox 414 3727 499 3778; x_wconf 66' lang='lat' dir='ltr'><strong>saun.</strong></span> <span class='ocrx_word' id='word_1_339' title='bbox 525 3728 563 3778; x_wconf 82' lang='lat' dir='ltr'><strong>ci.</strong></span> <span class='ocrx_word' id='word_1_340' title='bbox 583 3727 715 3779; x_wconf 81' lang='lat' dir='ltr'><strong>uaimrum</strong></span> <span class='ocrx_word' id='word_1_341' title='bbox 732 3742 758 3793; x_wconf 81' lang='lat' dir='ltr'><strong>p.</strong></span> <span class='ocrx_word' id='word_1_342' title='bbox 779 3730 834 3779; x_wconf 81' lang='grc'><strong>44.</strong></span> <span class='ocrx_word' id='word_1_343' title='bbox 855 3755 881 3766; x_wconf 86' lang='lat'>-</span> <span class='ocrx_word' id='word_1_344' title='bbox 907 3730 931 3780; x_wconf 81' lang='grc'><strong>4.</strong></span> <span class='ocrx_word' id='word_1_345' title='bbox 946 3730 1060 3792; x_wconf 65' lang='lat' dir='ltr'><strong>purnes</strong></span> <span class='ocrx_word' id='word_1_346' title='bbox 1076 3730 1105 3779; x_wconf 88' lang='lat' dir='ltr'><strong>n.</strong></span> <span class='ocrx_word' id='word_1_347' title='bbox 1128 3729 1167 3780; x_wconf 82' lang='lat' dir='ltr'><strong>cr.</strong></span> <span class='ocrx_word' id='word_1_348' title='bbox 1186 3727 1210 3792; x_wconf 72' lang='lat'><strong>5.</strong></span> <span class='ocrx_word' id='word_1_349' title='bbox 1228 3730 1269 3779; x_wconf 80' lang='lat' dir='ltr'><strong>ss.</strong></span> <span class='ocrx_word' id='word_1_350' title='bbox 1295 3753 1322 3764; x_wconf 88' lang='lat'><strong>-</strong></span> <span class='ocrx_word' id='word_1_351' title='bbox 1347 3728 1371 3778; x_wconf 84' lang='lat' dir='ltr'><strong>s.</strong></span> <span class='ocrx_word' id='word_1_352' title='bbox 1389 3728 1637 3779; x_wconf 71' lang='grc'><strong>444444--444-</strong></span> 
     </span>
     <span class='ocr_line' id='line_1_35' title="bbox 310 3799 1634 3867; baseline 0 -15"><span class='ocrx_word' id='word_1_353' title='bbox 310 3803 467 3852; x_wconf 75' lang='grc'><strong>4444444444</strong></span> <span class='ocrx_word' id='word_1_354' title='bbox 482 3803 627 3853; x_wconf 79' lang='lat' dir='ltr'><strong>Arusianus</strong></span> <span class='ocrx_word' id='word_1_355' title='bbox 644 3803 756 3854; x_wconf 80' lang='lat' dir='ltr'><strong>Messius</strong></span> <span class='ocrx_word' id='word_1_356' title='bbox 773 3816 800 3867; x_wconf 92' lang='lat' dir='ltr'><strong>p.</strong></span> <span class='ocrx_word' id='word_1_357' title='bbox 818 3803 867 3854; x_wconf 80' lang='grc'><strong>430</strong></span> <span class='ocrx_word' id='word_1_358' title='bbox 884 3817 925 3866; x_wconf 87' lang='lat' dir='ltr'><strong>sq.</strong></span> <span class='ocrx_word' id='word_1_359' title='bbox 944 3804 986 3854; x_wconf 89' lang='lat' dir='ltr'><strong>cd.</strong></span> <span class='ocrx_word' id='word_1_360' title='bbox 1006 3803 1125 3854; x_wconf 83' lang='lat' dir='ltr'><strong>Lindem.</strong></span> <span class='ocrx_word' id='word_1_361' title='bbox 1145 3827 1172 3838; x_wconf 89' lang='lat'><strong>·-</strong></span> <span class='ocrx_word' id='word_1_362' title='bbox 1200 3801 1257 3866; x_wconf 76' lang='grc'><strong>44444]</strong></span> <span class='ocrx_word' id='word_1_363' title='bbox 1275 3803 1308 3852; x_wconf 81' lang='lat' dir='ltr'><strong>cis</strong></span> <span class='ocrx_word' id='word_1_364' title='bbox 1324 3799 1361 3863; x_wconf 67' lang='grc'><strong>44;</strong></span> <span class='ocrx_word' id='word_1_365' title='bbox 1379 3802 1417 3852; x_wconf 79' lang='lat' dir='ltr'><strong>iris</strong></span> <span class='ocrx_word' id='word_1_366' title='bbox 1432 3802 1587 3852; x_wconf 77' lang='lat' dir='ltr'><strong>Arusianus.</strong></span> <span class='ocrx_word' id='word_1_367' title='bbox 1607 3823 1634 3834; x_wconf 91' lang='lat'><em>-</em></span> 
     </span>
     <span class='ocr_line' id='line_1_36' title="bbox 310 3877 1632 3942; baseline 0 -16"><span class='ocrx_word' id='word_1_368' title='bbox 310 3880 354 3938; x_wconf 81' lang='lat' dir='ltr'><strong>qui</strong></span> <span class='ocrx_word' id='word_1_369' title='bbox 369 3877 437 3927; x_wconf 84' lang='lat' dir='ltr'><strong>vobis</strong></span> <span class='ocrx_word' id='word_1_370' title='bbox 451 3878 545 3942; x_wconf 68' lang='grc'><strong>[444444</strong></span> <span class='ocrx_word' id='word_1_371' title='bbox 560 3883 617 3928; x_wconf 76' lang='lat' dir='ltr'><strong>sent</strong></span> <span class='ocrx_word' id='word_1_372' title='bbox 634 3879 667 3928; x_wconf 88' lang='lat' dir='ltr'>W</span> <span class='ocrx_word' id='word_1_373' title='bbox 683 3879 759 3942; x_wconf 77' lang='lat' dir='ltr'><strong>(teste</strong></span> <span class='ocrx_word' id='word_1_374' title='bbox 777 3878 913 3940; x_wconf 77' lang='lat' dir='ltr'><strong>lambino)</strong></span> <span class='ocrx_word' id='word_1_375' title='bbox 931 3878 994 3940; x_wconf 88' lang='lat' dir='ltr'><strong>EV,</strong></span> <span class='ocrx_word' id='word_1_376' title='bbox 1012 3891 1065 3942; x_wconf 78' lang='lat' dir='ltr'><strong>mg.</strong></span> <span class='ocrx_word' id='word_1_377' title='bbox 1084 3877 1118 3931; x_wconf 74' lang='lat' dir='ltr'><strong>F:</strong></span> <span class='ocrx_word' id='word_1_378' title='bbox 1143 3878 1186 3940; x_wconf 74' lang='lat' dir='ltr'><strong>qni</strong></span> <span class='ocrx_word' id='word_1_379' title='bbox 1209 3877 1303 3942; x_wconf 69' lang='lat' dir='ltr'><strong>fructui</strong></span> <span class='ocrx_word' id='word_1_380' title='bbox 1317 3877 1385 3928; x_wconf 72' lang='grc'><strong>444444</strong></span> <span class='ocrx_word' id='word_1_381' title='bbox 1400 3884 1457 3928; x_wconf 81' lang='lat' dir='ltr'><strong>sont</strong></span> <span class='ocrx_word' id='word_1_382' title='bbox 1472 3879 1632 3932; x_wconf 61' lang='lat' dir='ltr'><strong>Anneianum</strong></span> 
     </span>
     <span class='ocr_line' id='line_1_37' title="bbox 311 3949 1635 4015; baseline -0.001 -14"><span class='ocrx_word' id='word_1_383' title='bbox 311 3951 398 4014; x_wconf 76' lang='lat' dir='ltr'><strong>pulbere</strong></span> <span class='ocrx_word' id='word_1_384' title='bbox 411 3953 506 4015; x_wconf 69' lang='grc'><strong>4444444</strong></span> <span class='ocrx_word' id='word_1_385' title='bbox 522 3958 578 4002; x_wconf 81' lang='lat' dir='ltr'><strong>runt</strong></span> <span class='ocrx_word' id='word_1_386' title='bbox 594 3949 633 4014; x_wconf 66' lang='lat' dir='ltr'><strong>li3</strong></span> <span class='ocrx_word' id='word_1_387' title='bbox 651 3953 694 4014; x_wconf 76' lang='lat' dir='ltr'><strong>qui</strong></span> <span class='ocrx_word' id='word_1_388' title='bbox 710 3951 778 4002; x_wconf 83' lang='lat' dir='ltr'><strong>vodis</strong></span> <span class='ocrx_word' id='word_1_389' title='bbox 793 3953 915 4015; x_wconf 69' lang='grc'><strong>44444444·</strong></span> <span class='ocrx_word' id='word_1_390' title='bbox 929 3958 987 4002; x_wconf 79' lang='lat' dir='ltr'><strong>sont</strong></span> <span class='ocrx_word' id='word_1_391' title='bbox 1002 3951 1147 4006; x_wconf 75' lang='lat' dir='ltr'><strong>usito.</strong></span> <span class='ocrx_word' id='word_1_392' title='bbox 1167 3977 1194 3990; x_wconf 92' lang='lat'><strong>·-</strong></span> <span class='ocrx_word' id='word_1_393' title='bbox 1213 3951 1238 4003; x_wconf 87' lang='grc'><strong>4.</strong></span> <span class='ocrx_word' id='word_1_394' title='bbox 1256 3953 1433 4003; x_wconf 71' lang='lat' dir='ltr'><strong>censueritis</strong></span> <span class='ocrx_word' id='word_1_395' title='bbox 1447 3953 1515 4004; x_wconf 86' lang='lat' dir='ltr'><strong>EV:</strong></span> <span class='ocrx_word' id='word_1_396' title='bbox 1532 3961 1635 4002; x_wconf 78' lang='lat' dir='ltr'><strong>consa·-</strong></span> 
     </span>
     <span class='ocr_line' id='line_1_38' title="bbox 309 4026 1633 4092; baseline 0.001 -16"><span class='ocrx_word' id='word_1_397' title='bbox 309 4029 428 4078; x_wconf 77' lang='lat' dir='ltr'><strong>naoeritis</strong></span> <span class='ocrx_word' id='word_1_398' title='bbox 443 4027 587 4081; x_wconf 70' lang='grc'><strong>4444420.</strong></span> <span class='ocrx_word' id='word_1_399' title='bbox 607 4054 635 4063; x_wconf 90' lang='grc'><strong>-</strong></span> <span class='ocrx_word' id='word_1_400' title='bbox 654 4033 713 4078; x_wconf 80' lang='lat' dir='ltr'><strong>nete</strong></span> <span class='ocrx_word' id='word_1_401' title='bbox 728 4029 850 4080; x_wconf 88' lang='lat' dir='ltr'><strong>EVFB:</strong></span> <span class='ocrx_word' id='word_1_402' title='bbox 870 4033 946 4078; x_wconf 81' lang='grc'><strong>44444</strong></span> <span class='ocrx_word' id='word_1_403' title='bbox 962 4026 1076 4082; x_wconf 74' lang='lat' dir='ltr'><strong>etto.</strong></span> <span class='ocrx_word' id='word_1_404' title='bbox 1090 4055 1118 4064; x_wconf 91' lang='lat'>-</span> <span class='ocrx_word' id='word_1_405' title='bbox 1138 4030 1162 4079; x_wconf 82' lang='lat' dir='ltr'><strong>ii.</strong></span> <span class='ocrx_word' id='word_1_406' title='bbox 1180 4042 1211 4078; x_wconf 87' lang='grc'><strong>44</strong></span> <span class='ocrx_word' id='word_1_407' title='bbox 1227 4028 1266 4092; x_wconf 84' lang='grc'><strong>44]</strong></span> <span class='ocrx_word' id='word_1_408' title='bbox 1283 4033 1312 4078; x_wconf 82' lang='lat' dir='ltr'><strong>at</strong></span> <span class='ocrx_word' id='word_1_409' title='bbox 1326 4041 1357 4078; x_wconf 84' lang='grc'><strong>44</strong></span> <span class='ocrx_word' id='word_1_410' title='bbox 1372 4029 1406 4088; x_wconf 85' lang='grc' dir='ltr'><strong>Β;</strong></span> <span class='ocrx_word' id='word_1_411' title='bbox 1425 4032 1453 4077; x_wconf 84' lang='lat' dir='ltr'><strong>ot</strong></span> <span class='ocrx_word' id='word_1_412' title='bbox 1468 4039 1547 4089; x_wconf 79' lang='lat' dir='ltr'><strong>nequo</strong></span> <span class='ocrx_word' id='word_1_413' title='bbox 1564 4027 1592 4077; x_wconf 81' lang='lat' dir='ltr'><strong>F.</strong></span> <span class='ocrx_word' id='word_1_414' title='bbox 1606 4047 1633 4060; x_wconf 86' lang='lat'>-</span> 
     </span>
     <span class='ocr_line' id='line_1_39' title="bbox 310 4099 1631 4166; baseline 0.002 -13"><span class='ocrx_word' id='word_1_415' title='bbox 310 4103 335 4153; x_wconf 89' lang='lat'><strong>8.</strong></span> <span class='ocrx_word' id='word_1_416' title='bbox 353 4103 446 4154; x_wconf 75' lang='grc'><strong>4444444</strong></span> <span class='ocrx_word' id='word_1_417' title='bbox 460 4117 518 4153; x_wconf 81' lang='lat' dir='ltr'><strong>reor</strong></span> <span class='ocrx_word' id='word_1_418' title='bbox 531 4103 656 4166; x_wconf 80' lang='lat' dir='ltr'><strong>pertinere</strong></span> <span class='ocrx_word' id='word_1_419' title='bbox 671 4100 704 4164; x_wconf 73' lang='grc'><strong>44.</strong></span> <span class='ocrx_word' id='word_1_420' title='bbox 718 4131 745 4139; x_wconf 89' lang='grc'>-</span> <span class='ocrx_word' id='word_1_421' title='bbox 765 4104 805 4153; x_wconf 82' lang='lat' dir='ltr'><strong>to.</strong></span> <span class='ocrx_word' id='word_1_422' title='bbox 823 4103 984 4154; x_wconf 81' lang='lat' dir='ltr'><strong>tmestissimi</strong></span> <span class='ocrx_word' id='word_1_423' title='bbox 1001 4103 1092 4154; x_wconf 84' lang='lat' dir='ltr'><strong>EVL:</strong></span> <span class='ocrx_word' id='word_1_424' title='bbox 1111 4109 1134 4154; x_wconf 85' lang='lat' dir='ltr'><strong>et</strong></span> <span class='ocrx_word' id='word_1_425' title='bbox 1150 4104 1311 4154; x_wconf 71' lang='lat' dir='ltr'><strong>moestissimi</strong></span> <span class='ocrx_word' id='word_1_426' title='bbox 1328 4101 1445 4157; x_wconf 80' lang='lat' dir='ltr'><strong>atto.</strong></span> <span class='ocrx_word' id='word_1_427' title='bbox 1458 4127 1486 4138; x_wconf 89' lang='lat'><strong>·-</strong></span> <span class='ocrx_word' id='word_1_428' title='bbox 1505 4107 1582 4162; x_wconf 75' lang='grc'><strong>44444</strong></span> <span class='ocrx_word' id='word_1_429' title='bbox 1597 4099 1631 4148; x_wconf 78' lang='lat' dir='ltr'><strong>F:</strong></span> 
     </span>
     <span class='ocr_line' id='line_1_40' title="bbox 310 4172 1635 4242; baseline -0.005 -14"><span class='ocrx_word' id='word_1_430' title='bbox 310 4177 492 4232; x_wconf 67' lang='lat' dir='ltr'><strong>stitutio.</strong></span> <span class='ocrx_word' id='word_1_431' title='bbox 512 4204 539 4214; x_wconf 91' lang='lat'><em>-</em></span> <span class='ocrx_word' id='word_1_432' title='bbox 567 4179 606 4228; x_wconf 93' lang='grc'><strong>44.</strong></span> <span class='ocrx_word' id='word_1_433' title='bbox 624 4176 892 4241; x_wconf 67' lang='lat' dir='ltr'><strong>cenomanens:</strong></span> <span class='ocrx_word' id='word_1_434' title='bbox 919 4179 988 4229; x_wconf 77' lang='grc'><strong>44444</strong></span> <span class='ocrx_word' id='word_1_435' title='bbox 1003 4191 1063 4228; x_wconf 82' lang='lat' dir='ltr'><strong>cure</strong></span> <span class='ocrx_word' id='word_1_436' title='bbox 1079 4178 1114 4236; x_wconf 85' lang='lat' dir='ltr'><strong>V;</strong></span> <span class='ocrx_word' id='word_1_437' title='bbox 1140 4190 1217 4228; x_wconf 81' lang='lat' dir='ltr'><strong>curce</strong></span> <span class='ocrx_word' id='word_1_438' title='bbox 1241 4178 1303 4242; x_wconf 84' lang='lat' dir='ltr'><strong>(om.</strong></span> <span class='ocrx_word' id='word_1_439' title='bbox 1320 4177 1398 4242; x_wconf 78' lang='grc'><strong>44444)</strong></span> <span class='ocrx_word' id='word_1_440' title='bbox 1414 4177 1448 4236; x_wconf 85' lang='grc' dir='ltr'><strong>Β;</strong></span> <span class='ocrx_word' id='word_1_441' title='bbox 1474 4188 1551 4225; x_wconf 73' lang='lat' dir='ltr'><strong>merce</strong></span> <span class='ocrx_word' id='word_1_442' title='bbox 1567 4172 1635 4224; x_wconf 78' lang='lat' dir='ltr'><strong>nobis</strong></span> 
     </span>
     <span class='ocr_line' id='line_1_41' title="bbox 309 4247 1631 4318; baseline -0.007 -13"><span class='ocrx_word' id='word_1_443' title='bbox 309 4252 425 4307; x_wconf 77' lang='lat' dir='ltr'><strong>tntu.</strong></span> <span class='ocrx_word' id='word_1_444' title='bbox 445 4281 473 4290; x_wconf 98' lang='lat'>—</span> <span class='ocrx_word' id='word_1_445' title='bbox 491 4253 532 4304; x_wconf 83' lang='grc'><strong>43.</strong></span> <span class='ocrx_word' id='word_1_446' title='bbox 550 4253 660 4304; x_wconf 62' lang='lat' dir='ltr'><strong>usumin</strong></span> <span class='ocrx_word' id='word_1_447' title='bbox 677 4255 730 4304; x_wconf 87' lang='lat' dir='ltr'><strong>FB.</strong></span> <span class='ocrx_word' id='word_1_448' title='bbox 750 4254 789 4304; x_wconf 85' lang='lat' dir='ltr'><strong>Ct.</strong></span> <span class='ocrx_word' id='word_1_449' title='bbox 808 4254 832 4318; x_wconf 68' lang='grc' dir='ltr'><strong>ἓ.</strong></span> <span class='ocrx_word' id='word_1_450' title='bbox 851 4256 876 4306; x_wconf 88' lang='grc'><strong>4.</strong></span> <span class='ocrx_word' id='word_1_451' title='bbox 897 4281 924 4292; x_wconf 92' lang='lat'>-</span> <span class='ocrx_word' id='word_1_452' title='bbox 942 4259 1007 4304; x_wconf 83' lang='grc'><strong>44444</strong></span> <span class='ocrx_word' id='word_1_453' title='bbox 1023 4265 1157 4317; x_wconf 87' lang='lat' dir='ltr'><strong>superscr.</strong></span> <span class='ocrx_word' id='word_1_454' title='bbox 1175 4256 1240 4302; x_wconf 79' lang='lat' dir='ltr'><strong>certe</strong></span> <span class='ocrx_word' id='word_1_455' title='bbox 1258 4253 1287 4302; x_wconf 89' lang='lat' dir='ltr'><strong>F.</strong></span> <span class='ocrx_word' id='word_1_456' title='bbox 1307 4277 1335 4288; x_wconf 90' lang='lat'>-</span> <span class='ocrx_word' id='word_1_457' title='bbox 1354 4251 1395 4303; x_wconf 88' lang='grc'><strong>44.</strong></span> <span class='ocrx_word' id='word_1_458' title='bbox 1413 4264 1447 4301; x_wconf 77' lang='lat' dir='ltr'><strong>sc</strong></span> <span class='ocrx_word' id='word_1_459' title='bbox 1461 4249 1547 4300; x_wconf 73' lang='grc'><strong>4444444</strong></span> <span class='ocrx_word' id='word_1_460' title='bbox 1565 4247 1631 4299; x_wconf 77' lang='lat' dir='ltr'><strong>liii:</strong></span> 
     </span>
     <span class='ocr_line' id='line_1_42' title="bbox 310 4323 1630 4393; baseline -0.008 -14"><span class='ocrx_word' id='word_1_461' title='bbox 310 4331 396 4380; x_wconf 83' lang='lat' dir='ltr'><strong>ceteris</strong></span> <span class='ocrx_word' id='word_1_462' title='bbox 412 4343 445 4379; x_wconf 79' lang='lat' dir='ltr'><strong>ec</strong></span> <span class='ocrx_word' id='word_1_463' title='bbox 460 4327 602 4382; x_wconf 74' lang='lat' dir='ltr'><strong>RALFO.</strong></span> <span class='ocrx_word' id='word_1_464' title='bbox 623 4355 651 4364; x_wconf 90' lang='lat'>-</span> <span class='ocrx_word' id='word_1_465' title='bbox 671 4330 710 4378; x_wconf 83' lang='lat' dir='ltr'><strong>ts.</strong></span> <span class='ocrx_word' id='word_1_466' title='bbox 728 4331 789 4379; x_wconf 84' lang='grc'><strong>4444</strong></span> <span class='ocrx_word' id='word_1_467' title='bbox 806 4328 860 4384; x_wconf 72' lang='lat' dir='ltr'><strong>LE.</strong></span> <span class='ocrx_word' id='word_1_468' title='bbox 880 4355 907 4366; x_wconf 81' lang='lat'>-</span> <span class='ocrx_word' id='word_1_469' title='bbox 926 4335 1000 4393; x_wconf 78' lang='lat' dir='ltr'><strong>atquc</strong></span> <span class='ocrx_word' id='word_1_470' title='bbox 1016 4326 1113 4390; x_wconf 75' lang='lat' dir='ltr'><strong>EV‘B:</strong></span> <span class='ocrx_word' id='word_1_471' title='bbox 1133 4332 1156 4377; x_wconf 87' lang='grc'><strong>44</strong></span> <span class='ocrx_word' id='word_1_472' title='bbox 1172 4325 1318 4379; x_wconf 69' lang='grc'><strong>444420.</strong></span> <span class='ocrx_word' id='word_1_473' title='bbox 1332 4351 1359 4362; x_wconf 88' lang='lat'><em>-</em></span> <span class='ocrx_word' id='word_1_474' title='bbox 1378 4327 1427 4388; x_wconf 85' lang='lat' dir='ltr'><strong>ipsi</strong></span> <span class='ocrx_word' id='word_1_475' title='bbox 1442 4323 1630 4375; x_wconf 83' lang='lat' dir='ltr'><strong>WChEVO:</strong></span> 
     </span>
     <span class='ocr_line' id='line_1_43' title="bbox 311 4397 1777 4469; baseline -0.004 -15"><span class='ocrx_word' id='word_1_476' title='bbox 311 4416 363 4455; x_wconf 88' lang='lat' dir='ltr'><strong>om.</strong></span> <span class='ocrx_word' id='word_1_477' title='bbox 382 4403 494 4458; x_wconf 68' lang='lat' dir='ltr'><strong>Rati.</strong></span> <span class='ocrx_word' id='word_1_478' title='bbox 513 4429 541 4440; x_wconf 90' lang='lat'><em>-</em></span> <span class='ocrx_word' id='word_1_479' title='bbox 560 4404 601 4454; x_wconf 90' lang='grc'><strong>46.</strong></span> <span class='ocrx_word' id='word_1_480' title='bbox 615 4405 713 4468; x_wconf 83' lang='lat' dir='ltr'><strong>partim</strong></span> <span class='ocrx_word' id='word_1_481' title='bbox 727 4417 787 4454; x_wconf 76' lang='lat' dir='ltr'><strong>mos</strong></span> <span class='ocrx_word' id='word_1_482' title='bbox 801 4409 824 4454; x_wconf 86' lang='lat' dir='ltr'><strong>et</strong></span> <span class='ocrx_word' id='word_1_483' title='bbox 840 4417 942 4454; x_wconf 82' lang='lat' dir='ltr'><strong>suornm</strong></span> <span class='ocrx_word' id='word_1_484' title='bbox 957 4405 985 4454; x_wconf 86' lang='lat' dir='ltr'><strong>in</strong></span> <span class='ocrx_word' id='word_1_485' title='bbox 1001 4417 1031 4453; x_wconf 85' lang='lat' dir='ltr'><strong>ec</strong></span> <span class='ocrx_word' id='word_1_486' title='bbox 1048 4417 1110 4454; x_wconf 92' lang='lat' dir='ltr'><strong>cum</strong></span> <span class='ocrx_word' id='word_1_487' title='bbox 1126 4403 1169 4454; x_wconf 89' lang='lat' dir='ltr'><strong>ed.</strong></span> <span class='ocrx_word' id='word_1_488' title='bbox 1188 4404 1289 4453; x_wconf 89' lang='lat' dir='ltr'><strong>Iuntina</strong></span> <span class='ocrx_word' id='word_1_489' title='bbox 1305 4400 1360 4456; x_wconf 78' lang='lat' dir='ltr'><strong>tt.</strong></span> <span class='ocrx_word' id='word_1_490' title='bbox 1386 4401 1425 4452; x_wconf 90' lang='lat' dir='ltr'><strong>Cl.</strong></span> <span class='ocrx_word' id='word_1_491' title='bbox 1443 4402 1474 4452; x_wconf 82' lang='lat' dir='ltr'><strong>t.</strong></span> <span class='ocrx_word' id='word_1_492' title='bbox 1492 4397 1630 4450; x_wconf 80' lang='lat' dir='ltr'><strong>GelliusX.</strong></span> <span class='ocrx_word' id='word_1_493' title='bbox 1765 4413 1777 4469; x_wconf 64' lang='lat' dir='ltr'><strong>p</strong></span> 
     </span>
     <span class='ocr_line' id='line_1_44' title="bbox 311 4469 1659 4541; baseline -0.003 -11"><span class='ocrx_word' id='word_1_494' title='bbox 311 4481 351 4530; x_wconf 88' lang='grc'><strong>43.</strong></span> <span class='ocrx_word' id='word_1_495' title='bbox 367 4505 389 4518; x_wconf 93' lang='lat'><strong>-·</strong></span> <span class='ocrx_word' id='word_1_496' title='bbox 411 4479 452 4530; x_wconf 86' lang='grc'><strong>44.</strong></span> <span class='ocrx_word' id='word_1_497' title='bbox 470 4480 573 4530; x_wconf 81' lang='lat' dir='ltr'><strong>collatos</strong></span> <span class='ocrx_word' id='word_1_498' title='bbox 589 4481 679 4530; x_wconf 81' lang='grc' dir='ltr'><strong>ΒΑ.-</strong></span> <span class='ocrx_word' id='word_1_499' title='bbox 698 4485 733 4530; x_wconf 83' lang='lat' dir='ltr'><strong>est</strong></span> <span class='ocrx_word' id='word_1_500' title='bbox 748 4477 845 4541; x_wconf 70' lang='lat' dir='ltr'><strong>svn:</strong></span> <span class='ocrx_word' id='word_1_501' title='bbox 864 4478 1100 4532; x_wconf 78' lang='lat' dir='ltr'><strong>eritliALEO.-</strong></span> <span class='ocrx_word' id='word_1_502' title='bbox 1118 4476 1528 4528; x_wconf 71' lang='lat' dir='ltr'><strong>summmeornmcioinmEV:</strong></span> <span class='ocrx_word' id='word_1_503' title='bbox 1546 4469 1659 4526; x_wconf 75' lang='lat' dir='ltr'><strong>cornm&#39;</strong></span> 
     </span>
     <span class='ocr_line' id='line_1_45' title="bbox 309 4549 1631 4616; baseline -0.003 -11"><span class='ocrx_word' id='word_1_504' title='bbox 309 4555 401 4606; x_wconf 83' lang='lat' dir='ltr'><strong>civium</strong></span> <span class='ocrx_word' id='word_1_505' title='bbox 416 4569 547 4606; x_wconf 79' lang='lat' dir='ltr'><strong>nnmerum</strong></span> <span class='ocrx_word' id='word_1_506' title='bbox 563 4553 705 4608; x_wconf 76' lang='lat' dir='ltr'><strong>ustio.</strong></span> <span class='ocrx_word' id='word_1_507' title='bbox 720 4581 747 4590; x_wconf 83' lang='lat'>-</span> <span class='ocrx_word' id='word_1_508' title='bbox 768 4555 807 4605; x_wconf 86' lang='grc'><strong>48.</strong></span> <span class='ocrx_word' id='word_1_509' title='bbox 826 4568 844 4604; x_wconf 89' lang='grc'><strong>4</strong></span> <span class='ocrx_word' id='word_1_510' title='bbox 859 4554 1004 4604; x_wconf 83' lang='lat' dir='ltr'><strong>calamitate</strong></span> <span class='ocrx_word' id='word_1_511' title='bbox 1020 4551 1052 4616; x_wconf 78' lang='grc'><strong>44.</strong></span> <span class='ocrx_word' id='word_1_512' title='bbox 1067 4579 1094 4590; x_wconf 84' lang='grc'><strong>-</strong></span> <span class='ocrx_word' id='word_1_513' title='bbox 1115 4555 1154 4604; x_wconf 79' lang='lat' dir='ltr'><strong>tt).</strong></span> <span class='ocrx_word' id='word_1_514' title='bbox 1170 4555 1282 4616; x_wconf 70' lang='lat' dir='ltr'><strong>primum</strong></span> <span class='ocrx_word' id='word_1_515' title='bbox 1297 4553 1359 4602; x_wconf 81' lang='lat' dir='ltr'><strong>illud</strong></span> <span class='ocrx_word' id='word_1_516' title='bbox 1374 4552 1410 4602; x_wconf 86' lang='lat' dir='ltr'><strong>E:</strong></span> <span class='ocrx_word' id='word_1_517' title='bbox 1428 4552 1491 4602; x_wconf 82' lang='lat' dir='ltr'><strong>iliad</strong></span> <span class='ocrx_word' id='word_1_518' title='bbox 1505 4551 1569 4615; x_wconf 89' lang='lat' dir='ltr'><strong>(om.</strong></span> <span class='ocrx_word' id='word_1_519' title='bbox 1579 4549 1631 4613; x_wconf 82' lang='lat' dir='ltr'><strong>pri·</strong></span> 
     </span>
     <span class='ocr_line' id='line_1_46' title="bbox 309 4625 1629 4695; baseline -0.005 -13"><span class='ocrx_word' id='word_1_520' title='bbox 309 4635 385 4695; x_wconf 76' lang='grc'><strong>4444]</strong></span> <span class='ocrx_word' id='word_1_521' title='bbox 402 4633 438 4690; x_wconf 79' lang='grc' dir='ltr'><strong>Α;</strong></span> <span class='ocrx_word' id='word_1_522' title='bbox 456 4631 518 4680; x_wconf 78' lang='lat' dir='ltr'><strong>iilud</strong></span> <span class='ocrx_word' id='word_1_523' title='bbox 530 4632 644 4693; x_wconf 73' lang='grc'><strong>44444444</strong></span> <span class='ocrx_word' id='word_1_524' title='bbox 655 4629 770 4684; x_wconf 77' lang='lat' dir='ltr'><strong>utto.</strong></span> <span class='ocrx_word' id='word_1_525' title='bbox 785 4655 812 4664; x_wconf 89' lang='lat'><em>-</em></span> <span class='ocrx_word' id='word_1_526' title='bbox 830 4630 870 4680; x_wconf 90' lang='grc'><strong>40.</strong></span> <span class='ocrx_word' id='word_1_527' title='bbox 889 4642 934 4678; x_wconf 82' lang='lat' dir='ltr'><strong>uos</strong></span> <span class='ocrx_word' id='word_1_528' title='bbox 950 4629 1013 4678; x_wconf 86' lang='lat' dir='ltr'><strong>EV:</strong></span> <span class='ocrx_word' id='word_1_529' title='bbox 1031 4642 1075 4678; x_wconf 83' lang='lat' dir='ltr'><strong>nos</strong></span> <span class='ocrx_word' id='word_1_530' title='bbox 1093 4627 1267 4681; x_wconf 72' lang='grc' dir='ltr'><strong>44444οκ-</strong></span> <span class='ocrx_word' id='word_1_531' title='bbox 1286 4627 1380 4676; x_wconf 82' lang='lat' dir='ltr'><strong>omissa</strong></span> <span class='ocrx_word' id='word_1_532' title='bbox 1396 4639 1457 4677; x_wconf 92' lang='lat' dir='ltr'><strong>cum</strong></span> <span class='ocrx_word' id='word_1_533' title='bbox 1476 4625 1519 4676; x_wconf 87' lang='lat' dir='ltr'><strong>ed.</strong></span> <span class='ocrx_word' id='word_1_534' title='bbox 1533 4627 1629 4676; x_wconf 79' lang='lat' dir='ltr'><strong>iterra·</strong></span> 
     </span>
     <span class='ocr_line' id='line_1_47' title="bbox 310 4699 1626 4771; baseline -0.006 -15"><span class='ocrx_word' id='word_1_535' title='bbox 310 4708 385 4771; x_wconf 82' lang='lat' dir='ltr'><strong>giana</strong></span> <span class='ocrx_word' id='word_1_536' title='bbox 403 4704 484 4760; x_wconf 78' lang='lat' dir='ltr'><strong>tto.</strong></span> <span class='ocrx_word' id='word_1_537' title='bbox 502 4705 558 4770; x_wconf 78' lang='lat' dir='ltr'><strong>(nos</strong></span> <span class='ocrx_word' id='word_1_538' title='bbox 570 4705 673 4768; x_wconf 77' lang='grc'><strong>4444444</strong></span> <span class='ocrx_word' id='word_1_539' title='bbox 687 4707 725 4755; x_wconf 83' lang='lat' dir='ltr'><strong>iris</strong></span> <span class='ocrx_word' id='word_1_540' title='bbox 741 4705 837 4755; x_wconf 71' lang='grc'><strong>4444444</strong></span> <span class='ocrx_word' id='word_1_541' title='bbox 853 4704 1004 4769; x_wconf 73' lang='lat' dir='ltr'><strong>[coelipetis]</strong></span> <span class='ocrx_word' id='word_1_542' title='bbox 1018 4709 1104 4766; x_wconf 81' lang='lat' dir='ltr'><strong>postca</strong></span> <span class='ocrx_word' id='word_1_543' title='bbox 1120 4704 1167 4753; x_wconf 88' lang='lat' dir='ltr'><strong>Th.</strong></span> <span class='ocrx_word' id='word_1_544' title='bbox 1180 4703 1389 4765; x_wconf 76' lang='lat' dir='ltr'><strong>tiommscnius.)</strong></span> <span class='ocrx_word' id='word_1_545' title='bbox 1407 4727 1435 4737; x_wconf 87' lang='lat'><strong>-·</strong></span> <span class='ocrx_word' id='word_1_546' title='bbox 1452 4703 1594 4764; x_wconf 74' lang='lat' dir='ltr'><strong>reciperare</strong></span> <span class='ocrx_word' id='word_1_547' title='bbox 1609 4699 1626 4748; x_wconf 88' lang='lat' dir='ltr'>C</span> 
     </span>
     <span class='ocr_line' id='line_1_48' title="bbox 311 4774 1629 4837; baseline -0.006 -5"><span class='ocrx_word' id='word_1_548' title='bbox 311 4785 379 4833; x_wconf 88' lang='lat' dir='ltr'><strong>teste</strong></span> <span class='ocrx_word' id='word_1_549' title='bbox 396 4781 491 4832; x_wconf 82' lang='lat' dir='ltr'><strong>Medio.</strong></span> <span class='ocrx_word' id='word_1_550' title='bbox 512 4807 539 4818; x_wconf 87' lang='lat'><strong>-</strong></span> <span class='ocrx_word' id='word_1_551' title='bbox 563 4782 604 4831; x_wconf 96' lang='grc'><strong>44.</strong></span> <span class='ocrx_word' id='word_1_552' title='bbox 624 4781 688 4831; x_wconf 83' lang='lat' dir='ltr'><strong>enim</strong></span> <span class='ocrx_word' id='word_1_553' title='bbox 705 4793 758 4831; x_wconf 88' lang='lat' dir='ltr'><strong>orn.</strong></span> <span class='ocrx_word' id='word_1_554' title='bbox 777 4781 832 4831; x_wconf 89' lang='lat' dir='ltr'><strong>FB.</strong></span> <span class='ocrx_word' id='word_1_555' title='bbox 854 4808 880 4817; x_wconf 89' lang='lat'><em>-</em></span> <span class='ocrx_word' id='word_1_556' title='bbox 898 4781 974 4830; x_wconf 78' lang='grc'><strong>44444</strong></span> <span class='ocrx_word' id='word_1_557' title='bbox 990 4780 1026 4828; x_wconf 86' lang='lat' dir='ltr'><strong>V:</strong></span> <span class='ocrx_word' id='word_1_558' title='bbox 1045 4780 1138 4829; x_wconf 74' lang='grc'><strong>4444444</strong></span> <span class='ocrx_word' id='word_1_559' title='bbox 1154 4781 1186 4837; x_wconf 87' lang='lat' dir='ltr'><strong>F;</strong></span> <span class='ocrx_word' id='word_1_560' title='bbox 1205 4780 1291 4829; x_wconf 80' lang='lat' dir='ltr'><strong>iisdem</strong></span> <span class='ocrx_word' id='word_1_561' title='bbox 1306 4777 1420 4832; x_wconf 74' lang='grc'><strong>4440.</strong></span> <span class='ocrx_word' id='word_1_562' title='bbox 1440 4801 1467 4812; x_wconf 92' lang='lat'><strong>-·</strong></span> <span class='ocrx_word' id='word_1_563' title='bbox 1485 4774 1629 4826; x_wconf 64' lang='grc'><strong>4444444444</strong></span> 
     </span>
     <span class='ocr_line' id='line_1_49' title="bbox 311 4849 1625 4921; baseline -0.009 -11"><span class='ocrx_word' id='word_1_564' title='bbox 311 4859 332 4910; x_wconf 87' lang='grc' dir='ltr'><strong>Ε</strong></span> <span class='ocrx_word' id='word_1_565' title='bbox 344 4860 375 4921; x_wconf 83' lang='lat' dir='ltr'><strong>F,</strong></span> <span class='ocrx_word' id='word_1_566' title='bbox 393 4858 544 4908; x_wconf 80' lang='lat' dir='ltr'><strong>redemendis</strong></span> <span class='ocrx_word' id='word_1_567' title='bbox 559 4857 589 4906; x_wconf 89' lang='lat' dir='ltr'><strong>V.</strong></span> <span class='ocrx_word' id='word_1_568' title='bbox 606 4883 633 4894; x_wconf 91' lang='lat'><em>-</em></span> <span class='ocrx_word' id='word_1_569' title='bbox 651 4856 692 4906; x_wconf 86' lang='grc'><strong>44.</strong></span> <span class='ocrx_word' id='word_1_570' title='bbox 710 4870 755 4906; x_wconf 80' lang='lat' dir='ltr'><strong>nec</strong></span> <span class='ocrx_word' id='word_1_571' title='bbox 771 4857 828 4906; x_wconf 83' lang='lat' dir='ltr'><strong>eliis</strong></span> <span class='ocrx_word' id='word_1_572' title='bbox 838 4857 865 4906; x_wconf 92' lang='lat' dir='ltr'><strong>F.</strong></span> <span class='ocrx_word' id='word_1_573' title='bbox 880 4883 907 4892; x_wconf 90' lang='lat'><em>-</em></span> <span class='ocrx_word' id='word_1_574' title='bbox 926 4869 969 4906; x_wconf 84' lang='lat' dir='ltr'><strong>uos</strong></span> <span class='ocrx_word' id='word_1_575' title='bbox 980 4857 1006 4905; x_wconf 92' lang='lat' dir='ltr'><strong>F.</strong></span> <span class='ocrx_word' id='word_1_576' title='bbox 1019 4881 1047 4891; x_wconf 89' lang='lat'><em>-</em></span> <span class='ocrx_word' id='word_1_577' title='bbox 1066 4854 1106 4905; x_wconf 87' lang='grc'><strong>43.</strong></span> <span class='ocrx_word' id='word_1_578' title='bbox 1125 4854 1151 4903; x_wconf 86' lang='lat' dir='ltr'><strong>id</strong></span> <span class='ocrx_word' id='word_1_579' title='bbox 1168 4854 1265 4915; x_wconf 83' lang='lat' dir='ltr'><strong>quidem</strong></span> <span class='ocrx_word' id='word_1_580' title='bbox 1275 4859 1339 4904; x_wconf 78' lang='lat' dir='ltr'><strong>certo</strong></span> <span class='ocrx_word' id='word_1_581' title='bbox 1350 4854 1383 4904; x_wconf 90' lang='lat' dir='ltr'>W</span> <span class='ocrx_word' id='word_1_582' title='bbox 1396 4853 1472 4916; x_wconf 84' lang='lat' dir='ltr'><strong>(teste</strong></span> <span class='ocrx_word' id='word_1_583' title='bbox 1483 4849 1625 4909; x_wconf 79' lang='lat' dir='ltr'><strong>Lambino),</strong></span> 
     </span>
     <span class='ocr_line' id='line_1_50' title="bbox 312 4921 1627 4998; baseline -0.008 -14"><span class='ocrx_word' id='word_1_584' title='bbox 312 4947 365 4998; x_wconf 79' lang='lat' dir='ltr'><strong>mg.</strong></span> <span class='ocrx_word' id='word_1_585' title='bbox 385 4931 415 4994; x_wconf 71' lang='lat' dir='ltr'><strong>t,</strong></span> <span class='ocrx_word' id='word_1_586' title='bbox 435 4933 468 4982; x_wconf 91' lang='lat'><strong>0:</strong></span> <span class='ocrx_word' id='word_1_587' title='bbox 491 4936 557 4982; x_wconf 83' lang='lat' dir='ltr'><strong>certe</strong></span> <span class='ocrx_word' id='word_1_588' title='bbox 575 4931 602 4981; x_wconf 84' lang='lat' dir='ltr'><strong>id</strong></span> <span class='ocrx_word' id='word_1_589' title='bbox 623 4931 722 4994; x_wconf 75' lang='grc'><strong>4444444</strong></span> <span class='ocrx_word' id='word_1_590' title='bbox 740 4928 837 4992; x_wconf 74' lang='grc' dir='ltr'><strong>44444ς</strong></span> <span class='ocrx_word' id='word_1_591' title='bbox 862 4932 890 4981; x_wconf 85' lang='lat' dir='ltr'><strong>id</strong></span> <span class='ocrx_word' id='word_1_592' title='bbox 909 4933 975 4993; x_wconf 81' lang='lat' dir='ltr'><strong>quod</strong></span> <span class='ocrx_word' id='word_1_593' title='bbox 991 4935 1056 4981; x_wconf 83' lang='lat' dir='ltr'><strong>certe</strong></span> <span class='ocrx_word' id='word_1_594' title='bbox 1080 4929 1197 4988; x_wconf 56' lang='lat' dir='ltr'><strong>Fila&amp;</strong></span> <span class='ocrx_word' id='word_1_595' title='bbox 1223 4931 1249 4978; x_wconf 83' lang='lat' dir='ltr'><strong>id</strong></span> <span class='ocrx_word' id='word_1_596' title='bbox 1265 4933 1330 4980; x_wconf 86' lang='lat' dir='ltr'><strong>certe</strong></span> <span class='ocrx_word' id='word_1_597' title='bbox 1345 4930 1374 4979; x_wconf 89' lang='lat' dir='ltr'><strong>L.</strong></span> <span class='ocrx_word' id='word_1_598' title='bbox 1393 4953 1421 4963; x_wconf 94' lang='lat'>-</span> <span class='ocrx_word' id='word_1_599' title='bbox 1439 4924 1480 4976; x_wconf 83' lang='grc'><strong>44.</strong></span> <span class='ocrx_word' id='word_1_600' title='bbox 1498 4929 1551 4975; x_wconf 75' lang='lat' dir='ltr'><strong>tren</strong></span> <span class='ocrx_word' id='word_1_601' title='bbox 1566 4921 1627 4982; x_wconf 81' lang='grc'><strong>444]</strong></span> 
     </span>
     <span class='ocr_line' id='line_1_51' title="bbox 312 4993 1687 5073; baseline -0.009 -14"><span class='ocrx_word' id='word_1_602' title='bbox 312 5012 373 5073; x_wconf 82' lang='lat' dir='ltr'><strong>qnia</strong></span> <span class='ocrx_word' id='word_1_603' title='bbox 388 5015 441 5059; x_wconf 82' lang='grc'><strong>4444</strong></span> <span class='ocrx_word' id='word_1_604' title='bbox 458 5009 519 5072; x_wconf 83' lang='grc'><strong>(444</strong></span> <span class='ocrx_word' id='word_1_605' title='bbox 536 5011 600 5070; x_wconf 82' lang='lat' dir='ltr'><strong>cnm)</strong></span> <span class='ocrx_word' id='word_1_606' title='bbox 618 5005 650 5069; x_wconf 77' lang='grc'><strong>44.</strong></span> <span class='ocrx_word' id='word_1_607' title='bbox 671 5033 698 5042; x_wconf 95' lang='grc'>-</span> <span class='ocrx_word' id='word_1_608' title='bbox 716 5006 757 5056; x_wconf 79' lang='grc'><strong>444.</strong></span> <span class='ocrx_word' id='word_1_609' title='bbox 775 5007 911 5056; x_wconf 75' lang='grc'><strong>4444444444</strong></span> <span class='ocrx_word' id='word_1_610' title='bbox 928 5019 990 5056; x_wconf 90' lang='lat' dir='ltr'><strong>curn</strong></span> <span class='ocrx_word' id='word_1_611' title='bbox 1007 5004 1050 5054; x_wconf 89' lang='lat' dir='ltr'><strong>ed.</strong></span> <span class='ocrx_word' id='word_1_612' title='bbox 1068 5002 1159 5054; x_wconf 78' lang='lat' dir='ltr'><strong>Aldina</strong></span> <span class='ocrx_word' id='word_1_613' title='bbox 1177 5002 1231 5056; x_wconf 72' lang='lat' dir='ltr'><strong>LE.</strong></span> <span class='ocrx_word' id='word_1_614' title='bbox 1253 5031 1280 5041; x_wconf 83' lang='lat'><em>-</em></span> <span class='ocrx_word' id='word_1_615' title='bbox 1298 5004 1339 5054; x_wconf 87' lang='grc'><strong>46.</strong></span> <span class='ocrx_word' id='word_1_616' title='bbox 1357 5000 1417 5064; x_wconf 79' lang='lat' dir='ltr'><strong>nno]</strong></span> <span class='ocrx_word' id='word_1_617' title='bbox 1435 4999 1492 5050; x_wconf 82' lang='lat' dir='ltr'><strong>beni</strong></span> <span class='ocrx_word' id='word_1_618' title='bbox 1507 4999 1534 5050; x_wconf 82' lang='lat' dir='ltr'><strong>l&#39;.</strong></span> <span class='ocrx_word' id='word_1_619' title='bbox 1561 4999 1628 5049; x_wconf 85' lang='lat' dir='ltr'><strong>Ean-</strong></span> <span class='ocrx_word' id='word_1_620' title='bbox 1682 4993 1687 5009; x_wconf 72' lang='lat'>⁸</span> 
     </span>
     <span class='ocr_line' id='line_1_52' title="bbox 313 5071 1627 5146; baseline -0.009 -12"><span class='ocrx_word' id='word_1_621' title='bbox 313 5085 376 5135; x_wconf 87' lang='lat' dir='ltr'><strong>dem</strong></span> <span class='ocrx_word' id='word_1_622' title='bbox 400 5083 539 5133; x_wconf 82' lang='lat' dir='ltr'><strong>lectionem</strong></span> <span class='ocrx_word' id='word_1_623' title='bbox 556 5082 710 5132; x_wconf 87' lang='lat' dir='ltr'><strong>Torrentius</strong></span> <span class='ocrx_word' id='word_1_624' title='bbox 727 5082 838 5145; x_wconf 83' lang='lat' dir='ltr'><strong>margini</strong></span> <span class='ocrx_word' id='word_1_625' title='bbox 855 5081 1008 5146; x_wconf 88' lang='lat' dir='ltr'><strong>adscripsit,</strong></span> <span class='ocrx_word' id='word_1_626' title='bbox 1027 5080 1117 5130; x_wconf 90' lang='lat' dir='ltr'><strong>nescio</strong></span> <span class='ocrx_word' id='word_1_627' title='bbox 1135 5077 1214 5128; x_wconf 89' lang='lat' dir='ltr'><strong>unde.</strong></span> <span class='ocrx_word' id='word_1_628' title='bbox 1228 5103 1257 5116; x_wconf 91' lang='lat'><em>-</em></span> <span class='ocrx_word' id='word_1_629' title='bbox 1276 5092 1306 5128; x_wconf 85' lang='lat' dir='ltr'><strong>ec</strong></span> <span class='ocrx_word' id='word_1_630' title='bbox 1323 5074 1445 5139; x_wconf 74' lang='lat' dir='ltr'><strong>evus:</strong></span> <span class='ocrx_word' id='word_1_631' title='bbox 1465 5079 1540 5136; x_wconf 76' lang='grc'><strong>44444</strong></span> <span class='ocrx_word' id='word_1_632' title='bbox 1554 5071 1627 5124; x_wconf 81' lang='grc' dir='ltr'><strong>ΒΑΙ.</strong></span> 
     </span>
     <span class='ocr_line' id='line_1_53' title="bbox 313 5147 1627 5219; baseline -0.016 -1"><span class='ocrx_word' id='word_1_633' title='bbox 313 5157 368 5218; x_wconf 68' lang='lat' dir='ltr'><strong>EO·</strong></span> <span class='ocrx_word' id='word_1_634' title='bbox 383 5185 410 5196; x_wconf 93' lang='lat'><strong>·-</strong></span> <span class='ocrx_word' id='word_1_635' title='bbox 429 5161 471 5214; x_wconf 85' lang='grc'><strong>44.</strong></span> <span class='ocrx_word' id='word_1_636' title='bbox 488 5158 657 5216; x_wconf 64' lang='lat' dir='ltr'><strong>cunctamen</strong></span> <span class='ocrx_word' id='word_1_637' title='bbox 672 5158 774 5212; x_wconf 77' lang='lat' dir='ltr'><strong>tratum</strong></span> <span class='ocrx_word' id='word_1_638' title='bbox 789 5170 850 5214; x_wconf 85' lang='lat' dir='ltr'><strong>cum</strong></span> <span class='ocrx_word' id='word_1_639' title='bbox 862 5156 905 5214; x_wconf 87' lang='lat' dir='ltr'><strong>ed.</strong></span> <span class='ocrx_word' id='word_1_640' title='bbox 918 5155 1088 5208; x_wconf 85' lang='lat' dir='ltr'><strong>Cratandrina</strong></span> <span class='ocrx_word' id='word_1_641' title='bbox 1100 5152 1215 5209; x_wconf 68' lang='lat' dir='ltr'><strong>LEO.—</strong></span> <span class='ocrx_word' id='word_1_642' title='bbox 1233 5154 1274 5208; x_wconf 86' lang='grc'><strong>49.</strong></span> <span class='ocrx_word' id='word_1_643' title='bbox 1294 5165 1359 5219; x_wconf 74' lang='lat' dir='ltr'><strong>ocos</strong></span> <span class='ocrx_word' id='word_1_644' title='bbox 1374 5155 1436 5218; x_wconf 89' lang='lat' dir='ltr'><strong>post</strong></span> <span class='ocrx_word' id='word_1_645' title='bbox 1450 5151 1525 5202; x_wconf 80' lang='lat' dir='ltr'><strong>limos</strong></span> <span class='ocrx_word' id='word_1_646' title='bbox 1536 5161 1590 5201; x_wconf 89' lang='lat' dir='ltr'><strong>om.</strong></span> <span class='ocrx_word' id='word_1_647' title='bbox 1603 5147 1627 5198; x_wconf 86' lang='lat' dir='ltr'><strong>F.</strong></span> 
     </span>
    </p>
   </div>
   <div class='ocr_carea' id='block_1_4' title="bbox 0 0 1816 5860">
    <p class='ocr_par' dir='ltr' id='par_1_9' title="bbox 0 0 1816 5860">
     <span class='ocr_line' id='line_1_54' title="bbox 0 0 1816 5860; baseline 0 0"><span class='ocrx_word' id='word_1_648' title='bbox 0 0 1816 5860; x_wconf 95' lang='lat' dir='ltr'><strong> </strong></span> 
     </span>
    </p>
   </div>
  </div>
 </body>
</html>
