3610 5860
304 351 366 420 490
713 353 864 424 onemo
885 355 964 423 Pau
985 353 1023 422 h.
1045 355 1216 424 macule

305 525 538 594 multitudinem
558 526 637 592 iuris
655 525 811 591 retinendi
832 545 927 592 eausa
947 547 1011 592 non
1032 527 1196 604 convenit3
1218 547 1276 592 666
1298 527 1358 592 iuri
1373 525 1545 612 quidquam
1559 532 1630 594 tam

305 622 467 686 inimicum
495 622 681 706 quam'vis,
717 641 775 686 nec
805 623 956 706 aequitati
981 622 1157 706 quidquam
1183 629 1247 686 tam
1274 621 1423 686 infestum
1450 628 1500 685 est
1527 643 1630 706 quam

305 716 469 782 convocati
488 717 632 781 homines
653 721 686 778 et
706 715 826 780 armati.
872 715 941 779 4444.
975 714 1068 791 Quod
1095 737 1166 780 cum
1187 717 1231 780 ita
1252 717 1294 780 sit
1312 735 1427 800 resque
1448 715 1631 780 eiusmodi

306 811 356 884 sit,
377 815 412 875 ut
432 810 465 873 in
486 809 595 895 primis
617 829 636 873 a
653 809 883 892 magistratibus
898 809 1175 874 animadvertenda
1186 809 1339 884 videatur,
1361 810 1479 873 iterum
1494 830 1628 892 quaero,

284 904 387 968 esitne
409 904 475 968 eius
496 904 543 968 rei
564 903 670 989 aliqua
690 905 772 968 actio
794 924 835 970 an
855 904 952 967 nulla.
994 904 1121 968 Nullam
1142 924 1212 968 esse
1234 903 1341 968 dices?
1377 903 1496 967 Audire
1518 905 1627 989 cupio.

306 998 368 1074 Qui
389 998 422 1062 in
442 1017 520 1082 pace
542 1003 574 1062 et
595 997 678 1074 otio,
707 1019 778 1062 cum
799 1018 926 1062 manum
947 997 1073 1073 iecerit,
1102 999 1208 1083 copias
1229 998 1364 1082 pararit,
1392 998 1628 1062 multitudinem

303 1091 467 1156 hominum
488 1092 642 1174 codqerit,
670 1093 813 1166 armarit,
840 1091 1040 1166 instruxerit,
1067 1091 1213 1156 bomines
1233 1093 1387 1165 inermos,
1411 1090 1466 1174 qui
1488 1091 1529 1154 ad
1550 1113 1628 1156 con·

304 1185 445 1249 stitutum
467 1187 654 1270 experiundi
675 1186 751 1250 iuris
772 1187 872 1270 gratia
893 1187 1061 1262 venissent,
1083 1189 1187 1263 armis,
1209 1187 1304 1262 viris,
1326 1193 1446 1249 terrore
1467 1186 1629 1268 periculo-

305 1301 369 1364 que
391 1281 500 1344 mortis
521 1280 701 1365 reppiderit
722 1279 845 1365 fugarit,
867 1281 1025 1357 averterit,
1045 1281 1107 1346 boc
1129 1281 1225 1345 dicat:
1251 1283 1341 1344 «Feci
1363 1279 1520 1363 equidem,
1542 1301 1629 1366 quae

268 1373 401 1451 codicis,
423 1375 546 1449 omnia,
572 1381 605 1438 et
625 1393 663 1440 ea
684 1383 757 1440 sunt
778 1383 810 1440 et
831 1375 1010 1440 4666646646
1031 1382 1064 1438 64
1084 1376 1250 1440 temeraria
1271 1383 1304 1442 et
1323 1374 1515 1460 periculosa:
1546 1376 1628 1460 quid

305 1491 379 1554 erqo
402 1475 470 1536 esti
497 1470 626 1554 impune
647 1468 724 1547 ieci3
755 1490 844 1546 nam,
867 1470 954 1554 qnod
975 1489 1049 1554 agas
1070 1491 1193 1534 mecum
1214 1491 1256 1534 ex
1279 1473 1345 1535 iure
1369 1471 1454 1538 cirili
1475 1491 1512 1536 ac
1532 1489 1629 1553 prae·

304 1565 393 1640 torio,
415 1584 480 1628 non
501 1562 627 1628 habes.»
672 1560 723 1628 34.
751 1565 838 1629 Itane
860 1583 954 1640 vero,
985 1569 1246 1648 recuperatores?
1273 1565 1335 1631 boc
1357 1587 1414 1631 vos
1436 1565 1570 1632 audietis
1592 1571 1629 1628 et

304 1658 390 1743 apud
409 1679 466 1724 vos
488 1657 549 1722 dici
570 1658 733 1741 patiemini
755 1659 903 1744 saepius?
948 1657 1028 1723 Cum
1055 1659 1190 1723 maiores
1218 1662 1318 1724 nostri
1345 1667 1432 1726 tanta
1460 1661 1629 1744 diligentia

303 1755 534 1839 prudentiaque
555 1752 680 1829 4666464,
700 1760 736 1818 64
757 1755 862 1819 omnia
882 1757 1022 1819 omnium
1043 1773 1107 1816 non
1128 1753 1223 1818 modo
1245 1762 1401 1819 tantarum
1423 1775 1545 1830 rerum,
1566 1755 1627 1818 sed

267 1857 296 1906 46
304 1850 398 1916 etiam
419 1848 674 1913 tenuissimarum
694 1851 765 1914 iura
785 1849 952 1914 statuerint
973 1849 1193 1935 persecutique
1216 1849 1295 1924 sint,
1323 1850 1383 1914 boc
1404 1869 1505 1933 genus
1525 1869 1626 1914 unum

303 1945 354 2010 vel
374 1943 545 2008 maximum
566 1945 865 2028 praetermitterent,
885 1951 930 2017 ut,
953 1945 980 2006 si
1003 1945 1057 2028 qui
1081 1963 1130 2008 me
1153 1944 1240 2007 exire
1264 1944 1356 2008 domo
1377 1963 1448 2008 mea
1469 1944 1627 2026 tetigisset

303 2038 414 2112 armis,
439 2036 588 2102 haberem
614 2039 785 2115 actionem,
813 2040 919 2124 siqui
945 2039 1075 2103 introire
1105 2037 1330 2122 prohibuisset,
1361 2059 1425 2102 nou
1452 2037 1625 2102 haberem?

301 2132 448 2198 Nondum
469 2132 509 2196 de
525 2131 678 2198 Caecinae
692 2153 788 2200 causa
802 2133 940 2216 disputo,
962 2133 1105 2197 nondum
1122 2133 1161 2196 de
1182 2134 1250 2196 iure
1270 2133 1478 2216 possessionis
1498 2141 1626 2196 nostrae

302 2226 434 2309 loquor:
463 2233 583 2291 lantum
605 2228 645 2290 de
667 2235 722 2292 tua
744 2228 945 2304 defensione,
980 2229 1013 2292 C.
1034 2229 1124 2303 Piso,
1155 2247 1283 2312 quaero.
1326 2224 1377 2290 35.
1406 2227 1560 2303 Quoniam
1580 2227 1627 2289 ita

266 2319 382 2384 iudicis
403 2328 435 2385 et
453 2321 499 2384 ita
520 2323 701 2386 constituis:
737 2323 787 2387 usi
811 2323 960 2398 Caecina,
990 2343 1061 2386 cum
1083 2322 1116 2385 in
1136 2321 1235 2386 fundo
1257 2329 1358 2397 esset,
1386 2322 1461 2386 inde
1483 2323 1625 2387 deiectus

304 2421 403 2490 esset,
437 2420 503 2479 tum
532 2435 590 2498 per
621 2418 681 2481 boc
712 2417 914 2482 interdictum
950 2437 1020 2480 eum
1053 2417 1175 2480 restitui
1205 2416 1398 2499 oportuisse:
1431 2437 1515 2480 nune
1546 2435 1624 2479 vero

304 2507 461 2572 deiectum
482 2509 685 2575 nullomodo
708 2531 777 2575 esse
799 2513 884 2586 inde,
906 2511 960 2574 ubi
983 2531 1047 2574 non
1068 2510 1178 2574 suerit:
1200 2510 1261 2574 hoo
1282 2510 1450 2574 interdicto
1471 2509 1550 2572 nihil
1563 2527 1624 2572 nos

303 2610 465 2668 assecutos
495 2623 607 2667 essem>
642 2625 779 2689 quaero,
809 2606 836 2669 si
865 2613 897 2668 te
922 2605 1018 2668 hodie
1048 2605 1176 2668 domum
1205 2613 1291 2668 tuam
1315 2604 1500 2670 redeuntem
1522 2605 1623 2668 coacti

303 2695 447 2759 homines
469 2705 501 2761 et
522 2699 632 2762 armati
653 2720 718 2763 non
740 2698 834 2762 modo
856 2700 966 2763 limine
988 2707 1136 2783 tectoque
1157 2700 1282 2762 aedium
1296 2707 1428 2774 tuarum,
1450 2700 1507 2763 sed
1521 2699 1622 2782 primo

267 2789 392 2852 ttaditu
414 2791 633 2875 vestibuloque
654 2793 890 2877 prohibuerint,
920 2793 998 2878 quid
1024 2801 1150 2859 acturus
1172 2795 1224 2856 sis.
1266 2795 1374 2858 Monet
1393 2795 1512 2858 amicus
1533 2813 1622 2856 meus

210 2885 231 2973 ζἢ
305 2891 353 2960 46,
374 2884 409 2946 L.
433 2883 637 2972 Calpurnius,
664 2895 701 2952 ut
721 2889 806 2952 idem
828 2889 925 2963 dicas,
948 2889 1032 2972 quod
1055 2889 1124 2972 ipse
1146 2895 1238 2952 antea
1260 2887 1354 2964 dixit,
1390 2887 1618 2954 «iniuriarum»

217 2978 223 2990 '
305 2978 391 3055 Quid
418 2979 451 3046 id
479 2981 520 3044 ad
548 3001 674 3048 causam
703 2983 937 3066 possessionis?
970 2981 1046 3068 quid
1078 2981 1118 3046 ad
1148 2982 1377 3046 restituendum
1405 3003 1494 3058 eum,
1526 3003 1621 3067 quem

305 3079 428 3157 oportet
448 3075 595 3142 restitui?
617 3078 695 3164 quid
716 3077 856 3164 denique
878 3079 919 3142 ad
940 3077 990 3142 ius
1011 3078 1128 3141 civile‘l
1168 3074 1233 3161 [aut
1259 3077 1300 3140 ad
1326 3077 1439 3141 actone
1460 3080 1622 3142 notionem

369 3350 394 3400 6.
412 3350 559 3412 aequitatis
580 3351 715 3413 quicquum
735 3350 763 3401 T.
782 3377 809 3388 -
828 3349 871 3416 eet]
893 3364 919 3401 66
937 3350 965 3401 T.
986 3376 1013 3386 -
1038 3349 1062 3400 3.
1085 3360 1162 3410 reque
1182 3348 1211 3398 T.
1231 3371 1258 3382 -
1277 3345 1301 3397 4.
1324 3347 1351 3398 ie
1369 3347 1460 3410 primis
1475 3350 1497 3400 te
1513 3362 1531 3399 6
1546 3347 1573 3398 T.
1592 3375 1619 3384 -

302 3425 418 3476 64466466·
433 3425 499 3477 ET:
517 3439 567 3477 6666
581 3426 696 3476 rimetur
712 3422 853 3478 444440.
873 3425 911 3477 ci.
926 3425 950 3490 5.
964 3425 1004 3476 38.
1017 3423 1057 3476 78.
1073 3449 1099 3460 -
1113 3425 1137 3474 5.
1157 3422 1258 3474 Nullum
1273 3435 1322 3474 esse
1337 3421 1421 3474 646666
1435 3422 1528 3473 Audire
1543 3423 1622 3486 apto]

304 3501 392 3552 audire
412 3501 508 3551 6644664
529 3511 580 3551 enee
601 3501 667 3551 diere
687 3501 760 3563 rapio
777 3501 804 3550 Τ.
825 3525 853 3538 -
872 3501 896 3550 6.
916 3501 969 3551 6646
988 3501 1016 3550 T.
1037 3527 1065 3537 -
1082 3499 1176 3564 fecerit]
1198 3499 1249 3562 (666
1265 3499 1293 3549 T.
1314 3523 1340 3534 -
1359 3499 1384 3549 T.
1408 3499 1531 3562 coeperim
1544 3499 1573 3548 T.
1592 3525 1621 3534 -

303 3576 422 3637 4666666,
442 3576 486 3638 piei
504 3587 557 3640 mg.
578 3571 595 3628 4
613 3576 641 3627 64
658 3574 1022 3640 06644466(06644.6644.Χ4’.)6
1040 3575 1173 3636 46666666,Ι
1189 3574 1224 3629 Τ;
1246 3573 1351 3624 tumus
1369 3574 1412 3636 qui
1431 3574 1476 3624 ka
1492 3569 1621 3634 6444ος

303 3651 454 3713 tenemurque
469 3663 527 3700 caea
543 3662 612 3700 corr.
631 3650 688 3714 qet
698 3650 733 3710 Ας
751 3650 904 3713 turmaeque
919 3651 940 3702 ll
958 3651 1046 3714 (etiam
1063 3649 1100 3711 44).
1120 3647 1158 3700 Ci.
1171 3661 1219 3714 pro
1237 3647 1318 3699 altera
1330 3647 1414 3700 torma
1425 3647 1449 3712 5.
1463 3649 1503 3698 60.
1516 3649 1556 3699 66.
1569 3649 1620 3708 06.;

303 3738 352 3790 pro
367 3724 449 3776 altera
464 3725 489 3790 5.
502 3725 543 3776 63.
556 3737 582 3789 p.
596 3723 677 3776 Tullio
689 3725 712 3788 5.
726 3724 766 3776 49.
781 3739 808 3791 p.
823 3725 929 3776 Fonteio
941 3723 965 3788 5.
978 3723 1017 3776 44.
1030 3751 1057 3761 -
1076 3723 1100 3774 0.
1114 3723 1249 3786 reppulerit
1265 3723 1284 3774 Ε
1299 3723 1341 3787 (66
1352 3723 1372 3774 T
1383 3721 1530 3774 Harlessius
1541 3720 1620 3785 siletlz

303 3802 422 3864 repulerit
437 3797 578 3854 thio.
594 3827 621 3836 -
638 3801 744 3865 peperit]
759 3801 848 3866 (66666
863 3803 891 3852 T.
906 3829 934 3837 -
954 3801 993 3851 44.
1006 3799 1072 3863 quod
1088 3799 1308 3863 apueErnestius:
1327 3799 1387 3862 quid
1400 3811 1463 3863 opas
1479 3793 1620 3850 uasto.

306 3877 344 3928 Cl.
357 3877 380 3941 5.
394 3877 434 3929 64.
448 3877 488 3928 36.
507 3875 673 3941 Wesenberg
688 3876 723 3928 ad
742 3891 781 3928 or.
799 3891 825 3942 p.
839 3877 923 3928 Sestio
940 3869 967 3940 p'.
981 3877 1021 3927 46.
1035 3901 1062 3911 -
1083 3875 1122 3926 46.
1134 3888 1193 3926 uero
1204 3887 1257 3926 om.
1267 3875 1295 3925 T.
1315 3874 1353 3926 04.
1366 3887 1421 3924 var.
1434 3871 1494 3924 lect.
1507 3872 1531 3936 5.
1543 3873 1620 3925 44.-

305 3953 345 4004 43.
357 3951 499 4002 mciorieT.
514 3977 542 3988 -
556 3950 596 4002 44.
613 3951 759 4014 (66664646.
775 3977 802 3988 -
816 3951 857 4002 444.
870 3951 932 4000 siut·
949 3945 1064 4001 hecht:
1082 3949 1139 4012 6464,
1156 3947 1316 4008 athesim
1334 3950 1392 4012 6464,
1404 3948 1448 4014 [ut]
1460 3948 1621 4013 44660.(6464,

304 4024 378 4076 iihoe
390 4023 525 4088 Halmius.)
537 4052 564 4062 -
579 4025 618 4076 46.
631 4031 659 4075 ut
669 4026 691 4076 si
702 4027 745 4087 qui
754 4039 816 4077 666-
825 4039 897 4076 —uoo
907 4024 1039 4076 4666666664
1056 4024 1227 4085 Quintilianus
1239 4025 1269 4074 V.
1280 4026 1320 4086 44,
1333 4025 1384 4086 36,
1397 4024 1443 4076 ubi
1453 4024 1495 4076 bis
1507 4024 1622 4076 editurei

305 4101 372 4164 6646,
390 4112 451 4151 cum
468 4101 560 4165 optimi
576 4099 682 4152 codices
698 4099 852 4152 habeantet
868 4101 919 4164 qui.
937 4100 994 4150 Vid.
1007 4101 1118 4164 Zumptii
1135 4099 1269 4165 supplem.
1288 4099 1409 4151 editionis
1425 4099 1621 4165 Spaldingianae

305 4190 331 4241 p.
341 4176 434 4227 684-
447 4175 563 4240 coepitii
577 4175 815 4228 ETGabkmta
826 4179 854 4226 64
864 4173 1048 4236 Quintilianus:
1066 4177 1197 4240 6666466664
1212 4172 1315 4227 aaut
1328 4176 1387 4226 0.-
1406 4177 1447 4226 47.
1464 4175 1624 4239 prohibuisset

304 4250 510 4315 ETablrpqa
525 4251 553 4300 et
569 4249 755 4310 Quintilianus:
772 4249 949 4313 prohibuissent
965 4247 1107 4302 RALiO.
1131 4248 1229 4301 Felellit
1244 4248 1364 4301 librarios
1376 4249 1459 4300 torma
1471 4249 1624 4301 nominativi

305 4327 371 4390 sing.
382 4327 433 4390 qui.
452 4325 490 4377 ct.
504 4339 559 4376 var.
569 4323 628 4376 lect.
639 4325 674 4376 ad
686 4340 725 4376 or.
738 4339 765 4390 p.
777 4327 896 4387 Quinctio
909 4325 1012 4390 §.at-
1025 4339 1075 4376 ceu
1085 4325 1199 4376 haberem
1210 4337 1262 4376 om.
1276 4327 1336 4377 T.-
1350 4325 1389 4374 40.
1402 4339 1495 4387 quaem
1506 4326 1565 4376 ET:
1584 4325 1623 4374 lo-

305 4415 368 4464 quor
380 4403 402 4464 t;
416 4402 536 4464 66666644
549 4402 637 4465 (etiam
649 4415 701 4466 mg.
712 4403 730 4465 t)
743 4398 843 4453 ahio.
861 4402 914 4454 Sed
925 4403 1043 4467 proxima
1055 4400 1138 4452 verba
1153 4401 1345 4465 quaestionem,
1359 4413 1412 4452 666
1424 4397 1546 4463 querelas
1558 4412 1623 4450 con·

306 4477 402 4537 tineut;
420 4476 503 4527 verba
514 4478 604 4528 autem
616 4476 640 4540 5.
654 4475 695 4527 44.
713 4490 858 4540 66666666,
875 4478 965 4540 iuquit
983 4478 1038 4528 licet
1048 4478 1099 4528 cet.
1112 4488 1165 4526 666
1177 4475 1229 4526 buc
1240 4475 1381 4540 pertinent,
1400 4473 1448 4526 sed
1460 4473 1495 4524 ad
1506 4473 1531 4538 5.
1542 4474 1582 4526 40.
1594 4501 1620 4509 -

307 4550 438 4616 06664666]
457 4549 552 4614 qudE;
571 4565 703 4614 quernae
721 4556 784 4615 (sec.
802 4551 849 4615 m.)
866 4565 928 4618 pq3
948 4567 1024 4615 66666
1040 4554 1072 4613 Τ;
1091 4549 1234 4612 cumbm3
1253 4553 1373 4614 66666646
1390 4552 1437 4601 Ge
1456 4550 1504 4613 (pr.
1523 4549 1568 4611 m.)
1585 4547 1624 4610 tu

308 4629 335 4678 et
350 4628 385 4686 Λ;
403 4627 503 4688 quoodo
519 4623 703 4677 boethio.
723 4625 760 4677 Ci.
774 4626 872 4690 52.—
887 4629 929 4679 66.
946 4629 1065 4679 deuotam
1079 4625 1155 4691 66446]
1173 4626 1269 4690 6644666
1285 4627 1402 4677 66466466
1418 4623 1624 4676 Τ.-64.46646-

307 4701 362 4768 que]
379 4705 477 4764 wtopiee
486 4703 514 4752 T.
530 4729 557 4739 -
575 4702 616 4752 66.
632 4700 811 4764 prohibuerunt
827 4701 900 4753 Τ66
913 4716 931 4767 q
948 4702 996 4768 (pr.
1010 4701 1056 4764 m.)
1074 4703 1097 4761 t;
1113 4701 1269 4763 prohiberent
1285 4701 1377 4765 qlsec.
1389 4701 1446 4762 m).
1461 4726 1488 4736 -
1506 4700 1546 4750 66.
1566 4700 1624 4751 Gul-

304 4777 428 4841 phemius
443 4774 529 4837 6β64
539 4779 569 4838 Α,
588 4775 726 4841 enimenim
742 4789 766 4826 a.
787 4803 814 4813 -
833 4776 874 4826 67.
893 4777 958 4838 Quid
974 4777 1000 4825 id
1016 4776 1050 4825 cd
1066 4776 1215 4828 Ernestlus:
1235 4778 1294 4839 quid
1310 4777 1344 4826 od
1360 4772 1487 4835 tibh&
1505 4775 1564 4838 quid
1580 4774 1623 4840 [idl

307 4853 382 4904 odo.
401 4850 439 4902 Ci.
457 4863 506 4915 pro
525 4851 643 4911 Quinctio
660 4850 684 4914 5.
698 4849 737 4900 49.
756 4863 782 4914 p.
801 4849 881 4901 Balbo
899 4850 922 4915 5.
942 4851 982 4902 34.
999 4851 1074 4900 verr.
1092 4854 1187 4902 accus.
1205 4852 1225 4901 1.
1243 4849 1284 4912 44,
1302 4851 1358 4903 446.
1378 4849 1452 4916 (464.)
1466 4877 1493 4886 -
1506 4849 1546 4900 60.
1565 4850 1626 4910 quid

308 4927 411 4991 4664666
421 4951 458 4964 --
468 4925 639 4978 iniuriarum?
654 4924 719 4991 Pleu]
737 4926 796 4988 quid
812 4926 915 4988 denique
930 4926 964 4975 ud
979 4926 1019 4975 tue
1034 4926 1104 4976 civile
1120 4931 1165 4977 664
1180 4927 1215 4976 ud
1231 4926 1323 4977 ceteris
1337 4927 1460 4977 66446666
1475 4925 1556 4986 adque
1566 4923 1625 4974 oui-

308 5004 503 5055 maduersiouem
518 5003 570 5054 aies
585 5003 739 5054 iniuriunuu
751 5002 809 5065 plue
824 5002 858 5062 E;
877 5000 937 5064 quid
952 5001 1056 5063 denique
1072 5002 1106 5051 ad
1121 5003 1160 5052 ius
1175 5001 1245 5052 uirile
1261 5007 1306 5052 eui
1316 5001 1540 5058 664664666666666
1549 5004 1626 5060 64666

309 5078 548 5132 animaduersioueu
562 5091 622 5148 uper
636 5078 860 5143 ioiuiurumpius
874 5078 908 5138 T;
926 5077 986 5140 quid
1001 5075 1105 5138 4664666
1120 5077 1155 5128 od
1169 5074 1625 5128 iureluileoutcductoeieuoiineem
