3610 5860
313 411 377 482 tlt
723 412 874 482 ORATIO
895 416 974 482 Part
995 417 1037 484 M.
1058 415 1236 484 FONTEIO

313 589 393 654 sima
420 586 539 652 auxilia
568 593 742 652 sumuntur.
789 586 885 650 Venit
910 585 985 650 bulo
1014 587 1171 663 subsidio,
1203 587 1320 653 misero
1341 593 1437 673 atqua
1458 589 1662 666 innocenti,

313 680 556 746 Massiliensium
583 685 696 743 cuncta
722 679 848 753 civitas,
880 699 963 762 quaa
991 701 1055 744 non
1077 682 1180 746 solum
1202 683 1242 746 ob
1265 702 1334 747 eam
1355 703 1484 748 causam
1507 683 1661 764 laborat,

312 783 350 841 ut
375 775 464 850 buic,
495 794 513 838 a
542 792 607 859 quo
633 773 703 857 ipsa
725 781 847 838 servata
868 781 932 849 est,
965 796 1072 859 parem
1095 777 1224 858 qratiam
1246 777 1363 841 referre
1385 777 1555 851 videatur,
1592 777 1660 842 sed

313 871 419 944 etiam,
441 868 526 953 quod
549 888 585 932 ea
607 867 795 933 condicione
816 874 912 952 atque
934 887 973 931 eo
994 867 1059 932 lato
1080 889 1115 934 se
1137 869 1170 934 in
1192 871 1231 934 iis
1253 872 1343 934 terris
1364 870 1561 936 collocatam
1577 892 1658 936 osse

289 964 494 1036 tarbitmtur,
510 961 645 1045 nequid
660 962 775 1025 nostris
790 961 972 1026 bominibus
986 962 1065 1025 istae
1080 969 1189 1046 gantos
1205 984 1319 1028 nocere
1333 965 1467 1048 possint.
1490 962 1547 1027 lo.
1568 961 1653 1049 [36]

313 1059 492 1142 Propugnat
520 1057 637 1138 pariter
663 1075 720 1138 pro
743 1055 843 1119 salute
866 1057 907 1118 Μ.
927 1056 1039 1119 Fontei
1060 1056 1275 1120 Narbonensis
1297 1059 1440 1134 colonia,
1474 1077 1564 1143 qnae
1590 1079 1655 1142 per

312 1151 398 1216 bunc
422 1149 492 1233 ipsa
518 1169 621 1232 nuper
642 1148 808 1212 obsidione
839 1149 977 1213 bostium
999 1149 1143 1224 liberata,
1172 1171 1256 1214 nunc
1278 1151 1421 1216 eiusdem
1442 1151 1590 1216 miseriis
1614 1172 1655 1215 ae

312 1245 459 1330 periurlis
480 1235 724 1308 commoretur.'
747 1244 911 1326 Denique,
941 1249 977 1306 ut
1006 1251 1130 1326 oportet
1149 1244 1235 1308 bollo
1258 1244 1395 1322 Gallico,
1425 1254 1463 1310 ut
1483 1247 1654 1310 maiorum

143 1349 176 1446 Ζ
312 1341 383 1404 iura
403 1357 570 1422 moresque
592 1337 826 1428 praescribunt,
849 1356 942 1400 nemo
965 1345 1012 1400 est
1034 1337 1109 1400 civis
1132 1336 1307 1414 Romanus,
1335 1341 1391 1423 qui
1413 1340 1474 1403 sibi
1496 1339 1567 1402 ulla
1592 1359 1655 1402 ex·

276 1432 477 1500 recusatione
504 1431 657 1496 utendum
683 1438 783 1514 putet.
819 1429 937 1493 Omnes
959 1430 1044 1494 illius
1066 1431 1249 1513 provinciae
1270 1433 1446 1516 publicani,
1473 1433 1651 1516 agricolae,

312 1527 461 1611 pomarii,
480 1528 575 1589 catari
591 1525 801 1608 negotiatores
818 1544 883 1587 uno
899 1525 1004 1588 animo
1017 1526 1058 1587 M.
1069 1524 1235 1589 Fonteium
1250 1534 1345 1610 atque
1357 1547 1421 1590 una
1434 1547 1514 1590 voce
1532 1527 1650 1591 defen-

312 1621 400 1683 dunt.
429 1619 516 1682 xxi.
540 1614 662 1704 [XVM]
686 1618 782 1694 Quod
800 1619 827 1682 sl
847 1626 948 1682 tantas
965 1618 1156 1682 auxiliorum
1179 1627 1358 1684 nostrorum
1373 1622 1481 1704 copias
1496 1621 1650 1684 Indutio-

311 1733 416 1776 marus
430 1714 499 1797 ipse
512 1714 703 1797 despexerit,
717 1713 785 1776 dux
796 1712 999 1796 Allobrogum
1013 1719 1252 1798 oeterorumque
1263 1713 1436 1789 Gallorum,
1451 1734 1528 1778 nuru
1544 1715 1649 1777 etiam

171 1813 205 1910 (s
312 1806 352 1870 de
374 1807 483 1870 matris
505 1806 589 1871 bunc
604 1807 791 1892 complexu,
813 1806 1003 1870 lectissimae
1026 1807 1283 1892 miserrimaeque
1300 1806 1455 1882 feminae,
1476 1808 1571 1872 vobis
1592 1807 1648 1870 in·

182 1892 187 1901 ’
276 1901 526 1984 aspectantibus
553 1899 669 1965 avellet
695 1909 790 1984 atqua
820 1899 1000 1964 abstrahet?
1029 1902 1214 1984 praesertim
1236 1921 1308 1964 cum
1329 1901 1416 1984 virgo
1438 1901 1578 1965 Vestalis
1601 1921 1648 1964 ex

312 1993 410 2058 altera
430 2002 519 2078 parte
540 2014 724 2078 germanum
745 1993 873 2059 fratrem
895 1995 1061 2077 complexa
1083 2000 1189 2058 teneat
1208 2003 1425 2080 vostramque,
1446 1994 1582 2071 iudices,
1604 2017 1648 2060 ae

312 2087 422 2172 populi
445 2090 575 2153 llomani
597 2085 690 2153 fidem
711 2089 873 2174 imploret:
896 2109 976 2173 quae
998 2109 1056 2171 pro
1071 2088 1159 2152 vobis
1181 2087 1355 2174 liberisque
1377 2091 1490 2152 restris
1512 2097 1564 2153 tot
1585 2109 1648 2154 an-

314 2202 373 2246 nos
393 2183 427 2246 in
448 2183 498 2247 dis
518 2183 745 2248 immortalibus
775 2182 938 2267 placandis
961 2189 1113 2265 occupata
1141 2187 1206 2256 est,
1233 2189 1327 2244 ntea
1348 2202 1433 2245 nunc
1455 2185 1646 2266 prosalnte

314 2297 372 2341 sua
392 2277 561 2362 fratrisque
583 2279 633 2341 sui
655 2277 777 2341 animos
798 2284 919 2342 vestros
941 2276 1066 2361 placare
1088 2275 1198 2359 possit.
1251 2270 1302 2337 17.
1327 2271 1401 2359 [376
1426 2277 1481 2342 Cui
1504 2279 1645 2342 miserae

136 2384 207 2498 γλ
274 2367 400 2458 ‚equod
421 2373 629 2455 praesidium,
652 2371 737 2455 qnod
759 2370 913 2434 solacium
934 2362 1245 2470 reliquum„est)boo
1259 2371 1399 2434 amissol
1420 2371 1499 2434 Nam
1515 2379 1645 2436 ceterae

186 2467 194 2492 .
312 2465 449 2529 laminas
471 2466 600 2549 gignere
622 2465 710 2549 ipsas
732 2464 792 2528 sibi
813 2465 972 2548 praesidia
993 2471 1025 2526 et
1046 2464 1162 2528 babere
1178 2464 1266 2528 domi
1286 2463 1483 2529 fortunarum
1498 2467 1645 2529 omnium

313 2560 434 2623 socium
455 2559 706 2642 participemque
727 2565 879 2642 possunt:
900 2559 974 2622 buin
988 2579 1062 2622 vero
1076 2558 1191 2641 virgini
1207 2557 1284 2642 quid
1300 2565 1348 2622 est
1361 2559 1643 2641 praeterituram,

314 2651 399 2736 quod
428 2659 484 2716 aut
513 2652 686 2716 iucundum
708 2658 763 2717 aut
783 2672 891 2715 carum
913 2672 982 2716 esse
1004 2653 1130 2736 possiti
1163 2652 1267 2716 Nolite
1287 2653 1370 2736 pati,
1399 2652 1536 2727 iudices,
1566 2673 1644 2718 aras

313 2747 443 2810 deorum
464 2746 684 2811 immortalium
706 2748 884 2830 Vestaeque
910 2747 1018 2810 matris
1041 2747 1234 2831 quotidianis
1254 2747 1385 2830 uirginis
1407 2747 1645 2812 lamentationi-

275 2843 371 2912 :abus
393 2842 433 2905 dc
454 2848 559 2905 vestro
581 2841 700 2904 iudicio
722 2840 925 2903 commoneri.
959 2840 1131 2925 Prospicite
1152 2861 1193 2904 ue
1215 2840 1268 2904 illc
1291 2841 1374 2923 ignis
1394 2851 1556 2915 aeternus,
1579 2863 1644 2905 no-

314 2937 431 3000 cturnis
448 2934 598 2999 Fonteiae
620 2934 781 3000 laboribus
796 2934 980 3018 vigiliisque
996 2939 1153 3009 servatus,
1176 2935 1348 2998 sacerdotis
1364 2941 1484 3000 uestrae
1499 2934 1642 2999 lacrimis

314 3030 489 3094 exstinctus
519 3049 589 3093 asse
617 3028 748 3093 dicatur.
792 3023 843 3090 t8.
869 3025 943 3112 [36]
968 3028 1084 3091 Tendit
1110 3027 1151 3091 ad
1172 3047 1228 3093 vos
1249 3028 1339 3110 virgo
1361 3028 1496 3092 Vestalis
1524 3049 1641 3093 manus

314 3123 488 3208 supplicos,
516 3123 643 3187 easdem
672 3142 751 3207 quas
778 3143 836 3206 pro
864 3123 954 3187 robis
981 3120 1030 3184 dis
1060 3121 1289 3186 immortalibus
1312 3123 1441 3185 tendere
1463 3123 1639 3186 consuevit.

315 3217 429 3282 Caveto
452 3238 493 3282 ne
508 3217 723 3301 periculosum
738 3217 971 3301 superbumque
987 3215 1030 3280 sit
1043 3216 1111 3279 eius
1126 3235 1183 3280 vos
1198 3217 1445 3280 obsecrationem
1459 3216 1640 3300 repudiare,

276 3313 404 3382 wcuius
426 3332 535 3394 preces
557 3313 584 3376 si
607 3311 639 3374 di
662 3316 918 3397 aspemarantur,
939 3310 1018 3374 haec
1036 3308 1122 3372 salva
1137 3329 1286 3374 essenon
1302 3315 1442 3392 possent
1471 3309 1639 3374 Videtisne

168 3390 200 3482 cs
313 3406 434 3480 subito,
461 3405 602 3481 iudices,
634 3407 736 3469 virum
764 3405 986 3478 fortissimum,
1019 3405 1060 3468 Μ.
1083 3404 1267 3498 Fonteium,
1300 3403 1437 3486 parentis
1467 3411 1500 3468 et
1520 3407 1637 3469 sororis

200 3549 205 3558 .
314 3501 612 3564 commemoratione
634 3500 778 3564 lacrimas
799 3499 1002 3583 profudisset
1037 3496 1100 3573 Qui
1116 3517 1287 3580 numquam
1302 3499 1334 3560 in
1350 3498 1417 3560 acie
1431 3499 1636 3582 pertimuerit,

313 3597 367 3681 qui
398 3614 432 3658 se
450 3603 598 3661 armatus
625 3616 719 3679 saepe
750 3596 784 3657 in
812 3593 950 3658 bostium
978 3611 1104 3654 manum
1134 3591 1434 3675 multitudinemque
1461 3592 1635 3668 immiserit,

312 3709 383 3752 cum
397 3688 431 3751 in
446 3689 513 3753 eius
528 3691 614 3754 modi
638 3689 786 3773 periculis
805 3687 914 3752 eadam
937 3707 972 3750 se
994 3685 1112 3750 solacia
1132 3686 1197 3749 suis
1218 3686 1400 3770 relinquere
1422 3685 1633 3760 arbitraretur,

274 3805 304 3854 aa
314 3805 395 3870 quae
419 3803 495 3848 suus
516 3794 606 3870 pater
622 3784 681 3848 sibi
696 3780 894 3864 reliquisset:
917 3779 1000 3844 idem
1015 3799 1100 3842 nunc
1114 3779 1299 3843 conturbato
1315 3779 1420 3842 animo
1434 3781 1632 3864 pertimescit,

313 3899 353 3941 ne
376 3898 441 3941 uon
461 3879 555 3942 modo
578 3882 761 3942 ornamento
785 3881 816 3937 et
837 3873 1019 3938 adiumento
1041 3893 1106 3937 non
1122 3874 1163 3938 sit
1176 3874 1260 3948 suis,
1282 3871 1337 3936 sed
1355 3875 1450 3938 etiam
1465 3896 1536 3938 cum
1550 3895 1632 3938 acer-

312 3972 442 4035 bissimo
475 3973 562 4036 luctu
595 3971 732 4034 dedecus
767 3975 929 4032 aeternum
959 3967 1082 4032 miseris
1112 3975 1207 4051 atque
1235 3967 1438 4050 ignominiam
1466 3969 1631 4052 relinquat.

312 4062 364 4126 ta.
388 4061 463 4148 [39.]
487 4065 514 4128 0
536 4065 693 4128 fortunam
716 4063 810 4144 longe
833 4061 1006 4145 disparem,
1033 4064 1074 4125 M.
1097 4061 1228 4127 Fonteii
1257 4062 1283 4124 si
1306 4062 1442 4144 deligere
1470 4065 1631 4146 potuisses,

312 4165 348 4222 ut
368 4159 472 4242 potius
495 4158 565 4220 telis
587 4157 643 4221 tibi
658 4156 821 4220 Gallorum
836 4174 930 4239 quam
945 4155 1090 4240 periuriis
1106 4154 1324 4218 intereundum
1340 4163 1432 4219 esset.
1447 4153 1535 4242 (lum
1551 4159 1632 4221 enim

132 4261 221 4374 (2²²
275 4253 396 4325 soritae
419 4253 504 4316 socia
525 4252 641 4326 virtus,
663 4251 773 4315 mortis
797 4269 903 4312 comes
925 4247 1025 4330 gloria
1045 4235 1179 4352 fuisset)
1196 4269 1279 4312 nunc
1300 4270 1375 4312 vero
1397 4251 1454 4339 qui
1472 4258 1521 4315 est
1534 4253 1631 4324 dolor,

228 4335 249 4426 lp
313 4347 462 4410 victorias
491 4353 522 4408 te
545 4352 638 4428 atque
661 4343 786 4428 imperii
807 4362 927 4427 poenas
950 4342 990 4406 ad
1012 4362 1123 4407 eorum
1144 4344 1307 4409 arbitrium
1329 4346 1476 4420 sullarre,
1505 4346 1561 4429 qui
1580 4351 1633 4409 aut

379 4597 403 4649 3.
421 4597 511 4662 referri
528 4596 584 4648 VS.
605 4619 632 4631 —
651 4594 675 4646 l.
693 4595 721 4644 tn
736 4595 768 4645 ils
783 4595 820 4646 L:
838 4595 866 4644 in
881 4593 919 4645 bl:
934 4595 990 4645 VS.
1012 4623 1039 4632 -
1058 4596 1261 4656 66666611.
1283 4621 1310 4630 -
1335 4595 1375 4646 tt.
1394 4597 1519 4649 uertcolua
1531 4597 1631 4661 passari

312 4675 344 4725 V.
364 4699 391 4710 -
411 4674 451 4724 lb.
471 4671 573 4736 quodsi
590 4669 668 4722 add:
686 4670 857 4733 quosstVS.
876 4696 903 4707 -
924 4672 964 4722 17.
983 4685 1014 4722 nc
1027 4672 1114 4734 populi
1130 4673 1159 4722 11.
1178 4669 1254 4721 666.;
1280 4685 1298 4721 o
1310 4683 1338 4735 p.
1356 4673 1385 4722 lt.
1404 4672 1460 4722 VS.
1481 4699 1508 4710 -
1531 4671 1631 4736 inploret

313 4750 343 4800 V.
362 4775 390 4785 -
407 4761 472 4811 quoe
488 4747 581 4798 oms.
597 4772 624 4782 -
644 4745 780 4796 18616116
799 4746 847 4796 diis
858 4747 912 4797 SO.
926 4773 954 4782 —
973 4747 1013 4797 20.
1026 4748 1148 4797 adamum
1158 4747 1193 4806 V;
1212 4747 1328 4798 solsttrun
1340 4747 1395 4798 SO.
1414 4749 1460 4810 (sic
1472 4749 1534 4804 item
1547 4761 1571 4798 v.
1582 4746 1629 4810 31.)

315 4851 342 4862 -
361 4823 482 4874 rdinum
497 4822 534 4881 V:
561 4833 614 4870 om.
633 4821 658 4869 S.
683 4845 711 4855 —
734 4819 775 4869 63.
793 4819 927 4872 iocundum
943 4823 969 4873 S.
990 4849 1017 4860 -
1039 4821 1080 4874 tl.
1099 4821 1230 4872 cotidiaci:
1246 4822 1278 4871 V.
1298 4847 1325 4857 -
1348 4823 1390 4873 id.
1408 4823 1539 4887 utpttlaqua
1554 4824 1584 4874 V.
1603 4849 1627 4858 -

312 4899 354 4949 at.
372 4897 495 4948 :auocata
510 4897 568 4946 VS.
582 4921 610 4930 —
629 4894 755 4945 taadltL:
774 4896 966 4947 16166168.-
984 4897 1025 4948 28.
1044 4897 1125 4948 dlsV:
1145 4897 1192 4947 dil:
1209 4897 1305 4948 SO.-
1324 4897 1365 4948 36.
1381 4900 1544 4961 processis:
1560 4909 1630 4962 pros·

313 4973 418 5024 6666611.
432 4999 460 5009 -
479 4971 550 5022 div:
568 4970 669 5020 6650.
685 4997 713 5008 -
728 4972 868 5033 posacots:
884 4971 1027 5033 poasuotv.
1042 4999 1070 5008 —
1089 4970 1283 5023 assotauav:
1301 4973 1458 5024 66166650.
1473 4999 1500 5010 -
1519 4974 1559 5026 38.
1573 4975 1631 5025 Fos-

314 5048 356 5098 :ott
371 5049 398 5098 S.
417 5073 445 5084 -·
464 5047 504 5098 39.
518 5045 631 5109 portur:
644 5045 675 5096 V.
691 5071 718 5084 —
735 5049 788 5096 tum
804 5046 834 5095 S:
854 5051 925 5096 tuum
935 5047 969 5107 V:
987 5051 1045 5096 trote
1056 5048 1190 5099 Graevius.
1209 5047 1290 5112 (atius
1304 5050 1371 5101 ottus
1386 5049 1455 5100 socia
1469 5048 1629 5102 commorit

313 5136 394 5175 omna
408 5123 492 5191 plotio
508 5123 567 5176 cod.
586 5119 670 5186 Oebl.)
689 5147 717 5160 -
734 5120 776 5174 lt.
793 5121 900 5174 6161666
915 5126 938 5174 tc
954 5133 983 5174 oo
998 5126 1074 5184 aquo
1089 5123 1114 5173 S.
1134 5147 1162 5160 -·
1179 5123 1270 5186 umor
1284 5123 1317 5175 V.
