3638 5868
465 383 534 448 Lm.
556 383 610 450 111.
641 380 715 448 4144.
736 379 985 446 xciv-xcv.
1012 377 1069 464 58.
1091 374 1283 444 447-222.
1473 370 1536 439 aio

218 573 278 618 nos
299 559 393 636 33334
412 552 505 617 31434.
542 552 632 628 Quae
654 552 716 617 erit
735 547 966 634 reprehensio?
987 549 1021 615 in
1045 567 1110 632 quo
1131 549 1268 631 primum
1280 545 1416 611 iniuriae
1438 544 1538 629 madu

218 645 366 711 resistere
393 645 526 730 incipiet
551 646 702 710 severitas
730 643 1017 731 iudicisl(quotns
1039 643 1100 707 erit
1119 643 1180 705 iste
1202 641 1365 715 denarius,
1394 640 1538 723 quinon

219 740 261 806 sit
281 739 431 804 terendus
454 746 487 804 et
506 738 540 804 iu
562 759 627 823 quo
651 739 790 822 primum
811 738 1041 803 aestimationis
1063 736 1213 821 iniquitas
1235 743 1331 818 atque
1352 731 1539 816 improbitas
1605 791 1619 810 ,
1629 756 1694 840 ,ip

219 813 597 924 reprebendaturl)(lion
620 833 705 896 enim
728 852 747 897 a
768 831 858 896 vobis
880 851 1019 906 summa,
1040 832 1097 898 sed
1118 850 1218 913 33333
1235 826 1464 893 aestimationis
1479 824 1540 889 crit

219 927 497 1032 comprobatum.)
511 929 624 1011 Neque
651 925 712 990 hoc
738 927 871 1010 potestis
899 924 1057 1000 iudicare,
1086 925 1185 990 tarnis
1213 921 1350 986 (13334113
1371 920 1563 985 aestimaret
1603 928 1690 1016 A„

218 1022 329 1096 licere,
352 1022 441 1084 denis
463 1042 528 1085 non
549 1021 656 1084 113343.
693 1020 752 1083 Ubi
773 1020 859 1083 enim
880 1018 978 1082 semel
1000 1020 1039 1082 ab
1061 1036 1206 1083 annonae
1227 1017 1351 1080 ratione
1366 1015 1450 1080 etab
1471 1034 1540 1080 nra·

218 1122 324 1180 torum
344 1115 508 1180 voluntate
530 1135 580 1178 res
601 1114 642 1178 ad
662 1115 818 1197 praetoris
840 1113 1006 1177 libidinem
1027 1113 1179 1177 translata
1201 1119 1264 1186 est,
1285 1129 1351 1174 nou
1366 1117 1415 1172 est
1428 1108 1491 1172 iam
1507 1107 1541 1170 in

218 1209 288 1293 1333
310 1228 415 1292 neque
436 1209 470 1271 in
492 1205 615 1283 officio,
643 1207 700 1271 sed
722 1209 755 1272 in
777 1208 940 1272 voluntate
960 1207 1125 1272 hominum
1147 1213 1245 1290 atque
1265 1202 1398 1268 avaritia
1419 1201 1542 1284 positus

218 1300 331 1366 modus
353 1301 550 1365 aestimandi.
594 1302 688 1367 XCV.
711 1302 914 1386 Quapropter
942 1301 969 1365 si
998 1323 1055 1366 ros
1078 1303 1177 1366 semel
1197 1301 1232 1364 in
1253 1298 1424 1362 iudicando
1446 1297 1543 1360 finem

218 1395 387 1478 aequitatis
409 1394 541 1478 3413343
564 1397 770 1473 transieritis,
797 1397 909 1460 scitota
930 1416 988 1459 vos
1010 1396 1132 1460 nullum
1155 1395 1269 1458 ceteris
1290 1393 1325 1455 13
1346 1389 1583 1456 aestimandotb

218 1486 313 1554 finem
327 1489 541 1572 improbitatis
557 1498 590 1554 et
604 1491 754 1555 avaritiae
768 1490 948 1574 reliquisse.
985 1485 1057 1552 224.
1073 1490 1186 1552 Videte
1200 1487 1313 1570 igitur,
1336 1505 1432 1571 quam
1447 1485 1546 1549 multa

218 1582 313 1646 simul
334 1601 352 1646 a
374 1582 464 1646 vobis
487 1584 700 1667 postulentur.
730 1583 894 1648 Absolvite
916 1604 999 1658 eum,
1022 1582 1079 1666 qui
1102 1604 1135 1647 se
1157 1582 1295 1646 fateatur
1315 1581 1470 1646 maximas
1492 1597 1547 1661 pe-

212 1677 329 1741 cunias
350 1695 423 1741 oum
445 1698 568 1742 summa
590 1678 749 1742 sociorum
770 1677 889 1743 iniuria
911 1677 1044 1759 cepisse.
1079 1677 1151 1740 Non
1179 1682 1227 1738 est
1255 1677 1343 1740 satis.
1384 1674 1465 1738 Sunt
1492 1671 1546 1736 alii

220 1791 352 1857 quoquc
374 1771 571 1854 complures,
593 1772 679 1836 idem
695 1772 750 1855 qui
772 1770 914 1835 fecerint.
948 1770 1112 1833 4143314143
1127 1769 1221 1833 etiam
1237 1768 1326 1843 illos,
1349 1768 1376 1832 si
1392 1767 1548 1854 quisunt,

218 1872 256 1929 ut
282 1885 347 1934 uno
377 1864 496 1929 iudicio
519 1885 613 1950 quam
643 1866 799 1948 plurimos
821 1864 982 1948 improbos
1008 1863 1159 1928 liberetis.
1194 1865 1241 1926 Ne
1263 1862 1297 1925 id
1320 1862 1450 1946 quidem
1470 1861 1587 1934 3344344

220 1967 278 2028 334.
309 1959 434 2034 Facite,
457 1965 494 2023 ut
514 1961 629 2024 ceteris
650 1959 783 2043 posthac
804 1959 890 2021 idem
911 1956 1015 2022 liceat.
1051 1956 1183 2020 Licebit.
1220 1955 1332 2020 Adhuc
1354 1974 1467 2038 purum
1489 1960 1546 2018 est.

218 2055 409 2129 Permittite,
431 2061 468 2118 ut
488 2053 592 2128 liceat,
617 2053 729 2139 quanti
751 2053 888 2138 quisque
904 2051 997 2126 velit,
1021 2050 1099 2114 tanti
1114 2048 1298 2114 aestimare:
1321 2048 1546 2133 †pcrmissum

218 2155 283 2214 est:
311 2148 516 2214 stultissimus
538 2148 676 2231 quisque
703 2145 836 2229 posthac
858 2145 988 2210 minimo
1013 2143 1204 2238 aestimabit.
1220 2127 1366 2216 (Videtis
1388 2143 1451 2204 iam
1473 2159 1547 2225 prn-
1667 2125 1694 2204 Z

218 2243 318 2316 43343,
339 2241 477 2316 iudices,
498 2241 558 2304 hac
581 2242 803 2306 aestimatione
817 2240 942 2304 3431414
964 2239 1168 2322 comprobata
1190 2258 1295 2322 neque
1310 2236 1439 2300 modum
1461 2240 1549 2318 post-

218 2338 278 2402 hac
289 2337 449 2400 ‚avaritiae
472 2337 660 2421 cuiusquam
676 2355 781 2421 neque
797 2354 934 2418 poenam
948 2333 1159 2416 improbitatis
1175 2327 1336 2422 lutupgm.)
1356 2326 1428 2392 424.
1446 2329 1587 2406 Quamne
1630 2375 1643 2389 .
1652 2337 1715 2414 ἆ

219 2431 261 2496 314
282 2451 349 2495 rem
373 2430 453 2514 quid
475 2431 559 2514 agis,
580 2431 753 2494 Hortensii
778 2430 897 2494 Consul
920 2449 953 2492 33
976 2427 1179 2508 designatus:
1199 2425 1396 2510 provinciam
1419 2423 1550 2488 sortitus

221 2546 275 2590 es:
309 2525 348 2590 de
370 2525 591 2590 aestimatione
613 2523 763 2588 frumenti
793 2544 865 2588 cum
894 2523 996 2596 dices,
1029 2520 1074 2585 sic
1104 2528 1136 2582 te
1163 2519 1346 2594 audiemus,
1380 2517 1472 2604 quasi
1498 2515 1549 2594 id,

285 2787 310 2837 4.
328 2785 415 2848 incipit
425 2784 504 2849 [344.
519 2812 547 2822 -
562 2791 651 2846 quatra
661 2813 698 2823 --
710 2786 859 2836 acclamavit
875 2785 939 2836 43344
957 2785 980 2849 5.
993 2784 1050 2834 445.
1065 2797 1090 2832 v.
1104 2783 1146 2833 44.
1165 2780 1248 2833 habet
1263 2782 1294 2832 V.
1310 2811 1338 2820 -
1356 2782 1427 2832 caius
1442 2781 1489 2832 crit
1504 2782 1551 2832 isto

220 2861 298 2926 [344.
314 2889 341 2900 -
360 2861 384 2912 3.
402 2862 597 2926 [344444444[349
610 2861 703 2912 441414ε
722 2863 842 2926 4443444433
853 2861 938 2926 [344;
956 2861 1100 2923 referendas
1116 2861 1162 2910 aut
1178 2859 1322 2923 deserendam
1333 2857 1397 2908 dett.
1414 2883 1441 2893 -
1459 2861 1483 2906 at
1495 2869 1547 2907 orn.

220 2938 359 3003 [349414.
379 2963 409 2994 -,
432 2939 544 2999 primam
561 2938 665 3000 (primur
681 2949 717 2987 m.
736 2937 787 3001 pr.)
807 2941 911 2985 aestum.
930 2935 961 2985 V.
980 2936 1042 2997 (lir.)
1062 2962 1089 2971 —
1113 2933 1138 2984 4.
1156 2934 1349 2996 reprehendetur
1365 2933 1393 2983 l..
1414 2960 1441 2969 -
1460 2931 1508 2981 erit
1524 2929 1548 2991 4,

220 3013 286 3065 NV:
305 3016 339 3062 est
356 3011 421 3062 dett.
437 3039 463 3048 -
483 3014 507 3062 5.
527 3025 613 3074 conpr.
627 3014 656 3063 V.
673 3039 699 3049 -
719 3011 804 3076 4344443]
820 3009 943 3070 tribarV3
962 3011 1011 3060 44444
1023 3008 1099 3073 [314.
1115 3031 1142 3046 -
1162 3008 1291 3058 aestimari
1308 3007 1368 3070 1444)
1381 3007 1410 3057 O.
1425 3031 1452 3044 ··
1472 3006 1495 3056 a.
1510 3005 1552 3054 de-

219 3090 259 3138 air
274 3100 324 3136 44344
340 3086 414 3136 licere
431 3086 499 3152 [344
513 3088 590 3138 FNV
608 3087 666 3148 (sed
678 3086 709 3138 44
727 3086 821 3149 daubi:
840 3099 893 3136 om.
912 3083 968 3135 rell.
982 3112 1010 3122 -
1027 3083 1146 3134 rancide
1162 3097 1278 3133 ursaonae
1292 3084 1409 3143 43443334
1421 3081 1552 3144 (rationem

220 3160 377 3222 3444413434)
399 3165 422 3210 et
442 3167 575 3211 3434344434
592 3161 622 3211 V.
642 3163 703 3223 (144.)
732 3185 760 3198 -
788 3161 820 3211 ab
843 3161 910 3211 3444444
931 3159 1030 3208 ratione
1051 3163 1075 3208 et
1096 3157 1128 3207 ab
1145 3159 1365 3207 immanentes-rm
1379 3170 1405 3205 3.
1423 3151 1501 3218 [344.
1522 3181 1550 3194 -

220 3239 244 3288 7.
262 3237 389 3288 3343444343
405 3236 485 3286 codd.
505 3238 584 3288 etiam
603 3239 624 3284 V
642 3239 716 3300 tiri:
734 3237 842 3287 utilitate
859 3247 891 3284 er
909 3233 1000 3284 [34314.
1019 3233 1088 3282 coni.
1108 3233 1137 3282 0.
1159 3233 1198 3282 cl.
1212 3232 1235 3296 5.
1247 3231 1304 3282 444.
1317 3259 1345 3268 -
1361 3235 1507 3293 praetoriam
1519 3229 1549 3278 V.

221 3313 272 3377 [Sic
289 3314 364 3362 recte
376 3310 511 3375 lllotzlus.]
531 3339 558 3348 ν-
578 3311 726 3374 remigii.
747 3337 774 3350 -
794 3310 818 3361 8.
836 3308 961 3371 aequeV,
981 3309 995 3358 7
1013 3310 1102 3372 [333.,
1121 3307 1181 3358 alii:
1199 3305 1348 3370 34431344ς
1366 3311 1442 3368 atque
1458 3305 1487 3355 0.
1511 3304 1550 3354 Ci.

220 3386 306 3440 Madv.
321 3386 417 3450 opusc.
431 3389 450 3437 1.
470 3400 495 3452 p.
509 3387 598 3439 344-
618 3387 731 3436 aemuia
748 3385 775 3448 4,
789 3386 860 3436 NV:
878 3384 989 3433 3343343
1005 3383 1069 3434 dett.
1084 3409 1109 3422 -·
1128 3384 1212 3445 potiar
1226 3381 1347 3432 3344444341
1362 3382 1438 3430 istam
1454 3380 1553 3440 334334

218 3463 346 3514 33343331
360 3463 495 3512 4444433343
513 3462 590 3526 [344.
607 3489 634 3500 -
653 3462 693 3512 io.
713 3461 978 3524 aequitatis-finem
994 3471 1048 3509 om.
1062 3457 1143 3508 idem.
1156 3485 1183 3496 -
1203 3458 1243 3508 44.
1262 3456 1420 3520 inprobitatis
1436 3453 1504 3517 [344
1516 3454 1550 3504 V:

217 3537 375 3601 improbitati
392 3535 449 3588 rell.
467 3539 547 3601 [333.
560 3537 589 3588 Β.
604 3563 632 3574 -
650 3537 730 3601 4344444
746 3535 830 3600 344343]
849 3536 971 3586 iniuriam
987 3532 1065 3597 [344.
1081 3560 1109 3571 -
1127 3535 1168 3584 44.
1186 3545 1244 3583 men
1260 3533 1339 3583 etism
1357 3529 1381 3580 V
1398 3529 1550 3593 (nandium,

220 3615 250 3664 nt
265 3611 329 3676 legit
344 3611 446 3674 Maius).
467 3639 495 3650 -
515 3609 554 3662 43.
573 3611 706 3678 sociorum]
724 3612 838 3661 astatore
853 3609 932 3673 [344.
953 3637 980 3647 -
1003 3609 1111 3672 coepisse
1125 3609 1157 3659 V.
1177 3633 1206 3646 -
1231 3613 1267 3658 est
1282 3608 1305 3657 V
1321 3608 1349 3658 et
1363 3603 1394 3657 i:
1413 3617 1468 3656 om.
1487 3604 1552 3655 dett.

223 3713 250 3726 ·-
268 3691 326 3738 aaa
340 3699 394 3738 om.
414 3685 491 3751 [344.
507 3713 535 3722 -
554 3685 596 3738 tt.
612 3687 699 3751 piures
715 3688 743 3737 l..
757 3683 830 3737 4484.
846 3709 871 3722 -
891 3685 957 3735 idon
973 3685 1016 3747 3444
1032 3681 1116 3748 [3444
1135 3683 1179 3746 qut
1194 3684 1261 3734 444444
1276 3682 1394 3744 114143),
1412 3679 1551 3732 43110.-

220 3762 314 3815 43431444
330 3775 384 3814 om.
401 3762 505 3826 44344134
520 3761 599 3826 [344.
619 3788 647 3798 -
666 3763 688 3812 ri
704 3761 748 3824 334·
764 3765 788 3812 34
803 3765 861 3811 sant
876 3760 958 3812 idem.
979 3787 1006 3798 -
1026 3760 1066 3809 ib.
1084 3759 1210 3821 eaproter
1225 3756 1372 3822 [34411114
1389 3756 1479 3820 ’3443433
1494 3753 1551 3808 4311.

1064 3839 1084 3874 3

224 3924 251 3934 -
265 3891 622 3959 inpudentissima·
636 3893 717 3944 adina
728 3890 796 3957 [344
807 3894 839 3954 V,
853 3891 913 3944 cod.
924 3893 991 3946 lira:
1005 3890 1137 3950 adiaeli3
1151 3895 1179 3942 34
1190 3887 1273 3954 [3484
1287 3886 1435 3941 3414334311.
1449 3890 1513 3940 noti.
1525 3916 1551 3926 -

222 3973 263 4022 41.
279 3967 520 4034 poenitencia·
537 3967 634 4032 manti]
651 3973 749 4032 34434434
765 3968 884 4020 141334-
903 3967 967 4018 43344
981 3965 1161 4016 3344434343--
1173 3965 1399 4038 animamarum
1414 3963 1555 4016 animabit

223 4047 303 4104 (med.
321 4046 384 4109 om.)
402 4043 482 4096 codd.
500 4042 622 4109 43133433
640 4043 811 4108 (aestimabitis
827 4043 918 4108 [34944
937 4042 1001 4092 tosti
1018 4043 1137 4092 castinaci.
1155 4041 1301 4093 Amtimabit
1323 4039 1385 4092 edd.
1402 4042 1465 4105 post
1482 4040 1552 4092 Crat.

221 4120 297 4186 [illud
314 4134 362 4172 nos
380 4118 586 4184 imprimendum
605 4119 770 4180 curavimns;
788 4131 852 4169 nans
868 4117 912 4168 hic
928 4117 954 4168 13
967 4115 1044 4167 codd.
1056 4115 1164 4181 reliquis
1177 4113 1310 4181 quaedam
1325 4113 1501 4176 intercidisse,
1519 4112 1556 4166 le·

222 4197 310 4248 ctione
333 4195 431 4246 codicis
455 4196 517 4259 [33.
535 4192 576 4245 44.
596 4197 624 4244 34
639 4194 757 4245 Vaticani
774 4193 935 4259 patefactum
953 4192 1001 4242 est.
1032 4194 1117 4256 Atque
1140 4191 1183 4244 4113
1203 4190 1314 4256 quidem
1330 4190 1369 4241 sic
1386 4189 1511 4253 corrupte
1528 4191 1556 4240 et

222 4282 318 4322 mance
334 4267 432 4321 habet:
455 4269 520 4320 tanti
536 4282 612 4332 apere
628 4268 671 4332 431.
691 4281 746 4320 var.
765 4281 792 4336 p.
809 4268 866 4329 344,
886 4265 935 4329 43.)
951 4267 1101 4329 permissam
1116 4273 1152 4318 cat
1167 4267 1325 4318 autariatas
1342 4265 1445 4327 34443334
1459 4277 1507 4326 pra
1524 4277 1556 4316 34

222 4359 322 4396 amima
332 4346 455 4396 3344343444
466 4342 708 4408 (castiomvitcorr.)
727 4345 798 4404 0333
809 4343 946 4408 Zumptius
962 4346 1076 4407 333444.
1087 4357 1136 4406 pro
1153 4358 1183 4394 ac
1199 4355 1302 4392 namma
1318 4341 1429 4393 13334314
1439 4337 1556 4404 syllabas

222 4425 266 4472 eat
281 4424 318 4479 et,
336 4418 705 4484 3333444431413334334444,
725 4433 774 4472 333
794 4418 926 4471 debentur
938 4417 1074 4470 Niebuhrii
1090 4417 1161 4482 siglis
1178 4417 1248 4470 male
1266 4415 1413 4468 intellectis.
1440 4416 1469 4466 ln
1487 4413 1557 4464 Vati-

224 4507 291 4550 cano
308 4493 382 4545 locus
400 4494 565 4546 oblitteratas
583 4497 640 4556 est;
659 4495 794 4560 quaedam
810 4496 900 4544 tamen
919 4493 1058 4554 1443443133,
1077 4505 1193 4557 quocum
1213 4492 1355 4544 lectionem
1370 4489 1470 4542 codicis
1487 4488 1556 4552 [344

223 4569 500 4626 communicaveram.
531 4570 675 4620 extricavit.
711 4571 797 4634 Atque
823 4569 845 4618 is
871 4566 980 4631 quidem
1006 4567 1073 4619 haec
1100 4566 1224 4633 protulit:
1258 4567 1351 4618 rastri
1373 4565 1557 4617 4481114444

223 4643 377 4699 4114441884
397 4638 1556 4708 441444444114441414444044814(1·40844444114Ν144041484144441143131443

224 4732 320 4771 versus
337 4718 448 4770 secundi
467 4722 508 4768 334
523 4717 635 4770 43443333
652 4718 858 4781 4481411444,
885 4733 936 4770 nec
956 4722 1048 4770 tamen
1065 4733 1097 4770 ea
1114 4733 1165 4772 vox
1182 4721 1264 4770 certa.
1291 4716 1422 4782 Equidem
1439 4714 1554 4766 tentam:

226 4795 360 4846 [4443444143
375 4799 404 4844 ut
419 4794 493 4844 443434
509 4795 596 4857 quanti
613 4793 716 4858 3344333
731 4794 789 4844 oeiit
806 4796 871 4846 43344
892 4795 1043 4846 3344434343.Ι
1066 4795 1216 4858 permissam
1237 4799 1301 4844 erio:
1326 4793 1379 4842 iam
1400 4788 1557 4840 notariam

225 4873 329 4935 34444333
347 4870 451 4934 postiae
467 4869 570 4920 minimo
587 4869 743 4920 aeriamabit.
767 4871 859 4933 114444]
881 4897 908 4906 -
933 4870 974 4920 44.
993 4869 1058 4920 laea
1078 4870 1267 4920 animationem
1287 4881 1305 4918 3
1322 4882 1347 4916 3.
1367 4863 1556 4928 comprobatam

225 4963 251 5000 n.
269 4948 343 4998 moda
358 4960 406 5010 pro
422 4947 470 4996 433
486 4946 599 4996 scaraio
614 4945 685 4996 catos
701 4944 779 5008 [344.
793 4973 820 4982 -
839 4947 881 4997 40.
898 4944 996 5008 improb.
1014 4944 1044 4996 V.
1065 4945 1125 5008 (Bc.)
1145 4971 1172 4982 ·-
1191 4957 1269 5007 3443444
1285 4942 1314 4994 ob
1330 4955 1384 4994 rem
1394 4941 1432 4990 V:
1451 4951 1514 5000 qaas
1526 4937 1556 4988 ob

225 5036 266 5076 res
282 5020 338 5074 rell.
358 5023 387 5072 0.
407 5046 434 5056 -
458 5021 499 5072 tt.
523 5021 578 5084 34444
601 5021 657 5086 aab
677 5021 801 5072 borimsio
818 5017 877 5071 33144
892 5021 1020 5087 4344334443
1032 5034 1107 5089 prom
1125 5022 1212 5076 sortiri
1228 5022 1258 5082 de
1273 5017 1351 5092 [344.
1371 5042 1398 5052 -
1417 5015 1458 5066 44.
1475 5013 1491 5085 f
1546 5049 1553 5062 .

225 5099 363 5150 mendices
379 5097 402 5148 V
419 5101 447 5148 et
462 5096 493 5148 l:
512 5109 570 5148 cam
585 5097 651 5148 dices
665 5096 743 5160 44433
761 5093 819 5148 4311.
838 5094 867 5145 0.
