3578 5862
332 435 396 508 588
730 443 881 510 ORATIO
903 445 982 512 PRO
1002 445 1041 510 l.
1064 444 1265 514 cumano

332 614 524 680 laborabant
567 611 639 678 lbi.
661 615 794 680 Habitus
815 636 856 679 ne
877 615 939 680 boc
960 615 1090 700 quidam
1110 635 1262 700 umquam
1280 618 1449 692 meuserit,
1478 637 1560 702 quo
1575 621 1679 684 minus

332 709 383 772 vel
412 729 450 772 ea
476 709 547 793 lege
576 711 731 774 rationem
758 711 841 774 vitae
872 730 950 776 suae
970 709 1135 784 redderet,
1167 731 1232 796 qua
1252 730 1318 776 nou
1339 719 1479 776 tenetur.
1534 711 1680 787 Quaeri

334 803 423 866 vobis
445 803 592 868 condicio
613 804 733 887 placet,
756 824 866 868 omues
880 803 914 868 id
929 823 1074 887 agamus,
1095 813 1132 869 ut
1144 803 1224 872 baec
1237 806 1489 889 quamprimum
1507 803 1551 870 iu
1569 825 1679 870 omnes

332 897 460 961 ordines
482 899 626 982 quaestio
647 897 832 982 perferatur.
1746 906 1747 977 j

306 999 324 1048 t
417 991 511 1055 Lvlt.
532 992 656 1056 luterea
678 992 825 1078 quidem,
853 1013 911 1077 per
931 991 1010 1058 deos
1031 993 1242 1058 immortales!
1273 995 1423 1078 quoniam
1445 993 1574 1058 omnia
1596 1011 1678 1056 eon-

332 1085 426 1150 moda
446 1093 568 1160 nostra,
595 1087 681 1161 iura,
709 1085 903 1160 libertatem,
935 1087 1069 1152 salutm
1097 1087 1235 1170 danique
1257 1088 1380 1172 legibus
1409 1087 1632 1160 obtinemus,
1661 1106 1679 1149 a

331 1177 454 1260 legibus
475 1198 541 1242 non
561 1178 764 1244 recedamus:
786 1181 880 1246 simul
902 1188 935 1244 et
955 1180 1035 1244 illud
1057 1199 1152 1266 quan
1172 1182 1214 1246 sit
1228 1182 1374 1267 iniquum
1388 1181 1602 1264 cogitemus,
1623 1199 1678 1262 po·

332 1271 444 1354 prolum
465 1273 641 1337 Romanum
663 1272 750 1337 aliud
772 1293 857 1338 nuuc
878 1293 988 1358 agere:
1009 1274 1098 1340 vobis
1120 1295 1186 1340 ram
1207 1275 1364 1360 publicam
1380 1283 1413 1340 st
1425 1275 1593 1340 fortunas
1608 1293 1678 1337 suas

332 1365 546 1432 commisisse:
568 1368 673 1451 ipsum
695 1368 764 1432 siue
780 1387 855 1433 cura
870 1387 959 1433 esse:
980 1389 1044 1433 non
1059 1376 1216 1444 metuere,
1238 1389 1279 1434 ue
1293 1370 1364 1453 lega
1378 1389 1433 1444 ea,
1455 1389 1569 1454 quam
1585 1390 1676 1434 uum·

293 1473 428 1542 tequam
449 1460 517 1543 ipse
538 1462 680 1538 iusserit,
708 1469 741 1525 et
761 1464 967 1546 quaestione,
994 1482 1059 1546 qua
1079 1483 1114 1528 se
1135 1465 1273 1528 solutum
1294 1464 1498 1548 liberumque
1526 1484 1609 1528 esse
1630 1483 1676 1526 ae

331 1554 479 1629 bitretur,
507 1575 710 1640 perpaucos
740 1557 860 1622 iudices
891 1557 1112 1641 adstringatur.
1155 1553 1226 1622 ⁴56.
1248 1559 1322 1644 Agit
1347 1558 1431 1624 enim
1461 1558 1516 1622 sic
1543 1577 1673 1622 ausen

194 1625 221 1734 ζ,
331 1649 367 1710 Τ.
382 1648 503 1724 Attius,
525 1649 709 1737 adolescens
729 1651 831 1715 bonus
850 1659 882 1716 et
898 1651 1053 1716 disertus:
1075 1671 1184 1718 omnes
1200 1653 1284 1718 eires
1299 1653 1423 1736 legibus
1437 1653 1554 1718 teneri
1571 1654 1673 1716 omni·

330 1741 411 1806 bus:
432 1763 489 1808 vos
511 1744 672 1809 attenditis
694 1751 727 1808 et
747 1745 862 1810 auditis
883 1746 1029 1820 silentio,
1051 1748 1132 1812 sicut
1153 1747 1257 1812 facere
1275 1746 1408 1812 debetis.
1437 1749 1476 1812 Α.
1493 1747 1671 1812 Cluentius

331 1855 457 1900 causam
490 1837 569 1902 dicit
592 1858 690 1923 eques
719 1841 878 1906 Romanus
906 1860 945 1905 ea
972 1840 1060 1923 lage,
1088 1861 1153 1927 qua
1174 1849 1337 1906 senatores
1358 1849 1391 1906 et
1410 1842 1450 1916 ii,
1481 1844 1548 1926 qui
1573 1843 1672 1923 man·

293 1938 462 1996 tenuatum
483 1931 678 2008 babuerunt,
700 1933 762 1998 soli
784 1942 949 1998 tenentur:
973 1935 1050 1998 mibi
1071 1955 1130 2019 per
1149 1955 1222 2000 eum
1235 1955 1380 2000 recusare
1395 1941 1428 2000 et
1441 1936 1474 1998 in
1490 1955 1577 2000 aree
1592 1935 1669 2017 legis

330 2025 490 2109 praesidia
516 2027 707 2092 constituere
735 2027 930 2094 defensionis
959 2049 1048 2093 meae
1069 2050 1133 2094 non
1161 2030 1245 2094 licet.
1282 2031 1316 2094 Si
1338 2029 1513 2095 obtinuerit
1538 2047 1670 2092 causan

332 2119 512 2196 Cluentius,
533 2121 627 2185 sicuti
647 2129 751 2186 restra
773 2125 933 2206 aequitate
953 2123 1022 2186 nixi
1044 2121 1249 2199 confidimus,
1279 2143 1389 2190 omues
1415 2122 1668 2194 existimabunt,

332 2213 365 2276 id
388 2213 474 2299 quod
496 2216 571 2290 erit,
594 2215 769 2280 obtinuisse
790 2224 920 2300 propter
941 2217 1175 2292 innocentiam,
1196 2218 1347 2300 quoniam
1368 2219 1413 2282 ita
1426 2216 1589 2282 defensus
1613 2216 1668 2289 sit,

256 2343 264 2362 ·
332 2309 365 2372 in
387 2308 457 2391 lege
480 2317 602 2384 autem,
624 2329 721 2393 quam
742 2311 894 2393 attingere
916 2311 1069 2386 noluerit,
1091 2311 1243 2396 praesidii
1264 2312 1344 2376 nibil
1364 2311 1473 2376 brine.
1514 2305 1596 2372 ⁴57.
1610 2309 1666 2374 llic

293 2417 416 2466 nnunc
438 2409 487 2466 est
508 2397 676 2488 quiddam,
699 2404 787 2490 quod
809 2405 849 2469 ad
871 2425 922 2469 me
943 2407 1112 2490 pertineat,
1138 2406 1177 2470 de
1201 2425 1265 2491 quo
1286 2413 1359 2470 ante
1381 2405 1463 2480 dixi,
1485 2404 1586 2490 quod
1610 2422 1665 2485 ego

165 2523 178 2595 l
331 2495 451 2582 populo
473 2497 614 2562 Romano
634 2505 795 2584 praestare
819 2498 968 2576 debeam,
989 2501 1140 2583 quoniam
1159 2500 1194 2590 ij
1213 2502 1296 2564 vitae
1318 2519 1406 2564 meae
1421 2507 1526 2563 status
1541 2491 1665 2574 est,(ut

331 2590 434 2655 omnis
456 2591 534 2654 mibi
557 2611 634 2654 cura
655 2600 688 2655 et
709 2612 808 2675 opera
828 2595 933 2678 posita
962 2585 1059 2682 sitin
1079 2593 1243 2658 bominum
1264 2593 1413 2678 periculis
1436 2591 1663 2658 defendendis.

162 2695 228 2788 r}
332 2683 451 2760 Video,
474 2693 593 2768 quauta
614 2692 646 2749 et
666 2705 760 2770 mam
782 2686 963 2770 periculosa
984 2696 1016 2752 et
1037 2709 1133 2774 quam
1154 2688 1278 2752 infinita
1291 2688 1437 2773 quaestio
1457 2694 1608 2750 tentetur
1625 2683 1662 2748 ab

173 2787 177 2793 “
331 2779 584 2854 accusatoribus,
607 2799 679 2842 eum
701 2799 770 2844 eam
792 2781 913 2864 legem,
935 2801 1017 2866 quae
1039 2783 1071 2845 io
1093 2788 1236 2846 nostrum
1252 2783 1395 2846 ordinem
1412 2781 1534 2864 scripta
1549 2781 1609 2854 sit,
1630 2778 1660 2840 in

292 2873 483 2960 atpopulum
513 2874 687 2937 Romanum
716 2874 884 2939 transferre
914 2883 1077 2939 conentur.
1119 2875 1191 2951 Qua
1215 2877 1248 2939 in
1276 2876 1347 2959 lege
1374 2883 1423 2940 ost
1443 2895 1499 2951 ovs
1521 2893 1658 2946 eorum,

331 2965 419 3052 quod
442 2985 538 3051 quam
559 2967 624 3030 late
642 2975 763 3052 pateat,
786 2967 917 3032 videtis:
940 2989 1150 3046 cumrerum
1172 2989 1273 3055 aequo
1287 2971 1440 3034 incertum
1456 2978 1489 3034 et
1502 2965 1659 3034 infimum

331 3069 396 3126 est:
420 3081 646 3140 causasarum
674 3063 736 3127 boc
756 3082 832 3126 veru
855 3083 926 3126 cum
947 3064 1122 3140 infinitum,
1151 3072 1216 3128 tum
1239 3065 1462 3134 obscurumet
1482 3064 1657 3130 occultam:

331 3177 495 3222 saussaius
517 3177 731 3224 resrruoruva
753 3177 900 3234 nissam
924 3159 997 3242 quis
1019 3157 1059 3222 de
1081 3159 1174 3242 plebe
1190 3159 1330 3223 Romana
1344 3157 1564 3223 testimonium
1581 3155 1658 3220 dixit

331 3271 499 3336 umquam,
521 3253 571 3315 cui
594 3273 657 3316 non
679 3253 740 3316 hoe
761 3251 936 3337 periculum
956 3253 992 3314 Τ.
1007 3251 1093 3316 attio
1115 3259 1242 3317 auctore
1256 3260 1399 3335 pambam
1416 3271 1486 3316 esse
1500 3249 1656 3316 videatis?

290 3348 410 3412 toNarn
432 3346 590 3410 dicturum
613 3348 743 3430 quidem
766 3353 867 3422 certo,
890 3348 917 3410 si
938 3347 999 3410 hoc
1017 3346 1169 3410 iudicium
1184 3345 1270 3430 plebi
1285 3347 1445 3410 Romanae
1460 3345 1654 3430 propositum

331 3441 391 3516 sit,
414 3441 573 3505 neminem
595 3461 745 3525 umquam
767 3460 838 3505 esse
860 3437 1022 3504 confirmo.
1062 3434 1133 3502 458.
1158 3439 1221 3503 Sed
1241 3439 1302 3504 boc
1323 3439 1477 3523 polliceor
1498 3436 1654 3508 omnibus,

331 3535 358 3598 si
381 3535 433 3598 cui
453 3534 536 3598 forte
558 3535 618 3598 bac
640 3535 710 3617 lege
732 3536 893 3617 negotium
913 3534 1102 3609 facessetur,
1131 3537 1187 3619 qui
1208 3535 1279 3618 lege
1301 3553 1366 3598 non
1388 3541 1551 3609 teneatur,
1582 3532 1608 3597 si
1628 3530 1652 3591 is

330 3628 377 3692 uti
399 3647 450 3693 me
472 3627 640 3692 defensore
661 3628 815 3704 voluerit,
844 3648 895 3692 mc
922 3629 991 3692 eius
1013 3647 1140 3692 causam
1162 3629 1242 3710 legis
1271 3625 1429 3713 praesidio
1451 3625 1652 3692 defensurum

331 3730 364 3786 et
384 3722 435 3786 vel
463 3721 514 3786 his
542 3721 700 3786 iudicibus
722 3721 773 3786 vel
800 3722 915 3787 borum
943 3721 1098 3786 similibus
1119 3721 1268 3787 facillime
1289 3721 1495 3805 probaturum
1516 3731 1551 3785 et
1570 3717 1651 3783 omui

292 3833 382 3882 eone
405 3815 589 3880 defensione
611 3836 742 3880 usurum
765 3836 836 3880 esse
857 3816 954 3898 legis,
981 3835 1045 3900 qua
1066 3835 1150 3880 nunc
1172 3824 1208 3879 ut
1227 3825 1314 3891 utar,
1342 3816 1381 3879 ab
1403 3836 1459 3892 eo,
1486 3817 1581 3880 cuius
1601 3831 1651 3878 vo-

330 3907 443 3972 luntati
467 3910 545 3974 mibi
567 3908 847 3994 obtemperandum
869 3917 935 3985 est,
956 3929 1020 3973 non
1042 3909 1234 3975 conceditur.
1276 3909 1385 3974 LVlll.
1406 3912 1477 3973 Nou
1497 3911 1584 3972 enim
1600 3905 1649 3969 de-

329 4003 391 4065 beo
414 4001 575 4078 dubitare,
603 4002 740 4077 iudices,
771 4004 866 4087 quio,
894 4004 922 4066 si
944 4023 1007 4088 qua
1035 4003 1155 4067 advos
1177 4022 1271 4068 eausa
1286 4003 1362 4068 eius
1383 4003 1469 4068 modi
1489 4002 1596 4068 delata
1614 3999 1650 4063 sit

332 4097 418 4172 eius,
446 4097 502 4182 qui
523 4096 593 4180 lego
616 4116 682 4160 non
704 4103 865 4171 teneatur,
895 4098 989 4161 etiam
1011 4098 1039 4161 si
1064 4098 1091 4162 is
1113 4096 1289 4161 invidiosus
1311 4105 1368 4161 aut
1387 4097 1493 4162 mutis
1514 4099 1647 4162 offensus

331 4207 400 4255 esse
421 4189 583 4265 videatur,
607 4190 701 4254 etiam
724 4190 751 4254 si
773 4211 846 4254 eum
862 4192 1006 4266 oderitis,
1028 4192 1122 4256 etiam
1144 4192 1172 4255 si
1194 4192 1286 4256 inriti
1308 4191 1483 4256 absoluturi
1505 4192 1587 4266 sitis,
1607 4195 1647 4251 ta·

394 4409 419 4460 a.
437 4408 476 4475 aa]
494 4409 597 4462 sust.
615 4435 643 4446 -
662 4411 833 4461 natust:
857 4411 1214 4465 ammanitae·
1237 4411 1261 4463 ³.
1279 4412 1420 4478 octaua
1440 4437 1468 4448 -
1488 4413 1513 4462 7.
1530 4407 1644 4476 mmm]

329 4485 459 4550 indiacum
475 4483 572 4541 20.-
592 4487 616 4537 9.
628 4485 797 4551 interme&
816 4487 1016 4538 emilia·
1033 4487 1073 4538 to.
1086 4486 1356 4539 orbibmcttcrlibla.
1375 4486 1414 4538 Cl.
1427 4486 1452 4550 S.
1464 4487 1547 4538 ibn·
1567 4481 1644 4538 iaci

327 4561 409 4611 uias.
430 4587 457 4596 —
477 4560 518 4613 ll.
536 4573 640 4612 coaeum
656 4561 716 4612 dicit
731 4573 804 4624 eques
818 4561 1020 4612 domocmsl':
1039 4563 1119 4625 aab.
1136 4575 1159 4613 c.
1177 4559 1437 4614 maleto·
1456 4563 1583 4624 ΜΤ.
1600 4567 1645 4622 qao

329 4633 617 4700 teaeFllalfO.-
637 4636 858 4688 li.stom.S.-
878 4637 918 4687 tt.
936 4637 1091 4688 aiem&—
1110 4635 1341 4691 omessom.t.-
1359 4637 1640 4700 20.quoaaomst.-

329 4711 395 4773 qood
411 4713 472 4762 anto
489 4723 534 4776 eqo
551 4723 604 4762 om.
618 4713 643 4762 S.
658 4736 687 4749 -
705 4711 826 4762 itoitoe
841 4723 911 4762 ceos
927 4712 987 4761 ST:
1004 4709 1303 4766 mmeottmltlbbd
1323 4711 1362 4763 Cl.
1375 4711 1409 4763 de
1420 4713 1485 4778 imp.
1498 4713 1547 4764 cn.
1559 4713 1641 4772 Pomp·

329 4785 899 4850 g.t.-aa.stsr:uuso1tateo.—
919 4785 1450 4841 westmonasteriense·-
1469 4787 1643 4850 ibiscum

330 4863 356 4912 S.
369 4887 397 4897 ·-
410 4861 452 4912 26.
464 4861 586 4912 {mertam
597 4861 754 4926 etfofioitton
764 4863 822 4913 ST:
839 4863 965 4927 inlinitum
975 4867 999 4912 et
1014 4860 1274 4915 missatatio.
1286 4887 1313 4898 -
1326 4862 1368 4913 27.
1380 4859 1639 4926 ffldmsllifld:

328 4935 771 5001 incommemorand-
790 4939 987 4989 scortumst:
1006 4938 1130 4988 omuttum
1145 4931 1642 5003 scrutato-eadmund

329 5012 383 5061 ST.
397 5037 425 5048 —
444 5011 485 5063 at.
498 5012 548 5062 Sed
562 5011 654 5063 toc-·
664 5013 798 5076 [matur
815 5015 861 5077 (sic
879 5011 939 5064 cod.
953 5009 1061 5074 Carisa,
1080 5010 1222 5074 liaberet,
1239 5011 1391 5076 bamberg..
1409 5010 1464 5063 alii:
1483 5011 1561 5076 vulgo
1575 5012 1641 5076 {acet-
1742 5073 1744 5084 .

329 5083 403 5149 titur)
419 5087 569 5138 Priscianus
585 5087 650 5138 Vlll.
668 5087 698 5148 3,
717 5088 758 5138 tt.
773 5115 801 5123 -
819 5087 1001 5151 infossam
1014 5087 1041 5138 S.
1055 5111 1083 5122 —
1101 5085 1243 5138 albeme
1256 5087 1375 5138 S'lill:
1392 5099 1479 5138 sonsa
1494 5085 1604 5140 abbo.
1617 5103 1639 5117 -
1745 5141 1746 5158 χ

329 5160 556 5216 rtmtdiaiellll.
572 5190 599 5200 -
616 5162 734 5230 {cotors
750 5163 826 5215 stu:
844 5162 918 5226 [aab
933 5160 1081 5217 FaL20.-
1101 5162 1142 5215 37.
1154 5163 1370 5216 eumcum:
1387 5161 1526 5214 immod
1541 5153 1639 5214 raum.
1745 5159 1746 5183 ³
