3578 5862
284 387 346 454 coo
429 387 580 456 ontrro
602 387 681 454 nno
703 389 739 454 s.
763 387 965 454 ouunnrro
989 387 1062 454 on.
1076 389 1188 456 uxxr.
1210 386 1267 473 ss.
1281 384 1457 454 τοο-τοο.

285 583 356 626 eam
376 580 470 624 nemo
491 558 732 635 hominem,(ea
752 554 874 633 victui
894 579 987 623 nemo
1009 556 1178 633 feminam,
1194 577 1232 622 ea
1247 557 1433 632 crudelius,
1450 565 1489 628 ¹ut
1511 576 1622 623 nemo

286 655 416 711 matrem
438 643 597 728 appellare
619 646 728 727 possit.
771 643 875 727 Atque
897 644 991 707 etiam
1013 644 1141 707 uomina
1161 642 1445 718 necessitudinum,
1465 662 1537 708 non
1564 661 1624 704 so·

286 733 352 795 lum
381 737 515 794 naturae
544 748 662 792 nomen
684 734 716 790 et
735 727 805 790 iure
826 729 974 792 mutavit:
1005 748 1086 792 uxor
1107 729 1230 810 generi,
1259 747 1397 792 noverca
1417 723 1489 804 filii,
1524 723 1623 790 filiae

285 817 411 900 pellex:
447 833 485 877 eo
515 813 578 878 iam
607 813 745 896 deniquo
773 813 909 876 adducta
931 819 994 887 est,
1026 820 1063 876 ut
1083 812 1143 876 sibi
1165 820 1289 895 praeter
1309 812 1442 876 sormam
1462 811 1552 876 nihil
1577 812 1623 874 ad

264 898 526 965 ssimilitudinem
546 898 684 962 hominis
706 898 883 961 reservarit
919 893 990 960 200.
1015 897 1135 972 Quare,
1157 897 1295 972 iudices,
1318 897 1344 960 si
1364 895 1467 961 scelus
1483 895 1621 970 odistis,

284 984 451 1070 prohibete
472 981 593 1046 aditum
615 981 723 1045 matris
745 1002 764 1044 a
785 978 841 1044 lilii
856 983 1026 1064 sanguine:
1049 982 1121 1045 date
1142 983 1264 1064 parenti
1285 983 1370 1045 hunc
1388 981 1621 1045 incredibilem

285 1070 428 1132 dolorem
450 1067 629 1140 exsoluto,
652 1086 692 1130 ex
714 1065 846 1130 victoria
867 1066 1016 1130 liberum:
1038 1067 1180 1150 patimini
1195 1073 1339 1141 matrem,
1361 1085 1402 1129 ne
1417 1065 1530 1130 orbata
1546 1062 1621 1128 lilio

285 1154 436 1227 laetetur,
457 1153 571 1214 rictam
593 1151 697 1236 potius
719 1159 822 1214 restra
843 1153 1002 1234 aequitate
1024 1151 1198 1214 discedere.
1242 1151 1297 1213 Sin
1319 1157 1443 1226 autem,
1463 1150 1497 1213 id
1522 1149 1620 1234 quod

285 1245 389 1302 vestra
409 1244 521 1300 namra
542 1235 700 1319 postulat,
721 1235 893 1317 pudorem,
914 1236 1077 1299 veritatem
1097 1236 1310 1320 virtutemque
1332 1235 1388 1298 dili
1412 1235 1480 1310 itis,
1502 1235 1620 1298 levate

248 1324 368 1391 tobuno
395 1320 566 1406 aliquando
595 1319 770 1402 supplicem
793 1327 948 1394 vestrum,
975 1319 1113 1395 iudices,
1140 1328 1189 1384 tot
1210 1341 1311 1384 anuos
1334 1321 1366 1383 in
1432 1340 1467 1385 sa
1486 1320 1620 1383 invidia

284 1407 501 1492 periculisque
523 1411 699 1478 versatum,
728 1405 783 1488 qui
806 1425 889 1467 nunc
910 1405 1046 1488 primum
1067 1413 1141 1488 post
1162 1405 1249 1468 illam
1270 1407 1444 1480 dammam,
1472 1404 1620 1468 aliorum

284 1492 367 1556 facto
391 1498 422 1555 et
443 1489 616 1574 cupiditate
638 1490 823 1563 excitatam,
853 1509 909 1572 spe
930 1499 1054 1554 restrae
1080 1490 1250 1574 aequitatis
1272 1491 1392 1573 erigere
1413 1492 1560 1555 animum
1584 1496 1620 1554 et

283 1577 413 1661 paulum
436 1575 594 1657 respirare
616 1593 635 1636 a
656 1581 745 1636 metu
766 1574 889 1657 coepit,
912 1575 962 1637 cui
985 1577 1088 1660 posita
1109 1583 1184 1638 sunt
1204 1575 1236 1637 in
1251 1575 1340 1638 vobis
1363 1575 1485 1650 omnia,
1509 1593 1618 1658 quem

285 1668 442 1726 servatum
464 1679 533 1722 esso
554 1659 681 1744 plurimi
705 1659 850 1742 cupiunt,
873 1679 998 1724 servare
1021 1659 1080 1722 soli
1101 1679 1158 1723 vos
1180 1660 1322 1743 potestis.
1358 1655 1431 1724 tot.
1453 1660 1534 1723 Orat
1555 1679 1617 1722 vos

249 1745 434 1821 mllabitus,
457 1744 597 1817 iudices,
620 1750 653 1806 et
675 1745 754 1806 lleus
777 1744 936 1820 obsecrat,
958 1765 1000 1808 ne
1022 1763 1056 1807 se
1078 1744 1231 1819 invidiae,
1254 1745 1390 1829 quaein
1412 1744 1542 1808 iudiciis
1558 1763 1617 1807 va-

186 1902 190 1911 ,
284 1832 350 1896 lere
372 1849 437 1893 non
458 1829 566 1903 debet,
589 1849 629 1891 ne
651 1828 760 1902 matri,
783 1829 873 1891 ouius
894 1836 967 1892 vota
989 1838 1021 1892 et
1042 1849 1152 1911 preces
1167 1847 1185 1890 a
1199 1831 1312 1892 vestris
1333 1830 1490 1893 mentibus
1514 1849 1618 1911 repu-

172 1914 187 1981 ·’Ῐ
285 1916 372 1979 diare
387 1913 526 1988 debetis,
548 1933 589 1976 ne
603 1912 795 1996 Oppianico,
818 1913 939 1977 homini
958 1913 1096 1988 nefario,
1118 1912 1328 1977 condemnato
1344 1915 1407 1977 iam
1423 1920 1456 1978 οῖ
1469 1921 1616 1988 mortuo,

284 1996 480 2064 condonetis.
523 1996 636 2060 Lxxl.
660 1997 754 2072 Quod
777 1997 803 2060 si
826 2017 889 2081 qua
911 1989 1069 2060 calamitas
1091 1998 1175 2061 hunc
1198 1999 1230 2061 in
1251 1997 1312 2062 hoo
1326 1999 1443 2062 iudicio
1458 1997 1618 2062 afflixerit

284 2085 499 2158 innocentem,
521 2102 561 2146 ue
583 2082 643 2145 iste
666 2082 777 2156 miser,
799 2083 844 2157 si,
866 2083 897 2145 id
920 2083 1006 2166 quod
1029 2079 1158 2145 difficile
1179 2081 1263 2146 lactu
1279 2089 1343 2158 est,
1365 2084 1398 2146 in
1420 2084 1485 2146 vita
1505 2103 1617 2147 rema·

247 2169 391 2241 sonebit,
413 2187 508 2251 saepe
530 2174 563 2230 et
584 2167 718 2230 multum
740 2174 891 2250 queretur
912 2168 1142 2250 deprehensum
1166 2187 1235 2230 esse
1262 2167 1344 2230 illud
1366 2168 1528 2251 quondam
1552 2169 1617 2230 Fa-

283 2253 457 2316 bricianum
479 2271 647 2315 venenum.
685 2251 779 2326 Quod
801 2252 827 2313 si
850 2259 916 2314 tum
938 2253 1111 2314 indicatum
1132 2272 1196 2315 non
1212 2259 1310 2325 esset,
1333 2271 1399 2316 non
1419 2253 1494 2316 huic
1516 2272 1616 2316 aeru-

285 2337 486 2401 mnosissimo
507 2355 665 2400 venenum
687 2336 766 2398 illud
788 2334 915 2410 fuisset,
938 2336 994 2400 sed
1016 2337 1186 2401 multorum
1208 2336 1472 2401 medicamentum
1485 2356 1615 2401 maero-

284 2442 370 2486 rum:
400 2429 560 2505 postremo
588 2421 682 2484 etiam
710 2420 853 2484 fortassis
881 2428 981 2484 mater
1003 2422 1170 2506 exsequias
1192 2421 1276 2484 illius
1297 2419 1418 2486 funeris
1441 2429 1615 2504 prosecuta

284 2513 417 2569 mortem
440 2527 474 2568 se
496 2502 553 2568 lilii
573 2505 683 2587 lugere
705 2505 894 2568 simulasset.
938 2509 1028 2569 Nunc
1050 2526 1124 2569 vero
1148 2506 1224 2590 quid
1246 2505 1303 2568 erit
1323 2506 1517 2589 profectum,
1548 2505 1614 2570 nisi

248 2587 434 2676 mutibuius
456 2609 497 2652 ex
517 2590 630 2654 mediis
653 2590 762 2653 mortis
784 2589 908 2652 insidiis
929 2592 994 2653 vita
1015 2590 1055 2653 ad
1082 2591 1201 2654 luctum
1223 2598 1422 2667 conservata,
1451 2612 1537 2655 mors
1562 2611 1615 2654 se-

283 2675 393 2760 pulcro
415 2674 514 2758 patris
535 2675 658 2755 privata
680 2693 749 2736 esse
771 2672 917 2736 videatur
983 2671 1054 2738 202.
1077 2675 1159 2738 Satis
1182 2676 1235 2738 diu
1256 2675 1316 2738 fuit
1336 2676 1368 2738 in
1384 2677 1537 2751 miseriis,
1562 2677 1614 2740 iu-

285 2759 388 2834 dicem
409 2759 483 2822 satis
505 2758 622 2822 multos
644 2777 744 2821 annos
767 2753 949 2821 ex‘iuvidra
971 2759 1134 2822 laboravit.
1173 2761 1272 2822 Nemo
1295 2759 1371 2822 huic
1391 2768 1457 2824 tem
1478 2761 1612 2845 iniquus
1642 2767 1665 2800 ⁸·

284 2850 410 2928 praeter
429 2849 594 2926 parentem
615 2842 691 2917 fuit,
721 2842 812 2905 cuius
834 2861 899 2905 nou
922 2843 1061 2906 animum
1083 2844 1145 2906 iam
1169 2845 1329 2927 expletum
1352 2865 1422 2908 esse
1444 2852 1611 2928 putemus:

283 2948 357 3004 vos,
378 2929 435 3012 qui
456 2927 552 3010 aequi
574 2927 650 2990 estis
673 2926 835 3002 omnibus,
858 2928 929 3011 qui,
951 2929 1145 3011 utquisque
1166 2928 1381 2992 crudelissime
1397 2937 1611 3014 oppugnatur,

246 3032 358 3080 soeum
378 3012 539 3076 lenissimo
562 3010 750 3086 sublevatis,
774 3018 957 3076 conservate
972 3014 1007 3075 Δ.
1025 3013 1220 3088 Cluentium,
1242 3015 1400 3077 restituite
1415 3015 1610 3078 incolumem

284 3097 472 3182 municipio,
501 3096 627 3172 amicis,
655 3097 783 3170 vicinis,
809 3095 1004 3180 hospitibus,
1027 3117 1161 3181 quorum
1183 3097 1287 3161 studia
1309 3099 1437 3173 videtis,
1467 3099 1610 3174 reddite,

283 3183 374 3246 vobis
396 3181 430 3245 in
450 3189 637 3265 perpetuum
659 3180 831 3264 liberisque
852 3184 965 3245 vestris
988 3183 1184 3266 obstringite.
1221 3183 1367 3247 Vestrum
1389 3191 1439 3246 est
1457 3183 1537 3259 hoc,
1561 3187 1611 3249 iu-

284 3267 385 3341 dices,
407 3273 529 3330 vestrae
552 3265 730 3349 dignitatis,
752 3275 873 3330 vestrae
896 3266 1095 3340 clementiam
1117 3277 1202 3332 recte
1223 3267 1285 3330 hoc
1303 3270 1488 3350 repetitura
1505 3268 1609 3342 vobis,

166 3360 177 3387 i
284 3362 319 3416 ut
332 3353 434 3416 virum
451 3347 606 3435 optimum
628 3359 725 3434 atque
746 3340 1039 3415 innocentissimum
1055 3352 1264 3435 plurimisque
1281 3352 1466 3416 mortalibus
1481 3353 1610 3418 carissi·

246 3451 370 3502 semum
400 3444 495 3520 atque
532 3435 812 3511 iucundissimum,
844 3436 894 3498 his
923 3435 1094 3520 aliquando
1124 3437 1355 3502 calamitatibus
1384 3437 1538 3512 liberetis,
1574 3445 1610 3501 ut

284 3541 394 3586 omnes
416 3521 595 3603 intelligant
614 3521 649 3583 iu
672 3521 869 3584 contionibus
892 3541 961 3583 esse
983 3521 1121 3584 invidiae
1144 3520 1259 3596 locum,
1281 3523 1314 3584 in
1330 3522 1458 3585 iudiciis
1472 3522 1608 3586 veritati.

348 3727 373 3780 l.
391 3727 427 3792 ot]
444 3729 481 3778 uti
497 3725 554 3775 l'L.
574 3751 602 3760 -
621 3725 646 3775 5.
664 3729 803 3775 resonaret
819 3725 871 3773 st.
888 3751 915 3760 —
935 3724 958 3772 6.
975 3723 1096 3787 prohibito
1113 3725 1166 3774 ST.
1183 3749 1210 3759 -
1227 3726 1328 3788 porcili
1345 3739 1398 3776 om.
1411 3727 1439 3776 T.
1454 3753 1481 3761 ·-
1501 3725 1524 3776 9.
1542 3727 1609 3778 vori-

284 3799 360 3844 totem
377 3794 438 3843 ST:
456 3792 589 3842 bonitatem
604 3789 748 3844 niueo,
762 3816 788 3825 -
809 3791 849 3839 tu.
867 3789 943 3852 sacto]
959 3790 1050 3853 [raudo
1065 3791 1212 3846 Ernestius;
1231 3796 1316 3841 errato
1327 3792 1478 3848 Schittzius;
1495 3793 1609 3854 facinore

284 3858 403 3911 Orellius.
422 3885 450 3894 -
470 3857 509 3909 tt.
529 3857 594 3906 Orat
608 3869 652 3906 nos
667 3857 764 3906 totum
778 3856 830 3905 tud.
849 3855 993 3906 Arusianus
1011 3869 1036 3920 p.
1055 3855 1112 3906 249.
1131 3856 1174 3905 ed.
1193 3855 1312 3907 liudem.
1332 3885 1359 3894 -
1380 3859 1420 3908 to.
1437 3857 1550 3922 Hodites]
1567 3858 1607 3911 Ad

284 3923 443 3974 firmandam
459 3924 529 3975 hunc
545 3923 703 3986 scripturam
720 3921 761 3984 (ci.
780 3935 806 3984 p.
821 3919 887 3982 stt.)
905 3921 972 3972 haec
989 3933 1096 3972 mecum
1115 3923 1319 3972 communicavit
1335 3923 1382 3973 Tb.
1401 3925 1606 3975 Mommseuius:

285 3989 444 4040 «Consulem
461 3988 570 4040 secundi
588 3988 725 4038 semestris
742 3987 802 4037 enni
825 4000 850 4050 p.
870 3987 932 4037 Chr.
951 3987 976 4037 8.
995 3987 1097 4037 dictum
1118 3987 1198 4038 tuisse
1215 3989 1333 4038 Habitum
1348 4001 1397 4053 pro
1412 3990 1485 4041 dotto
1501 4004 1534 4040 ox
1550 3989 1607 4042 sola

284 4054 430 4108 litterarum
442 4056 573 4104 incuriose
584 4055 778 4118 permutatione
790 4051 948 4115 Borghesius
960 4053 1049 4103 statuit
1059 4053 1150 4103 innoti
1160 4054 1214 4103 dett·
1225 4055 1284 4105 Inrt.
1294 4055 1358 4106 XXI.
1366 4054 1418 4113 23..
1431 4055 1477 4106 ubi
1487 4056 1607 4120 Pighium

285 4124 394 4172 secutus
410 4118 526 4182 legatum
543 4119 698 4182 Aquitaniae
719 4121 746 4168 et
767 4117 862 4168 deinde
881 4119 1036 4169 Germaniae
1058 4119 1187 4169 interioris
1204 4119 1254 4170 sub
1272 4121 1377 4170 Nerone
1398 4120 1492 4171 Vibium
1508 4122 1607 4172 Auitum

286 4188 356 4249 (Teo.
369 4185 409 4246 43,
422 4183 463 4236 tl.
482 4183 544 4235 Pliu.
558 4183 598 4244 st,
611 4185 636 4245 7,
649 4183 699 4245 tr.)
718 4184 831 4235 consulis
848 4179 915 4233 illius
933 4183 1014 4234 tilium
1031 4187 1144 4248 reputet.
1163 4188 1195 4234 Αῖ
1206 4185 1308 4248 obstet,
1326 4186 1397 4250 quod
1410 4187 1480 4236 hunc
1491 4186 1606 4252 legatum

220 4291 223 4299 .
285 4251 392 4303 codices
414 4254 441 4301 οῖ
462 4251 570 4301 Tacitini
593 4251 619 4299 et
640 4249 749 4300 Plinieni
773 4261 906 4300 consensu
928 4262 1033 4300 summo
1055 4251 1163 4301 Dubium
1178 4255 1289 4310 vocent,
1317 4265 1370 4302 non
1392 4253 1498 4303 l'ibimn.
1525 4254 1607 4305 Deni-

286 4331 338 4382 que
356 4315 470 4368 cousulis
491 4315 575 4367 Habiti
595 4327 743 4378 cognomen
765 4314 904 4365 confirmat
924 4315 1014 4366 titulus
1031 4317 1221 4366 Muratorieuus
1238 4317 1310 4378 ⁴008,
1329 4318 1353 4367 9.
1372 4319 1486 4382 optimae
1504 4320 1605 4379 nentis,

285 4383 332 4434 ubi
348 4380 455 4446 legitur:
473 4382 502 4433 A.
519 4382 585 4432 Vibio
595 4381 685 4432 Habito
695 4382 723 4431 1..
735 4381 844 4442 Apr....,
863 4382 973 4444 ipseque
986 4381 1148 4445 digestorum
1164 4381 1222 4432 libri
1235 4382 1374 4434 Florentini
1386 4383 1543 4435 emendator
1554 4397 1605 4436 non

285 4449 342 4500 sine
358 4449 461 4498 ratione
477 4448 584 4498 xuvru.
603 4447 642 4506 48,
661 4449 696 4508 5.,
714 4445 760 4497 ubi
776 4447 858 4497 iidem
875 4445 997 4497 consules
1015 4447 1191 4509 nominantur,
1208 4462 1258 4513 pro
1274 4449 1347 4499 Auito
1363 4450 1499 4514 rescripsit
1508 4451 1604 4502 loeo.»

288 4540 316 4552 -
330 4514 369 4564 49.
387 4526 417 4563 ne
433 4513 466 4562 S:
483 4527 532 4563 nos
547 4512 687 4568 AL80.-
706 4513 782 4563 misor
796 4512 857 4562 ST:
874 4513 950 4562 miser
964 4509 1229 4565 iudicesF.tLi0.-·
1248 4515 1339 4565 inom.
1353 4517 1407 4566 st.
1422 4541 1449 4551 -
1468 4518 1508 4566 20.
1522 4529 1606 4580 quorc-

284 4585 355 4630 retor
371 4579 424 4629 ST.
444 4604 470 4614 -
489 4579 995 4642 nn.ma0ronm1ncertiart.gramm.
1015 4579 1108 4643 tregm.
1126 4579 1150 4643 ἓ.
1169 4578 1226 4630 tto.
1245 4581 1382 4644 (amarior,
1409 4576 1492 4648 λύπη.
1512 4584 1604 4634 Cicero

285 4644 420 4710 pluraliter
431 4643 521 4696 extulit
532 4645 557 4695 in
569 4659 617 4710 pro
627 4643 755 4695 Cluentio:
767 4645 809 4694 sod
818 4643 953 4694 mmmmm
962 4645 1168 4696 medicamentum
1178 4648 1357 4710 maerorum»)
1370 4648 1396 4698 in
1404 4649 1486 4700 unco.
1495 4662 1602 4713 praemi.

287 4713 324 4761 cd.
341 4710 451 4774 Εῖοῖῖοηῖ.
469 4716 493 4761 ct
508 4711 580 4761 Endt.
600 4725 626 4775 p.
638 4710 702 4760 tot:
721 4710 834 4760 laborm
850 4707 995 4763 ilatio.
1015 4712 1068 4761 Cic.
1082 4711 1116 4762 de
1129 4713 1200 4762 Finn.
1213 4714 1232 4762 l.
1252 4712 1276 4776 5.
1290 4713 1336 4763 59:
1354 4715 1533 4776 mammem,
1550 4729 1604 4764 mo-

285 4777 383 4836 lestiae,
400 4789 535 4828 moerores.
558 4776 598 4828 ct.
616 4774 727 4840 Spengel
744 4775 860 4826 nomon.
875 4775 927 4825 Get.
938 4778 1000 4826 Ans.
1015 4777 1086 4826 4837.
1104 4791 1130 4841 p.
1144 4777 1201 4828 954.
1216 4804 1243 4813 —
1262 4779 1304 4829 23.
1317 4779 1438 4844 fortassis]
1456 4781 1494 4831 ct.
1509 4781 1533 4846 ἓ.
1547 4779 1601 4831 tlt.

289 4869 316 4879 -
335 4842 376 4893 il.
394 4855 419 4893 sc
435 4856 489 4894 om.
502 4843 555 4894 ST.
573 4868 598 4880 -
615 4842 662 4906 flttt
674 4854 726 4892 om.
740 4843 768 4891 T.
784 4867 811 4877 -
826 4843 937 4904 profecto
950 4842 981 4898 i';
997 4843 1133 4905 perfectum
1144 4841 1171 4897 tl.
1187 4869 1214 4879 -
1233 4845 1274 4894 us.
1287 4843 1510 4898 oonsemototitz
1527 4859 1604 4897 rescr-

285 4913 348 4958 ucto
363 4905 446 4960 tto.
461 4935 487 4945 -
507 4907 800 4961 i8.nocontmomST:
819 4907 1184 4961 animumnonnluto.-
1204 4909 1393 4962 30.A.om.i'.
1409 4935 1436 4946 -
1456 4911 1603 4962 lituorum

287 4973 415 5042 ntpnttotta
426 4987 478 5027 om.
492 4971 549 5028 8.-
563 4971 603 5026 3l.
616 4975 771 5024 carissimum
780 4975 812 5024 L:
831 4987 919 5024 comm
931 4973 1021 5024 ceteri.
1041 4974 1079 5024 Ct.
1091 4973 1166 5026 tlelm
1178 4975 1211 5024 ed
1223 4977 1364 5042 or.1‘omp.
1378 4975 1401 5042 s.
1412 4977 1453 5028 20.
1467 4991 1493 5042 p.
1504 4977 1551 5028 tet
1562 4989 1601 5040 sq.
