3642 5868
483 441 551 506 n..
573 439 627 503 ιιι.
657 437 731 504 cn.
753 435 1012 502 xvu-xvnr
1041 433 1097 520 33.
1119 431 1268 500 44-45.
1474 432 1537 502 eta

208 621 308 680 tutam
330 611 526 695 accepisses,
547 617 585 674 ut
605 617 638 674 et
658 609 779 694 populo
800 610 944 672 Romano
967 606 1044 672 satis
1065 606 1215 672 humenti
1238 629 1279 672 ex
1293 607 1402 672 Sicilia
1419 627 1535 692 suppe-

208 709 362 774 ditaretur
384 713 416 770 et
437 705 612 770 aratoribus
634 712 741 768 tamen
762 723 852 768 arare
881 711 977 786 atque
998 721 1091 783 agros
1114 702 1218 768 colere
1244 701 1427 786 expediret,
1455 700 1533 785 quid

207 799 362 865 effecistil
385 800 462 883 quid
484 807 647 864 assecutus
669 802 728 862 est
762 799 802 862 Ut
822 795 943 881 populo
958 797 1100 860 Romano
1123 799 1231 860 nescio
1247 798 1325 881 quid
1345 805 1375 860 te
1390 802 1534 881 praetore

207 895 246 958 ad
279 895 429 958 decumas
461 893 642 967 accederet,
678 892 869 956 deserendas
900 891 1059 956 arationes
1087 890 1377 974 relinquendasque
1405 891 1534 954 curasti.

207 989 367 1056 Successit
387 988 445 1052 tibi
468 989 503 1050 L.
517 987 676 1051 Metellus.
710 989 759 1048 Tu
781 986 982 1048 innocentior
1003 1001 1099 1067 quam
1121 983 1291 1048 Metellust
1320 992 1355 1048 tu
1377 984 1480 1048 laudis
1502 991 1558 1048 etr

205 1081 337 1147 honoris
365 1081 536 1164 cupidior?
571 1081 628 1144 tibi
658 1082 742 1145 enim
771 1078 954 1142 consulatus
977 1077 1204 1160 quaerebatur,
1234 1078 1362 1144 Metello
1383 1085 1534 1163 paternus

205 1177 309 1242 honos
336 1183 368 1240 et
398 1176 501 1238 avitus
523 1175 751 1257 negligebatur.
794 1172 894 1236 Multo
916 1171 1047 1234 minoris
1069 1170 1213 1234 vendidit
1233 1191 1298 1236 non
1321 1173 1415 1236 modo
1438 1190 1534 1255 quam

205 1279 256 1346 tu,
289 1271 345 1334 sed
374 1270 470 1333 etiam
498 1289 595 1354 quam
617 1268 673 1352 qui
702 1274 775 1332 ante
799 1274 830 1329 te
851 1264 1072 1329 vendidemnt.
1115 1266 1214 1328 XVII.
1237 1265 1383 1340 Quaero,
1415 1265 1442 1328 si
1464 1265 1534 1348 ipse

205 1366 385 1448 excogitare
406 1383 471 1426 non
494 1370 658 1445 potuerat,
681 1362 839 1445 quemad
865 1361 993 1424 modum
1017 1379 1111 1441 quam
1134 1359 1272 1443 plurimo
1296 1361 1463 1433 venderet,
1492 1378 1533 1423 nc

205 1468 259 1523 tua
281 1457 412 1542 quidem
434 1457 575 1520 recentia
596 1457 733 1538 proximi
755 1455 910 1538 praetoris
925 1454 1060 1535 vestigia
1082 1453 1231 1536 persequi
1253 1462 1390 1536 poterat,
1412 1462 1449 1517 ut
1470 1454 1571 1517 tuisto

204 1552 374 1641 praeclaris
402 1551 459 1614 abs
489 1558 521 1613 te
543 1551 686 1634 principe
708 1549 845 1613 inventis
869 1556 900 1612 et
922 1547 1108 1629 excogitatis
1130 1547 1243 1610 edictis
1264 1555 1361 1632 atque
1382 1547 1534 1611 institutis

206 1651 370 1714 utereturi
414 1641 466 1708 ll.
487 1645 545 1708 Ille
567 1665 644 1708 vero
667 1652 734 1707 turn
756 1664 790 1706 se
811 1643 941 1706 minime
955 1641 1118 1706 Metellum
1133 1641 1202 1705 fore
1220 1643 1358 1725 putavit,
1381 1643 1408 1706 si
1424 1649 1455 1705 te
1468 1642 1535 1706 ulla

204 1743 237 1807 in
259 1762 294 1806 re
317 1741 458 1805 imitatus
481 1746 582 1813 esset;
606 1739 661 1822 qui
682 1739 722 1801 ab
744 1739 822 1800 urhe
844 1738 957 1811 Roma,
984 1735 1071 1819 quod
1094 1755 1187 1800 nemo
1210 1756 1362 1820 umquam
1384 1743 1457 1820 post
1477 1735 1534 1800 ho·

204 1838 325 1900 minum
347 1836 531 1898 memoriam
550 1833 641 1908 fecit,
663 1853 735 1896 curn
757 1832 817 1895 sibi
839 1833 872 1894 in
893 1831 1089 1914 provinciam
1111 1830 1376 1912 proficiscendum
1399 1839 1534 1915 putaret,

203 1930 325 1994 litteras
347 1927 387 1992 ad
412 1927 539 1992 Siciliae
562 1927 706 1991 civitates
720 1926 857 2000 miserit,
879 1943 937 2008 per
953 1943 1033 2008 ques
1046 1924 1193 1988 hortatur
1208 1933 1240 1988 et
1255 1933 1362 2008 rogat,
1383 1935 1420 1990 ut
1434 1931 1571 2000 arentes

202 2030 239 2088 ut
260 2030 376 2086 serant.
409 2022 447 2084 In
467 2021 623 2084 beneficio
645 2028 774 2103 praetor
792 2019 855 2082 hoc
877 2019 958 2101 petit
977 2019 1141 2102 aliquanto
1156 2027 1230 2083 ants
1244 2020 1417 2084 adventurn
1431 2039 1534 2092 suum,

203 2124 236 2182 et
257 2116 351 2180 simul
374 2114 515 2180 ostendit
540 2134 574 2177 se
604 2114 674 2196 lege
696 2113 868 2176 Hieronica
895 2113 1113 2187 venditurum,
1141 2113 1291 2189 honest,
1320 2114 1354 2176 in
1376 2114 1463 2177 omni
1484 2132 1535 2176 ra-

203 2213 290 2276 tione
312 2210 515 2273 decumarum
536 2206 616 2270 nihil
638 2207 730 2270 istius
752 2207 857 2270 simile
884 2206 1051 2270 iacturum.
1094 2208 1201 2291 Atque
1220 2209 1301 2272 haec
1322 2228 1388 2271 non
1410 2205 1535 2290 cupidi-

202 2311 267 2368 tate
289 2301 395 2386 aliqua
418 2301 527 2364 scribit
548 2300 712 2376 inductus,
733 2309 770 2364 ut
791 2301 824 2362 in
845 2302 981 2364 alienam
996 2301 1193 2383 provinciam
1207 2301 1311 2367 mittat
1325 2302 1446 2366 litteras
1461 2308 1534 2365 ante

201 2405 343 2480 tempus,
373 2395 429 2458 sed
458 2394 610 2468 consilio,
641 2414 697 2469 ne,
726 2395 753 2457 si
783 2402 909 2479 tempus
937 2395 1068 2459 sationis
1090 2397 1308 2478 praeterisset,
1338 2415 1471 2480 granum
1493 2407 1571 2460 exso

203 2490 366 2575 provincia
381 2487 489 2552 Sicilia
510 2487 635 2550 nullum
657 2487 857 2552 haberemus.
894 2485 945 2550 lo.
969 2488 1158 2571 Cognoscite
1173 2489 1292 2553 Metelli
1307 2490 1439 2554 litteras.
1461 2491 1534 2553 Err-

201 2601 300 2650 srons
321 2582 356 2645 L.
379 2584 537 2646 Marsuas.
582 2582 696 2644 XVIII.
725 2583 794 2645 IIae
817 2581 958 2658 litterae,
987 2583 1127 2656 iudices,
1157 2584 1191 2646 L.
1213 2584 1349 2660 Metelli,
1376 2604 1456 2668 quas
1477 2604 1534 2648 au-

200 2679 308 2753 distis,
329 2677 391 2740 hoc
414 2684 569 2760 quantum
592 2683 640 2738 est
662 2695 703 2739 ex
719 2676 828 2740 SiciIIa
848 2675 999 2740 frumenti
1020 2677 1184 2741 hornotini
1206 2685 1427 2744 exaraverunt.
1460 2677 1534 2740 Gle-

200 2773 272 2835 bam
295 2779 486 2834 commosset
507 2771 540 2834 in
562 2789 639 2854 agro
662 2771 839 2834 decumano
860 2771 986 2834 Siciliae
1008 2791 1119 2846 nemo,
1142 2771 1169 2834 si
1191 2773 1340 2837 Metellus
1361 2772 1443 2836 hanc
1467 2773 1534 2855 epi·

199 2865 315 2930 stolam
336 2885 403 2928 non
424 2865 572 2928 misisset.
611 2864 721 2940 Quid‘l
752 2865 880 2930 Metello
904 2865 1055 2928 divinitus
1084 2865 1147 2928 hoc
1170 2867 1310 2931 venitin
1331 2874 1470 2932 mentem
1492 2876 1571 2932 anat

198 2960 237 3022 ab
272 2958 404 3032 Siculis,
438 2959 494 3042 qui
523 2961 656 3022 Romam
683 2959 933 3043 frequentissimi
955 2969 1185 3035 convenerant,
1216 2963 1533 3046 negotiatoribusque

199 3053 323 3118 Siciliae
346 3054 459 3118 doctus
482 3056 556 3118 cett
601 3053 745 3128 Quorum
775 3055 886 3138 quanti
910 3061 1085 3119 conventus
1108 3055 1148 3118 ad
1171 3057 1355 3132 Marcellos,
1376 3056 1533 3144 antbflis·

198 3148 294 3212 simos
317 3147 443 3211 Siciliae
465 3157 638 3231 patronos,
662 3148 773 3231 quanti
795 3150 835 3211 ad
859 3149 914 3211 Cn.
937 3149 1141 3232 Pompeium,
1172 3158 1239 3214 tum
1262 3151 1427 3215 consulem
1449 3151 1533 3214 desi-

198 3248 348 3325 gnatum,
382 3251 572 3325 ceterosque
600 3242 688 3304 illius
719 3241 903 3324 provinciae
930 3243 1127 3306 necessarios
1149 3239 1218 3306 fieri
1241 3241 1325 3308 soliti
1348 3247 1424 3320 sint,
1459 3245 1531 3329 quis

197 3337 345 3419 ignorati
374 3337 462 3419 quod
490 3336 637 3419 quidem,
659 3335 798 3410 iudices,
831 3335 923 3398 nullo
947 3354 1098 3419 umquam
1121 3336 1160 3400 de
1181 3338 1310 3402 homine
1331 3338 1451 3402 Iactum
1473 3346 1570 3414 est‚t⁰

198 3503 301 3563 TllV:¹
313 3503 339 3550 ln
354 3507 480 3565 posteram
495 3503 563 3566 4399
581 3505 621 3562 et,
640 3506 669 3554 ut
685 3503 802 3562 videtur,
820 3503 883 3561 AB,
902 3504 928 3551 r'n
943 3503 1113 3564 posteritatem
1125 3530 1160 3540 -·
1170 3518 1230 3566 pop.
1248 3505 1278 3555 44.
1291 3518 1344 3555 οιιι.
1364 3503 1412 3554 dtt.
1434 3531 1459 3540 -
1477 3518 1532 3555 rem

196 3579 234 3627 ita
250 3577 280 3634 4.
299 3577 365 3628 NV:
384 3577 421 3626 ito
437 3589 491 3626 rero
507 3577 555 3627 dtt.
569 3578 598 3627 0.
618 3575 664 3639 [ito
679 3579 764 3628 resno
782 3582 875 3628 eontra
893 3575 982 3638 codd,
1002 3589 1064 3628 cum
1081 3577 1151 3628 deslt
1167 3577 1240 3630 locus
1258 3581 1284 3629 in
1297 3580 1373 3645 dett]
1388 3607 1415 3616 -
1435 3581 1458 3632 l.
1471 3581 1532 3630 sotis

197 3665 250 3703 om.
268 3650 347 3715 Lgta.
369 3679 395 3688 -
415 3651 439 3702 9.
456 3653 548 3714 popello
568 3653 596 3702 It.
616 3652 759 3704 Vlietl:
779 3665 832 3703 orn.
852 3652 901 3702 dtt.
922 3679 949 3688 -
967 3655 1048 3702 nescio
1065 3654 1127 3716 quid
1142 3659 1165 3704 te
1180 3668 1220 3716 pr.
1239 3654 1353 3718 4349444
1372 3658 1453 3706 aucto
1471 3658 1532 3719 quid

197 3731 220 3778 te
235 3727 299 3786 ΑΒ,
317 3726 399 3790 agro:
415 3740 458 3789 pr.
476 3732 499 3777 ts
514 3727 595 3777 macie
612 3728 673 3790 qaid
688 3726 736 3778 dtl.
755 3729 785 3779 0.
809 3726 875 3792 [Quo
893 3726 974 3778 modo
991 3728 1146 3792 depravatio
1163 3732 1220 3780 orta
1237 3731 1284 3792 sil,
1303 3731 1383 3782 docet
1398 3733 1531 3798 scriptura

196 3803 223 3852 in
240 3802 277 3850 V:
298 3813 328 3850 rr
345 3813 378 3850 r.
396 3815 420 3852 ιι.
433 3814 524 3853 assero
540 3815 599 3863 prro
617 3815 649 3852 rr
667 3802 728 3867 aa]
742 3829 769 3838 -
788 3803 812 3852 7.
830 3803 907 3852 honos
923 3803 1098 3865 ngtlABV:
1118 3804 1195 3856 loom
1205 3805 1287 3870 Lgll;
1305 3807 1385 3858 honor
1397 3807 1445 3859 ott
1458 3809 1488 3860 0.
1500 3834 1528 3844 -

196 3876 287 3938 cadus]
303 3874 401 3926 habitas
418 3877 496 3940 Lagg.
515 3880 622 3941 praeter
633 3876 673 3929 49.
689 3903 715 3912 -
735 3878 759 3928 8.
779 3882 802 3926 le
818 3889 871 3928 om.
885 3878 946 3928 Vet
957 3879 1035 3941 Lgrs.
1054 3878 1107 3929 Sed
1118 3882 1291 3946 opposItionis
1308 3884 1389 3944 ratio,
1408 3886 1533 3946 quaeest

195 3953 221 4002 ln
240 3956 282 4012 tu,
300 3964 450 4016 pronomen
462 3956 573 4016 propter
583 3951 790 4016 praecedentem
802 3951 933 4015 syllabam
945 3967 960 4002 a
973 3953 1085 4005 llbrariis
1097 3957 1226 4008 omissum
1238 3957 1265 4006 h.
1277 3954 1295 4007 l.
1308 3957 1488 4010 commendet.
1502 3983 1529 3994 -

195 4028 219 4079 9.
234 4023 352 4089 potuerat
369 4027 391 4076 V
399 4025 485 4090 Lgta:
500 4031 602 4091 poterat
618 4025 674 4078 rell.
693 4027 722 4078 0.
743 4028 923 4091 [destituimus
939 4027 1084 4082 lectionem
1101 4043 1171 4082 nuuc
1189 4045 1222 4083 ex
1239 4033 1260 4082 V
1277 4032 1482 4098 confirmatam]
1501 4058 1529 4068 -

198 4127 222 4140 -
245 4101 285 4152 40.
300 4103 423 4163 presumi
440 4103 470 4152 V.
495 4127 522 4138 -
543 4103 582 4152 44.
602 4115 619 4150 α
636 4106 658 4150 te
674 4102 753 4166 4399.
776 4129 803 4140 -
831 4105 871 4156 IS.
890 4105 991 4154 minime
1007 4107 1066 4156 Met.
1088 4107 1110 4156 V
1130 4110 1156 4156 et
1178 4105 1207 4157 l:
1236 4108 1295 4158 Met.
1313 4108 1415 4158 minime
1432 4108 1479 4158 dtt.
1499 4107 1530 4158 0.

198 4203 225 4213 —
243 4178 297 4239 [cre
314 4190 368 4227 om.
395 4175 482 4240 Lgta:
510 4178 585 4228 uncis
610 4176 714 4228 inclusil
731 4178 835 4242 Zumpt.
861 4179 911 4241 (est
932 4179 958 4230 in
976 4180 1016 4241 V.)
1036 4207 1063 4216 -
1084 4183 1184 4244 putavit
1201 4182 1234 4230 V:
1256 4182 1353 4246 pallebit
1374 4182 1457 4246 egla
1478 4196 1532 4246 pu·

194 4257 268 4303 lasset
288 4251 345 4302 rell.
366 4253 395 4303 0.
416 4279 444 4289 -
465 4252 504 4302 43.
523 4253 603 4304 Roma
619 4258 775 4317 suspectum
794 4255 872 4304 llario
889 4256 920 4304 Il.
939 4267 966 4319 p.
981 4254 1036 4307 444.
1050 4283 1078 4294 -
1098 4257 1138 4306 45.
1157 4259 1192 4307 ad
1207 4258 1319 4309 civitates
1335 4259 1437 4310 Stellioc
1452 4259 1483 4308 V.
1501 4285 1530 4295 -

193 4330 288 4380 munit
304 4329 373 4392 4349
386 4327 417 4379 li
428 4328 448 4378 B
459 4329 480 4378 N
490 4327 524 4376 V:
542 4329 610 4378 misit
625 4327 682 4378 rell.
702 4330 731 4378 0.
753 4353 779 4364 -
801 4329 841 4378 46.
859 4336 952 4380 serant.
972 4331 998 4380 in
1015 4330 1129 4396 bmeflclo
1143 4340 1249 4394 praetor
1263 4333 1309 4382 hoc
1325 4334 1362 4383 V:
1388 4339 1474 4384 seram
1491 4333 1529 4385 be-

193 4405 279 4468 neflcio
298 4405 385 4468 populi
409 4405 437 4453 ll.
452 4408 558 4466 propter
572 4403 618 4453 hoc
635 4405 669 4462 M:
692 4408 778 4453 serunt
794 4405 820 4454 in
840 4405 917 4467 benef.
932 4419 992 4468 pop.
1011 4407 1040 4456 It.
1059 4413 1082 4456 et
1098 4408 1143 4457 hoc
1160 4407 1243 4471 egle:
1270 4413 1355 4458 seram
1372 4411 1398 4458 to
1415 4407 1530 4471 beneflcio

189 4479 278 4542 populi
296 4481 324 4530 lt.
342 4480 394 4528 Hoc
410 4477 467 4528 rell.
486 4479 513 4529 et
530 4479 565 4538 03
584 4483 678 4529 serant.
697 4479 726 4528 Io
743 4478 857 4544 beneflcio
879 4481 965 4543 populi
982 4483 1010 4532 44.
1029 4482 1074 4531 ho'c
1090 4483 1119 4532 L.
1149 4484 1187 4534 Ct.
1206 4483 1247 4548 55.
1267 4481 1323 4534 444.
1343 4485 1400 4532 445.
1420 4483 1476 4532 489.
1495 4481 1529 4533 de

194 4554 325 4606 loeutIone
343 4555 369 4602 ln
386 4553 501 4617 beneflcio
517 4565 539 4604 s.
559 4554 586 4602 ln
602 4555 712 4618 bmellcit
727 4555 781 4604 loco
795 4561 893 4618 petere,
918 4556 1053 4617 impetrare
1070 4558 1175 4619 aliquid.
1196 4585 1223 4593 -
1239 4559 1310 4621 petil]
1327 4559 1385 4623 (ecit
1401 4558 1479 4621 Lgta.
1500 4583 1528 4595 ·-

193 4643 266 4680 suum
288 4629 422 4678 Maculam
443 4629 474 4678 ll.
495 4655 522 4664 -
547 4629 586 4680 l8.
605 4630 676 4678 s'sts'as
692 4630 727 4678 V:
750 4629 902 4680 latislao.
924 4657 951 4665 -
978 4631 1018 4681 49.
1037 4633 1152 4682 inductas
1168 4633 1385 4696 Lgltllilll'l':
1408 4635 1530 4684 adductus

194 4708 239 4756 ctt.
258 4705 288 4754 0.
304 4730 331 4740 -
350 4705 445 4754 litteras
460 4703 544 4752 mluot
560 4705 590 4754 V.
613 4731 642 4740 -
668 4707 710 4756 20.
726 4707 918 4768 praeterissetv
937 4709 964 4757 et
981 4706 1114 4772 plerlque:
1133 4710 1300 4772 praeteriisset
1318 4709 1347 4758 0.
1368 4733 1396 4744 ·-
1415 4722 1448 4758 cr
1459 4705 1528 4770 4342

194 4794 230 4842 cp:
256 4780 286 4829 de
301 4777 337 4837 V;
363 4779 391 4828 la
414 4777 471 4828 rell.
491 4780 519 4829 0.
547 4805 574 4815 —
602 4781 644 4830 94.
666 4781 817 4832 EPISTULA
837 4783 866 4832 L.
883 4783 1029 4833 METELLI
1043 4785 1079 4833 V:
1106 4785 1204 4836 litterae
1224 4786 1252 4835 L.
1270 4785 1362 4835 Metelli
1378 4784 1447 4847 4349
1465 4797 1527 4834 cum

193 4855 280 4920 spatio
296 4865 383 4904 vacuo
400 4855 461 4904 eote
476 4854 574 4904 Litterae
590 4853 638 4918 [sie
649 4853 721 4906 clarc
732 4856 914 4920 Mlebuhrius];
933 4861 1013 4910 recito
1023 4861 1153 4923 epletolom
1166 4863 1191 4912 L.
1204 4861 1296 4913 Metelli
1313 4860 1391 4912 codd.
1404 4859 1460 4911 rell.
1474 4862 1528 4912 noti

194 4931 302 4995 praeter
317 4928 361 4984 27,
384 4929 429 4992 qul
447 4928 521 4979 addtt
542 4931 696 4982 LITTERAE
713 4933 740 4982 L.
759 4933 914 4993 METELLI,
941 4936 970 4983 ut
991 4933 1065 4987 locus
1081 4935 1203 5000 vulgatus
1220 4940 1262 4988 est
1277 4935 1339 4988 inde
1357 4951 1372 4986 a
1389 4935 1482 4987 Lamb.
1501 4939 1529 4986 et

194 5003 228 5056 ab
246 5003 275 5054 0.
298 5031 323 5040 -
343 5004 384 5056 il.
403 5005 536 5067 epistulam
552 5006 583 5068 V,
601 5010 631 5056 ut
647 5021 699 5058 roa
716 5007 796 5058 etiam
813 5021 895 5072 supra
912 5011 1009 5074 scripta
1028 5014 1077 5063 est.
1098 5040 1125 5050 -
1152 5014 1193 5064 26.
1212 5027 1230 5062 c
1246 5012 1338 5066 Siculis.
1352 5011 1383 5062 V.
1403 5037 1428 5046 -
1449 5025 1466 5059 o
1482 5023 1528 5060 ne-

193 5078 357 5142 gotiatoribus
373 5079 404 5128 V.
429 5079 467 5131 CT.
486 5081 517 5132 44.
535 5081 560 5147 fl.
579 5083 636 5133 468.
657 5109 684 5119 -
703 5085 744 5135 98.
763 5089 816 5134 tam
832 5086 928 5136 Metus:
952 5092 1023 5136 tuam
1039 5088 1075 5148 V:
1093 5101 1147 5141 om.
1166 5091 1211 5140 cll.
1224 5089 1254 5140 0.
1275 5113 1302 5124 -
1325 5086 1367 5136 99.
1384 5091 1442 5134 sant
1457 5087 1526 5148 4394

194 5152 236 5204 lh.
251 5179 278 5190 -
298 5153 338 5204 39.
356 5155 450 5206 turrecr
460 5156 557 5208 Maius:
576 5157 628 5208 tad.
643 5157 696 5223 [sle]
709 5159 731 5208 V
749 5157 821 5224 [ilem
833 5159 916 5226 4344,
935 5162 1008 5226 quod
1019 5163 1156 5230 ZumptIus
1168 5165 1278 5228 omisit];
1297 5160 1416 5212 iudicium
1428 5157 1484 5212 rell.
1494 5161 1524 5214 0.

1641 3102 1663 3178 t
