3638 5868
447 501 518 566 Lrn.
539 501 594 564 111.
625 499 698 566 Gar.
720 499 930 565 XLIX—LI.
960 499 1017 584 55.
1039 496 1230 566 tto-tad.
1438 497 1502 568 277

179 693 255 738 vero
269 672 349 737 istae
363 670 423 736 sibi
438 671 731 756 quinquagesimae,
748 668 827 754 quid
842 689 936 754 porro
947 689 1146 734 nummorum
1160 671 1359 734 accessiones
1373 671 1505 762 volunt?

180 787 245 852 quo
268 765 302 829 id
323 765 393 828 iure
414 774 508 849 atque
537 765 616 830 adeo
645 785 707 849 quo
730 764 762 827 id
784 765 891 848 potius
920 784 1007 828 more
1028 763 1153 828 fecisti?
1175 797 1217 812 -
1238 767 1389 830 Nummos
1411 767 1506 832 dabat

179 869 349 925 areton-
365 860 437 936 Quo
458 860 576 924 model
598 867 653 922 aut
672 861 780 923 undet
802 858 857 942 qui
880 858 908 922 si
931 858 1124 942 largissimus
1147 879 1217 922 esse
1231 859 1341 936 vellet,
1364 861 1505 924 cumula·

179 957 262 1020 tiore
283 975 431 1019 mensura
451 961 601 1029 uteretur,
623 960 658 1017 ut
678 962 770 1017 antea
791 951 936 1016 solebant
955 952 1059 1016 facere
1080 952 1115 1016 in
1137 952 1288 1028 decumis,
1314 974 1386 1018 cum
1401 974 1504 1039 aequm

178 1050 247 1134 lege
263 1056 296 1113 et
309 1048 495 1114 condicione
510 1048 669 1111 venibant.
684 1047 770 1110 -Is
785 1064 948 1109 nummum
964 1045 1123 1110 debat-
1138 1047 1247 1110 Undet
1269 1045 1310 1111 de
1323 1047 1527 1113 bumentott

179 1144 271 1229 quasi
293 1142 459 1206 habuisset
479 1150 510 1207 te
531 1150 678 1226 praetore
700 1141 787 1225 quod
808 1141 970 1203 venderet.
1017 1141 1063 1204 De
1085 1140 1157 1205 vivo
1179 1141 1276 1223 igitur
1296 1142 1416 1226 aliquid
1439 1152 1506 1208 erat

178 1237 395 1312 resecandum,
417 1244 453 1301 ut
474 1243 568 1311 esset,
589 1235 675 1298 unde
688 1235 827 1319 Apronio
849 1235 889 1296 ad
911 1233 983 1297 illos
1003 1233 1123 1298 boetus
1138 1236 1315 1299 arationum
1328 1235 1389 1300 boo
1403 1237 1505 1300 corol-

178 1332 292 1396 larium
326 1351 523 1396 nummorum
546 1329 724 1393 adderetur.
776 1329 842 1391 Iam
864 1327 897 1389 id
925 1346 1020 1410 porro
1050 1335 1151 1392 utrum
1180 1328 1316 1392 libentes
1344 1351 1384 1392 an
1411 1330 1505 1394 inviti

179 1427 315 1490 dabant?
358 1427 531 1490 Libentes‘l
553 1423 716 1498 amabant,
739 1423 853 1497 credo,
874 1421 1059 1504 Apronium.
1102 1423 1218 1486 lnvitil
1248 1442 1310 1506 qua
1333 1445 1366 1487 re
1389 1426 1449 1490 nisi
1471 1426 1503 1488 vi

179 1529 211 1584 et
231 1521 314 1585 malo
336 1521 551 1602 cogebantur‘l
586 1519 651 1581 lam
674 1518 732 1580 iste
753 1516 848 1582 bomo
870 1515 1105 1581 amentissimus
1120 1517 1153 1580 in
1169 1516 1348 1581 vendundis
1363 1518 1541 1583 decumisto

178 1636 377 1679 nummorum
392 1615 527 1678 faciebat
542 1614 738 1676 accessiones
752 1612 792 1674 ad
807 1611 948 1693 singulas
965 1609 1130 1676 decumas:
1146 1632 1251 1696 neque
1267 1612 1414 1689 multum:
1430 1615 1505 1678 bina

177 1715 233 1772 aut
258 1717 347 1772 terna
374 1710 462 1772 milia
489 1727 652 1770 nummum
682 1706 827 1771 addebat.
878 1706 974 1768 Fiunt
1002 1725 1060 1789 per
1089 1707 1259 1771 triennium
1282 1707 1342 1770 HS
1365 1725 1395 1772 ro
1418 1709 1506 1773 milia

176 1799 321 1866 fortasse.
363 1802 431 1866 lloc
453 1820 559 1884 neque
581 1800 728 1883 exemplo
750 1800 937 1883 cuiusquam
966 1821 1072 1884 neque
1102 1803 1169 1864 iure
1191 1801 1257 1864 ullo
1279 1800 1371 1878 lecit,
1397 1823 1504 1888 neque

177 1915 246 1958 eam
268 1898 436 1979 pecuniam
459 1895 594 1969 rettulit,
616 1915 722 1978 neque
743 1894 805 1957 boc
827 1915 957 1977 parvum
981 1896 1101 1958 crimen
1123 1915 1217 1982 quem
1242 1895 1281 1959 ad
1303 1897 1433 1959 modum
1449 1895 1504 1960 de-

176 1987 325 2052 tensurus
348 1990 405 2064 sit,
426 1989 524 2052 homo
546 1989 716 2073 quisquam
738 2008 888 2070 umquam
912 1989 1114 2073 excogitabit.
1512 2005 1541 2052 ts

263 2077 334 2146 ll9.
358 2083 454 2158 Quod
477 2105 548 2148 cun:
570 2085 613 2146 ita
634 2083 684 2156 sit,
706 2080 804 2146 audes
826 2082 931 2147 dicere
953 2091 984 2146 te
1007 2103 1121 2166 magno
1144 2085 1291 2149 decumas
1312 2084 1503 2160 vendidisse,

178 2200 250 2244 cum
272 2179 314 2244 sit
334 2180 533 2262 perspicuum
558 2186 590 2240 te
611 2179 695 2240 bona
724 2176 930 2261 fortunasque
952 2186 1112 2243 aratorum
1133 2200 1198 2242 non
1229 2179 1338 2264 populi
1359 2178 1504 2253 Romani,

177 2275 234 2338 sed
257 2274 303 2337 tui
327 2281 476 2358 quaestus
498 2292 592 2337 causa
613 2271 817 2337 vendidisset
861 2272 910 2347 Ut,
925 2273 953 2335 si
976 2273 1031 2356 qui
1052 2273 1165 2337 vilicus
1188 2294 1228 2337 ex
1250 2294 1289 2338 eo
1311 2273 1427 2349 farndo,
1449 2273 1504 2357 qui

176 2369 237 2432 Hs
258 2367 342 2432 dena
362 2369 555 2440 meritasset,
582 2365 698 2428 excisis
720 2365 884 2428 arboribus
906 2386 943 2429 ac
963 2367 1116 2441 venditis,
1145 2369 1281 2452 demptis
1303 2368 1433 2451 tegulis,
1456 2369 1504 2430 in·

176 2470 351 2526 strumento
374 2481 489 2546 pecore
509 2460 697 2534 abalienato,
719 2458 849 2522 domino
872 2481 916 2522 xx
945 2461 1030 2525 milia
1059 2481 1221 2526 nummum
1249 2482 1307 2546 pro
1329 2483 1351 2526 x
1373 2461 1541 2537 miseritos

176 2558 236 2622 sibi
257 2557 319 2620 alia
339 2563 502 2640 praeterea
523 2563 647 2618 centurn
670 2553 850 2627 contecerit,
872 2555 974 2637 primo
989 2555 1147 2630 dominus,
1169 2557 1297 2640 ignarus
1311 2556 1504 2620 incommodi

175 2653 242 2725 sui,
264 2651 398 2733 gaudeat
418 2650 577 2733 vilicoque
600 2647 790 2721 delectetur,
814 2649 897 2732 quod
916 2657 1001 2713 tanto
1016 2650 1088 2733 plus
1104 2651 1165 2714 sibi
1180 2651 1333 2714 mercedis
1348 2669 1388 2712 en
1402 2650 1503 2714 fundo

174 2745 326 2808 retectum
347 2743 403 2820 sit:
417 2729 557 2819 (deiude,
580 2762 652 2806 cum
675 2743 811 2806 audierit
831 2762 884 2806 eas
906 2763 973 2818 res,
996 2745 1111 2828 quibus
1132 2745 1223 2809 tundi
1243 2745 1363 2810 fruetus
1384 2751 1416 2808 et
1437 2744 1504 2808 cul·

174 2846 242 2902 tura
263 2839 459 2928 continetur,
481 2845 603 2901 amotas
626 2845 659 2900 et
678 2831 847 2928 venditas)
864 2858 986 2903 summo
1008 2840 1167 2924 supplicio
1189 2840 1318 2904 vilicum
1340 2840 1457 2904 afficiat
1471 2846 1504 2904 et
1616 2819 1641 2887 .‘

173 2951 282 2994 secum
303 2921 385 2995 male
407 2940 513 2995 actum
533 2939 637 3014 putet:
660 2931 736 2995 item
757 2931 893 3015 populus
909 2933 1078 3008 Romanus,
1100 2955 1170 2999 oum
1191 2936 1279 2998 audit
1292 2937 1392 3019 pluris
1407 2936 1540 3005 decu-tt

172 3044 240 3088 mas
271 3025 456 3090 vendidisse
485 3025 518 3089 C.
541 3027 686 3102 Verrem,
716 3045 811 3109 quarn
840 3025 1131 3092 innocentissimum
1158 3030 1336 3107 bominem,
1365 3033 1417 3094 cui
1443 3032 1502 3094 isto

174 3119 340 3194 successit,
371 3119 406 3182 C.
428 3119 647 3195 Sacerdotem,
676 3127 766 3204 putat
792 3139 826 3182 se
854 3119 974 3184 bonum
1001 3123 1034 3184 in
1064 3125 1255 3187 arationibus
1284 3125 1502 3208 fructibusque

172 3214 238 3278 suis
259 3213 409 3278 babuisse
431 3214 596 3277 custodem
617 3233 655 3277 ac
675 3214 821 3288 vilicum:
843 3233 914 3276 cum
934 3217 1069 3279 senserit
1088 3218 1183 3280 istum
1206 3239 1300 3282 omne
1313 3220 1503 3283 instrumen-

172 3317 236 3374 tum
271 3317 445 3381 aratorum,
484 3307 589 3369 omnia
622 3307 763 3370 subsidia
794 3307 995 3389 vectigalium
1027 3311 1223 3386 vendidisse,
1255 3332 1381 3376 omnem
1413 3330 1501 3394 spem

171 3403 366 3486 posteritatis
389 3402 518 3464 avaritia
540 3421 596 3464 sua
618 3401 797 3476 sustulisse,
824 3403 982 3465 arationes
1005 3409 1036 3465 et
1057 3422 1149 3486 agros
1171 3404 1341 3487 vectigales
1361 3410 1540 3472 vastassero

172 3505 270 3580 atque
292 3494 484 3568 exinanisse,
506 3497 608 3578 ipsum
630 3497 785 3584 marqimos
808 3504 958 3580 quaestus
980 3498 1180 3582 praedasque
1202 3498 1325 3572 iecisse,
1348 3498 1504 3581 intelliget

172 3611 281 3658 secum
303 3609 374 3652 esse
396 3595 501 3652 aetum
522 3590 671 3672 pessime,
693 3591 788 3653 istum
810 3599 916 3654 autem
939 3611 1061 3655 summo
1077 3593 1232 3676 supplicio
1248 3591 1380 3674 dignum
1395 3593 1503 3656 existi·

172 3687 279 3750 mabit.
323 3685 373 3746 Ll.
397 3678 468 3746 l20.
491 3684 581 3747 Unde
603 3704 679 3767 ergo
700 3685 760 3748 boe
783 3684 915 3767 intelligi
938 3688 1067 3768 potest?
1088 3687 1138 3749 Ex
1158 3686 1220 3750 hoc
1241 3686 1393 3763 maxime,
1416 3686 1501 3772 quod

172 3803 248 3866 ager
268 3781 463 3843 decumanus
485 3779 667 3862 provinciae
684 3778 809 3842 Siciliae
832 3787 961 3862 propter
982 3781 1074 3844 istius
1097 3781 1257 3845 avaritiam
1280 3782 1424 3845 desertus
1443 3788 1501 3844 est.

171 3879 282 3960 Neque
303 3875 336 3938 id
358 3872 462 3937 solum
485 3873 615 3948 accidit,
641 3873 689 3936 uti
711 3874 813 3938 minus
837 3873 943 3937 multis
965 3875 1046 3958 iugis
1072 3883 1213 3952 ararem,
1236 3875 1264 3938 si
1286 3874 1342 3959 qui
1363 3875 1397 3938 in
1418 3875 1538 3957 agriter

235 4166 260 4215 t.
274 4163 360 4227 polteo
375 4163 531 4227 suspectum
552 4162 613 4212 Ern.
634 4163 662 4212 et
678 4161 806 4227 Zumptio.
828 4188 855 4198 -
873 4173 943 4212 mors
959 4161 1019 4212 cod.
1037 4161 1146 4213 irene:
1171 4175 1215 4212 ore
1231 4165 1276 4214 ott.
1296 4187 1325 4199 -
1342 4162 1367 4213 b.
1384 4161 1502 4214 corban:

169 4245 203 4294 L:
226 4240 338 4292 vectes:
360 4237 443 4302 Lali:
465 4237 594 4288 vmtebout
615 4238 630 4287 7
655 4235 757 4301 reliqui.
782 4265 809 4275 -
829 4237 852 4286 6.
871 4237 901 4287 de
916 4239 973 4286 vico
995 4236 1162 4300 uastata
1186 4238 1216 4288 dc
1231 4251 1282 4287 uno
1297 4237 1338 4288 29.
1359 4265 1386 4276 -
1405 4238 1501 4301 aliquid

169 4321 225 4368 erat
234 4315 317 4378 ugia:
331 4319 386 4364 crat
397 4315 431 4364 ot.
444 4312 500 4364 rell.
514 4314 543 4363 0.
552 4340 580 4350 -
590 4314 629 4364 tt.
641 4315 810 4380 summersam]
823 4313 871 4363 HS.
885 4313 916 4362 N.
929 4339 955 4350 -
965 4314 1004 4364 u.
1017 4313 1089 4362 muto
1099 4325 1228 4363 nummum
1241 4312 1308 4377 Lgit
1320 4328 1357 4375 φε
1370 4327 1500 4365 nummum

172 4404 226 4442 om.
245 4387 302 4442 rell.
321 4416 349 4426 -
368 4402 393 4440 rs
408 4391 481 4456 mitto
496 4389 556 4452 sort.
580 4390 661 4454 Lgtt:
686 4391 744 4454 sort.
766 4399 791 4438 ro
807 4387 879 4437 mitto
895 4385 951 4437 rell.
970 4388 998 4438 0.
1019 4413 1048 4424 —
1067 4387 1107 4438 te.
1130 4388 1185 4437 ture
1204 4387 1255 4437 uto
1271 4387 1352 4451 Lgtt:
1378 4389 1429 4438 utto
1445 4389 1500 4441 ture

169 4465 225 4517 rell.
244 4466 273 4516 0.
289 4491 316 4502 -
331 4464 371 4514 ts.
389 4477 519 4525 nmmum
536 4465 612 4527 Lglt.
628 4491 655 4501 -
668 4462 819 4528 excogitabit
836 4463 903 4512 coni.
922 4463 998 4513 Ern:
1017 4464 1168 4528 ewopttaca't
1184 4463 1263 4514 codd.
1279 4488 1306 4498 -
1321 4463 1361 4513 te.
1380 4467 1403 4514 tc
1419 4463 1501 4514 dicere

169 4540 312 4606 afflatu.
327 4564 355 4574 -
368 4539 408 4588 ⁴7.
427 4539 459 4588 stt
475 4549 528 4588 om.
549 4539 625 4602 lgitl.
641 4565 667 4575 -
682 4539 721 4590 tv.
740 4540 762 4588 st
779 4539 822 4600 qui
838 4539 869 4598 N,
890 4535 962 4588 rell:
981 4540 1002 4589 st
1019 4539 1074 4602 quis
1090 4540 1119 4590 0.
1135 4567 1162 4577 -
1176 4538 1228 4604 qut]
1245 4539 1286 4588 cut
1302 4541 1332 4590 N.
1348 4567 1375 4577 -
1395 4540 1435 4589 ⁴9.
1448 4540 1498 4605 HS]

168 4617 284 4668 euterun
300 4610 377 4676 Lglt.
392 4640 420 4650 -
438 4615 576 4665 mentones
587 4617 618 4676 N,
637 4614 709 4666 rell:
728 4617 769 4665 cul
779 4641 793 4652 -
803 4611 972 4664 marcesceret
982 4615 1064 4677 Naug.
1080 4639 1107 4649 -
1120 4613 1160 4662 20.
1172 4612 1216 4678 ιι]
1227 4615 1285 4664 reti
1296 4615 1375 4678 Lsgg.
1389 4613 1453 4664 dett.
1469 4640 1496 4652 -

168 4693 209 4744 u.
227 4690 274 4741 sibl
290 4685 377 4750 ulmus
395 4688 471 4753 Lata.
493 4715 520 4726 -
539 4691 579 4740 tt.
595 4691 653 4754 plus
667 4692 714 4740 sibe·
730 4690 814 4754 Lgltt
832 4691 878 4740 :ibt
891 4691 949 4753 plur
965 4687 1022 4740 rell.
1041 4691 1069 4740 0.
1090 4715 1118 4726 ·-
1136 4689 1177 4740 23.
1195 4694 1321 4752 receptum
1335 4693 1367 4741 stt
1377 4689 1455 4754 agla.
1468 4715 1496 4728 -

168 4767 210 4818 il.
228 4765 367 4816 continetur
383 4765 462 4814 codd.
481 4765 549 4814 noti:
573 4767 728 4816 cocttnentur
744 4768 773 4818 0.
793 4791 819 4803 -
833 4768 874 4816 ab.
892 4765 958 4829 item]
976 4767 1014 4814 ito
1030 4765 1089 4815 uod.
1108 4766 1165 4817 Usa.
1184 4765 1275 4815 Frano.
1290 4791 1317 4802 -
1330 4765 1371 4814 tt.
1391 4765 1417 4815 0.
1435 4765 1497 4814 anto

172 4843 272 4892 Vmesn
289 4841 316 4889 et
332 4843 394 4889 ante
411 4839 513 4889 Socord.
532 4853 585 4890 om.
600 4841 676 4904 tgtr.
692 4869 719 4879 -
733 4841 773 4892 tt.
787 4840 931 4892 aratorius
942 4839 1019 4903 sgta.
1036 4865 1062 4876 -·
1076 4839 1117 4890 28.
1130 4853 1201 4890 mnne
1211 4841 1363 4902 framentum
1374 4837 1451 4902 egla.
1468 4863 1495 4874 -

169 4917 209 4968 29.
227 4915 363 4967 omdldisse
379 4915 502 4964 uutodem
518 4927 615 4964 monem
631 4915 709 4979 [ΒΗ.
730 4941 756 4953 -
776 4917 817 4968 30.
836 4917 961 4966 orationis
977 4915 1053 4979 egra.
1079 4915 1141 4979 [non
1158 4914 1209 4980 ta]
1229 4943 1256 4952 -
1274 4927 1351 4980 agro:
1364 4913 1497 4964 owttvosse

169 4995 244 5053 atque
260 4987 337 5054 tgtt.
353 5017 380 5027 -
394 4989 435 5040 at.
453 4991 575 5054 intelligat
592 4991 670 5054 th9.
686 5019 713 5030 -
727 4991 767 5043 32.
785 5005 836 5042 erse
852 4996 936 5041 cctam
949 4991 1054 5053 pessime
1070 4991 1138 5053 Lgtr
1157 4991 1213 5052 [sed
1230 4993 1354 5055 corrupte
1369 4986 1494 5051 postumi:

169 5072 254 5116 cetron
270 5077 397 5128 resapere
416 5064 473 5116 rell.
492 5067 521 5116 0.
537 5093 564 5103 -
578 5067 618 5118 35.
637 5069 727 5117 oceidit
743 5065 767 5125 l.
787 5069 823 5118 N:
841 5071 925 5116 actum
942 5071 976 5115 est
992 5065 1057 5116 dett.
1079 5091 1106 5101 —
1124 5065 1162 5114 uti
1179 5065 1246 5129 Lgti
1258 5066 1293 5115 N:
1311 5065 1348 5112 ott
1363 5063 1410 5112 bar
1427 5061 1494 5124 tete

168 5142 237 5200 AB:
254 5140 292 5192 ott
302 5140 328 5190 bt
345 5139 409 5191 dett.
430 5140 628 5206 [scribendumt
645 5147 674 5192 ot
684 5143 703 5192 tt
713 5167 751 5180 ·-
761 5142 783 5192 c·
794 5141 850 5204 qut:
869 5139 902 5192 ct.
915 5141 1001 5193 bladv.
1014 5141 1049 5191 ad
1060 5139 1115 5192 Cic.
1129 5141 1163 5191 de
1175 5141 1230 5192 Fin.
1243 5153 1270 5206 p.
1282 5138 1330 5190 399
1347 5149 1388 5202 sq.
1401 5135 1493 5202 llus]

170 5239 199 5254 -
218 5220 323 5268 marest
338 5213 407 5282 batt
418 5230 456 5282 cp:
479 5221 552 5272 orent
567 5214 624 5270 rell.
643 5217 673 5272 0.

1671 3508 1699 3578 J
