3638 5868
499 408 568 472 un.
589 407 643 472 ιι.
673 405 746 474 cn.
768 405 974 471 ιιι-ιιι.
1000 401 1057 489 aa.
1077 399 1221 470 er-ar.
1453 400 1519 472 aar·

199 576 363 661 provincia
385 573 491 642 Sicilia
511 576 643 660 pararis,
665 576 750 639 unde
772 575 914 660 quidque
936 580 989 639 aut
1003 576 1112 660 quanti
1127 576 1249 640 emeris.
1283 571 1334 640 36.
1357 577 1443 654 Quid
1458 576 1515 644 litt

201 692 391 759 quamquam
413 691 477 739 non
500 669 652 734 debebam
668 691 727 754 ego
740 670 796 734 abs
811 677 842 734 te
856 670 913 734 has
927 668 1046 733 litteras
1058 689 1207 752 poscere;
1228 689 1279 734 me
1294 673 1378 736 anim
1392 675 1515 740 tabulas

200 771 270 831 tuas
290 767 407 835 babere
429 777 461 834 et
480 766 622 852 proferre
644 765 818 849 oportebat.
848 765 964 828 Verum
985 782 1080 846 negas
1102 763 1263 829 taborum
1285 785 1438 833 annerum
1458 769 1517 834 ali·
1597 841 1600 848 ,

202 869 280 946 qdot
301 865 483 929 coniecisse.
527 859 687 943 Compone
708 859 784 934 hoo,
814 857 899 943 quod
921 856 1063 941 postulo,
1092 854 1131 921 de
1152 867 1299 942 argento:
1332 862 1371 925 de
1391 864 1516 946 reliquo

200 955 319 1022 videro.
359 962 441 1024 «Nec
463 957 613 1039 scriptum
633 954 746 1030 habeo,
768 973 827 1016 nee
847 972 976 1038 possum
997 953 1119 1016 edere.»
1158 953 1242 1030 Quid
1263 956 1402 1022 futurum
1422 959 1541 1042 igiture

202 1055 271 1116 esti
301 1053 377 1138 quid
399 1052 560 1117 existimas
581 1049 640 1112 hos
668 1048 788 1112 indices
814 1048 918 1112 tacere
940 1051 1056 1131 posset
1098 1050 1217 1114 Domus
1239 1049 1334 1132 plena
1354 1052 1517 1135 signorum

201 1147 486 1230 pulcherrimorum
507 1146 570 1211 iam
591 1151 662 1210 ante
683 1151 877 1227 praeturam:
898 1142 997 1207 multa
1018 1141 1059 1205 ad
1080 1143 1172 1208 villas
1194 1151 1263 1208 tuas
1283 1147 1398 1228 posita,
1419 1149 1518 1212 multa

202 1240 344 1327 deposita
373 1240 457 1324 apud
485 1239 620 1314 amicos,
649 1237 746 1304 multa
776 1237 846 1300 aliis
873 1237 945 1303 data
965 1243 1061 1319 atque
1083 1238 1214 1301 donata:
1243 1239 1366 1306 tabulae
1396 1243 1518 1306 nullum

143 1407 148 1418 ¹
200 1334 342 1402 indicant
363 1342 514 1420 emptum.
548 1333 650 1398 Omne
672 1339 837 1416 argentum
852 1331 989 1395 ablatum
1004 1351 1045 1394 ex
1058 1331 1165 1396 Sicilia
1179 1339 1242 1396 est:
1264 1333 1345 1400 nihil
1360 1333 1517 1423 cuiquam,

200 1431 286 1512 quod
308 1451 399 1495 suum
422 1429 483 1492 dici
504 1428 611 1501 vellet,
632 1427 785 1491 relictum.
828 1427 970 1510 Fingltur
999 1425 1140 1510 improba
1169 1426 1312 1492 defensio
1340 1440 1518 1514 praetorem
1527 1441 1556 1490 to

200 1544 294 1589 omne
316 1523 348 1587 id
370 1530 535 1606 argentum
557 1521 726 1584 coemisse:
756 1527 861 1584 minen
889 1520 921 1582 id
949 1522 1053 1602 ipsum
1082 1520 1197 1585 tabulis
1226 1521 1432 1589 demonstrari
1453 1547 1518 1590 non
1612 1541 1615 1546 “

199 1625 314 1703 potest.
358 1617 402 1692 si,
426 1636 505 1700 quas
528 1615 650 1679 tabulas
672 1614 805 1698 profers,
825 1616 859 1678 in
880 1614 933 1688 iis,
955 1633 1037 1698 quae
1057 1613 1166 1690 habes,
1189 1636 1253 1701 quo
1275 1618 1370 1682 modo
1391 1620 1518 1696 habeas,

201 1714 353 1798 scriptum
375 1731 441 1775 non
464 1718 521 1785 est,
542 1710 657 1772 horum
678 1717 782 1773 autem
803 1716 989 1790 temporum,
1015 1727 1086 1771 cum
1108 1715 1139 1772 te
1160 1709 1312 1791 plurimas
1332 1732 1384 1776 res
1406 1716 1519 1778 emisse

200 1808 300 1882 dicis,
328 1805 451 1870 tabulas
474 1805 603 1867 omnino
630 1804 734 1868 nullas
754 1802 893 1886 profers,
923 1821 1028 1865 nonne
1050 1809 1081 1866 te
1104 1812 1137 1866 et
1155 1805 1285 1888 prolatis
1308 1814 1341 1869 et
1360 1825 1425 1872 non
1446 1828 1519 1891 pro-

199 1903 271 1966 latis
293 1900 412 1964 tabulis
435 1899 636 1965 condemnari
658 1917 788 1962 necesse
811 1900 882 1960 est‘t
924 1896 1022 1959 xvll.
1044 1893 1095 1959 37.
1118 1898 1166 1962 Tu
1181 1918 1199 1960 a
1214 1899 1256 1962 ld.
1271 1900 1389 1978 Caelio,
1412 1904 1556 1988 equitare

199 1997 359 2071 Romano,
389 1993 560 2057 lectissimo
587 1992 805 2067 adolescente,
834 2010 916 2075 quae
937 1989 1084 2066 voluisti,
1112 1992 1254 2076 Lilybaei
1281 1995 1454 2060 abshrlisti:
1483 2003 1518 2060 tu

201 2087 233 2151 C.
259 2087 398 2164 Cacurii,
419 2088 556 2180 prompti
578 2087 715 2151 hominis
738 2093 770 2150 et
791 2085 980 2169 experientis
1002 2090 1034 2148 et
1054 2086 1218 2170 inprimis
1240 2090 1387 2172 gratiosi,
1413 2090 1519 2175 supel-

199 2181 336 2245 lectilem
365 2202 491 2245 omnem
518 2182 642 2246 auferre
670 2202 734 2246 non
763 2180 931 2244 dubitasti·
960 2185 995 2241 tu
1022 2180 1190 2244 maximam
1218 2188 1249 2245 et
1276 2184 1518 2266 pulcherrimam
1594 2179 1610 2265 l

199 2293 340 2338 mensam
362 2276 492 2340 citream
521 2274 747 2351 amirario
777 2275 935 2350 Diodoro,
963 2272 1027 2383 qui
1047 2272 1085 2349 Q.
1109 2273 1212 2338 Catuli
1239 2274 1392 2342 beneficio
1421 2280 1518 2343 abl..
1603 2278 1610 2355 ,⁵

200 2369 288 2433 Sulla
310 2371 386 2434 civis
407 2371 566 2434 Romanus
587 2369 689 2434 iaetus
712 2377 776 2447 est,
808 2368 953 2432 omnihus
982 2352 1151 2432 serentibus
1179 2370 1322 2456 Lilybaei
1351 2373 1517 2438 abstulisti.
1527 2387 1555 2438 tt>
1594 2358 1619 2425 b

198 2465 269 2528 Non
291 2465 347 2529 tibi
370 2465 497 2540 obiicio,
520 2464 608 2550 quod
629 2465 789 2529 hominem
806 2461 1030 2576 'dignissimum
1052 2462 1115 2526 tuis
1129 2463 1280 2541 moribus,
1302 2467 1517 2562 Apollonium,

197 2559 325 2623 Niconis
346 2559 457 2644 filium,
479 2562 735 2643 Drepanitanum,
759 2581 815 2645 qur
806 2558 967 2621 ’.ιιιιιιοΑ
983 2555 1111 2620 Clodius
1126 2565 1266 2635 vocatur,
1289 2562 1374 2626 omni
1388 2570 1516 2647 argento

199 2653 317 2737 optime
346 2655 429 2762 iacto
459 2654 603 2737 spoliasti
634 2674 670 2717 ac
700 2653 904 2737 depeculatus
927 2672 978 2716 es.
1011 2659 1111 2715 taceo.
1154 2655 1224 2718 Non
1247 2655 1331 2718 enim
1352 2663 1443 2740 putat
1463 2656 1517 2719 ille

198 2840 347 2927 laqueum
375 2842 526 2906 inserenti
560 2842 748 2919 subvenisti,
786 2863 857 2906 cum
889 2839 1019 2924 pupillis
1047 2841 1269 2925 Drepanitanis
1302 2843 1387 2908 bona
1414 2844 1554 2929 patriae

199 2946 307 3020 erepta
329 2959 401 3002 cnm
431 2937 487 3000 illo
508 2937 642 3020 partitus
663 2958 708 3001 es.
752 2936 882 3000 Gaudeo
912 2936 1022 3011 etiam,
1054 2937 1081 2999 si
1109 2936 1186 3020 quid
1215 2937 1254 3000 ab
1283 2957 1321 3001 eo
1349 2937 1517 3012 abstulisti,

199 3037 231 3094 et
252 3032 308 3095 aba
330 3037 361 3095 te
383 3031 463 3096 nihil
483 3033 600 3097 rectius
621 3032 738 3095 iactum
761 3051 832 3096 esse
854 3030 936 3094 dico.
979 3029 1027 3092 Ab
1047 3030 1172 3114 Lysone
1202 3051 1278 3096 vero
1299 3031 1517 3116 Lilybaetano,

198 3125 320 3218 primo
322 3125 460 3214 bomine,
482 3125 568 3210 apud
592 3146 687 3212 φιειιι
705 3127 888 3190 deversatus
903 3145 948 3200 es,
969 3123 1168 3206 Apollinis
1141 3145 1267 3208 signum
1280 3125 1418 3190 ablatum
1433 3136 1517 3192 certe
1658 3081 1679 3196 Ᾰ

197 3239 263 3283 non
286 3221 499 3304 oportuit.-
458 3222 612 3285 -Iiices
641 3227 674 3284 te
702 3222 888 3284 emisse·
846 3216 999 3280 -Scic:
1028 3221 1087 3284 Hs
1110 3235 1178 3294 c103
1206 3219 1251 3282 ita
1279 3219 1410 3303 opinor.
1437 3221 1516 3296 scio,

197 3314 347 3400 inquam3
372 3315 534 3424 proteram
561 3316 698 3380 litteras:
727 3321 832 3378 tamen
860 3314 894 3376 id
922 3313 1039 3376 iactum
1067 3333 1131 3376 non
1154 3314 1305 3397 oportuit.
1347 3315 1555 3408 Apupilloac

197 3407 299 3486 Heio,
329 3409 380 3472 eui
409 3409 442 3473 C.
464 3409 630 3474 Marcellus
658 3413 744 3472 tutor
765 3415 829 3483 est,
860 3427 965 3492 aquo
987 3408 1154 3489 pecuniam
1175 3408 1325 3491 grandem
1347 3411 1518 3493 eripueras,

199 3503 328 3588 scaphia
349 3525 423 3570 cum
444 3503 639 3569 emblematis
661 3503 804 3588 Lilybaei
831 3509 937 3568 utrum
966 3507 1072 3585 empta
1100 3520 1170 3566 esse
1198 3501 1276 3567 dicis
1298 3521 1340 3566 an
1361 3503 1519 3569 confiteris

200 3601 331 3682 ereptat

199 3853 230 3895 ee
246 3841 304 3908 ipsa
321 3841 503 3905 commendat,
522 3841 658 3908 Zumptius
674 3854 728 3894 non
744 3839 835 3900 hebet.
865 3843 918 3894 ilos
935 3841 1033 3908 aramei
1049 3839 1220 3905 seclusimus,
1239 3842 1364 3908 moniam
1379 3841 1408 3892 h.
1425 3840 1454 3904 l.,
1475 3843 1520 3906 qul

199 3917 227 3969 in
242 3917 353 3970 meliore
369 3915 467 3970 tamilla
484 3918 554 3970 totus
571 3916 717 3980 intercidit,
734 3918 819 3982 hagae
835 3917 944 3984 reliquis
961 3917 1084 3971 omnibus
1100 3918 1255 3971 auctoritate
1270 3918 1397 3983 praestat.
1426 3915 1521 3970 Similis

201 3995 243 4046 est
259 3992 346 4059 dossa
363 3995 390 4046 ia
406 3992 472 4047 dett.
490 3993 556 4046 inira
573 4007 598 4045 v.
617 3994 657 4046 49.
676 3993 769 4057 llam]
781 3995 843 4045 -l.
861 3994 1062 4059 quodpuelgtll.
1073 3995 1137 4045 -9,
1155 3991 1477 4059 rpoaoadebsbomidem.
1491 4017 1519 4030 -

198 4067 223 4119 9.
241 4067 337 4132 elimut
352 4067 431 4122 dett:
458 4070 548 4133 9499994
563 4071 601 4134 li,
623 4070 720 4133 944999
735 4069 781 4121 99.
798 4071 832 4122 At
848 4071 881 4122 ct.
899 4070 985 4124 Madv.
1004 4071 1050 4136 op.
1068 4071 1089 4122 l.
1107 4083 1132 4135 p.
1150 4069 1208 4121 999.
1228 4095 1256 4111 -
1273 4067 1299 4120 l.
1316 4081 1426 4132 conpone
1441 4068 1471 4120 ll.
1491 4091 1517 4106 -

200 4145 379 4210 qaodpodrrlo
396 4159 449 4198 om.
467 4147 628 4211 9399-9.
645 4145 903 4198 vecordem-o.
921 4147 1044 4198 matam
1059 4147 1093 4208 lli
1110 4143 1523 4198 adnmhd.-hostll2:toe

200 4220 229 4280 li,
248 4219 311 4283 Ld.;
336 4221 407 4274 ltosce
429 4221 494 4274 dett.
513 4222 546 4284 ⁰3
568 4221 620 4284 ile,
642 4223 660 4273 i.
679 4234 704 4272 a.
727 4234 790 4273 oum
806 4221 843 4273 ite
860 4235 890 4274 sa
907 4235 951 4274 res
969 4219 1075 4283 habeat,
1094 4232 1167 4286 susp.
1185 4217 1270 4272 llalm.
1290 4244 1318 4255 -
1336 4219 1361 4271 'l.
1379 4218 1433 4268 tarn
1447 4215 1523 4268 etiem

198 4297 257 4346 aaa
274 4293 338 4347 dett.
358 4323 387 4334 -
404 4297 491 4348 ollem
507 4302 578 4348 eaeor
594 4298 627 4348 Gt
641 4298 666 4348 9.
686 4321 715 4336 -·
734 4298 758 4348 8.
777 4298 845 4361 epod
861 4311 912 4348 em.
930 4297 1010 4348 matta
1026 4297 1108 4358 depos.
1125 4297 1214 4360 lagg..
1233 4294 1298 4346 dett.
1316 4295 1347 4345 0.
1361 4319 1389 4331 -
1403 4293 1444 4345 lt.
1458 4305 1523 4355 pro-

197 4369 262 4434 terea
277 4371 357 4436 Lgdtl.
376 4395 405 4410 ·-
423 4374 451 4424 ta
465 4373 503 4423 tir
518 4374 540 4424 a
556 4374 577 4424 0
599 4374 626 4424 et
641 4371 728 4436 vulgo.
749 4399 776 4408 —
795 4385 860 4436 queo
874 4372 925 4435 aa,
948 4373 986 4424 G:
1013 4385 1077 4434 quea
1093 4371 1157 4424 dett.
1186 4371 1429 4438 interpunctionem
1445 4369 1523 4422 huius

199 4442 251 4496 loci
268 4449 342 4500 recte
359 4449 492 4501 constituit
507 4447 611 4512 iladvig
632 4449 679 4514 Op.
697 4449 717 4499 l.
740 4462 767 4514 p.
786 4447 841 4500 999.
860 4475 888 4486 -
908 4447 947 4500 44.
972 4449 1186 4512 dicianprosers
1205 4447 1256 4499 aa:
1283 4444 1524 4508 decinerescat

200 4518 273 4572 dett.
286 4548 314 4561 -
333 4524 373 4576 49.
397 4525 574 4588 eondenpneri
594 4525 623 4575 li.
644 4549 671 4560 -
690 4523 771 4575 welto
793 4525 826 4586 ll,
850 4523 914 4575 Cotto
937 4525 969 4575 Gt
989 4524 1014 4574 9.
1035 4549 1062 4561 -
1081 4523 1122 4574 49.
1145 4523 1298 4574 comesne
1316 4523 1347 4572 li.
1367 4547 1395 4558 -
1413 4517 1523 4582 ltlpbeet

199 4595 248 4646 113:
274 4609 337 4648 eata
358 4603 477 4666 maenus
503 4598 614 4662 Lilybaei
635 4597 698 4648 dett.
722 4597 750 4649 0.
769 4621 796 4634 -
819 4602 847 4648 ta
866 4611 892 4649 c.
915 4597 1056 4664 adrorati
1076 4596 1123 4648 Ld.
1151 4597 1186 4660 (Ρ.
1203 4609 1253 4663 pro
1276 4597 1303 4648 0.
1322 4597 1405 4658 hogg3
1432 4592 1524 4644 mart

200 4669 287 4736 trie.)
307 4699 335 4710 -
355 4673 396 4724 49.
410 4675 589 4738 pronptttairnt
605 4673 671 4725 dett.
691 4674 720 4725 0.
735 4699 763 4709 -
781 4673 821 4724 49.
839 4685 950 4724 nemora
970 4673 1100 4724 atatam
1115 4672 1194 4737 lagg.
1211 4675 1319 4739 praeter
1335 4669 1376 4722 99.
1397 4695 1425 4707 -
1444 4667 1477 4718 eb
1492 4666 1522 4718 l..

199 4744 234 4808 lt,
253 4746 286 4796 94
305 4745 337 4812 9,
354 4749 436 4813 Lara:
455 4763 473 4800 c
487 4750 516 4802 l..
535 4747 592 4801 rell.
610 4751 639 4801 0.
660 4777 687 4787 —
705 4749 745 4800 94.
764 4747 822 4812 noa]
839 4761 900 4798 omn
915 4749 945 4810 li,
964 4748 1015 4808 Gt,
1036 4759 1097 4798 nera
1114 4747 1160 4798 99.
1177 4775 1205 4786 -
1223 4747 1266 4798 99.
1284 4744 1460 4809 9φοοιιιι4α4ω
1475 4741 1521 4805 lle,

201 4817 260 4871 Ci.
274 4847 302 4858 -
315 4822 355 4876 94.
370 4824 431 4890 ism]
450 4830 502 4876 mm
513 4827 542 4888 ll,
561 4825 594 4876 Gt
609 4825 634 4876 9.
648 4849 677 4860 -
690 4823 731 4876 99.
749 4821 781 4874 ab
792 4837 820 4874 eo
835 4824 865 4885 lt,
884 4825 916 4875 Gt
932 4824 957 4886 9,
976 4824 1052 4888 igit.
1072 4821 1176 4885 Quintil.
1194 4823 1235 4875 lx.
1249 4823 1274 4886 9,
1293 4824 1338 4874 bt:
1358 4820 1390 4873 eb
1405 4820 1448 4871 illo
1465 4815 1522 4869 rell.

203 4894 234 4946 0.
255 4921 281 4935 —
301 4897 343 4950 97.
360 4899 394 4950 ab
409 4899 467 4963 lor.
485 4902 520 4952 li:
539 4899 629 4963 aloa.
647 4897 703 4951 rell.
722 4900 751 4951 0.
765 4924 794 4937 -
812 4899 940 4962 domm
956 4901 985 4951 lt.
1002 4900 1082 4952 -99,
1100 4899 1295 4963 emmeram
1311 4897 1357 4949 94.
1372 4925 1399 4936 -
1412 4893 1524 4946 ettotam

200 4975 266 5022 carto
281 4973 310 5035 lt,
329 4975 376 5037 or,
393 4975 475 5040 hait:
493 4975 543 5028 etl.
561 4988 611 5028 erae
626 4980 691 5028 certe
707 4975 752 5039 aa,
769 4973 832 5037 hdr
856 4974 904 5026 aet.
923 4981 988 5027 certe
1003 4989 1054 5027 esee
1069 4973 1133 5028 dett.
1153 5004 1181 5015 -
1200 4976 1241 5028 99.
1261 4975 1326 5026 dices
1341 4973 1391 5024 iit:
1416 4975 1444 5022 ot
1459 4969 1524 5020 dicae

203 5053 267 5107 aaa.
285 5056 318 5108 o.
337 5083 366 5096 -
384 5061 468 5112 mas
484 5065 508 5112 a
523 5061 601 5126 augg.
621 5086 649 5098 -
666 5059 716 5112 es.
729 5077 754 5110 ω
771 5061 806 5123 n;
832 5059 882 5111 es
896 5045 931 5111 9.
949 5060 1026 5124 egra.
1045 5085 1074 5099 -
1093 5059 1134 5112 ao.
1152 5060 1178 5126 a]
1201 5065 1229 5111 ar
1244 5059 1323 5123 cuae.
1343 5084 1372 5096 -
1386 5067 1449 5120 pu.
1470 5051 1523 5105 erto

199 5129 230 5182 li.
244 5157 272 5168 -
285 5131 327 5184 94.
345 5132 373 5186 0.
390 5133 427 5188 aa
445 5133 503 5204 (sed
517 5135 540 5192 lt
555 5135 614 5201 Gt:
632 5146 686 5188 om.
703 5146 867 5201 praenomen
878 5133 942 5188 dett.
962 5133 1001 5189 Ci.
1012 5133 1099 5190 iladv.
1109 5148 1137 5204 p.
1151 5133 1192 5188 99.
1206 5160 1234 5173 -
1248 5133 1290 5186 99.
1302 5143 1354 5186 erae
1363 5141 1417 5182 om.
1431 5129 1477 5180 cr.

243 5222 332 5277 deno
347 5224 415 5280 99.
1266 5223 1308 5295 22
