3642 5862
451 442 1218 532 nn.v.on.xxx-xxx1.ss.77-aa.
1435 445 1496 516 coo

178 619 262 684 enim
285 636 354 684 esse
376 622 477 682 totum
497 615 576 680 mibi
593 616 712 683 crimen
733 615 794 680 boc
815 613 1058 707 inteanmiest
1078 621 1182 682 certus
1203 616 1305 694 locus,
1327 624 1413 684 certa
1432 619 1496 695 lex,
1558 601 1633 695 ὅ,
1655 591 1673 670 2³⁴

177 721 295 778 eertum
317 711 470 786 tribunal,
497 731 561 794 quo
582 709 644 775 boc
665 711 859 802 reservetur)

259 806 377 870 xxxi.
409 802 461 867 80.
494 804 561 867 Hac
589 810 677 868 tanta
704 803 823 887 praeda
852 809 979 879 auctus,
1008 804 1194 888 mancipiis,
1227 813 1376 889 argento,
1408 813 1495 872 veste

173 899 397 984 locupletatus,
420 898 520 962 nibilo
543 898 727 980 diligentior
747 898 787 962 ad
809 899 943 962 classem
964 898 1147 974 ornandam,
1169 899 1285 965 milites
1300 902 1496 966 revocandos

175 993 373 1077 alendosque
395 1012 464 1058 esse
487 993 603 1075 coepit,
625 1012 698 1056 eum
721 1011 758 1056 ea
778 1012 829 1056 ros
851 1012 916 1055 non
938 992 1041 1056 solum
1062 993 1244 1076 provinciae
1260 995 1365 1072 saluti,
1386 1004 1520 1060 veramll

174 1088 271 1152 etiam
292 1085 354 1170 ipsi
376 1087 514 1171 praedae
534 1092 645 1169 posset
665 1104 744 1149 esse.
780 1088 859 1149 Nam
873 1093 992 1150 aestate
1006 1106 1139 1163 summa,
1161 1107 1226 1171 quo
1241 1095 1384 1171 tempora
1398 1089 1496 1154 ceteri

172 1188 333 1268 praetores
355 1180 443 1244 obire
464 1179 660 1263 provinciam
682 1186 715 1243 et
735 1200 924 1245 concursare
946 1188 1139 1244 consuerunt
1160 1187 1215 1244 aut
1236 1183 1331 1246 etiam
1353 1182 1386 1246 in
1407 1189 1496 1248 tanto

172 1276 369 1361 praedonum
398 1280 484 1337 metu
512 1280 544 1337 et
571 1274 712 1356 periculo
741 1275 805 1359 ipsi
835 1275 997 1359 nauigare,
1031 1294 1069 1338 co
1099 1282 1241 1358 tempore
1268 1275 1308 1339 ad
1336 1277 1496 1342 luxuriam

171 1370 386 1453 libidinesque
409 1386 484 1432 suas
506 1368 601 1432 domo
624 1388 682 1432 sua
703 1370 804 1452 regia,
834 1389 916 1454 quae
937 1371 1020 1454 regis
1042 1370 1191 1434 Hieronis
1212 1368 1290 1446 luit,
1320 1391 1385 1456 qna
1406 1391 1497 1455 prae-

172 1471 255 1529 tores
277 1464 324 1527 uli
346 1463 459 1537 solent,
481 1469 648 1527 contentus
670 1463 832 1528 nonfuit:
855 1463 1068 1539 tabernacula,
1091 1482 1186 1548 quem
1208 1464 1249 1527 ad
1270 1464 1400 1530 modum
1420 1475 1533 1530 con-lo

172 1563 279 1624 suerat
308 1555 505 1640 temporibus
533 1556 679 1633 aestivis,
708 1558 793 1641 quod
822 1564 916 1620 antea
943 1557 1170 1632 demonstravi,
1198 1557 1353 1622 carbaseis
1375 1559 1497 1623 intenta

175 1651 255 1717 velis
279 1649 427 1715 collocari
457 1653 549 1716 iussit
569 1653 604 1715 in
625 1650 735 1727 litore,
765 1653 852 1744 (Μὰ
879 1656 929 1715 444
956 1632 1031 1716 litus
1053 1653 1087 1717 in
1108 1652 1217 1717 Insula
1238 1653 1403 1736 Syracusis
1424 1660 1498 1738 post
1565 1661 1575 1725 l,
1626 1649 1652 1761 ζ

171 1745 346 1810 Arethusae
368 1745 487 1809 fontem
509 1752 639 1829 propter
661 1746 766 1829 ipsum
787 1745 951 1810 introitum
973 1752 1070 1830 atque
1085 1747 1202 1810 ostium
1217 1753 1339 1830 portus,
1361 1768 1496 1830 amqeno
1572 1744 1576 1760 '

173 1859 251 1906 sane
271 1847 303 1904 ct
324 1839 363 1903 ab
385 1839 509 1904 arbitris
530 1847 652 1903 remoto
674 1839 756 1904 loco.
798 1835 850 1901 8l.
880 1840 940 1903 Hic
966 1840 1034 1904 dies
1063 1841 1201 1904 aestivos
1229 1847 1356 1925 praetor
1385 1844 1497 1926 populi

172 1933 321 2009 Romani,
346 1939 456 2024 custos
470 1933 685 2017 ‚defensorque
707 1933 900 2017 provinciae,
922 1935 968 1998 sic
988 1934 1086 2011 vixit,
1106 1942 1144 1998 ut
1163 1933 1330 2000 muliebria
1351 1936 1495 2020 quotidie
1505 1946 1534 1995 44

173 2026 318 2094 conuiuia
346 2034 468 2102 essent,
499 2028 549 2092 vir
577 2029 777 2097 accumberet
803 2047 896 2092 nemo
924 2036 1051 2112 praeter
1077 2029 1183 2112 ipsum
1211 2035 1243 2092 et
1263 2037 1496 2111 praetextatum

172 2121 289 2190 lilium:
310 2153 352 2169 -
374 2122 433 2184 etsi
454 2129 539 2186 recte
561 2123 631 2186 aine
662 2123 850 2206 exceptione
872 2123 1033 2198 dixeram,
1060 2123 1179 2200 virum,
1211 2142 1281 2187 cnm
1303 2121 1357 2188 isti
1378 2131 1495 2200 essent,

172 2218 331 2282 neminem
351 2213 467 2278 baisse:
489 2247 531 2264 —
553 2225 791 2301 nonnumquam
818 2217 912 2281 etiam
934 2217 1064 2282 libertus
1086 2216 1303 2281 Timarchides
1325 2216 1497 2283 adhibeba-

172 2319 240 2386 tur;
269 2308 419 2372 mulieres
447 2315 552 2374 autem
582 2317 700 2394 nuptae
727 2310 850 2375 nobiles
871 2315 997 2395 praeter
1025 2331 1122 2379 arnam
1142 2313 1230 2376 mimi
1251 2310 1366 2376 Isidori
1386 2309 1495 2394 tiliam,

173 2423 268 2489 quam
283 2404 344 2468 iste
358 2411 488 2485 propter
501 2421 641 2466 amorem
656 2404 695 2467 ab
709 2402 833 2468 Rhodio
848 2405 977 2468 tibicine
995 2405 1178 2481 abduxerat,
1200 2406 1224 2487 †
1238 2406 1314 2488 Pipa
1329 2406 1532 2490 quaedamst

171 2519 253 2564 auor
280 2495 483 2582 Aesobrionis
510 2497 713 2581 Syracusani,
743 2497 782 2560 de
812 2519 875 2583 qua
902 2500 1034 2565 muliere
1060 2500 1189 2584 plurimi
1216 2519 1344 2576 versus,
1376 2501 1433 2584 qui
1461 2501 1496 2566 in
1629 2501 1658 2590 Δ

171 2594 262 2658 istius
284 2590 489 2676 cupiditatem
509 2590 584 2655 laeti
606 2597 690 2668 sunl,
715 2599 781 2656 tota
803 2592 910 2657 Sicilia
929 2593 1195 2678 percelebrantur.
1238 2590 1289 2656 82.
1311 2595 1387 2658 Erat
1407 2594 1495 2672 Nice,

171 2689 252 2754 lucie
273 2685 400 2760 eximia,
422 2692 458 2748 ut
470 2685 676 2768 praedicatur,
698 2707 779 2752 uxor
795 2686 956 2752 Cleomeni
972 2686 1173 2773 Syracusani.
1205 2687 1295 2752 Hanc
1311 2687 1495 2756 Cleomenes

173 2886 205 2941 et
225 2874 320 2941 simul
340 2873 380 2940 ab
407 2874 468 2938 isto
499 2875 591 2938 donis
618 2871 845 2960 beneficiisque
871 2877 979 2942 multis
1009 2875 1256 2942 devinciebatur.
1299 2879 1359 2942 illo
1389 2886 1532 2946 autemus

172 2978 313 3054 tempore
340 2955 569 3066 iste,(tametsi
598 2989 647 3060 ⁰3.
668 2975 716 3034 est
742 2969 880 3035 bominis
906 2971 1118 3056 impudentia,
1151 2991 1248 3055 quam
1276 2970 1399 3054 nostis)
1424 2974 1495 3059 ipse
1607 2977 1673 3084 al(

239 3213 263 3263 l.
281 3212 347 3264 44444
362 3224 412 3263 csso
428 3215 506 3262 totum
521 3211 691 3262 millesimae
707 3207 787 3262 loe:
806 3212 831 3262 ln
849 3213 881 3264 a:
899 3225 950 3264 case
964 3211 1029 3263 salac
1046 3216 1063 3264 4.
1081 3225 1115 3262 m.
1128 3223 1165 3264 or.
1184 3211 1232 3264 sed
1248 3225 1298 3264 4444
1315 3213 1380 3279 (sio),
1398 3215 1496 3281 qulbus

171 3291 275 3357 punctis
291 3291 433 3354 peceatum
449 3301 509 3338 esse
527 3289 553 3337 in
570 3287 621 3337 hoc
640 3285 724 3337 verbo
741 3288 914 3351 significator,
941 3301 991 3338 csse
1011 3289 1077 3338 eaba
1097 3287 1158 3338 mill
1179 3292 1258 3338 444444
1273 3301 1310 3340 cr.
1329 3290 1397 3354 [¹8²⁹
1415 3289 1495 3355 [unde

172 3363 344 3417 oonllrmatur
360 3364 490 3428 scriptura
507 3361 567 3413 eod.
586 3363 641 3425 il.];
659 3363 724 3413 44444
739 3361 800 3413 mae
816 3367 894 3414 totam
909 3375 961 3414 osae
976 3376 1013 3414 cr.
1032 3362 1097 3414 dett.
1116 3363 1145 3414 0.
1161 3389 1188 3400 —
1206 3364 1232 3415 4.
1251 3363 1308 3429 qao]
1326 3366 1391 3426 qaaod
1407 3365 1453 3418 443.
1465 3391 1493 3402 ·-

172 3443 197 3492 o.
214 3437 298 3504 4444444]
311 3473 447 3490 .......
460 3437 501 3488 dlo
517 3438 557 3490 sic
573 3449 666 3488 rursus
683 3437 774 3502 incipit
784 3437 820 3499 V,
838 3437 910 3489 unde
922 3438 1005 3490 Maius
1022 3438 1090 3488 coni.
1107 3437 1243 3500 pracsidio.
1262 3437 1494 3504 (4444444415844.

171 3528 198 3566 u.
217 3516 241 3566 4.
260 3514 288 3564 in
303 3511 395 3566 litteris
411 3514 476 3564 lotar
493 3515 538 3563 lo.
555 3513 581 3576 .)
601 3537 628 3546 —
646 3513 671 3562 e.
689 3512 736 3576 ipsi
753 3525 806 3564 om.
825 3511 855 3563 V.
875 3512 935 3578 (Bc.)
956 3540 983 3549 -
999 3513 1111 3578 praedas
1122 3517 1205 3576 posset
1220 3525 1271 3564 case
1285 3511 1311 3574 λ,
1329 3511 1412 3578 agae,
1430 3513 1496 3565 item

158 3591 196 3646 ‚V
212 3587 324 3656 (sedhic
337 3585 461 3654 prmdoli
476 3587 591 3651 praedae
603 3589 682 3652 possit
697 3601 748 3640 osae
763 3589 783 3639 44
801 3590 833 3640 Gl
849 3589 865 3639 4
883 3589 935 3654 (hio
948 3601 1001 3640 om.
1015 3589 1087 3653 ussi:
1101 3601 1145 3652 pr.
1158 3601 1209 3640 csso
1218 3589 1369 3654 posattbd.;
1384 3589 1496 3652 praedae

171 3677 221 3717 asae
233 3669 315 3728 posset
331 3663 396 3715 dett.
409 3663 439 3714 0.
454 3689 481 3698 -
494 3663 594 3729 4444444]
613 3668 676 3716 stato
687 3664 716 3715 44.
732 3691 759 3701 -
773 3665 797 3715 4.
810 3666 1008 3716 4444444444444
1018 3676 1101 3728 marg.
1114 3663 1206 3740 bamb.
1220 3663 1294 3717 4884.
1309 3690 1336 3702 -
1349 3670 1497 3718 somam

172 3743 193 3794 44
211 3743 248 3794 oa
264 3741 312 3792 Ld.
331 3740 354 3791 V
368 3739 451 3804 Laii:
469 3746 647 3792 4444444444444
663 3742 696 3791 ot
717 3737 782 3790 dett.
801 3740 830 3791 0.
845 3768 873 3778 -
886 3740 940 3805 aaa]
956 3745 985 3791 44
1000 3741 1032 3792 V.
1047 3767 1073 3776 -
1087 3739 1167 3806 44444]
1183 3743 1219 3792 tot
1234 3741 1266 3790 V.
1281 3767 1308 3777 -
1321 3740 1346 3792 8.
1364 3742 1416 3804 lpse
1426 3742 1455 3793 44.
1465 3767 1493 3778 -

172 3817 304 3868 madoco
321 3814 357 3866 (43
368 3815 400 3876 V,
418 3815 497 3880 lagg.
516 3829 624 3868 omnes:
649 3815 776 3868 locustam
800 3817 829 3868 R.
848 3816 887 3868 Cl.
906 3814 993 3868 blada.
1017 3829 1044 3880 p.
1063 3814 1120 3869 484.
1139 3813 1197 3867 coll.
1217 3829 1243 3881 p.
1261 3815 1302 3868 47.
1322 3843 1349 3853 -
1369 3816 1393 3868 9.
1411 3817 1497 3868 moa

172 3906 219 3944 auc
236 3891 269 3942 V.
288 3891 349 3956 (Bri
368 3918 397 3929 —
416 3905 481 3955 quoa
495 3904 549 3957 rep.
561 3892 694 3959 --aoloatl
720 3893 792 3944 llaec
808 3905 849 3942 vr.
868 3891 929 3943 lirn.
948 3893 976 3944 et
990 3891 1095 3956 Zumpt.
1120 3903 1153 3942 ex
1174 3889 1217 3941 IV.
1236 3890 1260 3954 5.
1279 3891 1337 3943 448.
1360 3891 1413 3942 huo
1434 3902 1495 3942 4444

172 3967 298 4021 translata
314 3967 365 4018 rati
381 3979 430 4032 pro
446 3968 541 4034 spuriis
558 3967 666 4018 babent.
686 3995 714 4006 -
734 3969 774 4019 ltl.
793 3972 952 4032 oooteorptua·
964 3969 993 4018 44.
1013 3993 1040 4020 ··.·
1059 3971 1193 4017 4444444444
1207 3965 1260 4028 lta,
1277 3966 1309 4028 V,
1326 3965 1408 4031 igit:
1434 3979 1496 4016 coo·

172 4048 286 4096 marat
302 4043 366 4094 dett.
387 4042 417 4094 0.
438 4069 465 4080 -
484 4045 525 4094 44.
543 4048 619 4094 oeteo
635 4043 681 4104 444,
699 4038 724 4104 4,
745 4043 778 4092 V:
798 4047 873 4093 44444
887 4043 941 4094 mm
957 4042 1022 4094 dett.
1040 4043 1071 4093 0.
1090 4066 1118 4078 -
1137 4041 1249 4093 44444444
1264 4042 1294 4093 a.
1309 4069 1337 4080 -
1356 4042 1396 4094 li.
1414 4041 1496 4093 eaelo·

172 4119 228 4170 cosi
244 4119 264 4168 44
279 4118 311 4180 V;
328 4117 450 4169 collocare
466 4118 543 4183 Lgill.
558 4143 585 4154 —
598 4119 627 4168 44
641 4119 703 4168 anto
714 4117 799 4168 lucela
809 4131 862 4170 cm.
876 4117 921 4168 443.
940 4119 1001 4182 (non
1012 4117 1053 4180 V.)
1069 4144 1095 4154 -
1109 4117 1150 4168 48.
1162 4121 1296 4168 erasmae
1305 4115 1335 4167 44.
1350 4143 1377 4154 -
1388 4117 1496 4170 ioum

173 4192 288 4256 aigil.
308 4219 335 4230 -·
359 4191 400 4245 44.
422 4195 527 4244 44444444
546 4193 583 4244 443
599 4189 628 4242 l:
654 4193 759 4244 aestivos
779 4194 833 4244 ioan
852 4193 980 4244 conticuos
1000 4191 1037 4254 V,
1059 4191 1131 4256 quod
1153 4192 1256 4256 recepit
1276 4189 1365 4254 noim
1391 4194 1496 4245 44444444

172 4269 306 4334 mapula
321 4268 386 4320 dett.
404 4270 434 4320 0.
452 4270 597 4334 utrumque
615 4281 648 4320 ex
664 4267 759 4332 344444.
778 4268 811 4320 cl.
830 4269 932 4332 Zumpt.
951 4265 975 4334 Β,
995 4266 1035 4319 84.
1054 4267 1109 4318 434.
1125 4291 1153 4304 -
1163 4281 1223 4331 pop.
1241 4268 1270 4318 44.
1288 4279 1341 4319 om.
1359 4268 1411 4331 aa,
1428 4269 1456 4321 ln
1472 4269 1495 4320 V

173 4344 353 4405 estradis..
374 4344 446 4396 unde
463 4344 554 4396 mendi
570 4345 643 4409 origo
660 4345 778 4410 apparet.
797 4345 862 4395 ilinc
878 4342 916 4394 iil.
936 4342 1067 4400 sillaim:
1091 4344 1179 4408 populi
1194 4345 1264 4394 44444.
1278 4347 1398 4406 mutor,
1421 4343 1494 4409 quod

172 4432 237 4473 sane
254 4418 288 4470 ad
305 4421 395 4470 notam
412 4419 510 4472 codicis
526 4421 557 4470 V.
578 4421 687 4485 propias
705 4419 815 4470 accedit.
846 4417 885 4470 cl.
912 4416 946 4468 ad
967 4417 1010 4468 lV.
1033 4417 1058 4482 4.
1077 4418 1134 4469 444).
1154 4444 1181 4455 -
1201 4419 1242 4468 lt.
1263 4419 1353 4469 cotldls
1375 4417 1444 4469 llV.
1464 4443 1492 4456 -

172 4497 213 4548 46.
232 4493 365 4546 aomabsrot
381 4494 411 4545 V.
427 4521 455 4532 -
469 4497 508 4546 44.
527 4497 572 4548 atat
588 4495 624 4547 443
636 4492 666 4545 i:
685 4495 815 4547 tomotaiV
832 4495 901 4560 (lin),
921 4494 985 4545 dett.
1004 4493 1033 4544 0.
1049 4518 1077 4557 -‚
1090 4495 1233 4558 4444444444
1249 4506 1302 4545 om.
1314 4492 1347 4544 V.
1361 4519 1389 4532 -
1400 4490 1493 4558 4444444]

170 4576 257 4624 man
273 4570 310 4630 44;
336 4570 376 4621 sic
392 4569 457 4620 inira
473 4583 500 4620 u.
518 4570 559 4622 44.
584 4575 755 4622 mmmmm
775 4581 824 4635 pro
843 4573 1021 4620 omentorum.
1041 4595 1068 4606 -
1087 4569 1128 4620 48.
1148 4569 1313 4620 lbiourctdca
1326 4567 1358 4618 V.
1383 4565 1444 4632 (Br.)
1462 4594 1491 4605 —

174 4648 215 4698 49.
232 4645 440 4696 commanos-un
459 4644 485 4695 V
499 4659 539 4712 pr.
558 4657 596 4697 m.
623 4646 660 4710 (at
675 4645 798 4710 videtur.)
818 4671 844 4680 -
864 4645 904 4696 40.
927 4647 960 4696 ab
980 4645 1080 4710 llbodio]
1103 4646 1220 4697 drebodio
1242 4645 1287 4697 448.
1307 4669 1334 4680 -
1352 4642 1494 4694 abdaoorat

172 4727 195 4773 44
210 4720 273 4784 Pipa
288 4719 310 4770 V
333 4721 422 4784 (etlam
439 4723 505 4772 teste
523 4723 588 4784 Br.);
612 4720 761 4772 4444444444.
779 4722 845 4772 Erat
860 4721 923 4782 Pipa
939 4719 1007 4772 coni.
1026 4721 1122 4771 schiltz
1137 4721 1289 4784 ingeniose,
1312 4719 1387 4770 culus
1404 4717 1493 4769 conle-
1583 4725 1592 4748 ¹

172 4803 277 4852 cturam
294 4796 411 4848 lialmios
427 4797 536 4862 recepit.
564 4799 592 4848 ln
610 4797 733 4848 codicum
749 4794 862 4848 lectione
879 4795 956 4846 nimis
975 4797 1092 4846 occure
1110 4796 1152 4848 est
1168 4795 1292 4846 orationis
1308 4791 1490 4846 oonlormatio.

171 4877 251 4941 Ptppo
267 4874 429 4935 annarias..
451 4872 481 4922 0.
502 4899 529 4908 -
548 4872 589 4922 44.
606 4872 746 4923 daemonia
762 4873 782 4922 44
798 4870 830 4921 V.
850 4897 877 4908 -
896 4871 937 4921 44.
955 4869 1115 4934 mptdttuam
1130 4869 1212 4935 Lgliz
1238 4869 1373 4932 4444444444
1388 4867 1441 4930 443,
1458 4866 1490 4930 V,

173 4951 230 5004 rell.
248 4951 326 5013 Legg.
347 4974 375 4985 ·-
393 4945 454 4997 Nica
469 4945 521 5007 443,
538 4946 577 5009 V,
594 4945 649 4997 olli:
668 4952 691 4998 44
706 4947 767 4999 Ν444
782 4948 802 4998 4.
819 4947 848 4999 0.
869 4973 896 4984 -
914 4947 955 5000 ia.
975 4943 1341 5010 commiscendum:
1360 4941 1493 4995 0444444444

174 5029 207 5080 ol
227 5025 250 5076 V
268 5024 339 5090 (44.4,
359 5021 423 5074 dett.
443 5022 472 5073 0.
487 5049 514 5060 —
527 5023 592 5073 lacae
607 5023 648 5073 cir
659 5021 795 5074 0444444444
804 5022 836 5073 V.
856 5021 967 5086 [Erravit
982 5021 1074 5082 italus,
1093 5021 1138 5085 qui
1154 5020 1195 5072 olr
1211 5020 1307 5072 omisit.
1324 5017 1413 5070 Lectio
1430 5013 1489 5065 eod.

172 5103 196 5150 V
215 5103 268 5152 iam
291 5095 454 5150 restituenda
476 5097 536 5164 est]
555 5125 583 5135 -
601 5096 642 5149 44,
664 5111 709 5148 ooo
730 5097 861 5149 4444444444
876 5100 977 5160 potent
997 5093 1044 5148 lul.
1063 5097 1153 5148 Seuer.
1173 5119 1201 5134 -
1220 5095 1261 5148 44.
1279 5093 1363 5146 mame
1381 5090 1419 5146 aa
1434 5089 1456 5140 V
1473 5085 1490 5144 λ

174 5177 254 5242 Lgit:
270 5174 387 5242 44444444
402 5173 467 5228 dett.
486 5175 516 5230 O·
535 5199 562 5211 -
581 5173 623 5232 46.
641 5186 673 5230 aa
687 5173 730 5244 ott]
747 5179 801 5228 eost
816 5167 896 5242 lifpr.
914 5183 950 5230 m.
971 5199 998 5215 -
1016 5171 1103 5240 lopad.
1121 5171 1145 5221 V
1159 5171 1189 5226 a.
