3638 5868
241 402 304 474 28l
613 413 656 477 IN
675 413 842 482 VERREM
862 412 986 480 ACTIO
1010 413 1192 482 SECUNDA

242 600 376 646 neccsse
399 583 492 644 esset
516 581 653 665 sponsio
677 591 735 658 est,
756 603 789 648 nr
803 603 843 648 rr
858 584 1018 648 Arrorurs
1033 600 1150 648 socrvrr
1165 603 1198 648 ur
1211 601 1349 648 nncvrrrs
1362 604 1436 650 rssn
1451 603 1565 652 nicar:

241 673 405 758 provincia
425 681 479 738 tua
501 682 564 738 est:
586 675 677 740 ades:
702 678 766 742 ahs
788 684 819 742 te
841 677 995 742 iudicium
1016 677 1204 762 postulatur.
1249 677 1333 754 Quid
1355 681 1453 745 locist
1486 682 1565 765 quid

243 768 408 832 decemist
430 769 679 853 Recuperatores
701 770 779 836 dicis
801 778 831 835 te
855 772 1010 837 daturum.
1032 773 1118 835 Bene
1140 773 1227 855 agis:
1249 773 1373 838 tametsi
1395 775 1450 858 qni
1468 775 1565 838 tantis

241 868 335 926 crrrnt
355 861 532 926 cervicibus
554 870 806 948 recuperatores,
835 865 891 949 qui
920 867 1058 930 audeant
1083 867 1116 928 in
1138 867 1318 950 provincia,
1349 887 1419 932 cunr
1440 875 1567 952 praetor

217 955 333 1030 ⁵adsit,
354 975 418 1018 non
440 956 541 1020 solum
563 965 670 1020 contra
690 959 883 1024 voluntatem
906 961 983 1037 eius,
1006 959 1062 1024 sed
1085 962 1176 1026 etiam
1198 968 1305 1026 contra
1325 961 1463 1026 fortrmas
1484 962 1567 1026 iudi·

241 1052 332 1114 carel
377 1044 447 1112 436.
474 1051 590 1114 Verum
612 1059 693 1116 esto:
723 1053 888 1117 manifesta
910 1075 961 1118 res
983 1062 1047 1118 est:
1077 1074 1170 1120 nemo
1192 1060 1256 1129 est,
1286 1055 1363 1139 quin
1385 1056 1508 1120 audisse
1531 1075 1566 1119 se

105 1139 123 1236 ἶ
239 1142 363 1227 liquido
385 1144 516 1208 diceret:
539 1144 802 1231 locupletissimus
827 1149 960 1232 quisque
982 1169 1018 1212 ac
1041 1149 1232 1214 certissimus
1246 1150 1333 1214 testis
1349 1157 1449 1238 esset:
1472 1169 1565 1213 nemo

241 1246 307 1301 crat
323 1238 428 1301 Sicilia
450 1246 523 1314 tota,
547 1239 623 1324 quin
645 1241 738 1303 sciret
759 1241 906 1306 decumas
929 1262 997 1306 esse
1019 1243 1185 1326 praetoris3
1208 1263 1310 1316 nemo,
1334 1245 1411 1327 quin
1426 1244 1566 1308 audisset

240 1332 273 1395 id
301 1333 469 1418 Apronium
496 1333 670 1399 dictitasse:
699 1343 859 1419 praeterea
888 1344 1058 1400 conventus
1079 1334 1232 1400 honestus
1262 1337 1442 1421 Syracusis,
1475 1337 1565 1403 multi

204 1435 231 1484 lo
240 1427 360 1512 equites
375 1428 515 1501 Romani,
536 1429 594 1490 riri
608 1430 755 1512 primarii,
778 1449 819 1492 ex
841 1450 904 1516 qua
925 1431 1013 1515 copia
1035 1439 1270 1514 recuperatores
1291 1433 1375 1495 reiici
1396 1441 1565 1517 oporteret,

240 1522 294 1606 qui
321 1520 413 1584 aliter
438 1523 575 1586 iudicare
600 1524 687 1587 nullo
710 1524 804 1587 modo
826 1533 964 1608 possent
1008 1526 1106 1588 Instat
1128 1525 1304 1590 Scandilius
1325 1548 1454 1612 poscere
1475 1548 1565 1592 recu-

238 1623 414 1698 peratores:
447 1623 513 1679 tum
535 1618 594 1680 istc
615 1617 711 1682 homo
733 1619 902 1694 innocens,
926 1621 979 1703 qui
1000 1621 1085 1683 illam
1108 1622 1319 1704 suspicionem
1341 1621 1563 1706 levarentque

238 1709 278 1771 ah
300 1729 333 1773 se
355 1729 517 1775 removere
540 1719 682 1796 cuperet,
709 1722 945 1796 recuperatores
968 1713 1044 1778 dicit
1064 1733 1098 1777 se
1121 1715 1160 1778 de
1183 1715 1310 1778 cohorte
1332 1736 1389 1780 sua
1410 1716 1564 1788 daturum.

239 1804 305 1869 LX.
327 1801 398 1869 437.
420 1807 479 1870 Pro
502 1804 595 1870 deum
616 1806 842 1890 hominumque
864 1804 973 1871 fideml
997 1827 1092 1892 quem
1107 1829 1164 1891 ego
1180 1812 1315 1873 accuso?
1337 1811 1369 1873 in
1385 1831 1448 1894 quo
1464 1830 1565 1875 meam

202 1899 420 1965 ttindustriam
441 1919 477 1965 ac
499 1899 690 1984 diligentiam
712 1902 843 1985 spectari
865 1901 960 1966 volot
984 1902 1060 1986 quid
1083 1911 1140 1978 est,
1164 1903 1248 1987 quod
1271 1923 1329 1986 ego
1352 1903 1487 1967 dicendo
1510 1912 1564 1967 aut

238 1994 405 2076 cogitando
427 1993 553 2058 efficere
575 2002 628 2058 aut
649 1996 776 2079 assequi
798 1995 951 2060 debeam?
973 1999 1090 2071 Teneo,
1113 2006 1214 2071 teneo,
1237 1997 1375 2081 inquam,
1396 1999 1430 2061 in
1451 1999 1564 2062 mediis

237 2089 442 2172 vectigalibus
463 2089 573 2173 populi
593 2091 742 2165 Romani,
771 2093 803 2154 in
825 2091 901 2175 ipsis
922 2091 1074 2154 fructibus
1104 2092 1284 2177 provinciae
1308 2091 1432 2156 Siciliae
1453 2091 1565 2169 iurem,

238 2182 406 2246 manifesto
436 2192 627 2248 avertentem
656 2203 723 2248 rem
750 2184 985 2250 frumentariam
1014 2206 1156 2261 omnem,
1185 2186 1349 2270 pecuniam
1379 2187 1565 2262 maximam;

239 2283 344 2351 teneo,
367 2277 513 2362 inquam,
536 2278 596 2352 ita,
616 2285 652 2341 ut
673 2297 788 2361 negare
810 2299 875 2342 nou
897 2280 1006 2364 possit.
1050 2282 1127 2343 llam
1151 2279 1229 2364 quid
1249 2279 1302 2343 hic
1323 2279 1427 2345 dicet‘l
1465 2283 1566 2366 Spon-

200 2372 286 2436 rosio
318 2371 400 2438 iacta
429 2379 477 2436 est
503 2393 573 2436 cum
603 2373 763 2455 cognitore
785 2380 840 2436 tuo
862 2374 1000 2458 Apronio
1023 2373 1063 2436 de
1084 2373 1217 2438 fortunis
1247 2374 1308 2438 tuis
1336 2378 1498 2450 omnihus,
1531 2377 1565 2439 ui

238 2467 357 2531 socium
378 2474 409 2529 te
432 2466 491 2530 sihi
514 2467 547 2530 in
569 2467 709 2532 decumis
733 2487 802 2532 esse
819 2467 984 2531 dictitaret.
1006 2469 1200 2551 Exspectant
1214 2489 1333 2544 omues,
1356 2477 1491 2552 quantae
1507 2469 1566 2532 tihi

238 2580 275 2625 ea
295 2580 346 2623 res
369 2579 461 2622 curae
483 2561 533 2634 sit,
556 2562 847 2644 quemadmodum
868 2561 1031 2626 hominum
1053 2563 1279 2625 existimationi
1303 2571 1332 2626 te
1355 2572 1450 2648 atquc
1473 2564 1566 2627 inno-

238 2657 373 2719 centiam
395 2662 481 2718 tuam
501 2656 628 2738 probari
651 2657 741 2719 velis.
763 2657 822 2718 llic
845 2665 878 2719 tu
900 2656 1054 2720 medicum
1071 2665 1103 2720 et
1116 2657 1314 2741 haruspicem
1330 2665 1363 2720 et
1376 2677 1565 2742 praeconem

237 2757 324 2814 tuum
348 2758 583 2832 recuperatores
613 2750 720 2822 dahis,
750 2757 803 2814 aut
830 2750 920 2813 illum
946 2751 1040 2814 etiam
1062 2753 1181 2834 ipsum,
1212 2771 1305 2833 quem
1328 2759 1361 2815 tu
1383 2755 1414 2817 iu
1437 2752 1565 2815 cohorte

200 2851 290 2912 cotun
313 2844 495 2908 Cassianum
518 2844 652 2908 iudicem
673 2844 822 2918 hahehas,
845 2845 871 2907 si
896 2865 958 2926 qua
981 2865 1031 2908 res
1054 2845 1154 2909 maior
1176 2852 1273 2919 esset,
1296 2846 1453 2929 Papirium
1474 2846 1566 2909 Pota·

110 2945 134 3054 ό
237 2957 374 3011 monem,
395 2937 556 3001 hominem
580 2959 721 3002 severum
745 2958 783 3001 er
806 2947 912 3001 vetere
935 2939 989 3002 illa
1012 2942 1152 3023 equestri
1168 2940 1356 3023 disciplina?
1390 2938 1565 3002 Scandilius

237 3032 395 3118 postulare
417 3032 457 3095 de
476 3023 637 3097 conventu
657 3040 903 3116 recuperatores.
936 3035 1015 3096 Tum
1037 3035 1096 3097 iste
1118 3042 1212 3116 negat
1233 3054 1267 3097 se
1282 3034 1323 3096 de
1337 3033 1565 3096 existimatione

237 3147 294 3192 sna
314 3125 461 3209 cuiquam
484 3129 545 3191 nisi
567 3128 631 3191 suis
653 3129 902 3192 commissurum.
935 3129 1154 3211 Negotiatores
1177 3129 1236 3191 sihi
1257 3135 1368 3210 putant
1390 3146 1459 3189 csse
1474 3133 1566 3208 turpe

237 3222 268 3288 id
290 3220 394 3284 iorum
416 3221 475 3284 sihi
497 3223 641 3305 iniquum
664 3223 794 3296 eiurare,
816 3223 870 3286 uhi
894 3225 1109 3306 negotientur:
1131 3229 1257 3306 praetor
1270 3222 1464 3306 provinciam
1478 3240 1566 3284 suam

199 3317 298 3382 usihi
319 3323 415 3380 totam
437 3317 578 3401 iniquam
600 3317 709 3380 eiurat.
753 3310 824 3379 438.
852 3317 1081 3401 Impudentiam
1104 3316 1312 3399 singulareml
1347 3317 1406 3379 llic
1428 3315 1566 3398 postulat

237 3432 272 3476 se
294 3413 410 3476 llomae
432 3411 568 3485 absolvi,
598 3411 652 3494 qui
676 3411 707 3474 in
730 3431 788 3474 sua
808 3413 970 3495 provincia
992 3413 1138 3476 iudicarit
1160 3430 1194 3474 se
1216 3411 1335 3475 ahsolvi
1358 3411 1446 3475 nollo
1468 3409 1564 3473 modo

236 3505 349 3590 pessel
382 3506 436 3588 qui
466 3505 538 3589 plus
568 3506 726 3570 existimet
754 3507 836 3589 apud
866 3506 1054 3570 lectissimos
1083 3514 1242 3570 senatores
1271 3505 1438 3588 pecuniam
1467 3523 1562 3588 quam

238 3598 324 3682 apud
346 3606 409 3664 tres
431 3601 643 3682 negotiatores
664 3607 781 3664 metum
802 3599 923 3664 valeret
965 3601 1144 3663 Scandilius
1173 3619 1248 3663 vero
1270 3607 1365 3681 negat
1386 3619 1455 3663 sese
1478 3599 1562 3683 apud

239 3693 473 3762 Artemidorum
494 3701 747 3778 recuperatorem
770 3695 900 3758 verbnm
923 3713 993 3758 esse
1007 3694 1171 3769 facturum,
1194 3702 1226 3757 ct
1244 3702 1349 3757 tamen
1363 3701 1456 3776 auget
1470 3699 1565 3776 atquo

287 4012 311 4061 t.
321 4009 365 4075 Nl]
374 4011 400 4060 in
409 4009 478 4074 4344
488 4011 513 4061 et
522 4012 538 4061 5
546 4009 628 4061 alil-
636 4011 729 4061 coctum
737 4011 763 4060 in
772 4011 823 4061 dec.
834 4009 863 4061 l:
874 4011 901 4060 tn
910 4011 961 4060 dec.
972 4023 1020 4060 soc.
1032 4009 1096 4060 dett.
1108 4009 1137 4059 0.
1148 4036 1175 4046 -
1186 4009 1210 4058 4.
1220 4008 1340 4060 oderom.
1351 4005 1452 4074 6Lag'g.
1463 4010 1564 4062 dett.-

237 4085 373 4136 coemo
383 4085 447 4136 dett.
459 4098 538 4135 nonu.
550 4085 583 4136 ct.
594 4085 618 4150 5.
631 4085 685 4137 446.
699 4113 724 4122 -
736 4089 808 4135 emeat
825 4087 901 4135 tantis
909 4086 974 4135 dett.
988 4085 1016 4136 0.
1030 4111 1057 4121 -
1069 4086 1092 4134 6.
1105 4082 1280 4134 macodo:
1300 4085 1374 4149 [cum]
1392 4097 1472 4136 eremo.
1491 4086 1520 4135 0.
1535 4113 1563 4122 -

236 4165 271 4210 art
288 4157 371 4222 Lgta:
390 4165 451 4210 esset
468 4162 512 4210 ctt.
531 4160 561 4210 0.
581 4161 722 4225 (manifesta
738 4174 778 4210 res
794 4165 859 4220 erat
878 4165 1011 4210 comesset
1028 4173 1099 4209 neno
1117 4158 1154 4220 4.)
1166 4183 1193 4195 -
1206 4160 1267 4221 quio
1284 4159 1366 4222 4344;
1387 4162 1447 4222 onio
1463 4161 1564 4211 hocctt.

236 4237 265 4286 0.
287 4259 314 4272 -
334 4248 360 4286 re
382 4237 480 4286 caduce
500 4236 564 4286 dett.
589 4236 619 4286 0.
640 4263 666 4274 -
686 4237 710 4286 7.
735 4249 766 4285 cc
787 4234 871 4299 4344.
897 4247 951 4286 om.
975 4237 1020 4286 ctt.
1045 4236 1065 4285 0
1095 4261 1122 4270 -—
1141 4235 1165 4283 8.
1191 4235 1251 4295 qula
1275 4237 1348 4284 sciret
1370 4233 1438 4300 4344
1459 4249 1497 4297 φτ
1521 4236 1564 4298 qut

236 4311 340 4362 amaret
356 4311 412 4362 rell.
432 4312 462 4362 0.
478 4338 505 4348 -
521 4312 582 4374 quio
599 4310 667 4375 4344
679 4325 717 4373 φτ
736 4313 780 4375 qni
796 4325 846 4360 aon
862 4309 919 4361 rell.
938 4311 967 4360 0.
983 4336 1010 4346 -
1030 4311 1054 4360 9.
1072 4311 1099 4360 id
1116 4309 1198 4374 4344ε
1215 4311 1254 4358 ilc
1269 4308 1326 4359 rell.
1345 4312 1374 4361 0.
1390 4339 1417 4348 -
1432 4311 1471 4361 40.
1489 4311 1568 4374 recipi

237 4387 302 4438 dett.
315 4413 342 4422 —
355 4389 395 4438 44.
406 4387 488 4438 lectore
497 4393 571 4448 atque
580 4387 611 4437 oh
619 4387 652 4452 sc]
661 4401 751 4437 canere
760 4387 791 4435 ch
801 4400 850 4437 esse
862 4387 905 4449 [ex
915 4386 947 4436 ab
955 4386 1012 4450 sese]
1023 4386 1100 4449 4344.
1111 4413 1136 4423 -·
1149 4386 1188 4436 46.
1199 4391 1267 4436 teneo
1276 4387 1380 4448 taquam
1387 4384 1455 4448 4344
1467 4387 1502 4436 N:
1515 4399 1563 4436 om

238 4460 294 4512 rell.
309 4487 336 4496 -
351 4461 391 4512 47.
410 4463 437 4511 io
452 4463 513 4512 uisis
530 4461 610 4526 4344;
629 4464 656 4512 tn
670 4463 748 4524 tpsius
758 4461 814 4512 rell.
830 4464 906 4526 lagg.
920 4465 1027 4526 praeter
1038 4463 1078 4512 49.
1093 4489 1120 4499 -
1135 4461 1175 4512 48.
1189 4463 1376 4511 comentemu
1395 4461 1465 4524 [item
1477 4459 1563 4525 4344]Ι

237 4537 306 4588 ·sed
317 4537 359 4587 hic
371 4535 445 4588 locus
454 4541 527 4589 extra
537 4539 624 4589 iocum
634 4541 683 4599 est,
702 4542 730 4588 ut
740 4539 765 4602 5.
780 4537 827 4588 464
839 4543 866 4588 et
878 4539 1010 4602 saepius.»
1029 4539 1072 4587 On.
1086 4537 1105 4588 1.
1118 4563 1145 4572 -
1158 4549 1254 4586 manem
1265 4549 1318 4586 om.
1332 4537 1409 4600 4344.
1425 4563 1450 4575 -—
1465 4537 1505 4588 40.
1517 4537 1567 4587 atet

236 4613 319 4665 idern.
333 4637 361 4648 -
372 4613 413 4663 44.
432 4618 455 4663 le
470 4613 516 4664 eidi
532 4613 601 4679 4344
612 4615 632 4664 Β
644 4615 663 4665 C
677 4615 703 4674 l,
718 4613 773 4664 alli:
788 4613 902 4663 setthill.
918 4639 943 4648 ·-
957 4612 1044 4674 quanli
1054 4612 1130 4674 lagg.
1146 4611 1261 4675 (praeter
1278 4609 1327 4672 44.)
1345 4615 1365 4661 Α
1378 4612 1406 4662 Β.
1422 4637 1448 4648 -
1459 4611 1563 4662 lihiom.

235 4689 314 4753 4344.
322 4715 350 4726 -
360 4690 402 4740 44.
412 4690 644 4753 atqueclcqootiom
652 4689 729 4752 4344.
740 4688 814 4740 -44,
824 4689 895 4738 mam
903 4687 1065 4750 cticngli:
1077 4689 1152 4736 etiam
1161 4686 1230 4735 illum
1239 4684 1295 4736 rell.
1306 4686 1335 4736 0.
1345 4686 1420 4737 -aa
1431 4686 1563 4751 sihilgltt

236 4779 289 4816 orn.
308 4762 365 4816 roll.
386 4765 415 4814 0.
431 4791 458 4800 -
478 4764 518 4814 49.
538 4765 623 4826 iniquo
640 4765 719 4814 inemo
735 4764 822 4814 lurore
840 4764 894 4824 (sic)
913 4762 990 4826 4344.
1007 4789 1033 4798 -
1047 4763 1234 4826 aeporiorentnr
1250 4759 1318 4824 4344
1330 4760 1371 4812 48.
1386 4787 1413 4796 -
1426 4774 1499 4810 mm
1509 4772 1563 4812 om.

236 4840 315 4904 4349.
337 4867 363 4877 -
382 4839 422 4889 30.
441 4837 486 4888 sthi
503 4843 582 4889 totam
599 4839 677 4901 4344,
692 4839 757 4898 ΑΒ,
776 4838 831 4889 atil:
855 4843 934 4887 totam
949 4837 994 4886 riht
1016 4835 1067 4896 alii,
1087 4838 1115 4886 0.
1137 4862 1164 4873 -
1183 4843 1262 4887 torem
1283 4837 1476 4897 ihiqwm--rs'
1493 4849 1565 4898 quern

236 4922 370 4966 orotomm
387 4913 412 4978 5.
426 4912 482 4965 444.
500 4927 527 4964 v.
546 4914 577 4963 44
595 4912 677 4963 habet
688 4913 719 4963 V.
734 4939 761 4950 -
774 4915 851 4964 eierat
861 4914 893 4964 V.
909 4939 936 4950 -
948 4913 1128 4973 impudentiam
1144 4912 1212 4975 4344
1223 4912 1259 4962 V:
1278 4925 1293 4962 o
1308 4911 1402 4973 lmpnd.
1421 4908 1476 4960 rell.
1490 4909 1519 4958 0.
1534 4933 1561 4944 -

235 4992 283 5058 hie]
301 4991 328 5040 id
343 4990 378 5048 Ἲς
403 5001 436 5039 an
453 4989 493 5038 ts‘l
513 5015 540 5024 -
559 4987 600 5039 34.
618 4989 737 5038 {admont
753 4989 902 5053 Zumptius:
925 4988 1047 5036 iudicaret
1064 4984 1146 5050 4344;
1169 4988 1289 5037 iudicavit
1304 4986 1360 5038 rell.
1379 4987 1412 5045 Ο,
1434 4984 1513 5034 etlam
1529 4982 1560 5033 V.

237 5067 298 5129 (Er.)
310 5091 337 5100 -
348 5063 441 5115 ohrolol
453 5077 478 5114 se
495 5063 524 5112 V.
544 5063 600 5126 [aut
615 5066 645 5113 ut
655 5064 698 5114 Br.
718 5061 807 5128 legere
822 5063 909 5114 malit:
928 5061 1079 5126 absolutate]
1095 5087 1122 5098 -
1136 5063 1176 5112 34.
1195 5063 1290 5124 cantv
1308 5062 1368 5126 (Bc.)
1387 5062 1415 5112 et
1430 5063 1469 5111 slc
1484 5073 1511 5110 r.
1529 5057 1561 5110 33

235 5139 287 5192 his.
303 5167 330 5182 ·-
348 5145 474 5196 cenchres
490 5151 544 5194 om.
563 5138 641 5208 4344.
657 5166 684 5178 -
697 5138 737 5190 33.
756 5152 782 5190 se
797 5140 828 5190 V.
842 5166 870 5177 -
884 5137 924 5190 34.
942 5143 1015 5204 torpet
1031 5137 1092 5190 cod.
1109 5137 1187 5191 Jaun.
1205 5139 1234 5189 0.
