3578 5862
521 457 595 522 ora.
616 457 831 522 xx-xxn.
860 456 917 542 §a
938 454 1088 521 53-58.
1403 453 1465 522 cas

139 629 316 696 abalienari
350 631 384 693 in
415 627 647 712 Paphlagoniae
676 629 814 691 tenebris
848 635 943 712 atque
978 629 1013 691 in
1050 626 1266 711 Cappadociae
1295 625 1466 690 solitudine

139 725 277 789 licebit?
320 723 371 788 56.
384 723 428 786 'L.
452 722 539 786 Sulla
567 743 638 788 cum
665 724 748 786 bona
777 722 1030 787 indemnatorum
1052 721 1166 786 civium
1186 721 1314 785 funesta
1334 719 1389 783 illa
1410 740 1467 786 sua

139 818 290 882 auctione
318 818 471 882 venderet
499 825 530 880 et
560 838 594 882 se
616 817 764 901 praedam
786 836 872 880 suam
896 817 1014 880 diceret
1034 814 1188 892 vendere,
1218 824 1322 878 tamen
1344 835 1385 876 ex
1405 813 1467 876 hoc

139 912 216 975 loco
231 910 387 986 vendidit,
409 931 483 986 nec,
504 931 638 994 quorum
655 909 762 974 oculos
779 910 972 984 offendebat,
988 930 1096 974 eorum
1111 910 1251 993 ipsorum
1266 914 1468 991 conspectum

139 1006 253 1089 ingere
282 1027 378 1070 ausus
407 1012 475 1069 est:
506 1005 676 1069 decemviri
707 1011 812 1068 vestra
834 1003 996 1086 vectigalia
1017 1023 1083 1067 non
1104 1003 1199 1066 modo
1220 1003 1310 1068 vobis
1332 1001 1492 1077 arbitris,o

140 1101 200 1164 sed
221 1121 263 1163 ne
285 1121 441 1185 praecone
464 1097 592 1182 quidem
614 1098 740 1182 publico
762 1104 842 1160 teste
863 1096 1026 1160 vendenti

228 1193 381 1278 Sequitur
408 1213 509 1256 onnus
531 1210 632 1256 sonos
654 1209 759 1254 nnana
780 1193 915 1255 lranmn
937 1188 1059 1255 infinito
1081 1211 1123 1254 ex
1143 1198 1299 1274 tempore,
1326 1209 1406 1265 non,
1434 1194 1470 1252 ut
1644 1213 1673 1326 ζ

141 1297 252 1362 antea,
283 1288 322 1351 ab
345 1287 433 1351 Sulla
455 1295 487 1350 et
507 1287 655 1369 Pompeio
678 1284 869 1370 consulibus.
915 1281 1059 1368 Cognitis
1080 1285 1306 1358 decemvirum,
1329 1285 1469 1367 privatus

140 1384 185 1446 sit
207 1401 248 1445 an
269 1381 433 1465 publicus:
457 1380 551 1464 eique
574 1398 649 1460 agro
671 1378 804 1460 vectigal
819 1378 995 1462 pergrande
1009 1379 1187 1463 imponitur.
1220 1375 1270 1440 57.
1286 1377 1355 1440 Hoc
1370 1396 1470 1459 quan-

140 1485 209 1540 tum
237 1474 406 1549 iudicium,
438 1493 533 1556 quam
561 1471 808 1546 intolerandum,
837 1492 933 1556 quam
953 1474 1074 1556 regium
1096 1474 1153 1547 sit,
1181 1493 1274 1556 quem
1297 1472 1506 1555 praeterit‘lio

140 1590 254 1653 posse,
278 1569 530 1656 quibuscumque
552 1567 631 1630 locis
651 1567 767 1641 velint,
789 1566 876 1628 nulla
895 1566 1137 1648 disceptatione,
1160 1566 1248 1629 nullo
1262 1565 1394 1630 consilio
1407 1565 1471 1650 pri-

140 1672 215 1726 vata
243 1662 422 1752 pulrlicarc,
450 1661 577 1744 publica
606 1660 761 1723 liberaret
793 1659 960 1742 Excipitur
986 1659 1048 1722 hoc
1079 1659 1180 1744 capite
1210 1661 1340 1742 egerin
1362 1660 1470 1725 Sicilia

139 1757 388 1820 Recentoricus:
419 1775 513 1839 quem
543 1775 601 1836 ego
631 1755 735 1836 excipi
766 1761 798 1816 et
818 1760 946 1836 propter
967 1753 1131 1817 hominum
1153 1754 1417 1819 necessitudinem
1440 1761 1471 1816 et

140 1857 269 1935 propter
288 1849 489 1932 aequitatem,
505 1848 654 1924 Quirites,
678 1849 747 1930 ipse
772 1846 975 1910 vehementer
993 1847 1127 1930 gaudeo.
1154 1847 1218 1910 Sed
1234 1867 1315 1940 quae
1330 1856 1379 1913 est
1392 1848 1470 1911 liaeo

139 1942 360 2027 impudentia?
396 1942 457 2018 Qui
486 1963 594 2025 agrum
617 1942 854 2004 Recentoricum
875 1941 1056 2024 possident,
1087 1948 1240 2006 vetustate
1262 1942 1507 2026 possessioniscu

141 2057 192 2111 se,
214 2057 280 2100 non
301 2037 386 2111 iure,
409 2035 625 2100 misericordia
646 2043 789 2108 senatus,
810 2053 876 2097 non
902 2034 968 2117 agri
987 2035 1171 2099 condicione
1186 2035 1369 2099 defendunt.
1391 2036 1470 2099 Nam

140 2133 230 2195 illum
246 2153 354 2214 agrum
370 2130 531 2214 publicum
548 2149 618 2194 esse
632 2128 785 2193 latentur:
808 2148 842 2190 se
857 2129 978 2192 moveri
995 2129 1266 2214 possessionibus,
1287 2128 1471 2212 antiquissi-

140 2226 202 2289 mis
224 2225 353 2290 sedibus
375 2244 411 2288 ac
434 2224 482 2287 dis
505 2223 687 2307 penatibus,
709 2229 828 2304 negant
847 2229 1002 2304 oportere.
1036 2223 1099 2298 Ac,
1122 2223 1149 2286 si
1168 2230 1216 2287 est
1235 2223 1374 2308 privatus
1396 2242 1472 2305 ager

84 2381 97 2394 ,
141 2320 385 2394 Recentoricus,
407 2317 486 2403 quid
509 2339 580 2382 eum
603 2319 750 2400 excipis‘l
779 2317 828 2380 sin
850 2325 956 2382 autem
977 2316 1141 2401 publicus,
1163 2337 1245 2406 quae
1267 2324 1317 2381 est
1338 2317 1397 2380 ista
1418 2337 1470 2381 ae·

142 2415 263 2498 quites,
293 2420 432 2487 ceteros,
461 2413 556 2476 etiam
579 2412 605 2475 si
626 2412 740 2494 privati
763 2412 840 2487 sint,
870 2411 1109 2496 permitterent
1136 2411 1255 2495 publici
1275 2410 1465 2476 iudicentur:
1478 2426 1507 2476 aa

141 2508 229 2572 hunc
252 2507 400 2590 excipere
423 2505 632 2580 nominatim,
654 2506 710 2590 qui
732 2507 876 2590 publicus
898 2527 968 2570 esse
989 2505 1148 2569 fateatur?
1176 2506 1260 2589 Ergo
1274 2525 1382 2570 eorum
1396 2527 1472 2590 ager

143 2601 313 2685 excipitur,
338 2602 393 2684 qui
415 2599 500 2682 apud
516 2598 644 2662 Rullum
666 2599 773 2683 aliqua
794 2601 917 2664 ratione
939 2599 1123 2664 valuerunt:
1146 2601 1242 2663 ceteri
1262 2601 1329 2683 agri
1350 2618 1469 2677 omnes,

143 2694 199 2777 qui
228 2694 348 2778 ubique
378 2702 466 2769 sunt,
497 2695 566 2757 sine
588 2693 653 2756 ullo
677 2692 818 2769 delectu,
847 2695 916 2758 sine
937 2693 1049 2776 populi
1071 2693 1202 2758 Romani
1225 2694 1372 2770 notione,
1401 2696 1469 2758 sine

143 2787 260 2852 iudicio
290 2794 419 2852 senatus
448 2788 634 2852 decemviris
663 2786 858 2851 addicentur.
901 2788 1002 2850 xxii.
1024 2785 1076 2849 58.
1097 2788 1201 2871 Atque
1223 2788 1318 2852 etiam
1340 2795 1390 2852 est
1409 2789 1470 2852 alia

142 2883 303 2966 superiore
332 2885 449 2967 capite,
480 2903 544 2965 quo
572 2881 677 2945 omnia
699 2890 851 2955 veneunt,
882 2889 1072 2966 quaestuosa
1094 2883 1254 2964 exceptio,
1282 2901 1365 2966 quae
1386 2890 1507 2966 tegetis

143 2995 197 3038 eos
220 2996 330 3059 agros,
353 2975 393 3040 de
416 2976 531 3060 quibus
552 2974 681 3039 loedere
701 2983 827 3040 cautum
848 2982 907 3038 est.
931 2975 1075 3051 indivia,
1097 2975 1179 3038 hanc
1201 2996 1268 3040 rem
1282 2997 1345 3039 non
1368 2997 1387 3040 a
1408 2997 1469 3053 me,

142 3068 199 3133 sed
227 3070 267 3132 ab
289 3071 360 3134 aliis
382 3070 496 3152 agitari
518 3089 613 3152 saepe
636 3069 670 3130 in
692 3077 820 3145 senatu,
851 3087 1089 3152 nonnumquam
1112 3089 1152 3131 ex
1172 3069 1233 3133 lroc
1254 3068 1340 3146 loco,
1368 3071 1471 3155 possi·

143 3162 218 3226 dere
247 3183 340 3247 agros
374 3164 407 3227 in
430 3183 486 3226 ora
506 3163 662 3226 maritima
683 3183 789 3246 regem
810 3162 1041 3247 Hiempsalem,
1071 3183 1151 3246 quos
1173 3164 1206 3225 P.
1227 3162 1392 3228 Africanus
1414 3185 1470 3249 po-

143 3255 219 3338 pulo
241 3256 383 3320 Romano
405 3255 611 3330 adiudicarit,
634 3257 664 3318 ei
686 3264 792 3319 umen
813 3265 924 3339 postea
945 3276 1003 3340 per
1022 3256 1055 3320 C.
1072 3257 1191 3320 Cottam
1213 3257 1376 3322 consulem
1397 3278 1470 3322 can·

145 3357 212 3412 tum
236 3369 307 3414 esse
327 3350 466 3414 foedere.
502 3349 572 3412 Hoc
593 3349 669 3433 quia
682 3369 740 3414 vos
761 3349 874 3414 foedus
889 3371 953 3414 non
966 3351 1136 3425 iusseritis,
1158 3359 1286 3416 veretur
1305 3351 1506 3436 Hiempsalis

144 3451 179 3506 ut
203 3443 280 3507 satis
301 3443 425 3508 firmum
447 3445 488 3508 sit
509 3449 541 3506 et
561 3451 673 3507 ratum.
708 3444 814 3519 Quid?
835 3445 926 3508 cuius
948 3445 1034 3509 modi
1056 3453 1104 3509 est
1124 3445 1229 3510 illuct
1261 3447 1396 3512 Tollitur
1416 3469 1471 3514 ve·
1594 3443 1596 3448 ’

144 3544 241 3604 stnrm
261 3537 430 3615 iudicium;
452 3539 563 3602 foedus
587 3545 685 3602 totum
707 3538 879 3620 excipitur,
902 3539 1132 3623 comprobatur.
1165 3541 1260 3617 Quod
1280 3543 1394 3606 minuit
1415 3563 1471 3607 au·

144 3633 279 3696 ctionem
302 3632 560 3708 decemviralem,
582 3631 698 3709 laudo;
720 3631 807 3717 quod
830 3633 896 3715 regi
918 3635 1019 3697 amico
1040 3642 1144 3710 caret,
1166 3655 1229 3700 non
1251 3637 1469 3720 reprehend03

145 3726 230 3809 quod
250 3746 316 3790 non
338 3727 433 3810 gratis
454 3723 504 3801 lit,
526 3725 642 3790 indico.
674 3725 794 3790 Volitat
815 3725 898 3789 enim
920 3735 993 3791 ante
1015 3727 1125 3792 oculos
1146 3730 1277 3794 istoriam
1291 3731 1369 3794 Iuba
1385 3732 1469 3814 regis

144 3817 246 3896 lilius,
265 3821 450 3886 adolescens
472 3840 538 3884 non
560 3821 664 3886 minus
687 3821 768 3884 bene
790 3827 969 3885 nummatus
990 3842 1085 3906 quam
1105 3823 1188 3888 beno
1208 3825 1386 3909 capillatus.
1477 3846 1506 3895 as
1604 3799 1630 3898 ί

208 4043 233 4097 4.
255 4043 398 4096 aialimari
420 4044 514 4096 EFG:
538 4043 646 4096 aiiecari
666 4041 750 4096 ΑΕΒ.
775 4071 802 4082 ·-
824 4045 978 4108 capadociae
999 4046 1029 4097 Ε.
1050 4072 1076 4085 -
1101 4049 1126 4098 2.
1140 4048 1167 4098 et
1182 4049 1207 4100 8.
1225 4047 1360 4113 rillaEF,
1387 4053 1414 4101 et
1430 4051 1469 4102 sic

144 4118 271 4186 deinceps
288 4121 386 4184 diicat,
404 4121 552 4172 ritiuuouan
568 4123 620 4172 cet.
635 4147 663 4156 -
682 4133 729 4171 sua
744 4121 841 4172 actious
857 4121 890 4182 E;
909 4121 1006 4173 msice
1021 4133 1069 4172 suo
1085 4122 1143 4182 l'Pi
1161 4125 1276 4175 auctions
1291 4137 1339 4177 sara
1354 4123 1467 4180 anso.

146 4221 173 4232 -
191 4195 216 4246 3.
232 4196 339 4248 uenam
359 4198 450 4248 diceret
466 4198 494 4247 i..
514 4221 541 4232 -
570 4198 593 4247 u.
616 4209 667 4246 ooo
686 4196 759 4246 modo
781 4195 849 4246 cobis
864 4194 967 4247 arbitris
982 4196 1152 4248 Lauredsnus
1169 4197 1212 4262 (ad
1228 4197 1311 4250 verba
1327 4199 1396 4250 ordio
1412 4205 1471 4251 teste

145 4271 168 4335 g.
186 4269 238 4336 64.)
257 4273 284 4324 et
300 4271 436 4326 Wollflus:
454 4285 505 4324 coc
520 4273 594 4322 niodo
609 4285 641 4324 uc
656 4273 746 4324 macru
762 4272 824 4336 (om.
837 4271 942 4335 cudens)
960 4271 1064 4323 arturo
1080 4273 1114 4333 Fi
1131 4287 1182 4324 aaa
1197 4275 1270 4325 niodo
1285 4288 1318 4326 us
1332 4274 1401 4326 sotir
1416 4275 1471 4338 qui·

144 4345 198 4396 dein
213 4346 316 4398 utimr
331 4343 475 4400 uitio.
500 4373 528 4384 -
554 4347 579 4398 7.
598 4348 678 4398 omnis
693 4347 723 4398 Ε.
750 4373 777 4382 -
804 4346 828 4397 8.
847 4351 906 4398 aute
921 4346 954 4399 al>
970 4349 997 4399 F.
1018 4375 1045 4385 —
1065 4349 1088 4399 9.
1106 4348 1177 4411 daur
1192 4348 1336 4413 Madvigius
1354 4349 1396 4414 (ad
1413 4351 1467 4400 Cic.
1551 4351 1552 4355 ’

145 4420 177 4471 de
194 4422 267 4474 Flnn.
285 4435 313 4488 p.
326 4424 408 4487 688.):
425 4425 510 4486 sicque
526 4425 617 4475 ceteri.
631 4451 658 4461 -
676 4424 783 4488 emtipoi
796 4423 939 4488 perpracde
956 4422 988 4473 E:
1004 4424 1149 4487 puerariis
1164 4424 1271 4489 vectigal
1287 4424 1426 4478 FALRO.
1439 4450 1466 4459 -

144 4494 201 4561 Hoc]
218 4496 258 4548 liic
273 4497 303 4548 Ε.
324 4523 352 4534 ·-
372 4499 414 4549 ii.
429 4499 540 4564 putea]
555 4499 656 4562 metica
671 4513 695 4548 r.
710 4512 738 4562 p.
757 4500 777 4549 E
795 4501 827 4559 P;
842 4498 945 4562 pusca
957 4510 985 4559 p.
1004 4499 1032 4548 n.
1051 4497 1257 4558 Mommsenius;
1276 4513 1331 4553 om.
1350 4503 1376 4552 Ρ.
1397 4529 1423 4538 -
1442 4503 1470 4552 iu

146 4581 198 4622 om.
214 4571 331 4625 EFPA.
350 4573 457 4625 Addidit
467 4574 614 4639 Naugerius
625 4574 652 4624 in
663 4573 706 4624 ed.
719 4574 821 4626 Aldina.
840 4576 912 4640 (oper
922 4574 1022 4624 Siciliae
1033 4575 1072 4638 Τ.)
1083 4599 1110 4610 -
1125 4573 1165 4626 44.
1176 4574 1229 4638 ipss
1239 4577 1380 4627 Gruterus:
1398 4589 1471 4639 saepe

146 4646 175 4710 (a.
192 4646 256 4710 rape)
273 4646 422 4710 Ellam
440 4663 499 4700 sans
516 4661 578 4700 cnm
589 4649 745 4700 Lauredanc
756 4651 785 4700 L.
800 4675 828 4686 -·
846 4661 911 4710 quac
926 4653 962 4700 est
982 4650 1043 4700 iaec
1058 4649 1213 4712 modestia
1227 4651 1388 4716 Madvigius:
1406 4665 1470 4713 quae

144 4723 203 4774 laec
222 4725 377 4788 inpidmtia
398 4726 441 4777 ed.
465 4727 581 4784 lunone,
607 4726 668 4787 quid
687 4727 748 4776 iaec
767 4725 921 4788 impudentia
942 4726 1032 4785 EFA3
1058 4727 1119 4787 quid
1138 4726 1184 4777 hec
1204 4726 1370 4790 modestice
1390 4727 1418 4776 T.
1439 4751 1466 4764 -

147 4799 185 4848 44.
203 4800 369 4850 maun
384 4801 414 4852 E.
434 4827 461 4838 -
476 4801 639 4865 posessione
655 4801 684 4852 Ε.
705 4827 732 4840 -
752 4801 792 4850 ii.
810 4813 835 4850 rc
850 4800 954 4863 moueri]
970 4800 1106 4852 manuari
1121 4802 1156 4862 P;
1178 4802 1220 4853 aad
1234 4802 1329 4853 moeni
1345 4811 1407 4852 cum
1424 4799 1468 4850 ed.

146 4871 236 4924 Aldina
253 4871 284 4934 s;
307 4876 350 4925 scd
365 4889 390 4926 ss
405 4878 500 4928 moaci
516 4877 544 4927 i..
565 4899 592 4913 -
616 4875 793 4940 antiquissimis
812 4873 997 4927 Lauredanus:
1023 4888 1042 4924 a
1056 4875 1176 4926 macimis
1191 4877 1225 4936 Ε;
1248 4875 1418 4927 mucianus
1433 4875 1468 4936 P;

147 4947 301 4998 unianimo
321 4949 462 5005 FALRO.
487 4977 515 4990 -
537 4950 578 5003 48.
597 4965 628 5002 ac
643 4951 733 5002 EFA:
756 4955 784 5000 at
800 4961 863 5000 cum
880 4949 922 5000 ed.
940 4949 1043 5000 lantiam
1058 4949 1143 5004 iio.
1163 4975 1192 4988 -
1212 4950 1253 5001 ii.
1271 4951 1359 5013 aliqum
1372 4946 1470 5001 usdri-

147 5025 215 5088 gius:
242 5025 298 5075 aiio
318 5026 409 5078 ceteri.
433 5053 460 5064 -
483 5027 524 5079 is.
541 5027 595 5079 dm
614 5027 675 5092 post
695 5040 721 5078 v.
739 5031 797 5077 armi
817 5037 870 5076 om.
889 5027 918 5077 E.
938 5050 965 5061 —
990 5025 1080 5077 deletu
1096 5026 1126 5077 Ε.
1149 5052 1177 5063 ·-
1203 5026 1304 5076 aarum
1325 5026 1466 5089 (superscr.

146 5097 192 5150 litt.
210 5100 233 5164 ο)
251 5101 281 5152 Ε.
301 5127 329 5142 -
346 5103 389 5154 at.
407 5105 476 5169 upat
491 5103 524 5164 Τ;
549 5103 609 5168 tecit
625 5113 686 5154 cnm
704 5105 732 5154 Ρ.
750 5101 866 5152 uanutn
883 5102 912 5151 l..
931 5125 959 5138 -
984 5100 1024 5152 29.
1044 5102 1067 5154 ci
1081 5099 1240 5154 Lambinus:
1258 5105 1282 5153 et
1297 5096 1467 5154 eicite.

149 5173 184 5226 Cf·
201 5175 222 5225 1·
242 5174 267 5240 g·
286 5177 327 5228 Η·
347 5203 375 5215 '-
394 5177 435 5232 uc
452 5177 515 5230 Iuba
531 5177 717 5231 Lauredanusl
733 5175 809 5230 Im
825 5172 938 5230 Efst·
1014 5203 1025 5222 ⁰
1302 5211 1305 5220 .

187 5263 360 5319 comosa.
1215 5269 1257 5339 40
