3642 5862
434 511 501 577 un.
523 511 560 576 v.
590 509 663 576 cn.
684 505 970 574 sxxr-sxxu.
998 503 1054 590 ss.
1075 501 1267 570 asu-rsa
1449 493 1505 564 ul

201 682 318 744 lautem
329 699 399 744 essa
413 688 596 763 cognorunt,
611 678 791 743 existiment
803 678 837 740 in
851 678 890 741 iis
904 676 1095 752 hominihus,
1110 697 1243 761 quorum
1258 694 1318 759 ego
1324 673 1511 738 ‘inimicitias

201 773 311 858 populi
332 773 464 836 Romani
486 774 595 839 salutis
617 792 710 837 causa
730 791 913 854 suscepero,
925 830 927 835 s
941 771 1038 836 multo
1059 771 1232 854 graviorem
1252 778 1346 854 atque
1360 769 1512 832 acriorem

199 867 348 931 tirturum.

284 961 411 1023 LXXII.
442 956 514 1024 llil.
543 965 633 1026 Nunc
655 969 704 1037 te,
726 961 868 1044 luppiter
888 959 1012 1045 Optime
1033 959 1185 1033 Maxime,
1206 959 1295 1022 cuiua
1315 960 1374 1021 iste
1395 955 1513 1020 donum

200 1054 317 1138 regale,
340 1055 469 1137 dignum
491 1062 545 1119 tuo
566 1056 777 1139 pulcherrimo
798 1055 925 1137 templo,
947 1054 1076 1137 dignum
1092 1052 1245 1136 Capitolio
1259 1058 1353 1136 atque
1367 1049 1428 1114 lsta
1442 1057 1537 1114 aluei

199 1149 340 1215 omnium
361 1150 539 1224 nationum,
569 1148 698 1233 dignum
719 1149 807 1232 regio
827 1167 973 1222 munere,
1001 1147 1055 1209 tibi
1084 1147 1201 1210 factum
1217 1147 1261 1225 'ab
1288 1145 1429 1228 regilius,
1457 1143 1515 1206 tibi

201 1243 340 1307 dicatum
362 1250 458 1326 atque
479 1244 678 1327 promissum,
700 1263 756 1327 per
776 1242 929 1305 netarium
944 1240 1048 1304 scelus
1062 1240 1103 1303 ‹le
1117 1241 1262 1304 manibus
1276 1240 1370 1322 regiis
1384 1237 1518 1302 extorsit

201 1339 354 1421 cuiusque
385 1337 615 1400 sanctissimum
643 1345 676 1400 et
699 1336 943 1420 pulcherrimum
965 1334 1165 1398 simulacrum
1188 1335 1351 1418 Syracusis
1372 1332 1514 1396 sustulit:

199 1439 314 1514 teque,
348 1430 428 1493 luno
448 1429 573 1512 regina,
603 1432 691 1493 cuius
715 1430 776 1493 (luo
798 1429 870 1493 lana
892 1428 1013 1492 duabus
1034 1427 1068 1490 in
1090 1427 1203 1490 insulis
1223 1428 1329 1512 posita
1350 1427 1515 1500 sociorum,

198 1524 325 1589 Melitae
347 1531 378 1586 et
401 1524 500 1597 Sami,
531 1523 726 1587 sanctissima
754 1530 786 1587 at
812 1523 1049 1606 antiquissima,
1078 1523 1172 1585 simili
1198 1521 1316 1585 scelere
1341 1521 1426 1584 idem
1454 1520 1515 1584 iste
1524 1539 1552 1587 11
1640 1497 1670 1588 ὅ

200 1607 345 1683 omnilrus
366 1617 457 1681 donis
480 1618 735 1702 ornamentisque
758 1617 904 1680 nudavit:
931 1625 1041 1700 teque,
1064 1617 1220 1691 Minerva,
1243 1635 1338 1700 quam
1359 1615 1434 1678 item
1453 1615 1516 1676 iate

199 1713 324 1776 duobus
346 1712 379 1773 in
395 1710 576 1774 clarissimis
592 1719 624 1774 et
635 1711 879 1794 religiosissimis
894 1712 1019 1794 templis
1035 1710 1186 1794 expilavit
1200 1710 1341 1784 Athenis,
1362 1730 1432 1772 cum
1447 1704 1515 1771 auri

199 1804 317 1888 grande
338 1803 473 1888 pondus,
496 1804 669 1888 Syracusis,
691 1825 762 1867 cum
785 1805 889 1867 omnia
910 1813 1034 1888 praeter
1047 1811 1164 1868 tectum
1178 1811 1210 1868 et
1223 1805 1358 1888 parietes
1373 1803 1516 1868 obstulit:

201 1895 274 1961 485.
296 1904 400 1980 teque,
413 1875 542 1988 (Latona
564 1905 595 1960 et
609 1899 722 1982 Apollo
741 1905 772 1960 et
784 1899 894 1972 Diana,
916 1918 1053 1986 qupnpm
1074 1899 1134 1962 iste
1147 1899 1218 1962 Deli
1231 1917 1297 1962 non
1310 1895 1431 1988 fanum)
1450 1895 1515 1970 sed,
1609 1855 1729 1978 alst,

181 1988 235 2072 (ut
248 1993 410 2056 hominum
424 1991 534 2074 opinio
549 1997 582 2053 et
595 1992 706 2074 religio
721 1979 914 2088 lpfflsedem
929 1993 1088 2075 antiquam
1103 1993 1309 2077 divinumque
1322 1991 1515 2055 domicilium
1525 2005 1553 2056 11
1593 2021 1679 2084 (2.

199 2093 353 2151 nocturno
375 2083 540 2150 latrocinio
561 2093 655 2169 atque
676 2087 795 2169 impetu
809 2085 1006 2168 compilarit:
1029 2087 1122 2150 etiam
1137 2093 1178 2160 te,
1199 2086 1324 2170 Apollo,
1345 2105 1440 2168 quem
1454 2083 1515 2147 iste

200 2181 278 2243 Chio
300 2179 444 2243 sustulit:
476 2184 571 2262 teque
594 2181 687 2242 etiam
709 2185 804 2262 atque
826 2180 935 2253 etiam,
963 2180 1078 2254 Diana,
1107 2199 1201 2263 quam
1222 2180 1347 2262 Pergae·
1360 2177 1516 2262 spoliarit,

198 2275 287 2338 cuius
300 2274 500 2337 simulacrum
516 2273 745 2337 sanctissimum
758 2274 916 2355 Segestae,
931 2272 977 2335 bis
992 2273 1075 2357 apud
1089 2273 1278 2356 Segestanos
1293 2279 1515 2345 consecratum,

198 2367 295 2432 semel
317 2367 455 2452 ipsorum
475 2366 638 2449 religione,
660 2365 772 2430 iterum
792 2369 826 2429 P.
841 2365 980 2428 Africani
1002 2367 1142 2442 victoria,
1163 2366 1337 2430 tollendum
1351 2373 1516 2450 asportan·

197 2462 337 2545 dumque
353 2461 490 2524 curarit:
512 2467 617 2543 teque,
631 2460 775 2534 Mercuri,
791 2479 886 2544 quem
896 2461 1010 2523 Verres
1024 2460 1057 2522 in
1073 2460 1168 2523 domo
1184 2468 1215 2524 et
1229 2462 1262 2523 in
1276 2462 1397 2544 privata
1410 2458 1552 2541 aliquatu

196 2554 351 2640 palaestra
373 2554 488 2637 posuit,
510 2556 544 2616 P.
559 2553 722 2617 Africanus
743 2555 776 2616 in
796 2553 875 2616 urbe
897 2555 1051 2618 sociorum
1073 2561 1106 2616 et
1125 2553 1158 2616 in
1180 2554 1341 2638 gymnasio
1363 2551 1516 2636 Tyndari·

196 2656 341 2712 tanorum
357 2648 528 2711 iuventutis
542 2648 667 2712 illorum
682 2647 844 2711 custodem
858 2665 896 2709 ac
909 2646 1086 2729 praesidem
1100 2647 1202 2710 voluit
1216 2667 1301 2711 esse:
1323 2641 1394 2708 186.
1411 2655 1516 2729 teque,

196 2741 366 2815 Hercules,
397 2761 492 2824 quem
521 2741 581 2803 iste
602 2741 763 2824 Agrigenti
790 2747 885 2804 nocte
913 2741 1101 2823 intempesta
1129 2761 1290 2806 servorum
1310 2742 1464 2805 instructa
1484 2746 1517 2801 et

196 2841 374 2918 comparata
394 2852 488 2897 mauu
511 2833 687 2897 convellere
716 2853 756 2897 ex
789 2833 854 2897 suis
884 2833 1012 2898 sedibus
1039 2841 1134 2919 atque
1156 2835 1279 2898 auferre
1301 2841 1432 2898 conatus
1453 2840 1515 2898 est:

195 2937 309 3012 teque,
340 2928 538 2991 sanctissima
565 2935 663 2991 mater
689 2928 799 3002 idaea,
828 2947 924 3011 quam
952 2927 1035 3012 apud
1057 2930 1104 2992 En
1148 2930 1220 2992 inos
1241 2929 1462 3013 augustissimo
1485 2933 1554 2998 etas

196 3023 433 3104 religiosissimo
463 3023 495 3084 in
525 3022 644 3105 templo
673 3022 718 3085 sic
747 3021 913 3104 spoliatam
939 3022 1086 3106 reliquit,
1103 2949 1153 3090 lunt
1173 3044 1258 3086 nunc
1282 3044 1398 3089 nomen
1422 3023 1516 3086 modo

195 3114 335 3212 Africani
357 3122 390 3177 at
411 3117 541 3198 vestigia
554 3117 690 3179 violatae
704 3115 867 3198 religionis
881 3099 1053 3209 mangantl
1059 3124 1262 3182 monumenta
1274 3117 1424 3182 victoriae
1438 3116 1518 3180 iani·
1584 3167 1655 3248 Α

199 3228 262 3292 que
285 3216 469 3273 ornamenta
490 3229 554 3271 non
577 3214 717 3298 exstent:
738 3228 871 3290 vosque,
893 3209 1033 3272 omnium
1048 3230 1151 3274 rerum
1166 3211 1348 3286 sorensium,
1369 3211 1518 3274 consilio·
1603 3227 1633 3264 Α

197 3325 267 3368 rum
289 3302 515 3376 maximorum,
546 3302 650 3384 legum
672 3301 924 3384 iudiciorumque
946 3301 1054 3365 arbitri
1077 3310 1109 3365 et
1129 3310 1236 3380 testes,
1258 3303 1462 3374 celeberrimo
1483 3304 1517 3366 in
1617 3297 1650 3400 ί

198 3398 269 3460 loco
291 3393 401 3479 populi
416 3397 549 3460 Romani
570 3395 675 3468 locati,
699 3395 808 3458 Castor
802 3401 861 3482 ..Pl
874 3394 998 3469 Pollux,
1021 3397 1155 3479 quo'rum
1178 3419 1196 3460 e
1218 3399 1335 3480 templo
1352 3403 1553 3480 quaestumec
1608 3432 1666 3502 ἑ

197 3493 257 3554 iste
278 3488 338 3553 sibi
361 3496 393 3550 et
413 3489 561 3572 praedam
583 3488 845 3572 improbissimum
867 3491 1071 3570 comparavit:
1095 3511 1267 3575 omnesque
1290 3491 1338 3565 di,
1361 3491 1416 3574 qui
1428 3489 1517 3552 vehi·

198 3585 276 3647 culis
297 3590 457 3646 tensarum
479 3581 649 3646 sollemnes
671 3587 780 3644 coetus
795 3582 942 3644 ludorum
956 3582 1054 3658 initis,
1077 3605 1211 3668 quorum
1226 3587 1286 3649 iter
1299 3585 1359 3648 isto
1371 3585 1411 3647 ad
1425 3603 1517 3646 suum
1559 3606 1561 3610 ·

198 3683 373 3762 quaestum,
395 3694 460 3736 nou
484 3675 522 3736 ad
545 3675 733 3758 religionum
748 3675 941 3760 dignitatem,
963 3675 1145 3740 faciundum
1159 3678 1413 3762 exigendumque
1427 3695 1517 3740 eura·

196 3770 256 3834 vit:
280 3765 352 3832 ⁴87.
374 3751 596 3862 tegue,(Ceres
618 3777 649 3831 et
664 3769 788 3844 libera,
809 3789 944 3854 quarum
959 3761 1067 3857 sacru)
1078 3773 1159 3835 sicut
1173 3773 1341 3855 opiniones
1354 3771 1516 3835 hominum
1579 3777 1695 3852 legg,

197 3885 234 3928 ao
256 3865 425 3948 religiones
448 3863 562 3958 scrupi,
584 3863 678 3947 longe
699 3855 961 3948 maximisftq'ue
975 3865 1193 3930 occultissimis
1209 3867 1402 3931 caerimoniis
1418 3866 1553 3936 conti-ss

196 3966 320 4032 nentur,
343 3977 361 4020 a
383 3957 497 4042 quibus
518 3957 608 4021 initia
626 3957 709 4020 vitae
724 3964 819 4041 atque
833 3959 944 4033 victus,
965 3977 1099 4034 morum,
1120 3960 1235 4043 legum,
1257 3958 1516 4034 mansuetudinis,

196 4051 402 4116 humanitatis
432 4051 612 4115 hominihus
641 4060 672 4115 et
700 4051 878 4115 civitatibus
908 4051 981 4115 data
1009 4071 1045 4115 ac
1075 4053 1238 4136 dispertita
1264 4075 1334 4118 esse
1356 4055 1515 4130 dieuntur;

197 4166 329 4230 quarm
344 4164 433 4209 sacra
447 4145 585 4229 populus
599 4146 757 4210 Romanus
772 4165 791 4208 a
803 4145 930 4208 Graecis
944 4145 1065 4210 adscita
1079 4154 1111 4210 et
1124 4155 1251 4230 accepta
1264 4155 1350 4212 tanta
1362 4148 1515 4231 religione
1616 4179 1620 4186 ·

262 4379 285 4428 1.
304 4378 385 4428 iieL:
412 4377 496 4426 listi.
516 4403 544 4414 —
564 4375 763 4440 Aluppitcrli:
785 4377 880 4440 Iupiter
897 4378 926 4428 0.
946 4405 973 4415 —
993 4380 1125 4442 quoiusR.
1145 4381 1215 4432 -1,
1234 4379 1515 4447 demonibusreptiai

196 4455 224 4505 et
239 4454 307 4518 Lgill
325 4453 381 4516 (sed
398 4453 441 4503 hle
457 4452 547 4517 regist:
567 4453 597 4503 de
611 4452 694 4502 manis
708 4451 808 4516 regibus
823 4453 857 4510 lli
876 4453 906 4501 de
920 4456 1019 4518 maguis
1034 4455 1133 4520 regibus
1149 4457 1185 4506 Gt
1201 4455 1263 4517 LA,
1285 4457 1315 4508 de
1329 4459 1429 4523 mugcis
1443 4457 1516 4508 rehtu

196 4529 248 4587 Gl;
275 4528 525 4592 serenissimum
547 4527 611 4578 dett.
630 4529 659 4578 0.
680 4555 705 4564 -
725 4529 838 4578 aetorcu
858 4528 878 4578 11
895 4541 934 4592 pr.
954 4541 990 4579 m.
1010 4555 1037 4565 -
1057 4531 1097 4580 11.
1115 4531 1234 4582 1111111111
1254 4531 1290 4583 Gli
1307 4534 1334 4582 et
1349 4532 1430 4597 Lgli:
1456 4533 1515 4583 tien

196 4605 217 4655 li
236 4602 341 4667 [rectc];
364 4601 490 4653 11111111.
510 4629 537 4638 -
557 4603 599 4652 13,
617 4603 714 4652 sustulit
731 4604 807 4666 lagg.
825 4601 890 4653 dett.
910 4631 938 4641 -
958 4603 997 4655 11.
1015 4605 1118 4655 wana
1132 4607 1162 4657 li.
1182 4631 1209 4644 -·
1229 4607 1269 4658 16.
1287 4609 1421 4671 conplicuit
1436 4610 1466 4660 11.
1484 4633 1512 4646 -·

112 4722 114 4732 .
196 4693 269 4740 quem
284 4677 373 4728 uectio
389 4678 486 4728 seruiit
502 4679 531 4728 li.
547 4679 629 4728 -19,
648 4677 746 4743 umen]
763 4680 822 4728 uun
837 4680 915 4742 Lagg.
933 4682 1040 4744 praeter
1055 4680 1252 4744 12.-Ρ.]Ρ11.
1270 4683 1299 4733 11.
1313 4709 1340 4720 ·-
1359 4684 1399 4734 30.
1417 4683 1514 4748 alique]

196 4755 285 4816 aitqua
300 4755 329 4804 a.
349 4779 376 4788 -
395 4753 436 4802 at.
451 4754 537 4816 pontu
551 4765 604 4804 om.
623 4754 652 4804 li.
671 4779 698 4788 —
718 4751 759 4804 ni.
778 4767 811 4803 ac
829 4766 883 4804 om.
901 4754 953 4814 113;
980 4767 994 4805 e
1010 4755 1078 4806 coni.
1097 4757 1201 4822 Zumpt.
1220 4783 1248 4794 -
1266 4759 1307 4808 tt.
1326 4770 1416 4822 caunos
1435 4759 1464 4809 a.
1483 4783 1511 4794 —

195 4829 236 4880 tu.
255 4829 282 4877 io
298 4841 352 4878 om.
370 4827 415 4878 113.
435 4855 462 4864 -
481 4829 523 4879 27.
540 4829 653 4892 Africani
670 4843 723 4880 om.
742 4829 819 4892 Lgtti.
836 4855 863 4864 -
881 4830 1049 4890 uuwriaeque
1064 4822 1213 4884 muenia
1228 4833 1347 4897 13311-
1364 4834 1406 4884 29.
1424 4831 1513 4898 11911111]

194 4905 318 4966 relicuum
334 4903 379 4954 113.
400 4927 427 4940 -
447 4901 487 4953 30.
503 4917 562 4966 pop.
580 4903 661 4969 licm.]
678 4903 803 4966 praetorii
821 4904 884 4954 dett.
904 4931 931 4939 -
950 4903 991 4955 31,
1010 4905 1056 4954 sibi
1070 4907 1115 4956 iste
1131 4906 1194 4957 dett.
1214 4909 1243 4958 0.
1264 4935 1290 4943 —
1308 4907 1515 4971 inprobissimis

195 4977 232 5029 113
250 4977 342 5042 (Meda.
360 4990 387 5041 p.
407 4977 488 5042 ⁴311:
507 4979 731 5040 inprouisisrimcm
747 4980 781 5037 a;
800 4981 942 5029 mammam
957 4977 1136 5041 inmotusime
1152 4981 1215 5032 deu.
1235 4983 1264 5033 0.
1277 5008 1305 5018 -
1317 4996 1421 5045 conpar.
1440 4983 1468 5031 11.
1483 5007 1510 5017 -

196 5051 237 5102 31.
256 5052 398 5101 limatum
413 5051 527 5102 columis
543 5053 571 5103 a.
592 5078 618 5088 -
637 5053 714 5115 tuuis]
730 5053 825 5103 inuuu
839 5055 868 5104 11.
888 5080 915 5089 -
934 5055 983 5104 istu
998 5056 1027 5105 li.
1042 5081 1069 5090 -—
1088 5055 1129 5107 33.
1146 5071 1198 5107 nou
1213 5069 1266 5108 cm.
1285 5058 1314 5108 11.
1329 5082 1355 5090 -
1368 5055 1514 5118 faciundum

195 5127 215 5177 11
228 5127 277 5176 Gt:
295 5127 437 5190 secundun
453 5129 498 5176 ctt.
513 5128 541 5178 0.
556 5153 583 5162 -
597 5128 781 5191 manuumque
796 5131 846 5189 Gi;
864 5131 1108 5192 menumquam.
1123 5159 1150 5168 -
1164 5133 1205 5184 36.
1223 5132 1313 5199 upum,
1330 5143 1429 5182 mor-reu
1446 5131 1510 5184 usu.

195 5201 225 5253 0.
244 5226 271 5236 -
291 5201 330 5252 31.
348 5201 510 5254 tumuitutis
525 5202 639 5270 meopte
654 5203 745 5259 luein.
766 5204 830 5258 dett.
849 5206 877 5256 0.
896 5229 924 5242 -
942 5206 1055 5272 &sporta
1070 5207 1148 5275 lagg.
