3684 5862
528 446 602 510 cn.
624 446 915 512 ssu-mun.
942 444 999 530 §t-
1021 440 1211 512 rea-ses.
1491 443 1533 510 or

212 611 326 704 domus
347 611 595 691 baecbabenda
615 623 664 680 est
683 617 791 700 potius
813 637 909 702 quam
930 615 1059 694 officina
1079 617 1242 701 nequitiae
1263 636 1301 680 ae
1315 617 1534 681 deversorium
1585 575 1720 665 M

211 707 402 790 flagitiorum
425 705 601 808 omnium.)
619 705 692 774 ⁴35.
720 713 792 795 lpse
814 732 890 776 vero
913 710 1180 796 quemadmodum
1202 703 1383 794 composito
1402 709 1535 775 44444Ιί-

210 802 288 866 buto
322 804 440 887 capillo
473 806 592 888 passim
619 826 678 888 per
704 805 809 870 iorum
830 807 941 869 volitet
963 825 1035 870 eum
1055 825 1169 888 magna
1191 811 1316 870 caterva
1337 812 1533 888 togatorum,

211 896 343 972 videtis,
365 897 504 975 iudices;
529 896 637 983 [etiam
659 901 790 976 videtis,
812 901 935 964 iudices
943 895 964 982 ‚]
994 906 1031 962 ut
1052 920 1161 963 omnes
1184 899 1352 984 despiciat,
1374 907 1411 963 ut
1430 899 1534 964 bomi-

210 1009 284 1053 nem
304 1011 382 1074 prae
404 1011 438 1056 se
452 993 612 1057 neminem
627 1001 731 1078 putet,
753 1001 790 1058 ut
807 1017 841 1058 se
858 995 961 1058 solum
974 994 1116 1069 beatum,
1138 994 1242 1058 solum
1255 1000 1419 1078 potentem
1433 999 1534 1077 putet.
1555 993 1571 1041 ὓ

212 1085 399 1161 Quaerere
422 1084 539 1151 efficiat
560 1095 592 1151 et
614 1108 696 1171 quae
718 1095 868 1163 conetur,
891 1089 918 1151 si
940 1088 1036 1151 velim
1050 1108 1313 1165 commemorare,
1335 1107 1464 1162 vereor,
1485 1088 1535 1150 iu·

211 1179 315 1254 dices,
337 1199 378 1244 ne
400 1181 473 1263 quis
494 1181 672 1264 imperitior
695 1184 870 1259 existimet,
892 1203 942 1246 me
964 1203 1092 1246 causam
1113 1182 1290 1246 nobilitatis
1303 1181 1535 1264 victoriamque

209 1273 350 1338 voluisse
372 1273 515 1338 laedere:
548 1277 675 1340 tametsi
696 1298 768 1341 meo
790 1277 860 1340 iure
881 1296 1030 1360 possum,
1060 1278 1087 1341 si
1109 1277 1187 1361 quid
1208 1277 1242 1340 in
1262 1278 1322 1341 bac
1343 1283 1433 1360 parte
1455 1273 1534 1337 mlbi

209 1388 275 1432 non
303 1369 444 1452 placeat,
471 1370 663 1452 vituperare.
705 1373 777 1434 Non
807 1372 892 1435 enim
914 1391 1027 1435 vereor
1057 1392 1097 1435 ne
1126 1372 1198 1456 quis
1225 1371 1364 1436 alienum
1394 1388 1444 1432 me
1466 1367 1536 1431 ani-

209 1481 297 1524 mum
317 1462 466 1526 babuisse
488 1483 508 1527 a
530 1482 625 1526 eausa
643 1464 819 1528 nobilitatis
835 1465 1004 1528 existimet.
1048 1465 1173 1529 XLVII.
1194 1461 1267 1529 436.
1291 1464 1403 1528 Sciunt
1416 1463 1456 1538 ii,
1478 1461 1572 1546 quio

210 1574 261 1618 me
282 1563 418 1631 norunt,
445 1577 496 1620 me
524 1577 584 1640 pro
606 1557 662 1620 illa
682 1559 771 1621 tenui
793 1555 981 1643 iufirmaque
1003 1567 1109 1642 parte,
1138 1565 1346 1643 posteaquam
1368 1557 1417 1632 id,
1432 1607 1435 1614 .
1448 1555 1535 1642 quod

210 1649 348 1712 maxime
369 1649 475 1725 volui,
497 1645 566 1714 fieri
587 1669 653 1713 non
674 1652 793 1734 potuit,
816 1659 852 1715 ut
865 1659 1127 1735 componeretur,
1147 1653 1181 1715 id
1194 1653 1332 1716 maxime
1346 1650 1536 1724 defendisse,

202 1750 247 1806 ut
268 1741 292 1804 ii
315 1742 494 1818 vincerent,
517 1743 574 1828 qui
595 1745 749 1807 vicerunt.
794 1745 873 1821 Quis
896 1747 981 1810 enim
1003 1754 1086 1822 erat,
1114 1746 1171 1831 qui
1199 1765 1265 1810 non
1285 1746 1406 1810 rideret
1432 1742 1536 1806 bumi-

210 1835 334 1899 litatem
356 1856 428 1899 cum
452 1837 605 1919 dignitate
626 1840 665 1902 de
687 1839 896 1922 amplitudine
913 1839 1128 1905 contenderet
1150 1859 1215 1924 quo
1230 1840 1264 1902 in
1279 1839 1450 1903 certamine
1464 1856 1537 1920 per·
1670 1875 1691 1916 ,v
1723 1887 1743 1911 λ

211 1929 269 1992 dili
292 1929 371 1994 civis
385 1938 454 1994 erat
466 1951 533 1994 non
547 1951 581 1995 se
596 1932 637 1996 ad
652 1953 708 1997 eos
722 1925 897 2015 iungere(
891 1934 1008 2018 quibus
1023 1933 1237 1997 incolumibus
1252 1939 1286 1996 et
1299 1933 1386 1996 domi
1400 1931 1536 2014 dignitas
1545 1938 1574 1986 ⁴⁵
1612 1903 1753 1982 Μ

211 2031 245 2086 et
264 2023 343 2088 loris
364 2026 535 2090 auctoritas
556 2027 771 2124 retineretur.)
800 2027 890 2103 Quae
917 2029 1058 2111 perfecta
1079 2047 1149 2092 esse
1172 2035 1205 2090 et
1213 2022 1319 2113 (suum
1341 2025 1458 2110 cuique
1478 2025 1538 2088 bo·
1615 2072 1642 2098 ,
1659 2039 1665 2048 ’
1681 2023 1698 2048 '¹'

211 2137 323 2181 norem
345 2125 377 2182 et
398 2120 530 2202 gradun
551 2117 710 2210 redditum
732 2116 884 2212 gaudeo,)
892 2123 1031 2198 iudices,
1053 2123 1323 2205 vehementerque
1343 2120 1462 2194 laetor,
1485 2137 1538 2182 ea·
1664 2108 1671 2118 ’

212 2234 276 2297 que
298 2213 405 2278 omnis
426 2214 560 2278 deorum
580 2215 760 2291 voluntate,
783 2217 889 2280 studio
904 2217 1018 2300 populi
1031 2217 1182 2292 Romani,
1206 2216 1340 2280 consilio
1356 2221 1389 2278 et
1401 2213 1536 2297 imperio

211 2315 244 2371 et
269 2307 421 2371 felicitate
448 2309 484 2370 Ι..
504 2309 615 2372 Sullae
643 2319 732 2392 gesta
759 2329 829 2374 esse
857 2311 1012 2393 intelligo.
1060 2306 1133 2374 437.
1164 2310 1259 2386 Quod
1281 2309 1537 2374 animadversum

210 2409 259 2466 est
280 2402 313 2465 in
336 2422 406 2478 eos,
429 2403 486 2486 qui
501 2411 612 2468 contra
626 2406 714 2469 omni
729 2406 854 2468 ratione
868 2409 1068 2488 pugnarunt,
1089 2423 1156 2468 non
1170 2405 1272 2468 debeo
1286 2402 1574 2487 reprehenderem

209 2496 297 2580 quod
328 2497 406 2560 viris
435 2495 588 2574 fortibus,
620 2518 757 2582 quorum
788 2518 887 2582 opera
918 2499 1035 2562 eximia
1057 2500 1092 2563 in
1112 2499 1208 2563 rebus
1224 2497 1377 2581 gerendis
1398 2494 1537 2569 exstitit,

208 2588 312 2653 bonos
333 2589 463 2654 babitus
485 2599 549 2666 est,
571 2592 679 2656 laudo.
716 2593 807 2669 Quae
828 2601 864 2657 ut
885 2591 1013 2670 fierent,
1034 2594 1154 2658 idcirco
1176 2600 1352 2677 pugnatum
1369 2606 1440 2654 esse
1455 2583 1537 2652 arbi·

208 2690 292 2759 tror,
315 2702 431 2768 meque
452 2683 486 2748 in
509 2705 548 2749 eo
571 2686 678 2749 studio
700 2689 839 2769 partium
860 2687 959 2751 fuisse
974 2685 1137 2752 confiteor.
1169 2690 1226 2752 Sin
1248 2697 1354 2752 autem
1376 2686 1410 2749 id
1431 2693 1536 2748 aeuum

209 2785 258 2843 eet
280 2778 452 2842 etidcirco
475 2797 562 2843 arma
584 2787 711 2863 sumpta
732 2787 826 2858 sunt,
850 2789 888 2844 ut
913 2781 1060 2846 homines
1082 2782 1234 2866 postremi
1255 2781 1401 2866 pecuniis
1421 2778 1536 2843 alienis

208 2873 481 2956 locupletarentur
508 2882 540 2938 et
573 2874 608 2936 in
628 2874 774 2938 fortunas
795 2876 892 2938 unius
914 2876 1068 2960 cuiusque
1090 2877 1244 2960 impetum
1265 2876 1419 2950 lacerent,
1450 2882 1483 2937 et
1503 2873 1575 2935 id!

209 2987 275 3032 non
297 2969 393 3031 modo
415 2988 451 3031 re
471 2968 642 3051 probibere
661 2970 832 3045 nonlicet,
855 2970 911 3033 sed
929 2989 970 3033 ne
984 2968 1090 3033 verbis
1105 2970 1235 3054 quidem
1248 2969 1446 3052 vituperare,
1468 2974 1537 3033 tum

207 3079 285 3126 vero
306 3062 370 3126 Isto
392 3060 478 3124 bello
501 3082 566 3125 non
587 3070 747 3128 recreatus
768 3083 875 3146 neque
896 3063 1076 3139 restitutus,
1098 3065 1155 3128 sed
1177 3064 1326 3127 subactus
1348 3079 1536 3145 oppressus·

209 3177 273 3241 quc
294 3155 434 3240 populus
455 3157 617 3221 Romanus
640 3164 697 3222 est.
740 3152 813 3220 438.
842 3158 965 3222 Verum.
984 3157 1079 3242 longe
1106 3157 1200 3223 aliter
1227 3165 1292 3233 est;
1320 3154 1401 3218 nibil
1421 3154 1537 3218 borum

209 3256 274 3326 est,
294 3250 427 3312 iudices.
459 3250 532 3312 Non
553 3251 649 3316 modo
663 3271 731 3314 non
745 3251 889 3316 laedetur
902 3271 998 3316 causa
1012 3252 1206 3328 nobilitatis,
1228 3251 1255 3316 si
1269 3251 1339 3314 istis
1353 3243 1536 3313 bominibus

207 3341 378 3419 resistetis,
399 3363 511 3406 verum
533 3345 627 3408 etiam
650 3346 824 3409 ornabitur.
868 3345 1007 3409 XLVIII.
1028 3347 1156 3411 Etenim
1178 3345 1234 3430 qui
1256 3344 1336 3408 baec
1356 3343 1574 3425 vituperarem
1618 3386 1620 3392 -

208 3437 337 3512 volunt,
361 3435 603 3520 Chrysogonum
623 3445 748 3502 tantum
768 3460 865 3522 posse
880 3447 1075 3524 queruntur3
1097 3440 1153 3523 qui
1167 3439 1299 3504 laudare
1312 3437 1439 3512 volunt,
1461 3451 1537 3500 eon-

208 3549 334 3596 cessum
353 3531 383 3594 ei
401 3549 467 3594 non
486 3552 557 3595 esse
579 3539 838 3598 commemorant.
865 3535 912 3598 Ac
930 3535 993 3598 iem
1008 3534 1089 3598 nibil
1110 3541 1172 3610 est,
1194 3535 1282 3618 quod
1298 3532 1467 3618 φὼφιιω
1481 3535 1537 3594 sut

208 3632 274 3690 tam
293 3624 411 3690 stultus
430 3633 486 3690 aut
503 3633 568 3690 tarn
582 3625 745 3710 lmprobus
761 3628 812 3703 sit,
835 3628 892 3712 qui
906 3628 1007 3692 dieat:
1031 3628 1174 3694 «Vellem
1188 3628 1320 3713 quidem
1334 3628 1458 3691 liceretr
1474 3625 1537 3690 boc

210 3720 399 3786 dlxissemzs
415 3719 502 3784 dicas
517 3720 601 3784 licet.
625 3721 713 3785 «Hoc
726 3721 910 3786 fecissemus
933 3721 1031 3786 facias
1045 3722 1137 3800 lieet3
1159 3741 1253 3786 nemo
1266 3719 1425 3806 probibet.
1448 3719 1536 3782 «Hoc

209 3812 456 3880 decreuissemrr
470 3814 617 3891 decerne,
628 3816 724 3878 modo
734 3821 835 3894 recte3
845 3835 956 3880 omnes
967 3817 1198 3900 approbabunt.
1211 3815 1299 3880 «Hoc
1308 3814 1534 3878 iudicassemzs
1545 3825 1574 3875 es

274 4040 299 4093 4.
317 4053 395 4104 meos
411 4051 466 4090 om.
479 4039 534 4090 Gv.
551 4062 579 4076 -
598 4052 629 4090 oe
645 4040 687 4094 bl:
706 4041 734 4091 et
750 4040 883 4091 Govae.
898 4066 925 4076 -
940 4040 1252 4092 dommilus.
1266 4065 1296 4076 -
1312 4037 1338 4089 4.
1356 4036 1534 4089 debeone.

212 4143 240 4155 -
257 4115 283 4169 4.
300 4116 377 4169 m
392 4115 480 4166 0444444
493 4115 588 4166 4444444
603 4116 701 4178 llCT,
726 4117 786 4166 Par.
805 4115 829 4166 8.
848 4115 887 4177 9.,
911 4115 1015 4177 Frene,
1033 4115 1142 4166 Lvro:
1166 4126 1220 4166 om.
1239 4111 1282 4164 ed.
1300 4112 1399 4164 uanus.
1416 4110 1490 4164 44440.
1509 4114 1536 4162 et

209 4187 297 4245 ltedv.
314 4191 342 4243 in
359 4190 403 4243 ed.
421 4189 475 4253 111„
492 4192 581 4252 recte,
600 4192 630 4240 ut
646 4189 765 4252 videtur;
791 4195 815 4241 ct
829 4203 909 4240 mom
923 4190 1011 4242 0444444
1026 4191 1085 4241 Par.
1105 4191 1128 4241 4.
1147 4188 1183 4252 4.,
1201 4187 1274 4253 quod
1290 4187 1400 4238 Steinm.
1418 4187 1534 4265 receptu

209 4271 234 4318 et
248 4265 363 4318 mesore
383 4270 408 4318 st
426 4263 506 4317 eoem
526 4265 614 4316 04444444
631 4266 665 4326 ῦς
692 4265 768 4317 dmm
782 4266 871 4318 0404444
887 4265 950 4328 (om.
966 4264 1066 4328 4444444)
1085 4265 1153 4316 conl.
1172 4265 1232 4315 Gar.
1250 4263 1290 4323 2.;
1317 4267 1342 4313 et
1354 4274 1433 4324 mere,
1450 4261 1538 4311 uidetis

209 4341 253 4393 Or.
270 4342 302 4404 23
320 4346 344 4393 st
358 4354 413 4393 sere
426 4341 515 4392 videtis
530 4339 613 4393 Klots.
626 4341 650 4393 4.
670 4367 699 4378 -
717 4345 746 4391 ut
761 4342 822 4392 ante
838 4341 962 4392 bominem
977 4353 1030 4391 om.
1045 4342 1074 4391 G.
1093 4367 1122 4377 -
1144 4339 1183 4390 40.
1200 4336 1337 4388 mutuam
1353 4349 1407 4388 om.
1420 4335 1486 4386 seb.
1506 4361 1534 4371 -

207 4417 340 4468 semme
356 4417 385 4469 C.
405 4443 434 4454 -
453 4416 494 4467 44.
510 4429 559 4479 pro
575 4415 622 4465 illo
638 4415 732 4467 codd:
752 4429 803 4479 pro
824 4429 881 4467 osee
903 4415 989 4467 lladv.
1008 4414 1154 4466 admodum
1170 4411 1352 4479 probabititer.
1372 4437 1400 4448 -
1419 4407 1535 4474 quod'm.

206 4491 284 4557 volut]
302 4504 381 4556 φησι»
394 4505 429 4542 m.
447 4492 569 4544 coluerim
584 4491 645 4543 Scb.
666 4517 693 4527 -
721 4490 762 4543 44.
785 4504 844 4542 etun
863 4491 984 4556 danesse
1004 4491 1035 4541 de
1056 4486 1329 4554 ambroniacenses
1354 4498 1411 4536 cum
1427 4485 1496 4550 dlgn,
1513 4489 1537 4535 et

208 4567 307 4630 04444444.
324 4565 446 4628 Welslre;
464 4581 524 4620 com
540 4565 703 4632 arctitudine
718 4565 824 4630 iladvig
841 4566 889 4630 Op.
902 4567 922 4617 l.
940 4578 966 4630 p.
980 4564 1037 4617 440.
1056 4565 1110 4628 Ego
1128 4576 1190 4615 eum
1209 4564 1237 4615 T.
1250 4561 1368 4612 Badenio
1384 4561 1483 4627 {bebio
1493 4561 1537 4624 fier

206 4641 293 4694 mcor.
311 4641 343 4692 ll.
361 4654 388 4707 p.
401 4640 468 4706 340.)
486 4643 514 4692 et
529 4641 610 4693 llario
624 4641 700 4708 giler.
718 4641 794 4692 lectt.
813 4641 844 4692 ll.
862 4654 888 4705 p.
908 4638 974 4703 404.)
993 4639 1070 4690 codd.
1089 4637 1231 4690 lectionem
1247 4640 1337 4698 tueor,
1356 4648 1389 4687 ex
1406 4648 1459 4700 qua
1473 4635 1536 4686 dicit

207 4718 315 4767 orator:
333 4715 443 4768 44444444
458 4717 555 4782 4444444
571 4729 628 4766 erem
642 4717 705 4767 04444
721 4716 842 4780 onemo
857 4715 995 4780 connects
1011 4714 1073 4779 (quo
1089 4715 1197 4766 nomine
1209 4713 1322 4763 honesto
1339 4709 1442 4761 noblles
1459 4709 1537 4771 signi-

207 4791 330 4855 ficantur)
356 4791 386 4842 ds
410 4790 512 4842 sommis
530 4791 558 4841 lo
577 4804 606 4842 re
628 4791 697 4853 publ.
714 4790 848 4842 bonoribus
871 4789 977 4855 (quibus
994 4787 1139 4855 amplitudo
1154 4785 1316 4854 pariebatur)
1332 4784 1486 4835 contaedere.
1506 4808 1534 4818 -

209 4865 250 4918 40.
270 4867 305 4918 ed
321 4879 362 4918 eos
377 4867 514 4931 ediwsgere
530 4866 550 4917 L
566 4865 644 4930 prob.
663 4869 723 4918 Gar.
735 4867 760 4918 4.
781 4891 808 4904 -
832 4866 873 4916 49.
891 4865 920 4916 4,.
939 4877 993 4917 om.
1011 4865 1041 4916 G.
1062 4891 1088 4900 —
1112 4864 1154 4916 47.
1177 4864 1224 4914 mo
1240 4861 1302 4913 bello
1318 4861 1352 4922 0,
1377 4860 1408 4909 ut
1424 4859 1483 4908 Ger.
1503 4857 1534 4921 (4)

210 4942 340 4994 coniecit:
358 4942 386 4994 lo
402 4943 449 4992 teto
466 4940 527 4992 bello
543 4940 622 4992 codd.
635 4939 703 5005 rell..
721 4942 750 4993 0.
765 4967 795 4980 -
812 4940 872 5006 oon]
888 4951 1004 5003 new.
1018 4966 1046 4976 -
1064 4941 1106 4992 40.
1125 4939 1238 4992 medem
1253 4949 1285 4990 o:
1302 4933 1410 4986 40404404
1426 4931 1534 4992 oltra,

208 5005 1534 5080 eon.·-euboea-semme,c.-et.1.colcnssst;scemu-semmae.

211 5089 408 5157 -oelossttt
428 5117 457 5130 -
476 5079 1537 5157 mesquomIsmGH.-3³.oulddlerutG.-ttb.modorctteml.-ed·

206 5164 400 5233 mebsbmtlh
417 5166 601 5236 approbasses.
620 5194 649 5208 -
666 5168 803 5220 boelodtc.
820 5166 1030 5220 laudebrmtom.
1047 5167 1077 5220 G.
