3578 5862
494 369 570 436 cn.
591 367 902 436 xxvm-xxrx.
930 365 987 452 ss.
1001 364 1149 433 cs-ao.
1425 359 1482 430 car

22 599 23 612 ,
145 543 199 606 de
231 539 348 626 oppido
379 539 499 616 dicam,
531 540 559 604 si
588 540 659 623 quis
688 546 737 603 est
763 520 864 614 forte,
896 559 990 624 quem
1013 539 1120 623 Capua
1149 538 1249 622 magis
1271 558 1366 623 mam
1387 539 1488 603 Roma

26 699 29 710 ,
144 636 307 701 delectet.
345 633 494 718 Quinque
526 633 613 697 milia
635 633 818 697 colonorum
841 634 981 718 Capuam
1002 632 1095 696 scribi
1118 631 1216 696 iubet.
1252 632 1301 696 Ad
1321 631 1407 696 hunc
1427 653 1486 696 nu-

24 767 30 810 t
144 750 282 794 merum
303 728 480 813 quingenos
502 728 563 791 sibi
586 727 701 810 singuli
723 735 858 792 sument.
902 724 953 790 77.
977 727 1121 804 Quaeso,
1143 726 1244 790 nolite
1258 731 1379 790 vosmet
1398 725 1486 809 ipsos

22 841 24 852 “
144 822 335 888 consolari:
358 841 431 887 vero
453 828 485 884 et
507 821 677 905 diligenter
698 821 904 886 considerate.
934 821 1017 885 Num
1037 820 1128 883 vobis
1150 827 1205 883 eut
1218 819 1316 884 vestri
1331 818 1486 883 similibus

143 917 309 999 integris,
341 915 474 1001 quietis,
503 917 614 979 otiosis
635 914 817 979 hominibus
839 917 871 979 in
893 916 954 980 hoc
976 932 1108 978 numero
1130 912 1235 976 locum
1255 912 1324 978 lore
1345 912 1510 997 putatis‘lo

52 1089 59 1096 Ι
145 1012 190 1076 Si
223 1017 272 1074 est
301 1011 450 1074 omnibus
478 1009 585 1084 vohis,
614 1009 642 1073 si
670 1010 780 1073 maiori
800 1017 940 1073 vestrum
965 1009 1064 1093 parti,
1096 1025 1289 1091 quamquam
1310 1028 1360 1071 me
1383 1013 1487 1072 vester

143 1107 261 1170 honos
291 1103 423 1187 vigilare
451 1103 519 1166 dies
547 1110 642 1187 atque
670 1109 779 1166 noctes
811 1111 843 1166 et
864 1103 996 1167 intentis
1018 1099 1118 1165 oeulis
1141 1121 1251 1165 omnes
1272 1103 1318 1165 rei
1340 1100 1485 1186 publicae

146 1206 267 1284 partes
288 1198 403 1262 intueri
426 1196 532 1272 irrbet,
564 1204 671 1260 tamen
691 1197 866 1281 paulisper,
898 1199 925 1262 si
947 1199 991 1263 ita
1013 1197 1213 1261 commodum
1235 1202 1374 1260 vestrum
1395 1194 1486 1271 feret,

147 1293 323 1358 coniveho.
369 1290 432 1354 Sed
445 1283 646 1375 (silquinque
671 1289 833 1356 hominum
855 1293 983 1356 milibus
998 1291 1038 1356 ad
1052 1293 1133 1366 vim,
1155 1289 1279 1354 lacinus
1292 1290 1485 1372 caedemque

150 1386 291 1450 delectis
308 1367 410 1460 llocus
442 1392 538 1469 atque
567 1369 659 1459 rubsl
693 1403 775 1474 quae
803 1386 919 1450 bellum
947 1385 1051 1450 lacere
1074 1392 1171 1469 atque
1191 1383 1348 1448 instnrere
1369 1382 1523 1465 possit,to
1697 1421 1710 1473 9

127 1480 142 1554 ἵ
150 1470 349 1570 quaerat-ur)
365 1486 510 1544 tamenne
532 1479 694 1564 patiemini
715 1487 818 1543 vestro
841 1479 970 1544 nomine
992 1487 1102 1542 contra
1117 1498 1174 1543 vos
1189 1475 1306 1542 firmari
1321 1497 1415 1560 opes,
1438 1497 1487 1542 ar-
1679 1467 1727 1525 Αἵ

150 1575 239 1638 mari
260 1573 435 1657 praesidia,
464 1574 576 1648 urbes,
604 1593 714 1655 agros,
744 1573 849 1656 copias
872 1574 1069 1657 comparari?
1112 1569 1163 1634 78.
1184 1572 1264 1636 Nem
1286 1591 1395 1654 agrum
1417 1571 1488 1655 qui·

152 1668 233 1732 dem
263 1667 472 1751 Campanum,
502 1688 598 1752 quem
626 1667 716 1732 vobis
745 1673 918 1742 ostentant,
945 1667 1007 1751 ipsi
1035 1666 1299 1750 concupitor-unta
1331 1662 1487 1729 deducent

23 1833 26 1844 ,
153 1783 252 1839 suos,
275 1781 409 1847 quorum
430 1764 559 1826 nomine
581 1761 642 1846 ipsi
664 1767 792 1824 teneant
814 1769 846 1824 et
866 1760 1027 1838 fruantur3
1054 1767 1198 1825 coement
1218 1765 1398 1845 praeterea3
1423 1759 1487 1822 ista

23 1851 26 1862 '
153 1858 243 1922 dena
263 1857 371 1941 iugera
393 1856 632 1921 continuabunt.
675 1855 754 1918 Nam
776 1855 801 1918 si
826 1853 932 1918 dicent
956 1874 1013 1938 per
1033 1855 1135 1938 legem
1157 1856 1190 1918 id
1212 1875 1278 1920 non
1299 1853 1414 1928 licere,
1445 1867 1524 1916 nost

153 1972 216 2036 per
239 1950 420 2015 Corneliam
441 1951 572 2035 quidem
586 1949 669 2013 licet.
702 1948 743 2013 At
756 1948 919 2024 videmus,
941 1958 977 2012 ut
990 1950 1164 2034 longinqua
1177 1951 1353 2023 mittamus,
1376 1965 1486 2030 agrum

154 2045 398 2110 Praenestinum
419 2065 438 2108 a
458 2045 567 2128 paucis
588 2043 762 2127 possideri;
785 2062 888 2126 neque
903 2043 1034 2106 istorum
1050 2044 1194 2127 pecuniis
1209 2043 1386 2128 quidquam
1399 2039 1486 2104 aliud

155 2140 272 2204 deesse
294 2138 387 2202 video
409 2138 471 2202 nisi
495 2138 563 2201 cius
585 2136 672 2200 modi
694 2137 826 2210 fundos,
849 2157 983 2220 quorum
1004 2137 1145 2201 subsidio
1165 2136 1353 2202 familiarum
1369 2136 1488 2218 magni·

155 2234 285 2298 tudines
308 2238 340 2296 et
363 2231 573 2298 Cumanorum
594 2251 631 2294 ac
652 2230 896 2296 Puteolanomm
922 2231 1125 2315 praediorum
1146 2239 1289 2314 sumptus
1311 2237 1486 2295 sustentare

155 2326 291 2413 possint.
335 2324 429 2402 Quod
456 2326 483 2388 si
505 2330 643 2389 restrum
666 2325 865 2389 commodum
892 2333 1031 2409 spectat,
1060 2327 1164 2390 veniat
1186 2333 1218 2389 et
1239 2346 1343 2390 coram
1364 2339 1524 2391 meeumao

157 2423 200 2487 de
222 2422 290 2506 agri
314 2419 463 2503 Campani
487 2418 643 2483 divisione
663 2419 813 2501 disputet.
856 2419 975 2482 XXIX.
991 2416 1042 2481 79.
1058 2418 1210 2497 Quaesivi
1225 2441 1266 2484 ex
1282 2440 1320 2486 ec
1334 2419 1486 2485 Kalendis

156 2517 332 2590 muccis,
352 2514 468 2599 quibus
488 2512 670 2577 hominihus
693 2521 725 2576 et
746 2533 839 2594 quem
862 2513 902 2576 ad
924 2514 1053 2596 modum
1074 2512 1164 2576 illum
1186 2533 1295 2596 agrum
1317 2520 1402 2578 esset
1422 2513 1486 2578 dis·

157 2611 343 2676 tributurus.
376 2605 552 2692 Respondit
570 2627 588 2668 a
603 2606 739 2671 Romilia
761 2608 844 2670 tribu
859 2627 894 2670 se
909 2607 1035 2672 initium
1050 2627 1119 2671 esse
1142 2606 1307 2672 facturum.
1338 2610 1485 2684 Primum,

158 2725 241 2790 quae
270 2711 319 2768 est
345 2702 406 2766 ista
433 2701 582 2784 superbie
609 2707 641 2764 et
670 2701 876 2776 contumelia,
906 2707 942 2766 ut
966 2701 1077 2786 populi
1099 2721 1172 2785 pars
1194 2708 1385 2787 amputetur,
1407 2702 1485 2767 ordo
1613 2697 1640 2794 lg

158 2787 296 2864 lrffiuum
317 2797 517 2880 negligatur?
539 2802 612 2859 ante
634 2795 760 2860 rusticis
782 2794 875 2858 detur
895 2814 985 2878 ager,
1008 2795 1063 2880 qui
1078 2795 1212 2871 habent,
1236 2816 1333 2881 quam
1346 2795 1523 2874 urbanius!

30 2961 36 2970 ,
159 2893 275 2978 quibus
295 2893 357 2956 ista
377 2891 444 2973 agri
465 2911 539 2976 spes
562 2898 594 2954 et
613 2890 794 2954 iucunditas
817 2865 1021 2980 ostenditur)
1041 2890 1122 2965 Aut,
1145 2891 1171 2954 si
1186 2891 1248 2956 hoe
1262 2892 1302 2956 ab
1315 2911 1351 2956 se
1364 2891 1485 2956 dictum
1588 2895 1663 3000 ff

159 2995 254 3070 negat
273 2993 306 3050 ct
326 2986 401 3049 satis
423 2984 527 3049 lacere
550 2984 694 3049 omnibus
716 2985 804 3048 vobis
827 2984 958 3068 cogitat,
979 2983 1133 3067 proferat3
1155 2986 1190 3048 in
1208 2986 1319 3070 iugera
1332 2987 1415 3052 dena
1430 2985 1485 3050 de·

159 3081 292 3157 scribat3
314 3099 333 3142 a
354 3077 519 3142 Strburana
539 3099 642 3163 usque
664 3078 705 3142 ed
718 3079 905 3142 Arniensem
920 3079 1050 3142 nomina
1064 3085 1168 3143 restra
1182 3085 1347 3165 proponat.
1369 3081 1404 3144 Si
1419 3100 1484 3144 non

160 3173 254 3238 modo
276 3173 359 3236 dene
378 3173 487 3254 iugera
509 3171 576 3236 deri
600 3173 705 3247 vohis,
736 3170 795 3235 sed
823 3192 864 3235 ne
887 3172 1057 3254 constipari
1079 3172 1209 3256 quidem
1230 3181 1352 3239 tantum
1372 3194 1484 3239 nume·

160 3287 229 3330 rum
255 3265 420 3328 hominum
450 3285 545 3348 posse
573 3266 608 3327 in
630 3284 739 3347 agrum
763 3265 958 3348 Campanum
979 3265 1179 3350 intelligetis,
1205 3274 1352 3332 mmenne
1374 3267 1521 3333 rexerim

161 3379 226 3423 rem
247 3357 422 3442 publicam,
445 3359 605 3423 contemni
627 3359 823 3422 maiestatem
844 3358 953 3442 populi
968 3359 1115 3436 Romani,
1138 3360 1246 3424 deludi
1259 3370 1382 3428 vosmet
1395 3365 1483 3448 ipsos

162 3452 280 3518 diutius
301 3471 321 3516 a
343 3452 468 3516 tribuno
490 3452 592 3536 plebis
614 3450 804 3535 patiemini?

244 3544 295 3608 80.
319 3544 412 3622 Quod
440 3546 468 3609 si
494 3554 603 3632 posset
623 3564 698 3629 ager
719 3545 779 3608 iste
802 3545 841 3609 ad
863 3564 920 3609 ros
942 3548 1124 3629 pervenire,
1154 3568 1262 3613 nonne
1283 3570 1355 3615 eum
1377 3559 1483 3616 tamen

162 3643 194 3706 in
213 3639 403 3727 patrimonio
425 3648 529 3704 vestro
551 3660 714 3704 remanere
730 3639 890 3702 malletis?
915 3640 1060 3705 Unumne
1082 3641 1215 3706 fundum
1236 3643 1483 3728 pulcherrimum

162 3735 270 3823 populi
291 3735 443 3810 Romani,
474 3743 568 3818 ceput
588 3742 709 3801 vestrae
734 3735 905 3818 pecuniae,
934 3735 1022 3819 pacis
1045 3745 1279 3822 ornamentum,
1307 3737 1521 3804 subsidiumes

162 3831 253 3906 belli,
280 3821 756 3912 lrmdamentum‘vectigelinm,
785 3827 933 3892 horreum
961 3828 1141 3913 legionum,
1170 3833 1317 3896 solatium
1337 3851 1483 3896 munnae

164 3924 312 4010 disperire
333 3923 523 4006 patiemini?
555 3925 604 3986 An
633 3922 723 3988 obliti
746 3924 838 3997 estis,
867 3921 976 3986 Italico
997 3923 1082 3987 bello
1104 3925 1227 3988 amissis
1250 3927 1364 3991 ceteris
1385 3929 1484 3991 vecti·

165 4019 281 4104 galibus
303 4022 440 4103 quantos
461 4019 529 4100 agri
553 4017 703 4103 Campani
724 4015 875 4081 fructibus
898 4019 1053 4082 exereitus
1075 4018 1243 4085 alueritisl
1267 4020 1316 4084 An
1330 4021 1482 4106 ignoratis

165 4119 263 4178 cetera
291 4113 348 4178 illa
379 4108 543 4196 magnilica
571 4112 682 4197 populi
709 4111 843 4176 Romani
872 4113 1038 4196 vectigalia
1063 4114 1182 4198 perlevi
1204 4134 1300 4198 saepe
1321 4122 1481 4182 momento

176 4436 180 4445 =
224 4412 249 4462 2.
268 4410 367 4462 mucor
384 4411 421 4476 (ut
437 4412 588 4462 coniecerat
599 4412 739 4476 Weiskius)
757 4413 790 4463 E:
809 4411 912 4463 dekemt
928 4407 1068 4463 FALCO.
1083 4437 1109 4446 -
1129 4411 1237 4473 quicque
1252 4412 1333 4479 mdia]
1350 4413 1389 4464 .V.
1407 4413 1437 4464 E.
1452 4440 1480 4450 —

166 4489 187 4538 3,
204 4488 336 4552 peucenos
352 4488 535 4540 Lauredanus:
555 4489 742 4552 presqucgeoos
758 4487 877 4548 EFPA3
896 4483 1077 4552 quingenteni.
1093 4513 1120 4522 -
1137 4489 1238 4540 murat
1253 4489 1337 4540 EFP.
1353 4511 1378 4526 ·-
1398 4486 1424 4538 l.
1437 4493 1484 4538 aaut

165 4564 241 4628 ceam]
259 4578 278 4615 o
293 4565 381 4615 uestris
397 4565 430 4622 E;
458 4569 504 4613 cut
518 4564 609 4614 sealde
625 4565 681 4614 FA.
708 4563 864 4615 Emendavit
880 4565 936 4614 Nic.
954 4560 1086 4627 Angelius.
1107 4589 1134 4598 —
1160 4563 1185 4614 c.
1209 4557 1484 4628 londntbua10naicidur

167 4641 192 4691 E.
205 4664 231 4677 -
250 4640 275 4690 6.
293 4640 314 4690 a·
330 4641 363 4690 T:
381 4644 427 4690 cuc
442 4652 504 4692 cum
522 4637 771 4698 admonebam
790 4651 843 4689 om.
862 4639 947 4689 EFA.
963 4665 987 4676 -
1009 4639 1171 4704 qumquem
1190 4652 1266 4703 guum
1282 4639 1368 4690 EFA.
1387 4637 1483 4688 Emen-

168 4716 230 4766 davit
253 4716 309 4766 Nic.
333 4715 467 4781 Angelius.
493 4743 519 4754 -
547 4716 572 4766 8.
596 4715 672 4780 sect,
697 4713 820 4779 contoedo]
844 4714 894 4777 sert
913 4714 1069 4765 cocmoosbo
1089 4713 1178 4775 EFP;
1204 4715 1253 4778 sert
1273 4710 1429 4764 ooomocebo
1448 4712 1480 4762 A.

168 4789 317 4843 Emendavit
332 4790 388 4842 Nic.
406 4789 540 4854 Angelius.
566 4816 593 4827 —
621 4791 661 4840 tt.
678 4789 782 4853 poliecti
798 4789 831 4850 E;
855 4789 990 4853 pmiomlot
1006 4791 1033 4840 F.
1058 4817 1085 4826 -
1110 4790 1150 4842 ct.
1169 4794 1277 4841 coenem
1292 4785 1479 4839 Lauredanus:

168 4871 272 4918 mensal
287 4866 400 4918 EFPA.
429 4868 513 4918 «Fert.
532 4871 640 4917 cccmeac
656 4865 720 4916 ulios
732 4870 880 4928 praecoca»
897 4878 950 4930 mg.
970 4862 996 4918 a.
1016 4891 1045 4904 -
1063 4867 1104 4917 tc.
1124 4867 1223 4929 quiden
1237 4865 1265 4914 td
1279 4862 1335 4913 licet
1351 4862 1377 4911 F.
1397 4886 1425 4897 -
1445 4861 1481 4925 ot]

169 4956 195 4992 cc
208 4940 291 4993 EFP.
311 4967 339 4978 -
362 4943 404 4993 25.
421 4942 519 5007 cubent]
543 4943 633 4993 emitae
649 4942 679 4992 E.
700 4967 726 4980 -
753 4941 794 4992 27.
810 4942 938 5005 proferat:
960 4941 988 4991 in
1003 4941 1112 5007 mardos
1127 4943 1217 5006 lugeo
1232 4941 1297 4991 douo
1313 4935 1434 4988 dex-rim
1450 4937 1478 4988 Ι..

170 5017 202 5070 Cf.
219 5017 242 5082 ὅ.
260 5018 302 5069 86.
322 5043 349 5054 -
376 5019 418 5070 28.
436 5033 454 5070 a
470 5019 606 5070 Suburano
622 5017 805 5069 Lauredenus:
829 5016 861 5067 ab
882 5031 962 5067 macro
982 5031 1042 5070 own
1058 5019 1178 5079 EFPA3
1204 5015 1236 5067 cb
1253 5011 1400 5066 cosmum
1417 5024 1479 5064 eum

170 5093 206 5146 ed.
221 5094 324 5146 Iuntina
340 5092 366 5150 8.
388 5121 415 5131 -
434 5095 469 5148 ad
483 5094 648 5147 Neruiorum
664 5106 726 5146 cum
743 5092 786 5144 ed.
804 5093 906 5145 Iuntina
922 5090 949 5148 l.
