3684 5862
575 436 1204 526 cn.xn1-xr.1n.§§.rrs-ras.
1514 434 1555 504 ss

236 617 318 680 inter
349 633 423 680 suos
456 614 596 678 omnium
630 613 811 678 deliciarum
842 621 938 698 atque
965 614 1105 677 omnium
1134 611 1246 676 artium
1274 609 1426 695 pucrtdos
1449 629 1490 673 ex
1511 615 1557 673 tot

236 709 476 793 elegantissimis
495 708 621 772 familiis
643 709 741 773 lectos
762 710 839 774 velit
859 708 918 771 hos
939 709 1073 782 versari,
1094 707 1238 770 homines
1260 725 1362 789 paene
1385 703 1557 788 operarios,
1676 689 1703 769 ζ

237 825 278 867 ex
305 804 453 868 Amerina
479 801 642 886 disciplina
669 805 768 887 patris
797 803 934 867 familiae
964 801 1121 866 rusticani.
1141 786 1237 864 ‘lli
1258 802 1330 863 Non
1351 800 1395 862 ita
1416 806 1465 862 est
1484 816 1559 882 pro·

236 899 335 973 fecto,
357 897 495 961 iudices:
526 916 591 959 non
612 905 661 961 est
681 899 747 962 veri
768 898 886 972 simile,
908 905 944 960 ut
966 896 1188 980 Chrysogonus
1208 894 1322 958 horum
1344 892 1463 957 litteras
1485 891 1560 955 ada-

236 995 328 1058 marit
346 998 400 1056 aut
414 990 660 1067 humanitatem
681 1011 761 1066 non,
784 999 820 1054 ut
832 992 878 1054 rei
893 990 1054 1054 familiaris
1068 989 1194 1072 negotio
1210 988 1404 1070 diligentiam
1418 985 1560 1069 cognorit
1584 1011 1598 1056 5

238 1107 347 1152 eorum
369 1093 399 1150 et
420 1082 534 1149 fidem:
558 1091 606 1147 est
628 1084 795 1168 quiddam,
818 1085 906 1168 quod
927 1083 1117 1158 occultatum
1140 1083 1227 1166 quod
1250 1103 1314 1166 quo
1334 1079 1504 1145 studiosius
1519 1079 1559 1143 ab

236 1181 314 1264 ipsis
336 1179 522 1262 opprimitur
545 1187 576 1241 et
597 1179 814 1254 absconditur,
837 1199 876 1242 eo
897 1180 997 1261 magis
1013 1177 1129 1242 eminet
1143 1185 1175 1240 et
1189 1185 1330 1261 apparet.
1367 1176 1464 1239 XLll.
1488 1171 1559 1238 422.
1597 1223 1626 1238 ..

237 1275 322 1351 Quid
343 1275 459 1357 igiunt
500 1273 725 1357 Chrysogonus
748 1274 838 1336 suine
859 1269 1004 1336 maleficii
1026 1271 1203 1335 occultandi
1226 1291 1321 1335 eausa
1343 1271 1559 1356 quaestionem

236 1368 276 1431 de
297 1369 346 1434 bis
367 1367 477 1431 baberi
499 1388 564 1431 non
585 1367 677 1431 sult‘l
712 1367 856 1442 Minime,
879 1365 1016 1429 iudices:
1048 1385 1113 1429 non
1134 1367 1168 1428 in
1181 1385 1291 1429 omnes
1306 1366 1440 1429 arbitror
1455 1365 1561 1427 omnia

236 1463 413 1528 convenire.
456 1462 524 1545 Ego
546 1462 580 1523 in
602 1459 825 1543 Chrysogono,
848 1459 934 1544 quod
956 1459 997 1523 ad
1019 1480 1069 1523 me
1091 1461 1215 1535 attinet,
1237 1460 1315 1523 nihil
1337 1459 1492 1523 eiusmodi
1507 1479 1598 1526 su-so

237 1560 361 1642 spicor:
395 1575 499 1639 neque
527 1554 588 1618 hoc
610 1554 686 1616 mihi
707 1575 792 1617 nunc
813 1556 949 1637 primum
970 1556 1004 1618 in
1026 1561 1163 1618 mentem
1184 1557 1271 1620 venit
1291 1554 1405 1618 dicere.
1450 1555 1560 1618 llenri·

236 1653 326 1717 nistis
348 1672 399 1716 me
420 1653 464 1713 ita
485 1648 683 1712 distribuisse
704 1649 794 1712 initio
816 1668 960 1723 causam,
982 1651 1015 1711 in
1037 1650 1171 1724 crimen,
1197 1651 1286 1713 cuius
1308 1657 1374 1712 tota
1395 1670 1561 1734 argumen-

237 1747 313 1810 tatio
335 1745 490 1830 permissa
509 1744 625 1806 Erucio
647 1750 710 1818 cst,
733 1751 765 1806 et
784 1745 817 1805 in
838 1741 1017 1818 audaciam,
1040 1743 1129 1807 ouius
1143 1750 1249 1826 partes
1263 1743 1382 1806 Rosciis
1396 1745 1561 1829 impositae

238 1846 321 1904 sunt.
367 1835 531 1920 Quidquid
554 1832 714 1911 maleficii,
741 1837 885 1922 sceleris,
914 1836 1020 1901 caedis
1042 1839 1117 1912 erit,
1139 1837 1302 1920 proprium
1322 1836 1354 1899 id
1376 1840 1560 1904 Rosciorum

239 1955 309 1998 esse
331 1930 467 1996 debebit.
504 1931 639 1994 Nimiam
661 1933 789 2014 gratim
811 1933 1048 2017 potentiamque
1066 1932 1261 2017 Chrysogoni
1277 1931 1408 1995 dicimus
1424 1939 1456 1996 et
1469 1933 1600 2002 nobisrc

239 2029 363 2092 obstare
385 2031 417 2088 et
437 2023 568 2109 perferri
589 2025 677 2088 nullo
699 2025 793 2089 modo
814 2045 925 2110 posse,
948 2032 980 2090 et
1000 2047 1020 2090 a
1041 2026 1144 2100 vobis,
1167 2026 1317 2110 quoniam
1335 2032 1475 2109 potestas
1490 2027 1563 2092 data

240 2130 305 2198 est,
326 2140 391 2185 non
412 2119 506 2182 modo
528 2115 694 2195 infirmari,
715 2139 825 2183 verum
847 2121 940 2184 etiam
961 2119 1112 2185 vindicari
1134 2127 1289 2203 oportere.
1332 2116 1406 2184 ⁴23.
1427 2123 1494 2205 Ego
1519 2121 1563 2185 sie

241 2216 402 2279 existimo:
435 2213 490 2298 qui
512 2213 622 2297 quaeri
643 2213 720 2278 velit
740 2233 781 2278 cx
801 2215 855 2291 iis,
888 2234 970 2299 quos
992 2221 1130 2290 constat,
1158 2235 1229 2277 cum
1260 2213 1372 2279 caedes
1393 2216 1477 2280 iacta
1498 2224 1562 2292 est,

239 2309 393 2384 adluisse,
422 2327 495 2372 eum
517 2327 633 2391 cupere
654 2327 764 2371 verum
785 2308 945 2378 invenire:
979 2308 1034 2394 qui
1054 2316 1194 2384 recuset,
1225 2327 1298 2372 eum
1325 2309 1485 2392 profecto,
1515 2318 1563 2374 ta·

238 2403 329 2467 metsi
349 2402 445 2468 verbo
468 2420 532 2464 non
554 2401 689 2479 audeat,
710 2410 817 2466 mmen
838 2423 872 2466 re
895 2404 967 2485 ipsa
987 2403 1028 2465 de
1049 2398 1202 2466 maleficio
1225 2423 1283 2466 suo
1305 2400 1455 2468 confiteri.
1488 2404 1599 2475 Dixine

237 2497 341 2572 initio,
367 2495 504 2570 iudices,
531 2496 618 2560 nolle
646 2516 697 2559 me
725 2497 817 2578 plura
839 2497 879 2560 dc
900 2498 1033 2562 istorum
1055 2496 1174 2560 scelere
1198 2496 1319 2572 dicere,
1348 2518 1444 2582 quam
1466 2519 1562 2565 eausa

235 2591 413 2675 postularet
434 2609 471 2652 ae
492 2591 663 2656 necessitas
684 2592 754 2674 ipsa
775 2598 911 2674 cogeret.
945 2593 1023 2654 Nam
1046 2598 1077 2654 et
1097 2584 1216 2654 mul'tae
1230 2611 1282 2655 res
1296 2588 1402 2656 afferri
1416 2601 1560 2676 possunt,

237 2694 268 2750 et
288 2705 353 2749 una
373 2704 521 2768 quaeque
543 2705 650 2749 earum
671 2686 778 2749 multis
800 2705 872 2748 cum
895 2684 1087 2767 argumentis
1111 2684 1173 2748 dici
1193 2692 1307 2769 potest.
1350 2688 1468 2751 Verum
1490 2707 1560 2771 ego,

238 2778 325 2864 quod
344 2778 460 2842 invitus
482 2798 519 2842 ac
539 2781 717 2842 necessario
738 2777 837 2854 facio,
859 2798 965 2863 neque
986 2777 1040 2840 diu
1061 2797 1166 2862 neque
1187 2779 1354 2863 diligenter
1367 2781 1472 2845 facere
1486 2801 1560 2866 pos·

208 2888 212 2902 ·
238 2893 317 2937 sum.
352 2873 442 2949 Quae
462 2872 626 2956 praeteriri
648 2873 736 2937 nullo
759 2873 854 2937 modo
875 2879 1038 2956 poterant,
1068 2891 1106 2936 ea
1127 2873 1254 2949 leviter,
1283 2873 1421 2951 iudices,
1451 2876 1598 2959 attigiers

238 2989 321 3053 qrrae
342 2968 445 3052 positu
466 2967 593 3032 suntin
614 2968 865 3050 suspicionibus,
888 2966 1062 3051 dequibus
1083 2968 1109 3030 si
1125 2986 1259 3050 coepero
1275 2967 1394 3046 dicere,
1415 2969 1559 3054 pluribus

238 3063 342 3128 verbis
364 3065 406 3127 sit
427 3061 662 3138 disserendum,
686 3081 724 3125 ea
744 3063 856 3125 vestris
877 3060 1011 3144 ingeniis
1034 3063 1296 3147 coniecturaeque
1319 3065 1488 3129 committo.

321 3156 434 3222 XLlll.
464 3151 536 3220 424.
566 3156 666 3220 Venio
696 3153 785 3218 nunc
802 3151 842 3217 ad
859 3151 944 3218 'sslud
965 3175 1082 3218 nomen
1104 3175 1235 3220 aureum
1258 3156 1470 3242 Chrysogoni,
1501 3159 1560 3223 sub
1721 3170 1727 3182 “

239 3273 303 3338 quo
325 3253 452 3316 nomine
474 3258 540 3315 tota
561 3252 694 3314 societas
716 3249 822 3312 latuit:
845 3249 885 3311 de
900 3269 981 3332 quo,
1003 3249 1138 3326 iudices,
1160 3270 1267 3335 neque
1283 3252 1442 3336 quomodo
1458 3251 1560 3317 dicam

238 3368 344 3433 neque
367 3344 528 3430 quomodo
549 3352 687 3418 taceam,
709 3343 847 3426 reperire
869 3363 1008 3425 possum.
1046 3343 1079 3406 Si
1101 3344 1186 3406 enim
1201 3352 1304 3421 taceo,
1326 3347 1378 3410 vel
1391 3348 1598 3414 maximamao

238 3450 359 3527 partem
381 3440 544 3523 relinquo;
578 3439 627 3502 sin
656 3444 761 3500 autem
783 3435 869 3512 dico,
887 3421 1013 3519 (vereor
1046 3457 1087 3500 ne
1114 3456 1179 3500 non
1207 3438 1261 3502 ille
1283 3423 1391 3518 solus)
1419 3443 1451 3505 id
1474 3444 1560 3528 quod

240 3537 281 3601 ad
303 3556 354 3598 me
375 3532 455 3598 nihil
476 3521 682 3689 attinetqsed
703 3530 758 3594 alii
780 3550 909 3614 quoque
930 3530 1038 3613 plures
1060 3529 1163 3594 laesos
1186 3552 1220 3595 se
1243 3552 1312 3597 esse
1334 3527 1475 3692 puteptq
1500 3538 1561 3601 Ta·
1633 3541 1717 3611 *Cea

239 3631 331 3694 mctsi
358 3629 402 3692 ita
422 3646 457 3690 se
478 3646 529 3689 res
550 3626 612 3690 hab
633 3633 660 3701 t,
689 3632 724 3688 ut
755 3625 831 3688 mibi
852 3624 885 3686 in
907 3645 1105 3688 communem
1128 3645 1255 3690 eausam
1276 3616 1434 3693 sector'um
1477 3632 1561 3694 icen-

240 3725 316 3786 dum
342 3721 422 3786 nihil
450 3740 563 3804 magno
591 3739 687 3803 opere
715 3719 867 3782 videatur.
910 3718 996 3811 Haec
1026 3720 1111 3782 enim
1139 3739 1233 3784 causa
1263 3741 1346 3785 nora
1366 3724 1508 3806 profecto
1530 3733 1562 3790 et
1688 3729 1708 3803 .',

241 3815 407 3899 singularis
429 3823 485 3878 est
530 3810 601 3878 425.
623 3816 783 3876 bonorum
806 3813 879 3875 Sex.
893 3812 996 3875 Roscii
1019 3818 1142 3896 emptor
1163 3821 1212 3877 est
1233 3813 1466 3900 Chrysogonus.
1495 3820 1599 3886 Pri-ss
1693 3814 1698 3825 '

240 3931 325 3974 mum
346 3909 408 3974 hoc
428 3908 611 3972 videamus:
644 3908 712 3971 eius
741 3906 878 3970 hominis
899 3907 984 3970 bona
1006 3924 1070 3990 qua
1090 3907 1211 3971 ratione
1232 3910 1398 3973 venierunt
1420 3918 1475 3975 aut
1496 3932 1560 3996 quo

240 4004 333 4068 modo
361 4004 470 4068 renim
498 4005 694 4087 potuerunt?
727 4002 832 4085 Atque
859 4000 921 4065 hoc
948 4001 1085 4065 nonita
1107 4022 1274 4086 quaeram,
1304 4004 1442 4082 iudices,
1472 4014 1508 4071 ut
1527 4005 1562 4071 id

304 4267 329 4317 2.
348 4265 434 4317 clectos
449 4276 476 4316 v.
497 4289 525 4300 -
543 4263 568 4315 3.
585 4277 636 4314 oon
652 4263 690 4313 ito
705 4267 741 4312 est
757 4263 854 4316 Ghlv:
872 4276 924 4312 oon
939 4267 975 4313 est
989 4261 1028 4313 ito
1043 4263 1129 4326 One,
1149 4262 1227 4314 codd.
1240 4262 1308 4326 rell..
1326 4265 1483 4330 utvidetur3
1500 4281 1563 4320 aare

239 4339 277 4394 ito
292 4343 327 4404 C3
345 4355 396 4392 oon
410 4345 447 4392 est
463 4340 532 4392 coni.
551 4339 686 4400 Buechn,
705 4350 787 4401 worn
801 4338 981 4388 coniecturam
993 4336 1181 4402 Frendenberg
1196 4352 1224 4404 p.
1238 4339 1278 4392 43.
1290 4339 1422 4393 miutavit.
1437 4368 1465 4380 -
1483 4341 1508 4395 4.
1519 4343 1560 4395 bo

238 4415 595 4469 meacmwnilttercsv.
616 4441 644 4453 -
671 4415 696 4464 s.
713 4417 742 4464 ut
758 4425 812 4464 om.
831 4414 861 4463 G.
882 4439 910 4451 -·
936 4414 961 4465 8.
979 4413 1124 4465 amosl’ar.
1143 4414 1167 4464 4.
1185 4412 1210 4464 4.
1229 4415 1265 4477 9.,
1282 4427 1316 4466 a:
1341 4419 1409 4469 tuias
1426 4420 1497 4482 Ghl;
1523 4421 1562 4472 aa

239 4493 301 4553 θος
320 4493 357 4543 hri
373 4490 513 4553 torm.
533 4516 560 4526 -
579 4489 604 4540 9.
623 4489 653 4539 de
669 4488 714 4553 his]
732 4488 813 4539 immo
830 4490 861 4539 de
876 4489 915 4538 iis.
935 4515 964 4527 -
983 4487 1062 4538 munis
1078 4489 1161 4540 llac.
1176 4515 1204 4525 -
1222 4490 1263 4541 tt.
1276 4491 1482 4558 commeent,
1500 4495 1560 4548 tort.

239 4570 323 4618 recte.
342 4591 370 4604 -
389 4570 442 4616 tota
457 4564 627 4630 commistio
644 4563 723 4614 codd.
736 4563 884 4614 ilotomani.
899 4590 927 4601 -
946 4563 986 4614 43.
1005 4569 1098 4614 stom
1116 4561 1134 4618 i!
1151 4564 1178 4614 in
1191 4577 1274 4630 marg.
1289 4594 1317 4605 -
1336 4567 1415 4633 mdiu]
1431 4570 1521 4620 derv.
1532 4597 1560 4608 -

240 4641 280 4690 43.
298 4640 429 4690 minimam
445 4640 475 4690 (4.
495 4665 522 4676 -
545 4639 585 4690 48.
608 4638 679 4703 sacta
695 4637 737 4703 css]
761 4639 800 4689 sic
817 4639 928 4704 scripsi:
948 4638 1021 4702 sacta
1036 4640 1068 4688 stt
1084 4638 1162 4690 codd.
1182 4665 1210 4676 -
1230 4641 1269 4692 43.
1288 4642 1389 4705 cnidus
1403 4644 1511 4696 ilvae.
1532 4667 1559 4682 υ

240 4726 297 4765 creo
316 4716 340 4764 et
360 4725 450 4776 apere
470 4727 499 4774 κ.
519 4740 547 4752 -
569 4713 682 4778 20.qu
707 4714 761 4776 ipso
782 4714 811 4764 (4.
832 4714 1097 4765 -bttotaittoG,
1117 4715 1204 4765 -33,
1224 4715 1366 4780 world.
1386 4719 1474 4770 -sa
1493 4720 1563 4771 etde

239 4800 392 4851 unaquoque
407 4789 436 4839 L.
456 4815 484 4826 —
502 4788 544 4840 36.
561 4789 591 4839 ds
607 4787 696 4852 mribus
706 4813 721 4827 -
731 4815 746 4826 -
758 4788 875 4852 pheshur
890 4802 944 4840 om.
963 4791 992 4840 (4.
1007 4815 1035 4825 -
1053 4789 1095 4840 29.
1112 4789 1342 4856 btuitiladvigius
1355 4793 1411 4858 (op.
1424 4795 1444 4844 l.
1455 4807 1483 4859 p.
1494 4793 1560 4858 484.)

241 4867 269 4916 et
284 4863 473 4915 Buechnerus:
499 4864 585 4914 44344444
601 4865 693 4926 (4444,
710 4866 803 4927 ·Parr.‚
829 4865 908 4926 0xx.;
933 4865 1052 4914 sensura
1068 4866 1146 4915 oac.
1166 4889 1195 4902 -
1218 4865 1259 4917 30.
1276 4879 1356 4929 acqua
1371 4872 1469 4919 mosam
1484 4880 1510 4918 v.
1530 4894 1559 4905 —

241 4939 282 4993 33.
300 4940 338 4990 tta
354 4950 408 4989 om.
427 4940 457 4989 o.
477 4965 505 4976 -
523 4952 548 4991 ss
562 4951 603 4989 res
619 4939 740 4991 Gilvc:
757 4951 798 4990 rer
813 4951 839 4989 aa
855 4938 913 4999 [ας
931 4951 957 4988 v.
976 4937 1062 4991 Madv.
1081 4938 1116 4990 ad
1132 4939 1183 4991 Cic.
1202 4939 1232 4991 de
1247 4941 1320 4992 Fine.
1338 4954 1365 5006 p.
1378 4943 1420 4993 57.
1435 4966 1460 4981 -
1480 4939 1560 5006 babet]

240 5020 298 5067 runt
313 5017 343 5066 (4.
363 5041 391 5050 —-
413 5012 454 5066 34.
472 5026 624 5079 sumopere
640 5013 777 5066 (tltvee.
796 5039 826 5052 -
848 5014 888 5065 33.
906 5017 1003 5077 aspar
1022 5017 1057 5066 cst
1074 5016 1112 5064 o:
1138 5019 1272 5079 eruptores
1288 5016 1400 5078 Mvac,
1419 5017 1510 5068 501¹.
1531 5042 1558 5052 -

241 5089 497 5218 fflpsogoocshdogl:
515 5088 912 5155 asymamwsllcflsram
930 5089 1112 5156 &rumam
1126 5096 1167 5156 ψς
1186 5089 1381 5157 συνεοροηοχ.
1396 5116 1424 5128 -
1442 5089 1483 5142 at.
1501 5089 1562 5143 hoec

241 5178 408 5231 ammaon
483 5177 510 5218 a.
