3644 5874
759 1121 802 1212 Μ.
828 1121 969 1214 TULLII
996 1121 1224 1217 CICERONIS

525 1329 809 1423 cusulo
850 1333 998 1423 PRO
1038 1334 1094 1424 b.
1133 1333 1451 1426 MURENA

844 1547 902 1612 AD
932 1535 1133 1613 ltlblcss'.

890 1742 1092 1793 necoctlovtl

752 1902 972 1966 canobiis
996 1903 1221 1965 nebulus.

885 2133 1089 2144 -ι--ι--.

770 2327 951 2386 duracunt
974 2326 1211 2386 EXPLlCATlO.

331 2473 350 2518 G
369 2493 393 2514 =
414 2469 497 2521 codex
516 2468 741 2521 llelmstadtieusis
759 2469 819 2530 sut.
839 2483 908 2520 nunc
920 2468 1174 2520 Wollenbuttelanus
1191 2469 1247 2532 (205
1260 2469 1359 2531 Ebertl.
1378 2469 1541 2519 abstinebo
1558 2469 1647 2519 itaet·

411 2559 498 2595 arserio
515 2545 713 2608 diligentissime
730 2543 848 2596 collatus.

331 2619 350 2667 E
369 2645 393 2664 ιε.
412 2618 497 2669 codex
513 2620 677 2670 Monacensis
693 2618 737 2668 lat.
756 2633 781 2669 n.
802 2619 842 2671 68.
861 2634 893 2670 ex
912 2618 1069 2671 bibliotheca
1088 2619 1222 2684 quondam
1240 2617 1382 2670 electorali.
1413 2661 1417 2666 .

331 2694 392 2743 Μιιι
411 2693 494 2744 codex
513 2695 677 2746 Monacensis
693 2693 737 2744 lat.
757 2707 782 2744 n.
803 2695 895 2754 istst,
914 2696 1047 2760 quondam
1059 2695 1265 2760 salisburgensis
1282 2694 1383 2745 aulicus
1400 2708 1426 2744 n.
1439 2693 1479 2745 dl.
1507 2695 1647 2758 Utramque

412 2769 534 2819 codicem
551 2769 608 2833 ipse
625 2769 730 2820 contuli.

332 2843 500 2908 (ὶΗΕΤχψ
517 2868 543 2888 =
561 2842 667 2896 codices
684 2845 855 2897 oxonienses.

332 2919 402 2968 l‘arr.
423 2944 448 2963 =
466 2919 574 2970 parisini
591 2933 605 2969 a
623 2919 792 2971 Steinmetzio
809 2919 904 2972 collsti.
924 2918 956 2982 li.
974 2921 999 2971 7.
1017 2921 1042 2971 a.
1061 2920 1095 2982 a.)

332 2993 409 3058 bagg.
430 3020 455 3039 =
473 2993 580 3046 codices
597 3006 612 3044 a
629 2995 825 3059 Lagomarsinio
843 2993 942 3056 colluti¹
967 3009 997 3046 ox
1019 2993 1116 3058 qulbus
1138 2993 1265 3045 lectiones
1287 2997 1425 3059 excerptas
1448 2994 1609 3047 Niebulun'us
1625 2999 1649 3046 ia

412 3066 534 3134 exemplo
555 3081 604 3120 suo
623 3069 744 3120 editionis
767 3070 955 3120 Garatonianae
978 3071 1087 3129 notavit,
1111 3070 1151 3120 bis
1172 3070 1290 3120 numeris
1312 3071 1422 3132 signati:
1452 3069 1475 3119 t.
1494 3069 1519 3120 3.
1538 3071 1562 3120 7.
1582 3073 1606 3121 8.
1625 3073 1648 3120 s.

413 3143 452 3196 ⁴3.
471 3144 531 3210 (48.)
549 3145 590 3196 20.
609 3144 650 3197 sl.
669 3145 709 3196 25.
728 3145 770 3196 26.
789 3146 829 3196 65.

332 3219 368 3268 st.
381 3218 448 3269 Vici.
468 3244 493 3263 =
512 3222 553 3270 est
574 3219 658 3271 codex
681 3218 714 3270 ed
738 3218 832 3270 sedena
850 3221 886 3270 Si.
906 3219 1030 3278 Victoris,
1053 3233 1106 3284 quo
1123 3219 1265 3270 Lambinus
1282 3231 1346 3270 usus
1363 3221 1417 3279 ost,
1440 3219 1511 3271 idem
1530 3221 1649 3283 leuasse,

414 3307 495 3358 quem
512 3295 696 3346 Steinmetzius
714 3297 771 3345 Par.
791 3294 815 3345 l.
834 3295 998 3358 significavit.
1029 3296 1094 3344 tlunr
1113 3307 1145 3344 eo
1163 3292 1320 3358 plerumque
1338 3293 1471 3359 conspirat
1487 3294 1547 3344 cod.
1567 3299 1596 3346 G.

332 3365 394 3417 Pell.
414 3392 439 3412 =
457 3367 563 3420 Palatini
581 3369 692 3420 Gruteri.
712 3369 744 3432 (l.
763 3370 787 3418 2.
806 3371 830 3419 3.
848 3369 883 3430 8.)

333 3443 424 3494 Frenc.
443 3459 469 3477 =
487 3443 570 3494 codex
589 3445 703 3502 l'rancii.
722 3457 775 3507 quo
792 3457 856 3495 usus
874 3447 915 3495 est
930 3444 1065 3494 Graevius.

333 3514 415 3567 Gueli.
435 3529 460 3548 =
478 3517 561 3568 codex
579 3517 849 3578 Wollenbultelanus,
868 3531 948 3581 quem
966 3518 1059 3569 babuit
1075 3517 1185 3568 Ernesti.

333 3604 348 3636 v
367 3607 392 3626 =
411 3591 453 3642 ed.
472 3593 571 3643 Veneta
589 3607 613 3644 a.
634 3593 705 3646 itte.
725 3608 739 3644 a
757 3607 800 3644 me
818 3592 921 3644 collate.

333 3666 351 3714 l.
370 3683 394 3703 =
413 3665 583 3717 Lambiniana
600 3681 625 3718 a.
644 3668 716 3718 ⁴566.

332 3743 352 3788 0
371 3765 395 3783 =
414 3739 457 3791 ed.
476 3739 614 3792 Orelliana.

333 3815 384 3864 niei
403 3839 427 3857 =
446 3815 564 3866 Ethv.

398 3901 453 3950 Non
475 3899 607 3952 trahemus
627 3902 705 3952 buius
728 3902 852 3953 orationis
870 3903 975 3954 codices
992 3898 1100 3950 soeculo
1117 3901 1169 3951 liv.
1189 3903 1359 3959 vetustiores.
1385 3915 1532 3968 omnesque
1549 3918 1582 3954 ex
1598 3919 1651 3955 uno

332 3973 454 4112 ῑὲίιιέιξὲζ
467 3972 580 4100 gffisti
598 3977 673 4036 sunt,
692 3974 763 4038 quod
781 3975 891 4039 Poggius
909 3976 979 4025 initio
997 3975 1094 4026 saeculi
1111 3977 1164 4026 llv.
1184 3976 1284 4041 primus
1302 3990 1334 4027 ex
1352 3979 1490 4029 Germania
1508 3980 1533 4029 in
1552 3979 1650 4031 ltaliam

876 4181 1096 4193 ------..-.-...-ᾗ

418 4315 442 4376 1.
466 4309 494 4376 l.
521 4315 610 4390 Quae
640 4322 784 4399 precatus
813 4313 903 4378 adis
925 4315 1153 4379 immortalibus
1175 4336 1263 4389 sum,
1291 4316 1428 4390 iudices,
1455 4335 1542 4381 more
1563 4319 1652 4382 insti-

333 4416 465 4493 tutoque
494 4409 647 4474 maiorum
675 4409 730 4474 illo
759 4411 825 4484 die,
858 4429 923 4494 quo
945 4411 1106 4494 auspicato
1130 4411 1265 4474 comitiis
1287 4410 1469 4475 centuriatis
1491 4411 1526 4474 L.
1548 4413 1651 4476 Mure-

401 4709 424 4758 t.
445 4710 514 4770 Quae
527 4713 645 4772 creemus
660 4709 790 4759 Manutius
808 4710 836 4758 et
852 4709 887 4758 b:
906 4720 970 4771 otios
986 4707 1130 4769 deprecatus
1146 4706 1224 4757 codd.
1238 4710 1265 4757 et
1275 4707 1304 4758 0.
1324 4707 1362 4758 Cl.
1376 4708 1481 4769 Quintil.
1495 4709 1536 4759 tx,
1550 4708 1574 4770 l,
1588 4710 1649 4759 tot:

337 4785 470 4836 nCreticus
494 4786 522 4834 et
542 4783 620 4834 initiis
641 4783 771 4848 optimus:
799 4786 869 4847 Quod
887 4787 1005 4848 precam
1020 4795 1038 4830 o
1054 4782 1101 4832 diis
1116 4782 1297 4833 immortalibus
1311 4797 1379 4844 mm,
1400 4786 1428 4834 et
1443 4781 1567 4836 clausulis
1583 4787 1650 4835 eei.»

334 4860 452 4909 Donatus
473 4860 562 4910 aulem
586 4859 619 4909 ad
637 4859 751 4910 Terentii
769 4858 893 4910 ludriam
910 4859 952 4909 lll.
971 4855 999 4918 l,
1018 4857 1042 4906 3.
1060 4855 1146 4907 locum
1165 4857 1203 4906 sic
1220 4858 1320 4908 citavit:
1346 4859 1416 4920 Quod
1432 4864 1550 4921 mecona
1564 4873 1618 4908 soen
1634 4874 1652 4908 c

334 4935 382 4984 diis
397 4933 586 4984 immortalibus.
614 4934 679 4984 Fieri
703 4937 790 4985 umen
815 4936 903 4998 polest
918 4936 947 4984 ut
963 4937 1076 4996 uterque
1093 4931 1179 4983 locum
1197 4933 1322 4984 orationis
1339 4947 1364 4997 p.
1382 4931 1447 4983 iled.
1466 4932 1500 4982 ad
1517 4934 1589 4992 Quir.
1607 4945 1651 4981 re-

256 5015 261 5024 ·
334 5009 463 5072 spexerit.
483 5020 551 5072 quae
569 5008 603 5058 ab
620 5009 662 5058 his
678 5007 768 5060 verbis
785 5009 902 5059 orditur:
922 5009 992 5070 Quod
1005 5013 1122 5073 precatus
1138 5021 1156 5057 a
1171 5009 1226 5058 loce
1244 5045 1250 5056 .
1266 5045 1271 5056 .
1287 5045 1292 5057 .
1310 5007 1443 5070 ceterisque
1457 5007 1505 5056 dtis
1520 5009 1651 5057 inmortu-

332 5083 482 5133 libassem:
500 5083 548 5134 sed
564 5085 709 5147 utcumque
727 5086 781 5142 est,
801 5097 852 5134 non
870 5083 1013 5145 weced.
1031 5083 1080 5134 sed
1092 5084 1195 5145 precari
1206 5095 1299 5132 verum
1317 5083 1343 5134 b.
1357 5081 1373 5132 l.
1386 5083 1499 5132 videtur.
1514 5107 1540 5117 —
1560 5082 1652 5132 iudices

334 5156 354 5208 E
371 5159 431 5210 oute
448 5170 466 5208 a
481 5157 529 5210 diis
544 5157 633 5210 babet.
654 5185 681 5194 -
703 5159 728 5210 2.
745 5158 880 5210 cmorioir
895 5159 962 5219 ΕΜ,
984 5157 1033 5210 sed
1048 5159 1073 5210 bl
1089 5158 1235 5208 emtoriotis
1255 5158 1281 5208 in
1301 5169 1400 5221 marg.;
1421 5162 1554 5210 ceolam
1570 5159 1599 5211 G.
