3684 5862
307 363 349 432 dd
592 369 745 437 ouium
765 369 844 436 PRO
867 371 957 438 SEX.
977 369 1124 438 ROSCIO
1143 369 1328 438 minume

304 540 367 605 hoc
388 541 503 606 mirum
524 549 589 619 est,
611 542 698 628 quod
720 543 769 608 vis
791 544 898 608 divina
919 545 1048 630 assequi
1068 565 1134 608 non
1155 544 1271 627 possit,
1294 543 1322 607 si
1336 541 1369 605 id
1383 561 1473 608 meus
1486 539 1625 606 humana

304 636 420 720 adepta
448 657 515 702 non
542 638 592 701 sit.
639 633 710 701 132.
742 638 875 715 Verum,
908 646 944 702 ut
969 639 1048 702 haec
1073 641 1169 702 missa
1190 637 1319 712 inciam,
1353 656 1435 722 qnae
1457 636 1520 699 iam
1541 635 1624 700 facta

304 739 394 808 sunt,
417 751 458 796 ex
479 733 535 808 iis,
558 752 641 816 quae
662 753 747 796 nunc
768 754 840 797 cum
862 735 998 797 maxima
1019 730 1114 809 fiunt,
1136 752 1241 796 nonne
1256 732 1361 816 quivis
1382 739 1487 814 potest
1507 730 1623 794 intelli-

303 844 377 906 gere
399 828 541 889 omnium
563 826 768 890 architectum
783 835 815 891 et
835 827 1081 892 machinatorem
1096 847 1194 889 unum
1210 846 1279 890 esse
1296 825 1544 910 Chrysogonum,
1566 825 1622 908 qni

278 919 376 981 ⁵Sex.
405 920 510 983 Roscii
538 940 655 984 nomeu
684 919 890 985 deserendum
919 923 1058 997 curavit,
1091 918 1163 1005 [hoc
1190 915 1354 1003 iudicium]
1378 921 1469 984 cuius
1489 919 1622 983 honoris

300 1031 397 1078 causa
417 1033 567 1079 accusare
588 1035 623 1078 se
645 1013 727 1080 dixit
746 1017 905 1078 Erucius?
929 1013 1033 1050 *ii*

786 1122 899 1184 Denent
919 1137 981 1182 non
995 1139 1106 1202 penca.
1143 1139 1151 1156 ·

387 1221 434 1258 Η
445 1224 480 1287 in
501 1225 572 1288 vico
593 1223 752 1288 Pallacine
776 1221 794 1258 *
805 1221 824 1259 *
846 1225 984 1288 maxime
1005 1223 1116 1287 metuit
1130 1221 1177 1258 Η
1194 1225 1227 1286 in
1242 1225 1448 1290 Veientanam
1463 1221 1511 1261 *⁴*
1524 1244 1621 1291 mann

298 1317 429 1402 praedia
449 1317 588 1403 praediis
610 1316 658 1354 Η
679 1319 733 1382 hic
755 1338 815 1402 ego
837 1318 948 1382 audire
970 1317 1049 1381 istos
1071 1319 1166 1401 cupio
1190 1317 1237 1352 se
1491 1321 1497 1332 “

260 1461 289 1510 to
382 1451 491 1513 XLVI.
524 1448 691 1534 **aptam
722 1459 754 1514 et
783 1451 906 1514 ratione
928 1450 1116 1534 dispositam
1139 1469 1173 1512 se
1194 1450 1312 1514 habere
1334 1451 1530 1528 existimant,
1563 1453 1618 1537 qui

296 1545 331 1609 iu
353 1545 526 1609 Salentinis
555 1553 610 1610 aut
635 1546 670 1608 iu
691 1546 809 1610 Brutiis
831 1545 965 1622 hahent,
992 1545 1078 1607 uude
1099 1543 1154 1607 vix
1176 1549 1224 1607 ter
1244 1544 1278 1606 iu
1300 1565 1384 1609 auno
1406 1547 1516 1611 audire
1538 1568 1619 1613 uun·

127 1675 145 1766 3
296 1641 376 1704 tium
397 1645 541 1724 possunt.
577 1634 650 1702 433.
672 1640 762 1703 Alter
783 1639 841 1702 tihi
857 1639 1021 1704 descendit
1035 1640 1074 1702 de
1090 1639 1209 1722 palatio
1225 1646 1257 1702 et
1270 1639 1402 1704 aedihus
1418 1643 1502 1726 apim
1522 1643 1619 1708 hahet

295 1734 394 1798 animi
415 1754 511 1800 causa
532 1755 586 1798 rus
608 1754 778 1798 amoenum
801 1741 833 1797 et
854 1733 1085 1807 suburbanum,
1107 1732 1199 1815 plura
1221 1741 1383 1815 praeterea
1397 1737 1542 1818 praedia,
1562 1757 1618 1800 ne-

295 1849 358 1912 que
380 1837 487 1893 tamen
514 1829 617 1892 ullum
644 1829 708 1892 nisi
729 1829 928 1912 praeclarum
949 1835 981 1891 et
1002 1827 1234 1911 propinquum
1263 1827 1376 1892 domus
1397 1829 1513 1894 relenta
1532 1831 1617 1896 vasis

257 1931 286 1982 ⁴⁵
297 1923 468 1987 Corinthiis
498 1931 530 1987 et
557 1923 712 1998 Deliacis,
741 1923 776 1986 in
800 1923 917 2007 quibus
939 1929 988 1986 est
1008 1921 1163 2004 authepsa
1185 1921 1255 1998 illa,
1285 1942 1381 2007 quam
1403 1931 1490 1988 tanto
1512 1926 1616 2009 pretio

293 2037 398 2100 nuper
419 2024 576 2081 mercatus
599 2025 662 2091 est,
684 2023 721 2079 ut
735 2017 792 2101 qui
814 2022 1070 2100 praetereuntes,
1093 2016 1171 2100 quid
1192 2035 1308 2100 praeco
1324 2027 1539 2096 enumeraret,
1561 2040 1618 2084 au·

293 2111 439 2187 diehant,
466 2110 601 2174 hrodum
630 2111 739 2174 venire
770 2110 1007 2174 arbitrarentur.
1052 2109 1136 2186 Quid
1159 2117 1322 2192 praeterea
1344 2112 1456 2176 caelati
1478 2114 1617 2196 argenti,

292 2206 371 2288 quid
393 2205 551 2289 stragulae
573 2203 688 2280 vestis,
721 2203 798 2289 quid
820 2205 975 2288 pictarum
998 2204 1192 2279 tabularum,
1222 2205 1300 2289 quid
1330 2205 1510 2289 signorum,
1539 2208 1617 2294 quid
1644 2249 1647 2254 -

291 2300 457 2363 marmoris
486 2299 572 2382 apud
600 2299 691 2363 illum
712 2299 832 2382 putatis
855 2302 949 2362 essei
983 2305 1105 2362 tantum
1127 2297 1264 2373 scilicet,
1293 2309 1448 2383 quantum
1470 2323 1487 2366 e
1509 2303 1617 2366 multis

253 2395 533 2478 insplendidisqne
554 2393 684 2458 familiis
705 2394 740 2457 in
762 2395 853 2458 turha
875 2401 907 2457 et
928 2393 1047 2477 rapinis
1067 2393 1246 2456 coacervari
1264 2414 1329 2457 una
1343 2394 1377 2457 in
1392 2396 1486 2459 domo
1501 2396 1617 2480 potuit.

292 2484 364 2551 t34.
386 2487 551 2552 Familiam
572 2508 648 2553 vero
671 2496 822 2572 quautam
844 2496 876 2551 et
897 2507 993 2573 quam
1014 2487 1110 2552 variis
1133 2508 1205 2551 cum
1226 2485 1366 2552 artificiis
1384 2488 1516 2566 haheat,
1539 2489 1617 2574 quid

222 2624 225 2632 -
292 2601 351 2663 ego
374 2582 503 2644 dinami
535 2583 627 2646 Mitto
656 2583 752 2646 hasce
781 2591 865 2646 artes
886 2582 1047 2666 vulgares,
1077 2601 1216 2666 coquos,
1244 2583 1397 2666 pistores,
1419 2581 1616 2648 lecticarios:

291 2676 389 2738 animi
417 2683 449 2739 et
476 2675 602 2740 aurium
631 2695 727 2740 causa
748 2683 796 2740 tot
816 2677 962 2740 homines
984 2676 1096 2752 hahet,
1117 2682 1153 2738 ut
1175 2677 1362 2760 quotidiano
1385 2686 1480 2742 cautu
1501 2697 1617 2742 vocum

292 2777 325 2833 et
345 2789 515 2834 nervomm
543 2778 576 2834 et
603 2771 752 2836 tibiarum
773 2772 1003 2855 noctumisqne
1024 2771 1178 2835 conviviis
1200 2778 1266 2834 tota
1287 2772 1434 2836 vicinitas
1455 2779 1615 2858 personet.

253 2865 328 2926 2qu
356 2865 417 2928 hac
443 2865 524 2941 vita,
556 2865 691 2942 iudices,
723 2886 803 2954 quos
833 2872 977 2948 sumptus
1000 2866 1219 2949 quotidianos,
1253 2885 1332 2950 quas
1355 2867 1526 2932 effusiones
1546 2863 1615 2932 fieri

291 2960 436 3043 putatis?
467 2979 550 3048 quae
572 2979 647 3025 vero
673 2956 841 3024 convivia?
873 2961 1027 3036 honesta,
1060 2955 1197 3044 credo,(
1206 2962 1240 3023 in
1262 2957 1418 3024 eiusmodi
1440 2960 1553 3038 domo,
1587 2960 1615 3025 si

356 3136 381 3186 t.
399 3135 501 3198 eduen
518 3137 728 3200 G.-pcssetG.
744 3165 772 3172 —
791 3135 815 3187 3.
835 3151 867 3188 ee
883 3137 915 3188 iis
931 3151 987 3188 ac:
1006 3135 1162 3188 eenirllv.
1178 3163 1205 3172 -
1224 3135 1448 3200 neumneimeti,
1468 3137 1615 3191 Par.t.l.:

291 3221 345 3261 om.
363 3223 420 3261 own
436 3211 461 3262 ll
471 3211 581 3275 Ovac,
600 3212 678 3264 codd.
697 3211 754 3263 rell.
768 3213 831 3262 noti.
847 3239 874 3249 -
892 3214 917 3262 s.
935 3213 1034 3262 wenti
1051 3224 1105 3263 om.
1118 3213 1148 3261 G.
1164 3237 1191 3247 -
1209 3211 1255 3262 hoc
1270 3212 1389 3262 indcium
1401 3210 1545 3264 delendum
1556 3225 1616 3264 esse

290 3287 356 3337 vidit
372 3285 457 3339 lladv.
477 3287 524 3351 Op.
543 3287 562 3337 1.
581 3300 608 3352 p.
628 3287 684 3338 439.
706 3289 754 3350 lh:
773 3288 817 3348 qni
831 3287 877 3337 hoe
893 3288 1014 3338 inceium
1030 3287 1164 3352 conponit.)
1185 3311 1212 3323 -
1232 3288 1256 3337 6.
1274 3285 1382 3338 Eurotas
1398 3301 1451 3341 om.
1469 3301 1502 3350 v;
1520 3289 1547 3340 iu
1564 3289 1616 3353 sp

288 3362 435 3426 posthanc
451 3375 547 3412 vocem
565 3365 606 3412 est
622 3363 738 3427 spatium
754 3375 869 3413 vacuum
887 3361 1000 3426 amplius
1016 3363 1127 3426 paginae
1146 3363 1173 3411 et
1194 3362 1219 3412 in
1237 3358 1321 3424 marg.¹
1339 3361 1434 3414 eadem
1451 3375 1532 3415 mann
1549 3363 1617 3414 scri-

288 3440 366 3502 ptum
382 3440 440 3489 est:
460 3437 576 3497 «delicia
596 3438 753 3488 tantundem
770 3438 842 3488 enim
859 3438 886 3486 in
903 3436 962 3487 cod.
982 3437 1164 3500 antiquissimo
1181 3435 1348 3487 deficiebat.»
1373 3439 1403 3488 ln
1415 3437 1617 3489 Guarinivero-

289 3513 380 3562 nensis
405 3512 570 3576 expositione
595 3513 621 3564 iu
643 3526 683 3562 or.
706 3526 733 3578 p.
752 3514 830 3563 Rosc.
848 3515 907 3562 Am.
930 3510 997 3574 (cod.
1017 3513 1097 3562 Paris.
1115 3512 1213 3575 iata),
1240 3523 1322 3576 quem
1337 3510 1426 3565 locum
1443 3524 1551 3564 mecum
1566 3513 1615 3562 Th.

289 3587 481 3638 Mommsenius
498 3587 716 3648 communicavit,
735 3586 769 3638 de
785 3586 880 3638 lacuna
897 3587 965 3638 haec
981 3585 1118 3651 leguntur:
1146 3587 1265 3638 «lterum
1282 3601 1335 3637 non
1351 3601 1433 3652 parva
1448 3589 1536 3639 erne
1552 3600 1615 3652 pars

289 3661 374 3712 deest.
411 3661 488 3722 Quod
503 3661 602 3712 lactum
620 3663 661 3712 est
677 3663 729 3714 situ
752 3663 780 3712 et
797 3660 954 3726 exemplaris
971 3665 1102 3713 vetustate
1119 3661 1267 3726 decrepita,
1290 3661 1362 3726 quod
1383 3663 1423 3713 vir
1446 3662 1615 3716 doctissimus

288 3737 400 3800 Poggius
422 3749 455 3786 ex
476 3735 553 3787 Gallis
572 3737 607 3786 ad
628 3749 677 3788 nos
699 3739 895 3802 reportaverat,
920 3737 964 3800 qui
986 3737 1013 3787 et
1037 3737 1115 3787 huius
1131 3737 1256 3787 orationis
1273 3739 1300 3786 et
1316 3735 1422 3788 alterius
1438 3750 1488 3802 pro
1505 3737 1615 3790 Murena

288 3815 410 3877 repertor
426 3811 477 3862 hac
494 3815 580 3863 aetate
598 3811 653 3863 luit.
683 3814 714 3866 Ut
730 3816 821 3864 autem
838 3814 878 3863 Fr.
897 3812 1029 3863 Barbarus
1047 3812 1136 3862 dicere
1148 3823 1180 3862 ac
1191 3810 1331 3876 deplorare
1343 3810 1422 3872 solet,
1441 3814 1615 3865 occaecatum

289 3887 357 3938 adeo
375 3886 533 3952 exemplaris
550 3886 685 3950 codicem,
709 3888 780 3938 unde
805 3888 874 3938 haec
891 3889 996 3937 exarata
1013 3891 1055 3937 est
1071 3887 1167 3948 oratio,
1194 3885 1340 3937 Florentiae
1357 3885 1474 3951 viderat,
1496 3885 1613 3939 utnulla

288 3966 366 4027 pacto
383 3962 445 4013 inde
462 3962 604 4014 transcribi
619 3963 734 4014 verbum
754 3964 895 4028 potuerit.»
916 3991 943 4000 -
970 3963 994 4013 8.
1012 3964 1040 4012 in
1055 3963 1111 4012 nico
1126 3987 1166 4000 --
1182 3961 1263 4026 emto]
1288 3962 1337 4012 has
1362 3959 1486 4026 reliquias
1509 3961 1615 4014 abscis-

288 4048 333 4087 sas
350 4035 437 4087 schol.
456 4040 580 4089 servavit.
600 4065 628 4074 -
645 4040 732 4089 mnnit
748 4039 877 4090 Schuetz:
896 4043 964 4090 mete
979 4043 1007 4089 nt
1023 4038 1084 4088 sch.
1105 4065 1132 4074 -
1152 4037 1192 4088 ⁴0.
1212 4037 1363 4087 existiment
1378 4049 1404 4088 v.
1421 4065 1449 4075 —
1467 4039 1509 4090 tt.
1527 4037 1615 4090 Salen-

288 4113 346 4162 tinis
367 4113 403 4164 lli
416 4125 473 4162 vc:
498 4113 642 4164 Sallentinis
658 4114 851 4166 uuachun.
872 4142 900 4152 -
925 4115 965 4165 ts.
990 4114 1069 4165 enimi
1089 4125 1167 4163 carne
1187 4113 1335 4163 MCTvc:
1361 4112 1508 4162 emhnnrd
1530 4101 1617 4177 (οιᾶ

287 4178 342 4250 σῆς
360 4188 440 4238 enini
454 4189 592 4240 uincendi
607 4203 686 4240 cerae
702 4187 744 4240 alii
762 4189 851 4251 codd,
870 4193 900 4240 ut
915 4189 1032 4251 videtur,
1051 4190 1105 4240 Oa.
1120 4215 1147 4224 -
1166 4201 1330 4250 mumque
1346 4189 1379 4246 G,
1398 4188 1539 4240 anniam
1554 4201 1571 4240 a
1587 4189 1615 4239 et

288 4264 359 4314 Crat.
379 4277 479 4327 margo.
500 4292 528 4304 -
550 4271 574 4316 et
589 4265 669 4328 plere
685 4279 713 4325 χ.
734 4291 762 4300 —·
785 4265 825 4316 te.
844 4265 965 4328 emensa
981 4267 1040 4325 Ge,
1063 4264 1140 4314 sch:
1163 4269 1208 4314 ent
1223 4263 1305 4326 liepsn
1320 4275 1352 4323 a;
1377 4263 1551 4326 cndepseln
1569 4269 1615 4315 cst

287 4351 313 4387 v.
333 4365 361 4372 —
380 4339 420 4388 te.
439 4343 467 4389 nt
488 4339 531 4401 oni
548 4343 747 4402 praetereamus,
771 4341 833 4400 qnid
850 4353 944 4402 praeco
968 4343 1125 4390 memoraret
1145 4339 1303 4389 Steinmetz:
1325 4341 1353 4387 nt
1369 4338 1412 4400 qni
1427 4343 1614 4402 presumentes

287 4413 347 4476 qne
360 4425 453 4475 praem
470 4427 543 4465 enom
558 4428 692 4466 nmero
708 4414 767 4465 Par.
787 4415 810 4464 t.
830 4412 854 4465 l.
873 4416 910 4465 St.
924 4415 991 4465 Vict.
1011 4414 1069 4479 (sed
1085 4414 1129 4464 hic
1142 4412 1335 4477 preecmran);
1352 4417 1381 4464 nt
1398 4425 1422 4475 q.
1438 4427 1483 4476 pr.
1500 4415 1543 4476 ne
1555 4427 1615 4478 pre·

286 4501 377 4538 comem
392 4501 527 4540 nmmrere
543 4492 578 4550 G;
597 4495 624 4540 nt
641 4491 684 4552 qni
698 4503 738 4552 pr.
758 4490 819 4550 qnid
833 4491 959 4552 praetium
976 4488 1026 4553 (vel
1039 4488 1159 4554 pretim)
1175 4501 1322 4540 munnere
1339 4485 1388 4552 (vel
1404 4488 1485 4553 nean.)
1501 4491 1574 4541 Parr.
1587 4489 1612 4540 i.

286 4563 311 4613 8.
325 4563 365 4622 9.;
383 4567 411 4613 nt
427 4564 471 4624 qni
483 4569 669 4627 prmnreomes
680 4565 808 4627 praetium
823 4579 970 4616 manners
986 4567 1048 4626 tic,
1066 4570 1094 4614 nt
1110 4567 1154 4625 qni
1166 4578 1209 4627 pr.
1224 4565 1334 4626 pretinm
1349 4577 1484 4615 emerere
1498 4577 1537 4616 ve
1556 4562 1615 4629 (sed

286 4651 321 4686 v:
347 4637 449 4700 dipem
461 4639 598 4702 pronon„
624 4643 653 4689 nt
669 4639 772 4701 quidone
784 4645 868 4702 praet.
881 4641 925 4702 qni
935 4641 961 4690 id
968 4641 1078 4703 praeirem
1089 4639 1233 4690 commoti
1244 4637 1297 4690 Pal.
1311 4639 1352 4698 t.;
1369 4643 1398 4687 nt
1409 4638 1453 4700 qni
1460 4643 1543 4701 praet.
1554 4652 1615 4702 pre·

285 4712 348 4764 titan
360 4715 505 4764 manner-i
515 4713 535 4764 L
544 4714 577 4773 03
595 4717 624 4763 ut
639 4714 683 4774 qni
696 4718 779 4776 praec.
795 4715 960 4777 praeconiam
976 4714 1110 4766 nuenton
1127 4715 1195 4765 coni.
1214 4715 1273 4764 Gar.
1293 4714 1324 4778 (2)
1342 4711 1401 4764 coll.
1418 4726 1445 4778 p.
1465 4715 1568 4774 Quinct.
1587 4728 1612 4767 c.

285 4789 326 4838 rt.
340 4789 368 4838 et
382 4801 409 4853 p.
422 4787 487 4840 Rah.
505 4788 569 4839 Post
585 4799 610 4838 c.
623 4789 681 4848 t‘l.;
698 4794 727 4839 nt
742 4790 845 4852 endem
858 4795 952 4853 praet,
971 4791 1014 4853 qni
1024 4790 1051 4840 id
1063 4791 1173 4852 pretim
1183 4789 1327 4840 ermari
1337 4789 1380 4840 Or.
1394 4787 1425 4852 (Ξ)
1439 4800 1501 4839 cum
1511 4789 1614 4842 Buech-

284 4875 359 4914 nero.
380 4891 408 4900 -
427 4864 467 4915 te.
485 4863 683 4914 memorasset.
696 4888 723 4900 -
742 4864 783 4915 20.
801 4879 965 4917 coercernare
981 4868 1010 4916 G.
1025 4891 1053 4902 -
1070 4878 1124 4915 eno
1139 4865 1166 4916 in
1182 4863 1262 4930 donn]
1279 4877 1358 4916 namn
1372 4875 1444 4914 neruo
1462 4864 1495 4926 o,
1514 4865 1573 4916 Per.
1585 4861 1611 4917 l.

285 4937 492 5002 (sedGnnum);
510 4939 605 4989 cneci
620 4951 692 4990 nmio
707 4953 761 5000 xv.
777 4968 805 4978 -
822 4941 1042 5008 martineium.
1057 4965 1085 4976 -
1104 4938 1250 5002 hebetum
1268 4939 1429 4993 menate
1443 4963 1471 4974 -
1489 4937 1530 4990 22.
1549 4939 1614 4990 crde

283 5011 494 5064 nesrac-
512 5024 668 5075 emensae:
686 5016 923 5080 cocordttcsv,
941 5016 1213 5082 mansurpium·
1229 5015 1335 5080 mern
1350 5027 1383 5067 c:
1397 5014 1506 5081 pictores
1521 5015 1612 5081 (illis

283 5095 334 5138 ve.
355 5111 383 5125 -
401 5088 442 5142 26.
460 5087 601 5142 nument
616 5100 643 5142 v.
