3644 5874
650 371 722 436 cn.
743 371 828 436 xm.
856 370 912 456 55.
934 369 1080 438 ar-aa.
1459 373 1521 442 aar

202 539 340 623 exempli
368 557 462 603 causa
487 540 521 603 id
549 559 663 604 nomen
692 543 891 618 invenerant,
924 551 1075 627 putarunt
1106 565 1216 609 omnes
1238 546 1403 622 mulieres,
1436 568 1519 632 quae

201 633 434 715 cotmptionem
453 632 607 707 facerent,
635 635 728 699 Gaias
748 638 863 699 vocari.
899 637 964 701 Iam
986 637 1066 701 illud
1088 638 1166 702 mibi
1187 639 1316 722 quidem
1338 640 1450 704 mirum
1473 644 1519 706 vi·

202 727 272 791 deri
293 725 389 801 solet,
410 733 457 789 tot
477 726 636 803 homines,
662 735 725 791 tam
748 730 947 811 ingeniosos,
969 749 1026 813 per
1047 737 1094 794 tot
1114 751 1213 796 annos
1236 734 1329 797 etiarn
1350 754 1434 797 nunc
1456 743 1519 800 sta-

203 827 293 883 tuere
313 837 377 882 non
399 820 555 902 potuisse,
577 831 681 885 utrum
703 822 787 885 diem
809 825 934 887 tertium
958 843 998 888 an
1019 825 1244 907 perendinum,
1265 826 1401 890 iudicem
1416 848 1455 891 an
1470 847 1519 892 ar-

201 914 334 987 bitrum,
355 933 421 976 rem
444 933 484 975 an
505 914 591 978 litem
614 915 676 978 dIci
691 923 860 998 oporteret.
897 919 981 980 XIII.
998 915 1048 980 28.
1074 921 1206 1001 Itaque,
1227 926 1263 981 ut
1276 919 1359 994 dixi,
1382 920 1542 1003 dignitus

201 1008 236 1069 iu
258 1006 318 1069 ista
339 1007 471 1098 scienda
492 1010 665 1073 consularis
688 1031 859 1092 numquam
880 1010 958 1086 init,
981 1031 1065 1096 quae
1088 1019 1154 1074 tota
1176 1031 1216 1074 ex
1230 1013 1324 1076 rebus
1339 1011 1419 1078 fictis
1434 1036 1519 1080 com-

199 1100 422 1184 menticiisque
453 1110 627 1178 constaret;
660 1105 778 1186 gratiae
805 1124 880 1167 vero
909 1105 1008 1168 multo
1039 1106 1133 1169 etiam
1162 1106 1276 1168 minus.
1319 1107 1413 1183 Quod
1435 1113 1517 1174 enim

201 1195 348 1258 omnibus
369 1202 456 1276 patet
477 1203 509 1258 et
529 1215 631 1279 aeque
653 1206 831 1280 promptum
855 1207 902 1260 est
925 1199 1001 1262 mibi
1024 1207 1055 1263 et
1077 1200 1257 1262 adversario
1280 1219 1366 1275 meo,
1394 1204 1426 1266 id
1449 1224 1518 1268 esse

200 1297 322 1374 gratum
351 1288 438 1350 nullo
460 1298 552 1371 pacto
574 1299 685 1373 potest.
723 1293 831 1374 Itaque
854 1311 917 1354 non
940 1294 1034 1355 modo
1055 1293 1199 1356 beneficii
1221 1294 1397 1357 collocandi
1420 1315 1517 1380 spem,

200 1383 258 1446 sed
272 1383 366 1446 etlam
385 1381 482 1457 illud,
505 1385 589 1466 quod
605 1385 798 1468 aliquamdiu
813 1385 891 1460 luit,
914 1404 1008 1449 arcer
1023 1389 1223 1450 acusansnst
1245 1388 1308 1449 iam
1324 1389 1517 1469 perdidistis.
1527 1406 1555 1454 ta

201 1477 334 1560 Sapiens
357 1476 531 1540 existimari
553 1497 646 1540 nemo
667 1487 773 1561 potest
794 1479 827 1541 in
849 1499 885 1542 ea
907 1481 1090 1562 prudentia,
1117 1499 1199 1564 quae
1212 1499 1325 1563 neque
1347 1490 1436 1546 extra
1456 1482 1518 1547 Ilo-

200 1590 283 1634 mam
303 1587 438 1651 usquam
459 1590 563 1654 neque
585 1573 704 1635 Romae
726 1573 819 1636 rebus
841 1573 974 1655 prolatis
990 1576 1160 1658 quicquam
1174 1575 1268 1638 valet.
1301 1576 1423 1639 Peritus
1444 1576 1517 1641 ideo

199 1665 308 1731 baberi
331 1683 424 1726 nemo
447 1671 565 1746 potest,
588 1665 673 1748 quod
697 1667 729 1728 iu
752 1686 807 1741 eo,
830 1666 918 1749 quod
940 1669 1045 1731 sciunt
1067 1689 1191 1744 omnes,
1218 1669 1423 1732 nullomodo
1445 1690 1519 1754 pos-

200 1767 275 1824 sunt
295 1760 379 1822 Inter
399 1777 433 1820 se
456 1758 643 1841 discrepare.
672 1759 817 1823 Difficilis
840 1768 944 1824 autem
967 1761 1112 1824 resideo
1134 1782 1199 1826 non
1220 1769 1362 1846 putatur,
1385 1765 1470 1846 quod
1486 1774 1518 1830 et

200 1853 367 1940 perpaucis
389 1859 421 1914 et
441 1852 570 1915 minima
592 1852 733 1916 obscuris
755 1855 867 1917 litteris
882 1855 1069 1918 continetur.
1103 1858 1215 1941 Itaque
1238 1856 1265 1919 si
1280 1856 1374 1931 mibi,
1395 1856 1556 1944 hominiis
1623 1839 1641 1936 έ

200 1948 401 2011 vehementer
428 1955 599 2030 occupato,
628 1948 821 2011 stomachum
851 1949 1028 2024 moveatis,
1059 1949 1163 2013 triduo
1193 1969 1243 2013 me
1272 1969 1343 2012 esse
1372 1950 1518 2014 iurecon-

200 2041 317 2105 sultum
339 2039 520 2123 profitebor.
548 2042 673 2104 Etenim
696 2059 777 2124 quae
796 2042 836 2104 de
859 2044 973 2126 scripto
996 2053 1146 2125 aguntur,
1170 2046 1284 2128 scripta
1305 2051 1379 2107 sunt
1397 2045 1517 2121 omnia3

200 2155 303 2220 neque
324 2143 428 2197 tamen
450 2134 618 2217 quicquam
641 2143 703 2196 mm
726 2144 857 2217 anguste
880 2137 1030 2218 scriptum
1053 2145 1116 2210 est,
1144 2157 1209 2221 quo
1232 2157 1290 2220 ego
1312 2156 1377 2200 non
1398 2139 1517 2221 possim

200 2248 263 2303 ova
293 2247 333 2290 nn
364 2245 403 2289 as
433 2246 545 2289 sarran
575 2227 708 2304 addere3
738 2249 819 2312 quae
843 2230 1049 2294 consuluntur
1070 2237 1190 2305 autem,
1223 2231 1353 2294 minimo
1376 2231 1516 2314 pericula

199 2323 439 2408 respondentur.
463 2320 495 2383 Si
518 2320 551 2381 id
573 2323 659 2404 quod
681 2332 803 2406 oportet
823 2325 1041 2406 responderis,
1063 2325 1148 2388 idem
1163 2324 1291 2388 videare
1306 2324 1555 2407 respondissem

200 2419 285 2502 quod
313 2415 457 2479 Servius:
489 2415 537 2476 sin
565 2415 672 2491 aliter,
702 2416 795 2480 etiam
818 2425 1053 2481 controversum
1076 2419 1124 2481 ius
1147 2436 1241 2480 nossa
1264 2425 1449 2482 attractare
1469 2419 1517 2482 vi-

199 2511 303 2574 deare.
345 2505 395 2570 29.
419 2507 620 2591 Quapropter
647 2529 712 2572 nan
740 2509 842 2572 solum
875 2511 930 2573 illa
955 2511 1056 2592 plania
1076 2510 1219 2573 militaris
1241 2513 1353 2575 vestris
1376 2510 1518 2574 formulis

199 2614 294 2690 atque
316 2602 497 2666 actionibus
518 2603 740 2685 anteponenda
755 2615 817 2680 est,
839 2604 1056 2668 verumetiam
1072 2603 1199 2667 dicendi
1212 2603 1409 2668 cousuetudo
1423 2603 1518 2686 longe
1554 2637 1557 2644 ⁴

199 2707 231 2763 et
251 2699 382 2763 multum
403 2698 456 2760 isti
477 2704 600 2760 vestrae
622 2698 839 2762 exercitationi
860 2697 899 2760 ad
922 2698 1075 2761 bonorem
1098 2698 1268 2761 antecellit.
1308 2697 1418 2782 Itaque
1440 2697 1518 2761 mibi

199 2793 346 2857 videmur
366 2791 510 2874 plerique
532 2792 623 2856 initio
645 2792 743 2856 multo
766 2791 826 2855 bac
849 2791 1015 2856 maluisse:
1044 2799 1133 2874 past,
1157 2811 1227 2856 cum
1249 2792 1282 2856 id
1304 2791 1430 2876 assequi
1452 2806 1570 2862 nonas

199 2886 391 2972 potuissent,
414 2884 493 2949 istuc
515 2886 710 2968 potissimum
732 2893 805 2948 sunt
826 2885 957 2967 delapsi.
995 2885 1035 2948 Ut
1055 2885 1144 2948 aiunt
1157 2886 1190 2950 in
1205 2886 1333 2950 Graecis
1347 2883 1518 2951 artificibus

199 2999 254 3044 eos
275 2979 423 3043 auloedos
446 2999 532 3055 esse,
557 2980 612 3063 qui
635 2978 805 3044 citharoedi
828 2977 895 3042 lieri
917 2998 981 3042 non
1003 2981 1179 3062 potuerint:
1210 2981 1255 3044 sic
1278 2980 1449 3045 nonnullos
1471 2981 1518 3044 vi-

199 3073 326 3147 demus,
348 3073 403 3154 qui
425 3080 565 3136 oratores
588 3074 720 3136 evadere
741 3093 805 3136 non
827 3073 1002 3155 potuerint,
1028 3091 1083 3135 eos
1106 3072 1145 3136 ad
1167 3073 1244 3137 iuris
1264 3075 1403 3139 studium
1424 3073 1518 3138 deve-

198 3169 277 3231 nire.
320 3169 451 3260 Magnus
473 3166 598 3228 dicendi
620 3166 722 3241 labor,
745 3185 947 3250 magnares,
969 3186 1082 3249 magna
1097 3167 1251 3248 dignitas,
1275 3187 1396 3231 summa
1411 3175 1517 3231 autem
1638 3163 1656 3236 3

199 3260 307 3344 gratia.
343 3245 508 3356 Etenim(a
531 3263 621 3325 vobis
644 3251 815 3325 salubritas
831 3261 1004 3345 quaedam,
1026 3261 1066 3323 ab
1087 3261 1126 3323 iis
1149 3261 1204 3344 qui
1227 3260 1337 3325 dicunt
1350 3262 1435 3324 salus
1449 3259 1633 3365 ipsattqb

200 3333 596 3510 petiturqgleindept'estra
611 3375 762 3439 responsa
775 3363 871 3439 atque
886 3339 1059 3468 decreta)et
1073 3360 1257 3444 evertqptur
1272 3372 1366 3436 saepe
1382 3353 1516 3416 fflaendo
1599 3357 1689 3481 &L

199 3455 230 3512 et
252 3448 322 3512 sine
366 3447 528 3513 et'ensione
550 3435 794 3566 oratoris(tirma
816 3469 885 3513 esse
907 3439 1145 3568 noqsspqssunt)
1167 3449 1280 3530 inqua
1300 3447 1327 3509 si
1348 3447 1425 3510 satis
1445 3467 1518 3530 pro·

262 3721 286 3770 t.
300 3723 425 3782 putauit
441 3720 484 3770 ed.
497 3721 557 3770 Asc.
571 3720 647 3770 teti:
663 3725 782 3784 putarem
794 3721 861 3782 mei,
879 3719 969 3769 iona.
985 3743 1010 3753 -
1025 3717 1051 3768 4.
1070 3717 1148 3767 Gaias
1164 3716 1347 3782 EGCxqiv:
1366 3718 1515 3771 04444440.

198 3795 304 3847 Ventus
325 3793 433 3846 Placeas
456 3807 553 3846 nomen
575 3795 642 3846 Gaia
663 3794 723 3846 sub.
748 3795 794 3846 liii.
818 3796 840 3846 G
861 3791 990 3850 habebdt3
1014 3805 1040 3842 v.
1058 3790 1130 3842 Paul.
1149 3792 1222 3842 Diae.
1247 3805 1274 3856 p.
1294 3792 1325 3843 aa
1346 3793 1380 3845 tt.
1407 3820 1433 3832 -
1455 3795 1518 3845 illaad

198 3871 296 3932 quidm
311 3870 372 3920 mitt
388 3871 422 3930 G,
439 3870 499 3920 mitt
515 3870 577 3920 iliad
593 3871 691 3932 midan
708 3871 735 3921 E.
756 3895 783 3905 -
802 3869 826 3920 I.
843 3869 1021 3932 portenaticum
1038 3869 1068 3918 G.
1089 3895 1116 3904 -
1136 3867 1160 3918 6.
1178 3867 1317 3918 conuiuis
1331 3863 1361 3918 iu
1373 3869 1423 3920 ista
1438 3871 1518 3921 aaut·

197 3947 234 3997 tia
249 3958 275 3995 v.
295 3969 322 3981 -
347 3945 372 3995 4.
389 3944 456 4010 aaa]
473 3945 549 3994 stiam
565 3947 594 3995 G.
616 3971 642 3981 —-
665 3945 748 3995 minus
764 3945 806 3995 ed.
826 3947 897 3996 Crat.
918 3943 980 3995 tata
999 3945 1026 3994 et
1042 3945 1078 3993 L:
1104 3943 1213 3994 misaac
1228 3943 1307 3994 codd.
1326 3944 1395 4004 noti,
1414 3945 1468 3995 vo.
1486 3973 1514 3982 -

197 4023 220 4071 9.
238 4021 337 4085 44444444
351 4019 499 4071 collocandis
515 4021 548 4080 G,
567 4019 687 4084 bmcflaiis
702 4020 850 4070 codocaadia
866 4021 891 4070 id
903 4032 939 4070 m.
953 4033 993 4083 pr.
1008 4045 1036 4056 -
1051 4019 1091 4070 td.
1111 4018 1259 4082 aliquandiu
1269 4020 1363 4079 ll0v;
1382 4019 1517 4083 aliquanda

196 4097 215 4146 E
233 4098 260 4147 et
275 4095 335 4148 eod.
354 4097 444 4146 Frena.
465 4121 492 4132 -
510 4096 639 4158 perdidisti
656 4097 684 4146 G.
699 4123 725 4131 -
745 4097 785 4145 it.
803 4108 916 4158 uuquam
931 4095 1026 4159 Εοψ.
1041 4121 1068 4130 -
1082 4095 1162 4158 ipitur
1177 4093 1236 4144 EC.
1251 4119 1279 4129 -
1293 4092 1332 4144 tt.
1351 4105 1422 4145 auno
1432 4094 1519 4146 tutari

196 4185 220 4220 v.
234 4196 262 4206 -
281 4169 354 4234 quoin
365 4183 415 4220 aaa
426 4173 455 4220 G.
466 4197 494 4206 -
514 4169 648 4220 uinuaed.
663 4171 750 4221 Crat:
768 4171 877 4220 domimi
894 4169 960 4232 mel,
980 4171 1031 4221 CH
1041 4183 1069 4230 κ.
1081 4196 1109 4206 -
1127 4172 1230 4232 paratust
1245 4179 1298 4218 om.
1311 4168 1341 4218 E.
1352 4195 1379 4205 -
1399 4168 1438 4222 44.
1452 4172 1518 4232 quod

196 4259 267 4308 cap.
286 4261 313 4306 χ.
333 4271 360 4280 -
380 4245 420 4296 46.
438 4246 491 4296 aab.
508 4245 624 4308 impedito
639 4249 776 4296 elcesaeum
793 4247 820 4295 E.
835 4258 915 4295 -ma
931 4258 981 4295 esse
996 4246 1081 4294 iuriae
1100 4246 1138 4304 Gi
1156 4256 1196 4293 me
1211 4243 1297 4293 444444.
1316 4253 1366 4292 uasa
1382 4241 1449 4306 cit,
1467 4258 1517 4297 esta

196 4321 279 4372 tuta.
297 4333 337 4372 mc
351 4333 380 4382 v,
399 4318 450 4370 del.
468 4333 519 4370 esea
529 4321 641 4371 Ernesti
659 4322 693 4370 At
704 4320 737 4370 cl.
751 4319 826 4370 Vera.
841 4320 882 4370 Ill.
896 4319 920 4383 5.
932 4320 990 4370 eti.
1005 4345 1031 4355 -
1047 4321 1087 4369 ⁴7.
1101 4331 1149 4382 quo
1161 4318 1284 4381 ducilptu
1295 4320 1323 4367 G.
1340 4343 1366 4355 -
1381 4318 1421 4368 48.
1433 4323 1517 4371 turma

196 4410 248 4448 om.
262 4399 290 4447 G.
305 4419 332 4432 -·
348 4407 448 4459 poserem
465 4398 493 4446 G.
503 4423 530 4433 -
549 4396 589 4445 49.
607 4395 708 4445 micina
724 4397 752 4444 G.
760 4421 787 4430 -
806 4395 846 4445 2⁰.
862 4395 883 4443 si
900 4399 984 4444 autem
996 4394 1062 4458 (apte
1073 4393 1270 4455 Mommsenlus)
1282 4393 1437 4455 respondetis
1448 4395 1477 4444 G.
1487 4421 1513 4431 -

195 4473 306 4524 iudicare
316 4485 342 4534 ν,
359 4471 500 4522 iudanom
515 4485 575 4531 χ.-
594 4471 635 4520 ii.
647 4475 836 4520 contrauersim
848 4471 877 4519 G.
892 4494 919 4504 -
933 4469 973 4520 22.
988 4473 1141 4532 quaprapter
1156 4468 1329 4530 anteponenda
1344 4481 1432 4518 uuum
1441 4469 1517 4519 etium

196 4547 289 4598 mediis
305 4558 358 4596 om.
378 4547 407 4596 G.
424 4567 451 4582 —
473 4544 514 4598 44.
532 4545 654 4597 antecedit
669 4546 735 4596 tlt:
755 4543 880 4594 uatmeltat
896 4542 974 4594 codd.
992 4542 1050 4594 rell.
1069 4544 1097 4594 0.
1121 4570 1148 4578 —
1170 4543 1208 4592 itu
1223 4543 1298 4593 miclti
1317 4545 1345 4594 G.
1366 4569 1393 4578 -
1412 4544 1454 4593 td.
1471 4545 1516 4593 loa
1594 4571 1604 4586 ·

195 4623 270 4673 multo
280 4623 309 4672 E.
322 4648 348 4658 -
368 4621 470 4684 adsequi
481 4623 510 4682 E,
522 4635 563 4683 aaa
575 4620 630 4685 (sic)
642 4623 676 4678 G;
695 4620 753 4670 tart.
766 4621 793 4669 id
804 4617 957 4670 delendum.
965 4645 994 4656 -
1013 4620 1053 4670 26.
1067 4619 1133 4669 istud
1144 4619 1172 4668 G.
1187 4643 1215 4654 -
1228 4623 1256 4670 ut
1272 4617 1345 4669 uiuat
1355 4643 1370 4655 ·
1378 4643 1393 4654 -
1403 4617 1516 4670 44444444

196 4695 271 4748 affert
286 4694 390 4756 Quintil.
409 4697 473 4746 Vlll.
492 4695 522 4758 3,
540 4697 585 4755 49ς
604 4697 648 4756 tit,
666 4699 693 4745 ut
709 4696 780 4745 uiuat
796 4696 824 4745 L.
837 4695 921 4744 —tt
940 4693 1041 4744 subdas
1058 4695 1096 4752 tt,
1114 4693 1224 4745 auectas
1241 4708 1267 4744 ν.
1283 4721 1309 4731 -
1323 4693 1513 4756 mammilla,

195 4767 303 4836 midaii
320 4773 350 4822 G.
365 4799 392 4809 -
402 4777 537 4834 potuerunt
553 4773 597 4824 liv
615 4776 641 4823 et
658 4770 736 4821 codd.
756 4769 917 4830 Quintiliani,
936 4770 981 4832 qui
998 4769 1104 4833 praeter
1121 4768 1180 4819 aad.
1194 4767 1279 4819 Turlc.
1292 4767 1334 4819 bis
1345 4767 1514 4820 indicativum

196 4849 307 4906 bebent;
327 4849 418 4899 eontra
436 4851 477 4899 est
493 4850 519 4899 ln
535 4849 620 4898 Turia.
639 4847 681 4898 bis
698 4846 886 4896 coniunctivus.
902 4871 929 4880 —
942 4844 978 4892 sic
988 4869 1024 4880 -·
1032 4844 1160 4905 potueriat
1176 4855 1230 4894 om.
1249 4845 1278 4893 G.
1294 4867 1321 4879 -
1333 4843 1370 4892 sic
1384 4857 1430 4894 aot
1444 4843 1515 4894 uido-

195 4921 367 4984 mauouiutit
390 4949 417 4958 -
442 4924 482 4975 28.
498 4925 624 4986 potueriat
641 4924 665 4973 u
674 4923 694 4972 'l'
703 4923 760 4972 Lv:
780 4923 914 4982 potueruut
930 4919 993 4978 EO,
1017 4917 1095 4968 codd.
1119 4917 1174 4968 rell.
1199 4945 1226 4954 -
1251 4916 1371 4982 devenire]
1394 4919 1515 4970 diocnm

196 4998 271 5051 codd.
285 4998 404 5063 plerique
417 4996 520 5058 Quintil.
534 5025 560 5034 —
571 4999 610 5048 tt.
624 5009 766 5061 mapaaras
774 5008 827 5044 om.
838 5007 863 5043 v.
871 4992 1002 5058 -autemJ
1012 4994 1088 5042 ctiam
1096 4993 1155 5044 eod.
1166 4993 1258 5044 Frane.
1269 4993 1296 5042 et
1304 4993 1332 5042 l..
1343 4993 1417 5045 -34,
1426 4994 1453 5043 ia
1462 5005 1514 5055 qua

197 5088 223 5126 ra
238 5075 260 5125 si
275 5075 294 5126 L
313 5075 403 5126 sonim
421 5071 499 5128 codd.
519 5073 557 5126 ct.
571 5071 646 5124 Fabri
658 5071 693 5122 ad
703 5071 756 5122 Sal.
770 5069 842 5124 catti.
856 5071 896 5132 l8,
909 5070 933 5121 4.
952 5067 1063 5121 Ellendt.
1076 5068 1110 5120 ad
1122 5069 1172 5122 Cic.
1184 5071 1213 5121 dc
1224 5069 1296 5120 Orat
1307 5065 1364 5119 Vol.
1374 5069 1405 5119 44.
1417 5081 1444 5134 p.
1456 5068 1511 5121 aaa.
