3642 5868
334 435 397 505 178
705 441 748 508 ΙΝ
768 437 936 507 VERREM
956 440 1078 506 ACTIO
1102 439 1286 508 SECUNDA

415 607 510 669 collati,
528 605 687 674 pleramque
703 609 856 676 conspirent
871 610 940 662 inter
956 623 998 673 se,
1018 611 1084 663 etut
1095 609 1249 664 melioribus
1260 609 1322 662 sont
1332 605 1544 672 adnumerandi,
1565 606 1605 660 ita
1623 617 1673 658 sa·

414 684 563 751 perietibus
580 697 634 736 non
650 682 728 750 plane
745 686 919 750 exaequandi.

332 759 350 811 t
366 760 495 824 significat
511 772 674 811 consensum
691 759 812 811 codicum
828 762 897 825 ngas
908 761 940 813 ia
957 764 988 814 4.
1006 764 1035 814 B.

332 834 399 884 V:
416 835 515 886 codicis
534 835 648 885 Vaticani
664 834 825 898 4444444444,
850 834 884 885 de
901 835 998 898 quihus
1015 835 1075 888 vide
1093 849 1161 901 quae
1179 835 1292 887 diximus
1308 834 1342 886 ad
1358 833 1404 886 lib.
1422 835 1442 886 l.
1468 835 1538 887 Sunt
1556 845 1593 886 ea
1612 832 1672 898 qni.

415 911 478 962 dem
495 911 606 975 optima,
629 910 677 961 sed
695 923 728 961 ne
745 911 771 961 in
788 911 829 962 iris
847 909 955 975 quidem
972 910 1045 962 libris
1063 913 1101 974 (ll.
1121 912 1216 973 44444.)
1233 915 1287 962 tem
1305 912 1424 975 egregie,
1447 912 1477 961 nt
1492 909 1671 974 reliqueram

413 987 534 1037 codicum
558 986 718 1050 optimorum
739 987 902 1046 auctoritati,
929 985 956 1036 id
976 986 1049 1049 quod
1066 985 1180 1038 Klotzius
1201 987 1235 1050 [in
1252 985 1368 1037 editione
1385 987 1493 1050 maiore)
1511 987 1575 1038 lere
1594 985 1669 1047 lecit,

412 1059 512 1125 ubique
534 1060 586 1111 siut
606 1060 791 1126 praeierende.
830 1062 896 1111 sunt
918 1062 1007 1111 autem
1031 1061 1114 1112 haec:
1141 1062 1164 1124 4)
1188 1061 1212 1126 5.
1232 1063 1256 1112 4.
1279 1061 1361 1112 ltalia
1381 1061 1443 1112 44444
1464 1061 1613 1114 necessasia
1639 1087 1668 1096 -

412 1137 436 1200 g.
455 1137 480 1187 2.
498 1137 622 1186 sedarum
634 1151 703 1200 pro.
720 1175 747 1187 ..
775 1137 799 1199 2)
817 1135 895 1200 §.aa
914 1136 1024 1188 omnium
1040 1136 1116 1186 Sicut.
1132 1162 1159 1170 -
1179 1135 1257 1200 §.tl
1279 1137 1394 1186 Venerius
1409 1137 1440 1187 lto
1454 1175 1460 1187 .
1475 1174 1503 1187 ..
1535 1135 1562 1198 3)
1583 1133 1610 1198 g.
1625 1133 1667 1184 32.

412 1213 523 1262 liomooo
539 1212 617 1261 datur
632 1239 659 1247 -
679 1211 703 1276 5.
716 1211 757 1264 34.
775 1212 836 1262 tace
851 1212 932 1274 copia.
961 1211 984 1274 4)
1004 1211 1028 1275 5.
1042 1210 1082 1262 ia.
1101 1215 1233 1273 coeperunt
1246 1238 1273 1246 —
1293 1209 1317 1276 5.
1330 1211 1371 1262 43.
1389 1211 1519 1262 hereditas.
1540 1211 1568 1274 5)
1582 1209 1607 1274 S.
1622 1210 1666 1261 43.

412 1287 623 1338 1444444444-
643 1287 847 1352 §.savonae
874 1286 897 1350 6)
915 1287 994 1350 §.aa
1012 1286 1155 1336 4444444444
1174 1313 1201 1322 -
1220 1285 1298 1350 §.aa
1317 1287 1433 1337 innocens
1460 1288 1483 1351 7)
1502 1287 1526 1353 5.
1542 1287 1589 1338 83.
1610 1287 1669 1337 44444

411 1367 542 1425 conparat
560 1389 588 1399 -
614 1363 639 1426 g.
658 1363 698 1414 87.
716 1367 745 1412 ut
757 1367 858 1424 444444.
892 1363 916 1426 8)
935 1361 959 1426 5.
979 1362 1035 1411 400.
1053 1361 1135 1424 ipsum
1151 1361 1219 1424 apud
1238 1387 1265 1396 —
1289 1359 1312 1424 ἓ.
1332 1361 1389 1414 lot.
1413 1363 1506 1413 liomae
1521 1375 1585 1412 eam
1603 1361 1669 1412 daec

411 1449 443 1486 oc
456 1473 463 1488 .
477 1473 505 1488 ..
540 1437 564 1500 9)
582 1437 606 1500 g.
625 1437 682 1488 443.
701 1437 731 1488 de
748 1436 848 1500 publico
867 1463 894 1473 -
914 1436 938 1500 ἓ.
957 1437 1014 1488 446.
1038 1436 1125 1486 Venari
1140 1450 1191 1486 aaa
1207 1437 1237 1486 de
1253 1435 1329 1486 Stia.
1345 1473 1371 1487 ..
1407 1436 1447 1499 44)
1465 1437 1489 1500 s.
1509 1437 1572 1486 ⁴20.
1593 1435 1668 1486 teati-

409 1513 509 1562 mooia:
532 1512 608 1576 legati
626 1539 654 1549 -
678 1510 702 1574 S.
722 1513 778 1563 444.
797 1513 941 1562 Medorum
980 1512 1018 1574 44)
1042 1511 1065 1575 5.
1086 1511 1142 1562 tet.
1160 1516 1189 1561 ut
1204 1511 1226 1561 is
1241 1510 1350 1573 amplior
1368 1538 1395 1547 —
1414 1511 1439 1576 5.
1458 1513 1515 1564 427.
1534 1513 1668 1574 scriptum

408 1592 477 1650 4444,
492 1592 528 1637 'ut
569 1587 608 1650 int
627 1585 651 1650 ἓ.
671 1587 727 1639 438.
753 1588 837 1649 adepti
860 1592 917 1637 suot
938 1613 965 1622 -
989 1585 1013 1649 5.
1034 1585 1090 1636 ito.
1114 1587 1174 1649 quid
1195 1585 1220 1636 ti
1240 1585 1348 1635 iudicent
1381 1585 1419 1650 43)
1437 1585 1462 1650 5.
1481 1586 1539 1639 448.
1560 1587 1667 1638 uomina

409 1667 521 1712 44444444
539 1689 567 1700 -
585 1661 609 1726 5.
628 1661 685 1713 443.
702 1661 892 1726 mcpuuatitro
906 1662 1005 1712 uostris.
1041 1661 1080 1724 44)
1099 1660 1123 1725 5.
1143 1663 1200 1712 444.
1225 1661 1290 1712 colea
1305 1675 1392 1712 eorum
1409 1689 1437 1698 -
1457 1661 1482 1726 5.
1500 1663 1560 1713 ita.
1581 1675 1664 1725 apar-

408 1739 499 1789 tissime
513 1737 590 1788 44444.
624 1738 664 1800 46)
683 1735 706 1799 s.
726 1738 781 1788 466.
800 1750 879 1788 cama
894 1737 975 1787 mealia
994 1762 1020 1773 -
1042 1735 1066 1800 g.
1085 1737 1142 1788 469.
1157 1738 1274 1800 prodesse
1286 1742 1367 1800 pateat
1400 1736 1440 1800 46)
1458 1736 1482 1800 5.
1501 1737 1562 1789 488.
1577 1751 1665 1802 paau-

407 1813 480 1862 arius
498 1841 527 1852 -
545 1812 569 1877 g.
588 1812 645 1862 494.
665 1813 773 1863 4444444444
788 1813 862 1876 quod.

390 1908 419 1958 ln
436 1907 586 1957 deteriorum
601 1906 714 1956 4444444444
730 1918 842 1957 numero
858 1879 1086 1970 praeter'ceteros
1104 1905 1173 1970 (444.
1191 1907 1281 1971 lluyd.
1300 1908 1383 1958 Oxou.
1396 1913 1432 1974 ψ.
1450 1905 1513 1960 Ρ444.
1531 1908 1594 1961 llrs.
1609 1907 1664 1958 llo-

324 1982 389 2032 tom.
413 1983 529 2033 Iannoct.
553 1981 655 2045 Franc.)
681 1982 762 2032 etiem
783 1981 940 2032 relereudus
958 1982 998 2031 est
1015 1981 1160 2032 Parmensis
1184 1994 1224 2034 nr.
1242 1982 1307 2033 7786
1330 1981 1378 2048 (C).
1413 1983 1663 2036 Pseudo-Asconius

325 2055 422 2108 desinit
438 2056 462 2121 g.
481 2055 522 2109 et.

902 2163 1072 2176 ..ιι-..-

407 2256 431 2319 Ι.
455 2250 484 2319 1.
506 2255 606 2322 Multa
627 2255 703 2320 mihi
724 2259 918 2333 necessario,
947 2258 1085 2334 iudices,
1108 2257 1385 2341 praetermittenda
1406 2267 1497 2338 suut,
1519 2269 1557 2328 ut
1579 2283 1660 2348 pos-

323 2351 382 2416 sim
414 2351 521 2435 aliquo
554 2351 649 2413 modo
678 2351 851 2435 aliquando
880 2352 920 2416 de
948 2354 986 2416 iis
1007 2355 1119 2429 rebus,
1153 2373 1235 2438 quae
1257 2372 1346 2416 meae
1367 2351 1442 2416 fidei
1465 2357 1658 2421 commissae

323 2451 414 2522 sunt,
442 2444 556 2508 dicere.
599 2447 716 2528 Recepi
744 2448 829 2509 enirn
859 2467 986 2511 causam
1016 2448 1161 2524 Siciliae;
1192 2467 1230 2510 ea
1257 2468 1307 2510 me
1336 2447 1377 2510 ad
1404 2449 1466 2512 hoc
1486 2453 1657 2534 negotium

322 2539 486 2624 provincia
507 2541 643 2604 attraxit.
685 2541 754 2623 Ego
780 2548 885 2605 444444
906 2541 968 2605 hoc
990 2562 1087 2606 onere
1110 2549 1257 2623 suscepto
1281 2549 1313 2605 ct
1333 2550 1461 2625 recepta
1482 2563 1581 2610 causa
1605 2545 1656 2608 Si-

298 2635 445 2698 ociliensi
467 2634 633 2716 amplexus
661 2635 766 2698 animo
789 2657 859 2700 suro
884 2635 1047 2720 aliquanto
1069 2635 1216 2718 amplius.
1261 2637 1393 2720 Suscepi
1415 2637 1499 2700 enim
1521 2659 1655 2703 causam

323 2732 418 2794 totius
441 2728 579 2804 ordinis,
602 2729 728 2810 suscepi
751 2749 877 2793 causam
899 2731 944 2792 rei
967 2729 1132 2812 publicae,
1154 2729 1240 2814 quod
1262 2731 1413 2813 putabam
1427 2739 1493 2796 tum
1509 2732 1654 2817 denique

322 2832 407 2888 recte
428 2822 561 2887 iudicari
581 2837 694 2906 posse,
717 2822 744 2886 si
765 2843 831 2886 non
852 2823 947 2886 modo
967 2843 1040 2886 reus
1055 2823 1217 2906 improbus
1233 2824 1458 2901 adduceretur,
1480 2827 1654 2890 sedetiam

323 2918 457 3003 diligens
479 2927 511 2983 et
531 2913 639 2980 firmus
660 2924 825 2980 accusator
845 2916 885 2980 ad
907 2917 1058 2980 iudicium
1079 2918 1209 2981 veniret
1246 2915 1276 2980 4.
1300 2918 1373 2994 Quo
1394 2920 1472 2983 mihi
1493 2922 1653 2984 maturius

322 3014 361 3080 ad
385 3013 514 3078 Siciliae
535 3032 664 3078 causam
678 3012 869 3077 veniendum
885 3019 932 3075 est
948 3012 1065 3075 relictis
1080 3012 1193 3076 ceteris
1209 3012 1278 3076 eius
1291 3011 1384 3076 furtis
1399 3019 1495 3097 atque
1509 3015 1653 3097 flagitiis,

285 3118 312 3166 40
321 3117 357 3173 ut
385 3116 418 3172 44
444 3107 564 3172 viribus
595 3126 691 3192 quam
719 3105 930 3189 integerrimis
958 3127 1051 3190 agere
1079 3113 1111 3170 et
1138 3106 1178 3170 ad
1206 3106 1375 3170 dicendum
1397 3109 1548 3190 temporis
1570 3109 1652 3172 satis

320 3204 438 3268 habero
458 3203 588 3286 possim.
630 3201 736 3285 Atque
760 3195 875 3284 [ade0],
898 3208 1068 3286 antequem
1090 3201 1129 3264 de
1151 3201 1361 3264 incommodis
1384 3201 1510 3266 Siciliae
1532 3202 1649 3276 (licam,

321 3320 424 3384 pauca
444 3298 520 3362 mihi
542 3295 691 3362 videntur
711 3315 781 3359 esse
804 3295 842 3358 de
864 3295 1047 3377 provinciae
1062 3294 1229 3378 dignitate,
1251 3301 1424 3370 vetustate,
1446 3297 1582 3361 utilitate
1599 3297 1649 3360 di·

320 3393 430 3458 cenda.
459 3395 632 3456 Nemeum
654 3391 796 3454 omnium
818 3390 975 3453 sociorum
997 3389 1295 3473 provinciarumque
1309 3389 1463 3452 rationem
1478 3389 1649 3474 diligenter

319 3488 437 3550 habere
459 3485 596 3561 debetis,
627 3493 693 3548 tum
716 3485 886 3568 praecipue
900 3484 1049 3559 Siciliae,
1073 3483 1211 3558 iudices,
1234 3482 1380 3566 plurimis
1402 3483 1648 3568 iustissimisque

283 3580 361 3645 44414
383 3580 504 3645 causis:
532 3581 685 3663 primum,
708 3579 795 3663 quod
818 3577 960 3640 omnium
982 3578 1146 3641 nationum
1169 3585 1347 3640 exterarum
1370 3575 1515 3660 princeps
1538 3575 1648 3639 Sicilia

316 3697 354 3756 se
376 3675 417 3739 ad
439 3675 609 3738 amicitiam
629 3669 790 3757 fidemque
811 3672 923 3755 populi
943 3672 1077 3735 Romani
1099 3673 1277 3756 applicavit
1312 3671 1417 3734 Prima
1439 3672 1589 3748 omnium,
1613 3671 1646 3736 id

320 3771 408 3859 quod
430 3775 649 3832 ornamentum
670 3766 794 3849 imperii
817 3774 880 3839 444,
902 3767 1067 3848 provincia
1080 3776 1129 3831 est
1143 3767 1320 3850 appellata:
1342 3765 1444 3848 prima
1458 3765 1565 3828 docuit
1579 3785 1647 3829 ma·

318 3865 403 3929 iores
432 3845 574 3938 nostros,
605 3881 701 3944 quam
728 3861 926 3943 praeclarum
953 3869 1037 3924 esset
1066 3863 1182 3924 exteris
1205 3860 1350 3942 gentibus
1370 3860 1545 3942 imperare:
1576 3858 1645 3923 sola

318 3957 379 4023 luit
399 3977 437 4022 44
457 3953 518 4019 fide
539 3955 826 4038 benevolentiaque
849 3973 923 4036 erga
951 3955 1106 4038 populum
1127 3957 1322 4029 Romanum,
1352 3962 1389 4017 ut
1410 3954 1552 4018 civitates
1575 3954 1644 4018 eius

281 4051 460 4126 aninsulae,
490 4069 573 4133 quae
602 4046 700 4112 semel
720 4049 754 4111 in
775 4047 943 4111 amicitiam
965 4057 1106 4113 nostram
1128 4051 1304 4122 venissent,
1333 4066 1508 4132 numquam
1532 4053 1642 4132 postea

318 4146 506 4219 deficerent,
536 4144 710 4227 pleraeque
742 4149 848 4206 autem
880 4150 912 4207 et
943 4143 1079 4208 maxime
1107 4144 1246 4208 illustres
1275 4143 1309 4205 in
1330 4141 1467 4206 amicitia
1487 4148 1643 4225 perpetuo

317 4245 490 4304 manerent.
534 4236 563 4301 3.
585 4238 697 4320 ltaque
719 4237 890 4300 maioribus
910 4238 1029 4301 nostris
1049 4239 1083 4300 in
1104 4238 1240 4302 Africam
1263 4256 1304 4300 ex
1317 4235 1377 4299 hac
1396 4235 1559 4319 prouincia
1573 4255 1644 4317 gra·

317 4335 376 4398 (lus
398 4332 520 4416 imperii
547 4330 648 4393 fectus
670 4338 727 4395 444.
753 4332 881 4417 <Neque
908 4334 992 4396 enim
1013 4339 1077 4395 tam
1097 4331 1189 4394 facile
1212 4351 1289 4414 opes
1312 4329 1513 4413 Karthaginis
1536 4337 1643 4394 444444

317 4426 543 4502 concidissent,
574 4424 636 4488 nisi
664 4424 745 4488 illud
760 4417 764 4426 “
777 4432 809 4489 44
836 4426 883 4489 444
908 4425 1131 4490 frumentariae
1152 4425 1331 4526 subsidium
1353 4432 1385 4489 et
1405 4424 1641 4506 receptaculum

380 4619 405 4682 Ξ.
423 4628 560 4692 aliquando
577 4631 685 4680 tuentur
701 4642 795 4681 ornnes
812 4630 902 4681 codd:
920 4642 973 4680 om.
987 4631 1016 4681 L.
1031 4657 1059 4668 -
1076 4629 1114 4681 444
1127 4629 1158 4680 V.
1174 4655 1202 4666 -·
1220 4629 1244 4682 l.
1259 4643 1334 4694 prou.
1353 4629 1516 4692 adaram
1534 4632 1643 4682 44444444

310 4719 384 4769 prou
402 4705 470 4768 egea
488 4718 514 4769 p.
527 4718 564 4756 m.
583 4731 611 4742 —
630 4706 653 4755 6.
671 4705 767 4768 accepi
782 4706 847 4755 enim
862 4720 885 4755 c.
903 4706 965 4768 reip.
978 4705 1009 4756 V.
1024 4731 1051 4741 -
1069 4703 1235 4770 reipublicae
1251 4704 1276 4768 4,
1290 4706 1314 4756 V
1330 4704 1389 4757 coll.
1408 4703 1453 4756 lib.
1472 4705 1492 4755 1.
1511 4705 1536 4766 8,
1548 4707 1590 4757 Sl.
1607 4707 1640 4757 11.

313 4780 355 4843 l'l,
373 4779 444 4832 tta:
468 4781 554 4843 popuii
571 4781 598 4832 ii.
618 4781 665 4831 dit.
682 4781 713 4830 Ἰ0.
738 4807 765 4817 -
791 4784 844 4830 tam
863 4782 917 4831 deu.
935 4785 989 4844 put.
1007 4779 1076 4844 tgna
1093 4794 1119 4846 p.
1138 4793 1175 4831 m.
1196 4809 1224 4818 -
1243 4781 1268 4831 4.
1285 4781 1437 4832 cenandum
1453 4779 1591 4844 mean.
1611 4806 1641 4818 ·-

312 4861 387 4918 atque
406 4857 434 4921 pt.
452 4853 521 4919 1.ng
538 4869 564 4920 p.
582 4867 618 4906 nr.
637 4855 668 4906 V.
699 4857 768 4920 trram
789 4857 815 4907 in
832 4857 1001 4907 annotatione
1021 4857 1080 4908 Maii
1102 4857 1160 4907 sine
1181 4855 1263 4907 dubio
1281 4856 1328 4908 Ed.
1347 4869 1396 4922 pro
1414 4855 1480 4906 cod.
1497 4853 1641 4920 legendnm

312 4931 379 4995 eett:
397 4944 429 4980 ac
443 4933 471 4996 tt.
485 4932 531 4982 ott.
544 4931 573 4980 0.
589 4955 617 4965 -
637 4931 677 4981 44.
696 4933 777 4994 adque
787 4932 818 4982 V.
834 4959 862 4968 --
880 4933 942 4982 adeo
959 4945 1012 4982 om.
1025 4930 1125 4994 vtgta
1141 4944 1168 4996 p.
1181 4943 1217 4982 m.
1233 4959 1261 4968 —
1280 4931 1482 4997 4444444414.
1498 4958 1527 4970 ·-
1546 4933 1587 4985 44.
1600 4934 1642 4984 da·

311 5005 388 5056 444444
405 5006 471 5070 ngas
489 5019 514 5070 p.
534 5018 570 5055 m.
589 5005 664 5056 44444.
684 5005 748 5070 Cap.
766 5019 794 5071 p.
812 5005 869 5057 tat.
889 5007 972 5071 Kopp.
1002 5008 1031 5058 ln
1053 5009 1075 5057 Α
1098 5006 1186 5058 dedetis
1207 5009 1247 5059 eat
1267 5008 1375 5059 44444444
1396 5009 1517 5060 44444444
1534 5009 1640 5074 pondis

311 5083 408 5132 notata.
430 5108 456 5118 -
472 5081 513 5131 46.
526 5080 662 5144 applicavit
678 5081 746 5144 Lgta
758 5095 784 5146 p.
797 5094 834 5132 44.
845 5097 868 5143 φ
879 5083 958 5132 arus.
973 5082 1007 5131 ll.
1024 5095 1050 5146 p.
1063 5082 1131 5132 m:
1151 5083 1271 5147 applicuit
1282 5085 1328 5136 444.
1342 5084 1370 5137 0.
1384 5107 1412 5123 ·-
1431 5081 1473 5134 19.
1485 5081 1565 5136 oete.
1578 5083 1601 5136 V
1612 5087 1640 5137 44

310 5157 389 5220 Legg.
409 5183 437 5193 —
450 5157 491 5209 74.
508 5157 600 5208 uostris
616 5167 670 5206 am.
684 5155 732 5207 (444.
754 5181 781 5192 -
798 5155 840 5207 al.
860 5161 883 5208 et
899 5148 961 5207 iliud
976 5157 1014 5208 rei
1031 5156 1108 5220 tgna.
