3610 5860
297 389 360 456 530
611 393 762 460 obsuto
783 393 836 458 DE
857 391 1024 462 IMPERIO
1046 395 1107 460 GN.
1128 395 1293 462 POltPEII

297 560 349 628 ti.
376 563 442 627 lam
469 569 624 648 qnantum
652 563 803 639 consilio,
832 571 985 648 mantum
1006 565 1132 628 dicendi
1157 567 1308 648 gravitate
1330 571 1363 630 et
1383 567 1474 650 copia
1494 566 1610 642 valcat,

297 657 331 720 in
352 677 416 740 quo
438 656 507 741 ipso
529 660 612 722 inest
632 658 787 742 quaedam
803 659 938 740 dignitas
952 658 1169 741 imperatoria,
1191 679 1264 734 vos,
1286 659 1440 735 Quirites,
1461 660 1522 724 boc
1536 663 1610 744 ipso

298 771 338 814 er
365 751 436 814 loco
464 769 560 834 saepe
582 753 784 834 cognovistis.
822 752 930 815 Fidem
951 771 1027 816 vero
1050 753 1117 816 eius
1139 761 1289 836 quantam
1311 754 1393 817 inter
1414 756 1517 818 socios
1539 757 1611 818 exi·

296 846 416 910 stimari
437 846 571 929 putatis,
594 865 688 930 quam
709 846 817 909 bostes
839 865 948 910 omues
974 846 1114 910 omnium
1137 865 1287 929 generum
1309 847 1538 912 sanctissimam
1559 849 1611 912 iu-

271 940 455 1006 ldicarint?
485 939 689 1004 Humanitate
709 943 770 1004 iam
793 947 879 1004 tauta
901 948 965 1014 est,
986 948 1023 1003 nt
1044 935 1173 1003 difficile
1195 940 1281 1003 dictu
1303 942 1359 1016 sit,
1380 947 1485 1004 utrum
1503 942 1612 1008 hostes

294 1035 393 1117 magis
414 1035 564 1098 uirtutem
585 1034 654 1096 cius
675 1041 852 1118 pugnantes
872 1034 1051 1109 timuerint,
1080 1053 1120 1096 au
1143 1029 1416 1098 mansuetudinem
1436 1036 1511 1098 ricti
1533 1035 1613 1098 dile-

293 1128 407 1190 xerint.
449 1128 490 1190 Et
511 1128 679 1212 quisquam
700 1129 869 1203 dubitabit,
894 1130 971 1212 quin
991 1127 1066 1190 buic
1087 1127 1148 1190 boo
1171 1134 1293 1190 tautum
1314 1128 1432 1192 bellum
1453 1130 1613 1192 transmit-

292 1222 422 1284 tendum
450 1221 507 1296 sit,
541 1223 597 1306 qui
624 1223 663 1284 ad
690 1224 795 1286 omnia
823 1232 948 1286 nostrae
977 1222 1147 1285 memoriae
1174 1222 1258 1284 bella
1285 1219 1481 1286 conficienda
1502 1223 1611 1286 divino

293 1314 428 1398 quodm
451 1315 584 1378 consilio
604 1323 697 1379 natus
719 1336 788 1380 esse
810 1316 980 1379 rideaturl

254 1415 283 1462 ⁴⁰
375 1409 443 1472 XV.
465 1404 516 1470 t3.
537 1410 578 1472 Et
600 1411 750 1494 quoniam
771 1410 941 1473 auctoritas
956 1427 1086 1493 quoque
1101 1410 1133 1472 iu
1151 1409 1242 1472 bellis
1256 1409 1513 1474 administrandis
1528 1410 1611 1474 mul-

290 1509 357 1566 tum
379 1509 475 1586 atque
496 1503 531 1565 iu
552 1504 686 1585 imperio
708 1503 836 1567 militari
857 1503 955 1578 valet,
984 1511 1068 1566 certe
1091 1504 1209 1566 nemini
1232 1503 1363 1566 dubium
1385 1513 1450 1580 est,
1472 1506 1549 1588 quin
1572 1525 1612 1568 ea

289 1615 324 1658 re
346 1594 429 1657 idem
451 1595 506 1659 ille
527 1596 699 1679 imperator
720 1597 890 1680 plurimum
908 1597 1019 1680 possit.
1053 1595 1263 1660 Vehementer
1277 1605 1381 1660 autem
1396 1599 1553 1682 pertinere
1568 1599 1609 1661 ad

288 1688 373 1752 bella
400 1687 665 1766 administranda,
694 1691 772 1774 quid
798 1691 923 1766 hostes,
951 1692 1026 1774 quid
1055 1691 1133 1754 socii
1163 1691 1202 1753 de
1229 1692 1470 1774 imperatoribus
1492 1692 1610 1756 nostris

288 1784 485 1859 existiment,
516 1785 587 1868 quis
609 1786 749 1867 ignorat,
778 1805 848 1848 cum
872 1784 1007 1848 sciamus
1029 1785 1173 1847 homines
1195 1784 1228 1846 iu
1251 1786 1345 1848 tantis
1366 1785 1478 1860 rebus,
1499 1794 1535 1848 ut
1555 1792 1612 1849 aut

251 1884 492 1941 licentemuaut
520 1886 575 1940 aut
602 1887 760 1954 metuant,
788 1887 843 1942 aut
870 1878 994 1940 oderint
1015 1885 1212 1952 autument,
1244 1879 1395 1960 opinione
1417 1899 1482 1942 uon
1503 1881 1609 1942 minus

289 1978 321 2036 et
341 1971 425 2034 fama
447 1992 542 2056 quam
563 1971 673 2056 aliqua
692 1975 813 2036 ratione
836 1979 920 2035 certa
942 1973 1157 2034 commoveri?
1190 1971 1282 2046 Quod
1299 1972 1395 2054 igitur
1408 1991 1524 2036 nomen
1538 1993 1609 2036 um-

288 2083 384 2150 quam
410 2064 445 2127 iu
473 2065 549 2128 orbe
577 2074 731 2129 terrarum
760 2067 875 2128 clarius
903 2063 988 2127 fuiti
1019 2066 1107 2127 cuius
1129 2084 1180 2127 res
1205 2072 1311 2147 gestae
1332 2068 1450 2148 parcsl
1483 2065 1523 2128 de
1546 2085 1610 2149 quo

286 2160 414 2226 bomine
435 2179 509 2234 vos,
530 2159 564 2223 it
586 2160 673 2244 quod
695 2160 831 2223 maxime
852 2158 928 2222 facit
947 2159 1181 2233 auctoritatem,
1203 2166 1290 2222 tauta
1312 2168 1344 2223 et
1364 2168 1427 2224 tam
1448 2160 1610 2243 praeclara

286 2254 404 2318 iudicia
429 2251 572 2317 lecistis?
612 2250 663 2316 ll.
684 2255 734 2317 An
761 2273 837 2318 vero
865 2253 964 2316 ullam
995 2271 1131 2336 usquam
1159 2269 1230 2316 esse
1259 2273 1345 2318 oram
1368 2261 1431 2317 um
1453 2255 1610 2318 desertam

250 2348 422 2434 reputetis,
444 2368 509 2432 qno
531 2367 596 2410 uon
616 2348 703 2411 illius
724 2348 787 2410 diei
810 2347 893 2410 fama
914 2346 1103 2431 pervaserit,
1125 2366 1197 2409 cum
1213 2346 1379 2411 universus
1394 2348 1533 2430 populus
1547 2349 1610 2410 Ro-

286 2461 399 2506 manus
421 2441 539 2505 referto
559 2439 630 2504 foro
652 2441 883 2524 completisque
906 2441 1052 2503 omuibus
1074 2439 1218 2523 templis,
1248 2461 1288 2504 ex
1309 2442 1423 2526 quibus
1445 2441 1497 2505 bic
1518 2441 1608 2504 locus

287 2535 426 2618 conspici
456 2541 576 2618 potest,
604 2553 704 2598 unum
733 2535 793 2598 sibi
821 2534 861 2598 ad
892 2554 1057 2598 commuue
1080 2534 1219 2597 omniurn
1249 2537 1389 2618 gentium
1410 2535 1529 2598 bellurn
1552 2533 1607 2597 Cn.

285 2628 473 2712 Pompeium
492 2629 715 2711 imperatorem
738 2628 949 2711 depoposcit?
981 2629 1093 2711 ltaque
1114 2636 1150 2690 ut
1177 2628 1269 2710 pluro
1289 2648 1355 2692 non
1376 2629 1481 2692 dicam
1502 2647 1607 2712 neque

285 2721 422 2786 eliorum
444 2721 598 2804 exemplis
621 2719 821 2797 confirmem,
844 2729 997 2805 quantum
1019 2721 1189 2785 auctoritas
1211 2721 1314 2786 valeat
1328 2724 1362 2784 in
1378 2722 1478 2798 bello,
1500 2723 1539 2784 ab
1554 2741 1608 2786 eo-

247 2814 358 2880 ttdem
388 2815 444 2878 Cu.
465 2815 616 2898 Pompeio
647 2817 788 2878 omnium
816 2834 920 2877 rerum
951 2816 1146 2897 egregiarum
1169 2816 1315 2898 exempla
1336 2823 1521 2880 sumantur:
1550 2817 1607 2900 qui

285 2928 350 2993 quo
374 2909 425 2971 die
447 2928 466 2972 a
486 2907 577 2971 vobis
598 2908 756 2971 maritimo
776 2908 860 2972 bello
881 2910 1080 2991 praepositus
1096 2917 1144 2972 est
1161 2909 1346 2992 imperator,
1369 2919 1455 2974 tauta
1476 2917 1607 2994 repente

285 3002 391 3066 vilitas
412 3019 558 3065 annonae
581 3021 622 3064 ex
644 3021 766 3066 summa
786 3003 896 3084 inopia
923 3010 954 3066 et
975 3003 1104 3066 caritate
1125 3003 1171 3065 rei
1192 3002 1415 3066 frumentariae
1438 3009 1609 3068 consecuta

285 3102 333 3160 est
353 3096 449 3159 nnius
469 3095 608 3160 bominis
630 3116 687 3180 spe
708 3097 908 3172 eonomine,
931 3105 1081 3181 quantam
1095 3097 1150 3160 vix
1171 3097 1203 3160 iu
1223 3115 1346 3160 summa
1359 3097 1502 3162 ubertate
1517 3113 1608 3180 agro·

350 3456 374 3505 t.
393 3457 514 3516 manaim
530 3453 591 3504 ante
607 3464 633 3503 v.
652 3453 748 3504 dicendi
764 3467 817 3504 om.
834 3455 863 3504 Β.
879 3483 906 3491 -
925 3456 949 3505 i.
968 3455 1037 3521 inest]
1054 3460 1089 3505 cst
1105 3452 1137 3519 F.
1152 3481 1179 3490 -
1199 3455 1313 3518 obrius]
1332 3469 1428 3519 quoque
1445 3457 1474 3508 C.
1490 3482 1518 3494 -
1537 3456 1561 3508 3.
1574 3471 1608 3508 ec

284 3530 332 3582 PC
352 3529 427 3593 (teste
444 3525 531 3580 Modio
549 3527 626 3592 epist.
640 3527 690 3591 69.)
708 3527 771 3588 EV,
791 3541 843 3591 mg.
857 3527 888 3582 tl:
908 3541 960 3580 om.
977 3531 1010 3588 F;
1028 3530 1054 3578 in
1070 3527 1213 3582 ustio.
1229 3555 1256 3564 -
1274 3531 1496 3594 cognovisset-IV:
1514 3544 1607 3594 cepeo-

274 3599 327 3654 'stis
341 3595 475 3657 Buteo
494 3601 582 3666 (etiam
599 3603 662 3662 PC,
688 3605 719 3650 ut
733 3602 861 3665 videtur);
888 3604 1032 3666 cupitoscitis
1048 3601 1106 3666 ΒΕ.
1127 3630 1154 3638 -
1182 3609 1305 3666 quactum
1327 3607 1393 3656 inter
1416 3606 1494 3655 socios
1511 3602 1604 3656 PEV:

283 3679 348 3730 ister
363 3679 442 3730 socios
458 3682 578 3740 muctam
594 3677 672 3726 RAL
682 3674 736 3729 80.
752 3703 779 3713 -·
797 3678 937 3727 existimari
950 3677 1054 3742 putoris]
1071 3677 1219 3728 emistimotis
1229 3675 1261 3740 ll.
1277 3703 1304 3714 —
1324 3679 1348 3730 l.
1367 3679 1451 3745 wem]
1470 3691 1521 3741 eoo
1536 3679 1606 3730 1³.-

284 3768 367 3808 ornus
383 3754 493 3806 mosius
509 3751 648 3813 turim)
664 3751 994 3815 omeromPWCEVt),
1013 3751 1112 3815 mma:
1131 3753 1366 3817 summarorium
1382 3753 1608 3817 (ememorlltl

284 3829 330 3884 Le
341 3831 370 3880 0.
390 3855 417 3863 -
437 3827 617 3877 sonctosimom
633 3824 774 3889 PEV‘llA
784 3826 818 3876 0:
839 3829 1021 3878 sanctissimam
1037 3841 1086 3879 esse
1102 3827 1157 3882 ut.
1178 3857 1205 3866 -
1223 3830 1368 3880 iudicamus
1383 3831 1416 3890 F;
1433 3829 1608 3882 iudicaverunt

284 3901 316 3966 ⁸13.
337 3928 365 3940 -
384 3903 408 3952 7.
426 3907 450 3953 et
467 3901 521 3964 pois
536 3913 657 3962 umquam
674 3899 794 3950 dubitauit
810 3903 838 3951 P.
864 3901 902 3954 Cl.
921 3901 945 3966 5.
958 3901 998 3952 lb.
1013 3929 1040 3938 -
1059 3904 1104 3953 boc
1120 3909 1217 3954 tonum
1234 3903 1322 3954 bellom
1338 3904 1429 3956 PEO:
1448 3909 1546 3955 tommo
1557 3903 1609 3954 bel·

284 3978 336 4028 lom
353 3979 414 4041 (om.
427 3978 479 4041 boe)
496 3979 534 4038 A3
552 3981 650 4026 teubas
666 3975 711 4026 boc
727 3975 816 4026 bellom
831 3976 868 4036 V;
887 3981 985 4026 iontem
1000 3976 1088 4029 bellom
1104 3979 1148 4029 boc
1165 3976 1275 4032 FBLV.
1290 4005 1317 4014 -
1332 3980 1565 4042 omitterem.
1578 4005 1606 4016 -

282 4054 308 4104 8.
324 4058 421 4104 omues
436 4054 468 4102 Α.
487 4079 515 4090 -
534 4051 558 4102 9.
577 4051 686 4114 ᾳυοάαηι
702 4065 755 4103 om.
768 4053 795 4102 F.
811 4079 838 4090 ·-
858 4054 898 4103 to.
916 4057 983 4102 auct.
995 4065 1092 4116 quomis
1106 4053 1134 4103 io
1150 4051 1217 4104 bellis
1227 4053 1294 4102 odos.
1307 4054 1413 4104 mmo
1424 4053 1519 4104 PEV:
1536 4057 1606 4105 osset.

280 4129 497 4190 muittoooooque
512 4128 540 4180 io
555 4126 579 4178 b.
598 4127 664 4177 adm.
684 4125 719 4190 ως
737 4131 805 4178 cuci.
821 4127 927 4177 tumtun
941 4127 969 4178 io
985 4126 1009 4178 b.
1026 4139 1051 4189 q.
1069 4127 1272 4178 ododeistroodis
1289 4126 1460 4181 rustic.
1480 4154 1508 4167 -
1527 4130 1567 4180 tt.
1580 4129 1609 4178 in

281 4203 386 4266 inperio
402 4201 523 4254 PEVO:
541 4201 719 4264 inpemolom.
732 4201 766 4264 io)
784 4201 898 4256 libbi.
913 4227 940 4237 —
958 4215 989 4253 ea
1004 4215 1033 4252 re
1048 4201 1202 4253 PEvAo:
1220 4213 1251 4251 eo
1266 4201 1294 4251 io
1308 4199 1432 4255 rauci.
1447 4227 1475 4239 -
1488 4199 1607 4254 tatem

282 4276 330 4342 ilie]
347 4277 389 4326 itte
403 4277 468 4326 idon
482 4277 536 4338 ipse
551 4277 608 4327 ΡΑ.
626 4274 773 4339 {piscimam
788 4275 853 4326 idere
868 4277 921 4340 ipse
937 4275 999 4342 [nou
1015 4275 1064 4340 tile]
1080 4275 1219 4338 moratos·
1228 4273 1272 4340 tt.)
1287 4301 1314 4312 -
1334 4277 1374 4327 ts.
1391 4277 1559 4328 ossum
1574 4278 1605 4328 B.

285 4377 314 4390 -
331 4351 554 4402 obscuravi:
578 4352 665 4402 cerm
686 4349 829 4404 basto,
849 4378 877 4387 -
904 4350 945 4402 tl.
962 4355 991 4401 ot
1014 4357 1059 4402 oot
1073 4357 1186 4404 metuont
1202 4357 1246 4402 ortt
1263 4353 1359 4403 oderint
1375 4357 1485 4404 morit
1500 4360 1546 4405 otti
1559 4367 1608 4404 coti

283 4430 329 4476 cot
343 4426 1604 4491 onmis.-to.eifomoro:aesomoc;famce1tuut.—attooarattonecerrorttv:

282 4501 371 4563 aliem
386 4501 439 4552 olio
454 4504 552 4554 ratione
567 4503 629 4562 FB;
647 4503 735 4565 olicae
750 4507 819 4552 certo
833 4503 932 4553 rotiooe
947 4500 1063 4556 ΑΗΘ.
1085 4529 1112 4539 -
1131 4503 1172 4553 48.
1189 4501 1295 4568 bomine]
1312 4503 1408 4554 lubae
1425 4515 1492 4555 voce
1509 4501 1606 4554 desinit

283 4576 461 4640 fragmentum
472 4579 642 4628 Tauriueuse.
657 4605 684 4614 -
703 4577 737 4640 id]
755 4577 820 4627 idem
836 4578 863 4627 F.
878 4605 905 4614 -
923 4577 985 4641 sccii
1001 4579 1036 4628 od
1052 4578 1227 4628 securitatem
1238 4577 1378 4629 Weiskius.
1393 4603 1422 4616 -
1440 4578 1481 4628 49.
1498 4589 1606 4641 mmmm

204 4645 206 4652 ’
282 4651 460 4703 uilomFA.—
479 4652 608 4717 deutoro]
620 4652 745 4702 siceum
755 4649 788 4713 lss.
801 4678 828 4688 -
841 4653 882 4702 20.
896 4653 973 4716 diets.
983 4652 1021 4717 p]
1039 4653 1108 4702 ducis
1123 4654 1458 4716 imperatoreos-
1476 4654 1518 4704 at.
1536 4664 1605 4704 cotu-

280 4727 401 4790 pistisqoe
417 4724 597 4791 EVFFBL:
615 4727 761 4790 repletisque
776 4725 862 4780 Ado.
883 4752 910 4762 -
929 4727 969 4776 at.
988 4740 1020 4776 eor
1037 4725 1136 4790 oculi.
1152 4755 1179 4765 —
1196 4729 1237 4780 23.
1256 4729 1363 4791 deposcit
1379 4727 1406 4778 F.
1426 4753 1454 4762 —
1471 4739 1516 4779 aee
1533 4725 1601 4778 F.-

283 4801 325 4854 it.
337 4803 476 4853 amtoritos
493 4801 553 4852 cod.
565 4802 730 4852 Victorianus
743 4815 786 4867 ep.
798 4801 968 4863 Beneckium,
983 4800 1064 4853 Nicol.
1081 4801 1205 4866 Angelius
1220 4802 1287 4866 [tort.
1307 4813 1339 4853 ex
1357 4801 1448 4854 codice
1461 4802 1603 4867 Colotiano)

284 4877 312 4927 in
328 4876 371 4928 ed.
389 4878 504 4929 luntiuo:
529 4877 602 4926 buitta
618 4877 757 4927 auctoritas
773 4877 890 4938 ullu&
916 4877 1003 4942 [buius]
1022 4879 1158 4929 atteteritur
1174 4879 1203 4929 0.
1223 4905 1250 4914 -
1269 4880 1309 4929 25.
1328 4877 1373 4929 Co.
1390 4889 1444 4929 om.
1462 4873 1494 4941 Vl.
1515 4903 1542 4916 -
1560 4879 1605 4940 qui

284 4963 312 5002 eo
329 4965 377 5014 qoo
393 4954 433 5003 die
451 4953 484 5015 (iu
501 4964 584 5014 marg.
604 4949 651 5002 «al.
666 4951 725 5013 quid
741 4949 797 5001 soil.
813 4952 931 5015 putetis-l
949 4953 977 5002 F.
991 4977 1019 4987 -
1037 4953 1078 5003 26.
1097 4955 1228 5016 repmtioo
1244 4955 1283 5004 Cb
1300 4956 1367 5005 teste
1380 4951 1529 5012 Gulielmio;
1548 4962 1602 5005 om.

282 5025 315 5076 V.
331 5053 358 5064 -
377 5028 419 5092 27.
437 5037 552 5079 ooooooe
568 5027 654 5078 om.C
672 5027 740 5077 teste
757 5026 852 5078 blodio.
866 5053 892 5063 -
911 5027 952 5078 28.
969 5027 1074 5077 bominis
1089 5026 1312 5094 wehssvtto:
1331 5024 1511 5084 omJiAlnss.
1526 5053 1556 5069 -
1573 5041 1605 5080 oc

286 5099 400 5166 Gtteste
417 5101 512 5168 Modlo)
529 5103 593 5157 EV:
611 5106 636 5154 et
650 5101 792 5156 astte.
805 5127 832 5142 -
851 5101 1246 5168 beneuolentiae
