3638 5868
275 357 338 430 292
638 359 690 424 iti
710 357 877 426 vassali
896 357 1020 424 tosio
1043 357 1225 424 SECUNDA

276 541 331 600 aut
359 551 423 618 qua
450 530 490 593 de
517 547 612 594 causa
644 530 816 594 excitatum
847 549 916 594 esse
949 529 1089 592 dicamus
1121 529 1154 592 in
1183 533 1322 592 aratores
1354 533 1418 592 tam
1446 529 1598 596 4444444444

277 628 386 694 odium
407 633 504 710 atque
525 626 668 688 tantum?
696 632 845 709 quantem
867 623 1015 688 iniuriam
1036 623 1179 686 lecerunt
1199 623 1290 688 Verri
1311 631 1464 701 aratores,
1485 635 1522 690 ut
1542 646 1599 691 eos

277 725 372 788 etiam
394 720 526 783 libertus
548 723 580 780 et
601 737 751 782 accensus
774 718 842 782 eius
864 727 928 782 tam
949 719 1030 782 irato
1052 717 1157 781 animo
1186 737 1223 782 ac
1250 716 1364 780 litteris
1391 720 1599 804 insequatur?

276 814 416 880 cxviii.
438 813 549 897 Neque
577 831 635 896 444
662 811 756 876 buius
777 812 902 895 fugitivi
924 812 1030 886 robis,
1059 811 1196 887 iudices,
1219 811 1385 894 epistolam
1407 815 1598 888 recitassem,

254 913 340 976 enisi
367 911 415 972 uti
444 928 484 972 ex
513 927 550 970 ea
583 907 680 970 totius
711 907 849 970 familiae
888 913 1056 990 praecepta
1090 913 1121 968 44
1155 905 1297 970 instituta
1333 914 1366 970 et
1399 908 1599 994 disciplinam

279 1003 522 1088 cognosceretis.
554 1001 688 1076 Videtis,
709 1009 746 1064 ut
766 1009 895 1066 moneat
908 1002 1090 1085 Apronium,
1114 1001 1229 1084 quibus
1252 1001 1345 1064 rebus
1366 1007 1600 1070 aemuneribus

278 1120 313 1163 se
333 1099 475 1161 insinuet
495 1097 529 1159 in
549 1094 793 1158 familiaritatem
804 1096 934 1170 Metelli,
956 1094 1117 1159 Vulteium
1138 1102 1329 1177 corrumpat,
1352 1097 1469 1162 scribas
1490 1119 1601 1162 accen·

279 1211 414 1275 sumque
436 1191 538 1274 pretio
566 1189 716 1253 deleniat.
758 1191 805 1252 Ea
832 1190 1001 1274 praecipit,
1032 1209 1114 1272 quae
1135 1189 1230 1252 vidit:
1264 1208 1302 1252 ca
1328 1200 1437 1255 monet
1462 1194 1601 1256 alienum

278 1286 450 1360 bominem,
473 1303 553 1368 quae
570 1283 656 1347 domi
671 1282 784 1347 didicit
797 1285 883 1366 ipse:
906 1305 1013 1349 serum
1028 1284 1061 1348 in
1075 1283 1136 1346 boc
1152 1289 1237 1346 errat
1249 1303 1326 1359 uno,
1340 1286 1427 1367 quod
1443 1287 1603 1352 existimat

242 1381 408 1446 loeasdem
429 1379 497 1444 aias
518 1377 559 1442 ad
587 1378 728 1442 omnium
753 1378 983 1461 familiaritates
1011 1401 1081 1444 esse
1110 1380 1257 1444 munitas.
1301 1375 1372 1444 4448.
1403 1382 1602 1464 Quamquam

279 1476 391 1538 merito
413 1494 482 1538 sum
504 1474 602 1538 iratus
616 1472 755 1548 Metello,
776 1481 882 1538 tamen
896 1475 985 1551 baec,
1007 1495 1090 1560 quae
1104 1493 1180 1538 vera
1194 1483 1277 1550 sunt,
1299 1476 1412 1540 dicam.
1443 1476 1602 1560 Apronius

279 1569 382 1654 ipsum
401 1568 563 1632 Metellum
584 1588 648 1630 non
670 1569 784 1651 pretio,
805 1577 842 1632 ut
862 1570 1002 1645 Verrem,
1024 1589 1089 1632 non
1111 1569 1267 1659 conyivio,
1289 1589 1353 1633 non
1374 1569 1515 1645 muliere,
1537 1587 1604 1632 non

279 1682 425 1728 sermone
446 1662 570 1745 impuro
596 1669 692 1745 atque
719 1662 864 1746 improbo
892 1673 1003 1746 posset
1031 1683 1246 1747 corrumpere,
1274 1665 1389 1748 quibus
1416 1666 1510 1730 rebus
1537 1685 1603 1728 non

279 1759 397 1822 sensim
419 1764 516 1840 atque
538 1757 700 1819 moderate
721 1757 762 1820 ad
784 1758 875 1820 istius
890 1759 1059 1822 amicitiam
1072 1759 1266 1841 adrepserat,
1288 1760 1345 1823 sed
1357 1761 1446 1826 brevi
1461 1769 1603 1843 tempore

132 1871 148 1970 p
243 1861 379 1936 ratetum
399 1853 561 1918 bominem
581 1858 744 1940 totamque
773 1853 842 1916 eius
870 1860 1049 1936 praeturam
1072 1854 1266 1936 possederat.
1298 1854 1478 1936 (Cohortem
1499 1862 1605 1920 autem

279 1948 415 2023 Metelli,
437 1967 533 2034 44444
554 1952 662 2021 vocat,
685 1946 762 2029 quid
785 1953 852 2009 erat
873 1947 957 2028 quod
980 1953 1204 2031 corrumperet,
1226 1967 1267 2010 ex
1289 1968 1353 2031 qua
1366 1957 1605 2032 recuperatores

83 2059 86 2066 '
108 2000 183 2108 ‘sl‘
278 2043 313 2106 in
334 2050 490 2108 aratorem
511 2040 592 2104 nulli
613 2026 790 2122 dabanturi
811 2035 882 2103 469.
906 2044 985 2106 Nam
998 2042 1086 2125 quod
1101 2042 1210 2105 scribit
1222 2042 1343 2106 Metelli
1357 2037 1457 2106 lilium
1472 2063 1605 2126 puerum

279 2157 360 2210 esse,
381 2138 586 2202 vehementer
606 2141 705 2210 errat;
727 2153 792 2197 non
815 2136 901 2199 euim
922 2137 962 2200 ad
977 2157 1087 2200 omnes
1102 2143 1282 2218 praetorum
1296 2133 1377 2200 lilios
1391 2137 1487 2200 iidem
1501 2138 1605 2200 aditus

279 2240 362 2298 sunt.
406 2232 433 2296 Ο
456 2228 673 2305 Timarchide,
695 2229 815 2293 Metelli
838 2238 887 2320 est
906 2229 991 2294 filius
1014 2232 1047 2295 in
1069 2231 1232 2313 provincia
1254 2249 1319 2293 non
1341 2249 1429 2314 puer,
1451 2230 1509 2293 sed
1530 2230 1607 2294 ado·

241 2329 401 2393 solescens
423 2327 548 2409 pudens
569 2343 606 2387 ac
627 2324 740 2399 bonus,
762 2326 876 2407 dignus
897 2325 954 2388 illo
977 2325 1048 2388 loco
1071 2345 1107 2389 44
1128 2326 1267 2390 nomine.
1295 2317 1424 2408 (Vester
1445 2326 1505 2390 iste
1526 2344 1608 2410 puer

278 2428 493 2506 praetextatus
515 2420 549 2482 in
570 2419 733 2501 provincie
748 2439 842 2502 quem
856 2419 896 2482 ad
912 2420 1039 2483 modum
1054 2418 1182 2495 luisset,
1204 2440 1270 2484 non
1292 2419 1446 2496 dicerem,
1468 2421 1495 2486 si
1517 2421 1606 2505 pueri

90 2529 166 2633 sip
279 2536 351 2580 esse
370 2515 459 2605 illam
481 2513 606 2596 culpam
627 2533 663 2578 44
685 2533 748 2575 444
770 2513 867 2595 patris
890 2503 1124 2604 existimarem.)
1156 2517 1263 2589 Tune,
1295 2534 1366 2580 eum
1394 2523 1426 2578 te
1455 2535 1492 2578 ac
1522 2522 1607 2578 tuam

279 2613 376 2676 vitam
398 2627 525 2682 nosses,
540 2598 587 2676 lin
609 2607 748 2670 Siciliam
778 2613 882 2671 tecum
913 2607 1063 2690 grandem
1085 2616 1317 2692 praetextatum
1339 2605 1438 2673 [ilium
1460 2609 1607 2688 ducebas,

279 2713 324 2780 ut,
347 2707 442 2770 ctiam
464 2705 492 2768 si
513 2710 624 2766 natura
644 2720 778 2784 puerum
799 2719 818 2763 a
838 2702 978 2784 paternis
999 2703 1085 2766 uitiis
1107 2713 1202 2787 atque
1222 2724 1242 2767 a
1261 2703 1386 2786 generis
1401 2702 1608 2768 similitudine

96 2818 173 2902 A)
241 2797 460 2873 asebduceret,
482 2795 680 2862 consuetudo
703 2802 808 2859 tamen
835 2817 907 2860 eum
929 2804 960 2859 et
982 2798 1149 2880 disciplina
1170 2797 1362 2880 degenerare
1384 2818 1450 2862 non
1471 2789 1612 2886 44444444

149 2917 157 2934 ¹
280 2886 351 2954 460.
379 2891 442 2954 Fac
469 2891 553 2954 enim
581 2889 680 2954 444444
708 2890 740 2952 in
771 2910 811 2954 eo
839 2891 872 2953 C.
894 2891 993 2970 Laelii
1022 2900 1077 2955 aut
1104 2893 1146 2956 M.
1170 2892 1296 2956 Catonis
1328 2895 1490 2956 materiem
1512 2900 1609 2976 atque

278 2987 432 3052 indolem:
456 2986 533 3068 quid
555 3005 596 3047 ex
618 3005 656 3047 eo
678 2984 753 3047 boni
775 2987 892 3069 sperari
907 2993 1002 3070 atque
1017 2982 1100 3049 effici
1112 2993 1228 3070 potest,
1250 2986 1305 3070 qui
1319 2988 1354 3051 iu
1371 2989 1469 3070 patris
1482 2985 1610 3058 luxurie

280 3083 326 3146 sic
340 3081 464 3155 vixerit,
486 3085 522 3143 ut
537 3079 659 3143 nullum
674 3100 824 3162 umquam
836 3079 987 3163 pudicum
1002 3099 1107 3162 neque
1122 3077 1262 3144 sobrium
1278 3081 1459 3145 convivium
1474 3079 1610 3144 viderit?

280 3176 335 3261 qui
357 3176 391 3239 in
413 3173 514 3258 epulis
544 3172 738 3256 quotidianis
767 3174 875 3238 adulta
906 3181 1009 3238 aetate
1036 3194 1093 3256 per
1121 3173 1293 3238 triennium
1324 3175 1407 3238 inter
1433 3173 1610 3258 impudicas

243 3270 428 3336 tomulieres
450 3276 482 3331 et
503 3267 749 3352 intemperantes
778 3268 863 3332 viros
891 3276 1034 3332 versatus
1063 3269 1124 3331 siti
1153 3267 1233 3330 nihil
1263 3287 1414 3351 umquam
1436 3267 1611 3331 audierita

280 3372 379 3450 putre,
392 3382 456 3448 quo
470 3363 640 3447 pudentior
655 3369 710 3427 444
725 3362 838 3426 melior
852 3365 956 3426 444444
972 3362 1051 3426 nibil
1064 3381 1215 3446 umquam
1231 3369 1351 3445 patrem
1366 3362 1470 3426 tacere
1483 3362 1609 3438 viderit,

282 3458 369 3541 quod
392 3478 463 3522 eum
484 3456 623 3520 imitatus
645 3465 745 3532 esset,
777 3478 856 3533 non,
879 3457 912 3520 id
935 3455 1021 3540 quod
1044 3457 1260 3540 turpissimum
1283 3464 1347 3532 est,
1378 3459 1476 3540 patris
1498 3455 1610 3522 similis

282 3556 466 3636 putaretur?
509 3551 622 3616 LXIX.
652 3545 723 3614 464.
754 3552 877 3627 Quibus
899 3551 933 3613 in
962 3551 1055 3613 rebus
1078 3547 1141 3614 noir
1164 3553 1265 3616 solum
1286 3547 1368 3626 lilio,
1396 3553 1527 3628 Verres,
1553 3551 1610 3616 scd

284 3647 378 3710 etiam
400 3645 447 3709 444
468 3645 615 3728 publicae
636 3646 742 3709 iecisti
763 3646 920 3710 iniuriam.
965 3645 1155 3727 Susceperas
1178 3647 1263 3709 enim
1284 3644 1400 3708 liberos
1422 3663 1486 3708 non
1508 3645 1610 3710 solum

245 3739 351 3813 estibi,
372 3739 429 3802 sed
451 3739 545 3802 etiam
567 3741 704 3822 patriae,
727 3739 783 3823 qui
806 3759 870 3803 non
891 3737 985 3802 modo
1008 3738 1066 3803 tibi
1087 3738 1260 3826 voluptati,
1282 3738 1338 3802 sed
1360 3741 1455 3804 etiam
1477 3738 1532 3826 qui
1554 3737 1611 3804 ali-

349 3961 374 4010 4.
393 3965 514 4021 quantam
531 3961 552 4010 V
569 3965 597 4011 et
613 3960 749 4026 plerique:
776 3973 853 4026 quom
875 3964 973 4010 toaiom
988 3973 1025 4023 φ;
1052 3964 1152 4010 tostam
1168 3958 1245 4024 4444.
1266 3987 1294 3998 -
1312 3959 1336 4010 3.
1355 3973 1467 4011 occisam
1481 3961 1513 4012 V.
1534 3987 1562 3999 -
1580 3973 1612 4010 44

283 4035 371 4085 litteris
389 4033 465 4098 4444,
486 4035 552 4084 FV:
577 4041 623 4085 444
639 4035 685 4086 litt.
704 4034 777 4096 rell.;
802 4035 840 4085 bis
855 4035 901 4085 titt.
920 4037 950 4087 0.
971 4063 999 4072 -
1017 4037 1177 4098 insequentur·
1194 4033 1271 4098 4444.
1293 4059 1320 4072 -·
1339 4035 1365 4087 l.
1382 4035 1451 4086 uobis
1470 4036 1521 4086 iud.
1540 4035 1610 4098 epist.

285 4107 371 4173 Lgti:
388 4111 440 4159 iad.
458 4109 527 4158 uobis
541 4111 672 4172 epistulam
688 4112 722 4170 Vi
741 4112 792 4161 iud.
811 4123 850 4173 ep.
867 4110 936 4160 vobis
951 4108 1007 4161 rell.
1027 4111 1056 4161 0.
1072 4135 1099 4147 -
1113 4111 1137 4160 4.
1155 4111 1193 4159 oti
1210 4109 1278 4173 4444
1292 4122 1298 4156 :
1314 4114 1343 4159 44
1359 4107 1416 4160 rell.
1434 4112 1468 4168 0;
1485 4111 1524 4162 uti
1541 4108 1613 4160 delet

284 4184 398 4247 Zumpt,
411 4185 441 4233 et
456 4184 498 4234 est
512 4195 576 4234 sane
589 4185 615 4237 in
628 4185 677 4236 boc
688 4185 783 4236 vocab.
797 4183 869 4249 quod
886 4184 1032 4250 displiceat.
1052 4187 1088 4248 (iu
1099 4185 1122 4235 V
1135 4188 1192 4235 est:
1211 4186 1239 4234 ai
1253 4190 1282 4234 44
1298 4197 1433 4249 supersor.
1443 4186 1472 4250 si)
1486 4211 1514 4222 -
1530 4183 1613 4247 potira

285 4256 362 4321 4444.
384 4281 411 4294 -
430 4259 455 4309 3.
473 4271 499 4318 aa
514 4261 561 4310 ios.
582 4259 662 4322 4444,
684 4261 724 4310 N:
750 4273 776 4311 aa
792 4275 845 4312 om.
865 4263 910 4340 444.
930 4261 964 4321 0;
992 4259 1080 4322 444444
1099 4260 1289 4311 sc--insisset
1309 4260 1343 4311 el.
1365 4262 1391 4310 in
1413 4271 1495 4325 44444.
1518 4257 1611 4310 Lamb.

285 4331 358 4382 toas.
374 4357 402 4370 -
421 4333 445 4384 8.
459 4333 567 4384 declinet
583 4335 660 4398 4449.
673 4361 700 4371 -
720 4349 751 4385 ec
766 4337 848 4400 4449ς
867 4341 890 4387 et
906 4334 961 4387 rell.
981 4337 1021 4400 {ea
1032 4342 1163 4387 moscin
1174 4349 1238 4398 panc
1255 4348 1309 4386 om.
1328 4335 1454 4400 4444)-
1473 4335 1497 4386 9.
1516 4335 1613 4386 eosdm

285 4407 412 4457 aciatimct
428 4407 493 4459 dett.
512 4409 541 4459 0.
558 4435 584 4446 —
605 4410 643 4460 43.
662 4411 762 4472 impero
779 4414 857 4476 4444.
877 4413 992 4476 (praeter
1008 4411 1058 4475 49),
1078 4415 1108 4472 Ν,
1127 4410 1205 4462 codd.
1224 4411 1288 4462 Lbi:
1307 4413 1408 4462 incesto
1424 4408 1611 4475 4444441.-

285 4478 326 4532 tt.
345 4481 380 4529 od
395 4483 435 4532 tc.
448 4495 498 4532 om.
512 4483 568 4532 adr.
589 4486 664 4535 brus.
683 4486 716 4534 M.
736 4500 761 4551 p.
774 4487 831 4537 446.
847 4513 875 4524 -
889 4487 928 4537 46.
946 4499 1030 4550 recep.
1050 4489 1077 4537 44
1088 4493 1156 4538 oroi.
1172 4487 1257 4552 igit:
1275 4489 1301 4538 ia
1316 4493 1384 4538 oroi.
1396 4499 1447 4537 roc.
1460 4487 1491 4547 N,
1504 4486 1521 4535 4
1532 4483 1610 4535 codd.

285 4555 357 4604 Pars.
376 4554 438 4606 Lall.
458 4559 486 4621 (ii
506 4559 541 4619 03
567 4558 594 4608 44
611 4563 740 4610 44444444
756 4575 808 4612 om.
829 4565 874 4613 ctt.
891 4589 916 4598 -
937 4561 977 4612 48.
996 4563 1061 4611 idea
1078 4562 1197 4626 egesta
1212 4589 1240 4598 -
1260 4563 1299 4612 to.
1320 4561 1469 4612 Timarchidi
1485 4558 1562 4624 4444.
1582 4583 1610 4596 -

285 4629 326 4679 40.
342 4631 438 4691 malcas
453 4645 485 4681 cc
501 4632 579 4682 44444
596 4634 663 4697 4449
675 4637 695 4684 Α
709 4636 744 4685 li:
764 4635 842 4686 44444
857 4649 888 4686 cc
902 4637 1013 4698 4444444
1029 4635 1097 4700 4444
1115 4638 1142 4686 44
1159 4636 1174 4686 6
1192 4633 1247 4686 rell.
1267 4636 1308 4699 (ci.
1327 4637 1361 4686 ad
1373 4637 1398 4701 5.
1411 4635 1476 4698 oe.);
1495 4633 1571 4687 44444
1582 4645 1613 4682 44

281 4703 378 4765 puden
395 4706 424 4757 0.
437 4733 465 4744 -
483 4707 528 4756 iste
544 4705 631 4770 ugia:
649 4709 690 4759 itte
707 4712 753 4760 ott.
766 4711 796 4761 0.
811 4737 839 4748 -
857 4712 897 4762 ae.
917 4725 945 4762 ao
961 4709 1030 4774 4444
1043 4713 1081 4761 N:
1099 4713 1146 4762 isto
1164 4713 1207 4761 cti.
1228 4712 1257 4762 0.
1273 4737 1299 4748 -
1313 4711 1360 4762 Gn.
1374 4709 1452 4761 boetii
1468 4707 1550 4772 4444;
1568 4712 1614 4758 cast

285 4779 312 4831 C.
335 4781 364 4831 4.
391 4782 422 4832 N.
443 4809 470 4818 -
493 4789 538 4832 444
559 4784 628 4847 4444
645 4786 684 4835 N:
711 4798 765 4836 om.
784 4785 840 4837 rell.
864 4789 893 4838 0.
914 4814 941 4824 -
967 4787 1007 4837 30.
1030 4787 1168 4837 audierim
1180 4791 1254 4849 petre
1267 4787 1403 4838 --eiderit
1423 4785 1456 4835 L:
1484 4783 1580 4833 4444444
1595 4795 1614 4831 a

282 4857 477 4916 psae--eteit
497 4856 521 4919 4,
541 4859 580 4909 N:
603 4864 708 4922 epatre
731 4861 950 4911 audivit--uidit
970 4861 1049 4921 dett.;
1077 4873 1095 4910 4
1106 4867 1184 4924 patre
1203 4860 1458 4912 audierit--uidarit
1474 4860 1502 4910 0.
1523 4883 1551 4898 -
1570 4858 1612 4909 34.

280 4931 431 4993 4444444444
448 4930 516 4996 4444
527 4931 568 4984 48.
590 4959 617 4970 -
635 4935 719 4998 [acm
734 4934 803 5000 4444
814 4950 855 4998 φτ
874 4949 949 5001 apere
965 4939 1010 4987 cti.
1029 4938 1059 4988 0.
1078 4963 1106 4972 -
1125 4937 1166 4988 34.
1182 4938 1265 5001 patris
1280 4937 1368 4987 444444
1383 4934 1416 4988 t:
1431 4934 1503 4998 patri
1517 4935 1573 4984 aiat.
1591 4933 1614 4984 li

285 5005 320 5063 0·,
339 5005 427 5057 amuis
439 5007 511 5070 putri
527 5007 592 5060 dett.
613 5010 645 5060 cl.
664 5011 695 5073 v,
715 5013 756 5076 44,
774 5012 814 5064 34.
835 5038 862 5049 -
882 5012 923 5064 33.
945 5013 1030 5063 Verres
1047 5013 1115 5078 4444
1131 5027 1172 5076 φτ
1190 5027 1244 5065 om.
1263 5015 1308 5066 cti.
1328 5015 1357 5065 0.
1372 5039 1401 5051 -·
1413 5011 1454 5064 33.
1471 5011 1514 5064 aad
1530 5008 1612 5075 Leia:

284 5091 372 5130 aenan
389 5083 435 5132 cit.
453 5082 482 5133 0.
503 5107 530 5120 -
549 5081 590 5136 34.
606 5083 692 5148 sedus
708 5085 785 5150 4444.
806 5111 833 5126 -·
852 5086 893 5138 34.
910 5099 961 5138 eoa
976 5088 1051 5138 modo
1061 5113 1099 5127 ··
1110 5088 1154 5152 444
1170 5099 1223 5139 om.
1242 5087 1321 5152 4444.
