3642 5868
279 338 341 408 484
651 344 694 408 IN
713 341 882 409 VERREM
901 339 1025 408 ACTIO
1047 337 1231 406 SECUNDA

280 516 355 602 quid
388 515 488 600 ipsius
518 514 557 592 Q.
581 511 709 578 Caecilii
735 514 860 587 Dionis,
893 511 1031 576 hominis
1056 510 1266 596 probatissimi
1294 530 1330 576 ac
1359 509 1604 594 pudentissimi?

280 611 357 695 quid
385 612 421 674 L.
444 608 590 683 Caecilii,
623 609 659 672 L.
680 609 819 692 Liguris,
852 608 888 670 T.
909 605 1045 683 Manilii,
1077 607 1112 670 L.
1135 605 1267 668 Caleni‘i
1301 624 1434 688 quarum
1461 603 1604 668 omnium

278 705 467 769 testimoniis
489 700 610 766 dehac
631 701 740 766 Dionis
767 702 903 786 pecnnia
924 699 1139 765 confirmatum
1162 704 1219 762 est.
1262 698 1349 762 Dixit
1370 697 1432 760 hoc
1452 696 1537 761 idem
1560 696 1604 761 M.

279 797 445 872 Lucullus,
468 817 502 861 se
525 795 564 859 de
585 795 637 859 his
659 796 769 859 Dionis
791 794 998 859 incommodis
1020 814 1077 878 pro
1098 793 1253 876 hospitio,
1282 792 1367 876 quod
1389 791 1449 856 sibi
1471 812 1543 856 cum
1564 812 1603 856 eo

256 897 379 965 resset,
401 892 464 954 iam
485 896 558 954 ante
581 908 742 972 cognosse.
785 884 838 952 44.
862 888 972 964 Quidl
999 886 1166 961 Lucullus,
1196 886 1250 970 qui
1277 895 1343 950 tum
1364 886 1398 949 in
1419 885 1603 950 Macedonia

278 982 353 1058 iuit,
376 983 488 1048 melius
501 982 580 1047 haec
595 984 743 1065 cognovit
757 991 917 1067 quamlu,
938 981 1104 1060 Hortensi,
1128 981 1183 1064 qui
1198 982 1313 1045 Rornae
1328 979 1431 1056 luisti,
1453 980 1493 1043 ad
1509 1000 1602 1062 quem

277 1079 338 1142 Dio
367 1077 521 1159 coniugii,
552 1075 607 1160 qui
637 1077 676 1139 de
702 1077 813 1140 Dionis
845 1076 968 1140 iniuriis
991 1075 1173 1158 gravissime
1195 1094 1253 1158 per
1274 1075 1392 1138 litteras
1414 1093 1484 1136 cum
1506 1074 1602 1136 Verre

279 1180 409 1256 questus
432 1174 491 1234 esi
534 1172 622 1234 Nova
643 1169 700 1233 tihi
722 1169 801 1234 haec
823 1177 896 1234 sunt
917 1177 949 1233 et
970 1169 1156 1252 inopinata?
1178 1189 1262 1232 nunc
1283 1169 1417 1252 primum
1430 1166 1492 1232 hoc
1512 1187 1602 1232 aures

277 1274 349 1329 tuae
372 1265 490 1330 crimen
512 1247 691 1346 accipiunt?
721 1264 801 1327 nihil
823 1284 863 1328 ex
884 1265 999 1339 Dione,
1028 1263 1109 1327 nihil
1131 1283 1171 1327 ex
1193 1271 1374 1350 socru-tua,
1401 1262 1519 1328 femina
1539 1263 1603 1350 pri·

115 1345 145 1436 ,s
241 1365 269 1413 ⁴⁰
278 1362 391 1442 maria,
414 1359 559 1440 Servilia,
579 1367 687 1424 vetere
707 1361 817 1424 Dionis
838 1361 978 1443 hospita,
1000 1357 1137 1422 audistil
1168 1360 1280 1422 Nonne
1302 1358 1400 1422 mulla
1419 1358 1481 1421 mei
1496 1365 1601 1433 testes,

113 1442 127 1462 “’
278 1473 360 1537 quae
382 1461 415 1516 tu
437 1455 516 1529 scis,
537 1455 705 1517 nesciunt?
728 1474 833 1517 nonne
855 1463 885 1517 te
908 1452 984 1517 mihi
1006 1460 1117 1516 testem
1138 1452 1172 1515 in
1190 1451 1250 1515 hoc
1265 1451 1394 1516 crimine
1409 1452 1526 1534 eripuit
1539 1472 1602 1517 non

277 1547 368 1610 istius
399 1547 596 1623 innocentia,
630 1547 686 1611 sed
723 1548 801 1631 legis
837 1549 1009 1630 exceptio‘i
1063 1547 1187 1611 linctus
1219 1547 1415 1610 Tasrruonu
1447 1548 1601 1622 chvaur,

278 1640 420 1716 Caroni,
440 1643 560 1706 Drnrrs.
588 1641 644 1704 lx.
666 1641 789 1704 Satisne
803 1641 893 1705 vobis
908 1661 1051 1724 magnam
1065 1642 1231 1724 pecuniam
1244 1641 1399 1704 Venerius
1413 1640 1524 1716 homo,
1546 1643 1601 1726 qui

277 1754 294 1797 e
318 1734 499 1799 Chelidonis
522 1735 649 1799 sinain
670 1735 863 1818 provinciam
885 1735 1044 1818 proiectus
1067 1743 1165 1811 esset,
1193 1735 1326 1798 Veneris
1355 1737 1483 1799 nomine
1505 1755 1602 1820 qnae·

239 1838 267 1886 44
277 1831 356 1892 sisse
377 1827 526 1893 videturl
568 1826 620 1892 25.
647 1828 789 1911 Accipite
818 1829 910 1892 aliam
937 1829 970 1892 in
992 1829 1113 1893 minore
1135 1829 1271 1913 pecunia
1290 1849 1354 1892 non
1375 1829 1479 1892 minus
1500 1831 1601 1911 impu-

87 1913 157 2021 42⁴⁴
276 1923 402 1988 dentem
435 1923 633 1987 calumniam.
652 1915 829 2079 &Sosippus
859 1930 891 1986 et
918 1923 1111 1987 Philocrates
1139 1923 1251 1986 iratres
1280 1929 1353 1986 sunl
1379 1907 1615 2028 Agyrinenses.)

275 2017 395 2081 Horum
416 2023 506 2099 pater
526 2017 640 2080 abhinc
683 2038 724 2080 uo
748 2023 780 2080 el
800 2036 844 2079 xx
866 2037 966 2081 annos
989 2026 1036 2080 est
1057 2025 1214 2092 mortuus,
1237 2017 1271 2080 in
1293 2017 1381 2080 cuius
1403 2022 1600 2091 testamento,

276 2111 413 2195 quodam
440 2110 510 2174 loco
542 2110 568 2173 si
598 2110 798 2174 commissum
821 2110 897 2194 quid
920 2120 1019 2186 esset,
1047 2112 1144 2176 multa
1165 2117 1232 2175 erat
1252 2111 1379 2174 Veneri.
1421 2112 1494 2194 lpso
1516 2113 1601 2194 rige·

276 2204 355 2268 simo
377 2223 476 2277 anno,
498 2224 570 2267 cum
591 2210 638 2267 tot
658 2205 779 2268 interea
799 2211 977 2287 praetores,
1009 2213 1054 2268 tot
1077 2214 1275 2290 quaestores,
1295 2211 1342 2267 tot
1363 2205 1600 2269 calumniatores

237 2297 308 2359 nin
331 2298 491 2380 provincia
511 2297 662 2372 inissent,
684 2298 843 2362 hereditas
865 2299 904 2361 ab
925 2298 976 2362 his
991 2300 1124 2363 Veneris
1146 2299 1273 2363 nomine
1288 2298 1387 2382 petila
1401 2305 1458 2363 est.
1486 2300 1600 2362 Verres

275 2391 455 2472 cognoscit,
476 2391 644 2474 pecuniam
666 2412 724 2474 per
744 2393 921 2455 Volcatium
943 2393 1073 2476 accipit,
1096 2393 1162 2456 iere
1178 2393 1236 2456 HS
1254 2411 1328 2456 cccc
1344 2393 1447 2467 milia,
1469 2392 1508 2454 ab
1524 2392 1601 2456 duo-

274 2484 334 2547 hus
354 2483 511 2548 iratribus.
559 2485 726 2549 Multorum
748 2487 927 2550 testimonia
949 2487 1080 2550 audistis
1103 2495 1210 2550 antea:
1233 2488 1375 2550 vieemnt
1388 2487 1599 2570 Agyrinenses

274 2576 386 2640 iratres
406 2579 467 2651 ita,
490 2585 526 2641 ut
548 2586 676 2661 egentes
698 2580 872 2664 inanesque
895 2580 1102 2644 discederent.

358 2671 400 2734 X.
422 2663 536 2742 26.(At
559 2671 643 2736 enirn
664 2673 716 2736 ad·
725 2675 856 2737 Verrem
877 2675 1012 2757 pecunia
1033 2677 1093 2740 ista
1114 2697 1178 2740 non
1201 2677 1354 2759 persenit.
1376 2709 1418 2724 -
1440 2675 1529 2768 erae
1552 2681 1600 2738 est

65 2731 153 2812 's‘
234 2767 335 2830 alisia
363 2747 660 2853 delensio‘l)utrum
689 2774 885 2832 asseveratur
914 2770 946 2830 in
974 2767 1035 2831 hoc
1064 2790 1103 2832 an
1133 2773 1290 2835 tentaturi
1316 2770 1392 2833 mihi
1414 2773 1497 2835 enim
1519 2789 1599 2834 nova

274 2879 326 2924 res
348 2867 405 2924 est.
447 2860 563 2923 Verres
586 2860 827 2925 calumniatores
849 2863 1041 2946 apponebat:
1063 2864 1178 2928 Verres
1193 2865 1305 2928 adesse
1320 2864 1462 2941 iubebat;
1483 2867 1599 2928 Verres

275 2953 498 3037 cognoscebat:
520 2955 635 3018 Verres
657 2954 834 3019 iudicabat:
856 2958 1008 3039 pecuniae
1031 2961 1185 3022 maximae
1204 2958 1375 3022 dabantur:
1398 2959 1453 3042 qui
1475 2957 1598 3033 dabant,

275 3067 384 3112 causas
410 3048 608 3112 obtinebant:
637 3057 672 3114 tu
699 3050 776 3113 mihi
803 3052 845 3116 ita
874 3051 1046 3116 delendas:
1075 3073 1158 3116 <cnon
1180 3061 1228 3116 est
1248 3054 1308 3116 ista
1327 3053 1419 3115 Verri
1440 3059 1600 3116 numerata

273 3143 456 3227 pecuniale
500 3143 622 3208 Adiuro
643 3149 692 3206 te:
715 3145 777 3207 mei
799 3165 925 3229 quoque
946 3153 1042 3210 testes
1065 3147 1148 3210 idem
1170 3147 1298 3210 dicunt:
1328 3145 1471 3211 Volcatio
1493 3145 1599 3210 dicunt

234 3247 345 3301 eosese
367 3236 502 3301 dedisse.
547 3237 636 3314 Quae
662 3240 708 3301 vis
738 3248 804 3302 erat
825 3240 857 3302 in
879 3240 1020 3304 Volcatio
1044 3248 1145 3316 tanta,
1174 3249 1209 3304 ut
1231 3241 1290 3304 its
1314 3259 1388 3306 cccc
1415 3241 1501 3304 milia
1523 3239 1599 3303 duo-

158 979 163 989 1

149 996 156 1009 Ι

138 1033 161 1078 LA

339 3473 363 3522 4.
377 3471 565 3534 praudentium
574 3472 605 3522 V.
624 3471 658 3522 cl.
672 3483 721 3522 nos
738 3471 772 3522 ad
784 3473 890 3523 Caeciu.
908 3486 935 3536 p.
949 3473 1006 3524 495.
1022 3502 1046 3510 -
1067 3475 1092 3524 4.
1104 3475 1133 3524 L.
1147 3473 1248 3525 caecilii
1264 3475 1298 3524 L:
1317 3474 1345 3524 L.
1359 3473 1449 3524 Casuli
1459 3473 1491 3534 V,
1509 3474 1538 3524 L.
1553 3473 1599 3525 Ve-

272 3547 323 3598 cilii
340 3546 408 3611 4344
419 3560 446 3612 p.
460 3559 496 3596 m.
516 3549 544 3597 et
558 3547 617 3598 sine
628 3548 657 3597 L.
670 3550 690 3598 A
701 3547 733 3606 B;
754 3549 782 3598 L.
798 3548 905 3598 Vetecilii
922 3549 982 3599 0.-
1002 3550 1029 3598 L.
1047 3549 1146 3613 Liparis
1163 3547 1230 3612 4344
1248 3563 1274 3613 p.
1288 3562 1335 3599 m.:
1353 3550 1382 3599 L.
1402 3549 1428 3600 C.
1447 3549 1547 3612 Ligno-ts
1561 3547 1597 3606 νς

272 3622 373 3687 Liparis
392 3624 439 3674 cti.
450 3622 479 3672 0.
495 3649 523 3659 -
540 3623 641 3673 44444444
657 3622 708 3682 im
726 3621 770 3673 al.:
787 3622 878 3672 liunlii
894 3623 932 3672 eV
942 3624 970 3672 0.
986 3649 1012 3658 -
1032 3623 1056 3674 3.
1072 3623 1118 3674 too
1134 3623 1199 3672 idem
1210 3627 1316 3673 --ante
1331 3636 1447 3687 commus
1463 3635 1516 3674 orn.
1530 3622 1598 3687 4344

272 3712 299 3764 p.
314 3711 350 3748 m.
366 3723 391 3732 -
412 3698 436 3747 e.
449 3697 477 3747 L.
490 3697 549 3748 Luc.
562 3698 631 3749 coni.
644 3699 771 3749 Maius·
785 3698 810 3748 6.
823 3697 868 3748 loc
879 3698 947 3760 4349
956 3699 985 3747 A.
1002 3723 1028 3732 -
1042 3697 1084 3762 ad]
1097 3703 1124 3747 at
1135 3699 1198 3747 V.-
1217 3699 1242 3749 8.
1256 3703 1354 3759 prestus
1365 3703 1400 3749 est
1410 3699 1426 3748 'i
1437 3701 1499 3763 433.
1512 3700 1560 3751 dtt.
1572 3703 1599 3752 et

273 3774 305 3826 44
322 3787 355 3824 ex
372 3774 485 3824 correct.
506 3800 533 3810 -
552 3778 576 3824 et
592 3785 645 3824 om.
658 3773 689 3822 V.
705 3799 732 3809 -
751 3773 775 3823 9.
793 3773 887 3822 crimen
903 3774 1003 3822 acciunt
1018 3773 1049 3824 V.
1065 3799 1092 3809 -
1110 3773 1399 3824 cabannensem
1416 3773 1596 3837 LgliNMV:

272 3850 303 3899 de
318 3849 350 3898 l).
361 3847 423 3897 nibil
434 3848 464 3897 de
479 3859 554 3898 socru
569 3849 615 3899 ctt.
631 3875 658 3885 -
682 3847 722 3896 40.
740 3847 849 3897 Seruilia
868 3846 940 3898 delet
956 3849 1011 3897 llau
1028 3848 1059 3897 ll.
1077 3860 1105 3912 p.
1119 3847 1212 3898 444-
1233 3849 1273 3898 44.
1290 3851 1371 3898 recita
1387 3848 1457 3899 MV:
1478 3861 1532 3898 om.
1550 3851 1597 3904 cll.

273 3926 302 3976 0.
328 3951 350 3960 -
369 3923 547 3974 testimoniali
568 3924 596 3973 et
611 3920 706 3985 vulgo:
734 3922 899 3973 testimoniam
920 3921 988 3986 4344
1010 3937 1037 3987 p.
1056 3935 1091 3972 m.
1110 3923 1144 3973 M.
1171 3949 1198 3959 -
1220 3922 1317 3972 Luculli
1338 3921 1406 3986 4344
1423 3935 1449 3987 p.
1469 3935 1505 3974 nr.
1524 3925 1595 3976 MV:

272 4001 309 4051 di.
326 3999 423 4049 Luculli
439 4001 483 4049 cit.
497 3999 526 4048 0.
547 4023 576 4036 ·-
595 3997 635 4048 43.
655 3997 800 4048 Choridonis
815 3997 846 4046 V.
862 4025 889 4035 -
908 3997 948 4047 46.
967 3997 1115 4048 Philocrates
1131 3996 1199 4060 4344
1217 4011 1243 4061 p.
1257 4010 1293 4048 nr.
1313 3999 1385 4060 Mrp:
1404 3997 1534 4060 Epicrates
1549 4002 1595 4051 cll.

274 4073 303 4125 0.
319 4099 346 4110 -
365 4074 405 4123 il.
419 4074 469 4124 auo
480 4074 541 4137 433.
561 4073 628 4136 (exc.
640 4072 701 4134 44).
720 4073 815 4123 ABN:
834 4074 896 4123 duos
912 4070 945 4122 al.
958 4100 985 4109 -
1005 4073 1045 4124 ⁴8.
1058 4073 1112 4135 ipso
1127 4073 1245 4136 aguano
1261 4085 1328 4122 anno
1339 4071 1364 4135 4,
1377 4073 1427 4123 ill
1443 4076 1519 4125 Asa:
1533 4075 1598 4138 ipsos

272 4149 319 4199 XV
332 4161 411 4198 annos
426 4147 475 4199 dit.
495 4173 524 4184 -
546 4147 587 4197 444.
603 4147 683 4210 petila
699 4148 734 4196 est
750 4147 803 4198 Fll
819 4149 863 4204 el,
889 4149 919 4196 ut
934 4145 1051 4206 ridetur,
1074 4148 1135 4209 ng.
1153 4158 1264 4197 omnes:
1288 4148 1367 4210 petita
1382 4161 1433 4198 non
1448 4154 1483 4200 eet
1499 4148 1532 4201 al.
1559 4151 1597 4202 lie

274 4221 352 4274 codd.
365 4223 415 4273 AB
432 4235 476 4274 res
487 4223 598 4273 incerta.
617 4218 683 4271 Vide
695 4223 797 4285 Zumpt.
810 4247 838 4257 —
854 4222 941 4272 Verres
956 4221 1079 4284 cognoscit
1096 4219 1163 4284 4344
1181 4234 1206 4285 p.
1217 4233 1253 4272 m.
1267 4223 1308 4272 ll:
1327 4236 1430 4273 causum
1443 4225 1470 4276 V.
1483 4237 1537 4290 cog.
1551 4228 1596 4278 ctt.

274 4300 303 4350 0.
316 4297 392 4364 proh.
405 4299 470 4349 Rau.
483 4295 501 4348 l.
514 4295 532 4348 l.
547 4323 574 4335 -
592 4297 634 4347 44.
651 4308 697 4358 per
710 4296 775 4346 Vols.
790 4309 880 4358 pecun.
894 4297 942 4347 dtt.
956 4296 985 4347 0.
996 4323 1023 4332 -
1036 4297 1127 4358 accipit
1137 4297 1234 4359 43494
1244 4297 1262 4347 Β
1274 4309 1280 4346 :
1299 4299 1395 4360 occepit
1411 4296 1467 4349 rell.
1481 4301 1558 4364 Lagg.
1568 4327 1595 4338 -

211 4397 219 4418 .
271 4373 325 4436 sere
341 4370 408 4436 4344
426 4386 452 4436 p.
465 4384 501 4423 m.
519 4371 594 4432 Mra:
612 4372 665 4435 [ere
680 4371 715 4421 ad
731 4372 777 4420 ctt.
790 4372 820 4421 0.
839 4369 916 4435 proh.
935 4371 998 4420 Rau.
1011 4369 1029 4421 l.
1043 4369 1059 4420 l.
1079 4369 1137 4420 coll.
1157 4372 1198 4420 lll.
1217 4370 1241 4434 5.
1256 4371 1310 4422 tes.
1329 4373 1359 4422 ll.
1379 4371 1403 4436 5.
1417 4375 1457 4424 ³5.
1476 4375 1535 4424 Ter.
1549 4375 1598 4426 lle-

273 4448 327 4498 aul.
346 4446 365 4497 l.
385 4447 408 4508 l,
427 4445 467 4496 93.
488 4471 517 4484 -
535 4447 582 4498 XX
593 4447 666 4498 milia
682 4445 750 4510 4344
767 4459 794 4511 p.
813 4459 840 4496 m
868 4448 894 4498 M
910 4461 943 4508 φ.
963 4472 991 4484 -
1011 4461 1029 4497 a
1044 4445 1138 4497 duobus
1154 4446 1173 4496 F
1189 4448 1248 4498 Asc.
1269 4474 1296 4483 -
1315 4449 1356 4499 44.
1375 4450 1514 4500 testimonla
1531 4449 1598 4514 4344

273 4535 300 4586 p.
319 4533 356 4572 m.
374 4519 406 4571 48
422 4521 475 4583 mc
492 4520 588 4586 vulgo:
607 4521 771 4573 mtlmonium
787 4519 882 4586 pleriq.
900 4521 980 4572 codd.
999 4549 1026 4559 -
1045 4520 1087 4573 44.
1105 4522 1154 4571 ista
1170 4520 1217 4584 des.
1235 4526 1271 4572 est
1286 4523 1335 4572 AB
1353 4524 1415 4586 433.
1432 4526 1540 4589 praeter
1555 4523 1595 4576 44.

277 4623 304 4634 -
322 4597 363 4647 25.
386 4609 427 4646 res
446 4609 514 4646 noua
529 4603 564 4648 est
589 4597 669 4648 iidem
687 4595 764 4647 codd.
784 4621 813 4634 ·-
839 4597 879 4728 ip.
898 4597 1091 4646 calumniatores
1107 4595 1247 4670 appendat
1262 4600 1323 4648 Aac.
1342 4600 1370 4647 el
1387 4597 1481 4663 pleriq.
1499 4597 1595 4649 codd:

273 4671 478 4722 smmnnlutcrsm
494 4684 552 4734 opp.
570 4673 606 4734 Ἐς
631 4671 722 4736 Aquila
740 4672 769 4721 a.
788 4673 818 4723 ll.
838 4673 849 4722 l
873 4710 878 4721 .
897 4672 968 4723 hunc
985 4671 1072 4723 locum
1090 4673 1125 4722 ita
1142 4671 1235 4722 alleri:
1258 4673 1285 4722 V.
1302 4673 1509 4724 calumniatorem
1525 4687 1596 4737 app,

276 4747 304 4796 V.
328 4748 358 4797 de
381 4757 460 4797 causa
482 4745 654 4810 44344444όώ44,
682 4747 707 4797 V.
729 4747 923 4810 pronuntiabat,
947 4749 974 4798 el
995 4747 1033 4798 sic
1055 4749 1136 4799 etiam
1156 4748 1231 4799 Mart.
1256 4749 1321 4812 Cap.
1340 4762 1366 4813 p.
1385 4747 1442 4799 tet.
1461 4750 1545 4814 llopp.
1566 4775 1595 4788 -

274 4823 315 4873 44.
333 4820 409 4872 men.
427 4833 518 4872 eamn
533 4811 602 4886 agla
618 4834 645 4886 p.
664 4835 700 4872 m.
721 4848 749 4858 -
771 4821 811 4873 ao.
830 4824 857 4870 a
876 4822 985 4871 raama
1002 4821 1119 4885 aglaa:
1145 4823 1367 4874 seruauere
1387 4823 1468 4888 agam
1489 4825 1597 4876 reema

273 4895 330 4948 rell.
344 4897 422 4961 4433.
436 4897 467 4948 H.
483 4924 510 4934 -
529 4895 624 4946 duobus
638 4897 777 4946 nominibus
791 4897 859 4961 4349
871 4896 903 4948 44
920 4909 946 4961 p.
965 4910 1001 4946 m.
1021 4898 1088 4947 liri:
1107 4897 1201 4946 daches
1216 4897 1353 4948 bominibus
1369 4902 1389 4949 A
1407 4899 1468 4963 433.
1487 4896 1594 4963 reliqut;

275 4985 293 5022 a
308 4972 380 5022 duob.
398 4973 463 5022 lom.
481 4969 513 5022 al.
533 4970 562 5023 0.
588 4971 634 5022 Est
656 4970 765 5035 quidem
784 4972 810 5023 in
827 4971 911 5023 verbo
927 4973 1067 5035 4444444444,
1091 4971 1137 5022 ubi
1155 4972 1188 5022 de
1206 4971 1288 5025 rebus
1305 4973 1441 5038 corporeis
1458 4971 1492 5024 ab
1509 4971 1596 5038 aliquo

275 5046 426 5100 aulerendis
451 5047 549 5112 agitur,
574 5046 696 5112 repetitio
718 5047 920 5112 praepositionis
943 5047 1127 5108 usitatissima3
1153 5047 1202 5102 sed
1228 5061 1290 5100 cum
1310 5048 1414 5099 dativus
1434 5049 1500 5101 satis
1516 5050 1596 5100 certis
