3684 5862
289 445 332 514 38
580 443 733 514 oulrto
754 443 833 514 PRO
856 445 945 514 SEX.
966 443 1114 514 ROSCIO
1136 443 1322 514 arlauno

289 627 397 698 turos3
420 621 460 685 de
481 620 640 684 bonorum
660 618 845 684 venditione
867 625 899 684 et
920 620 960 683 do
981 620 1043 684 ista
1057 618 1208 684 societate
1224 615 1357 684 verbum
1371 635 1441 680 esse
1457 613 1616 680 iacturum

83 717 151 818 ,ΠΛ
177 728 192 784 t
290 717 466 790 neminem3
487 716 560 798 ipso
581 714 710 778 nomine
731 714 894 797 parricidii
917 722 949 778 et
966 714 1130 778 atrocitate
1145 713 1286 777 criminis
1300 712 1385 787 lore,
1406 719 1443 775 44
1456 711 1509 775 1444
1524 712 1615 775 44444

172 799 177 812 ”
290 809 419 893 negotio
442 809 623 883 tolleretur,
646 827 718 871 cum
739 807 779 870 ab
801 808 891 872 nullo
906 809 1054 873 defensus
1077 815 1170 872 esset.
1207 805 1260 872 29.
1282 807 1352 892 llpc
1366 807 1502 872 consilio
1519 813 1617 890 atque

290 905 370 967 adeo
402 903 462 993 bac
483 903 624 966 amentia
644 900 789 984 impulsi,
823 922 918 986 quem
939 904 1019 987 ipsi,
1052 923 1124 965 cum
1153 910 1323 986 cuperent,
1357 920 1422 966 non
1444 907 1617 986 potuerunt

266 998 452 1073 tocciderc,
475 1015 548 1060 eum
570 995 777 1079 iugulandum
799 995 891 1058 vobis
913 997 1119 1060 tradiderunt.

374 1092 430 1154 xl.
453 1091 538 1167 Quid
560 1091 697 1174 primum
719 1092 856 1174 quereri
885 1097 940 1152 aut
961 1090 1045 1152 unde
1066 1090 1285 1174 potissimum,
1314 1091 1453 1166 iudices,
1483 1089 1617 1154 ordiar?

290 1194 346 1249 aut
367 1186 455 1270 quod
477 1193 532 1248 aut
553 1185 710 1269 aquibus
732 1184 888 1247 auxilium
915 1187 1043 1268 petam?
1076 1185 1257 1248 Deorumne
1283 1183 1527 1257 immortalium,
1559 1201 1618 1266 po-

289 1279 400 1363 puline
422 1279 572 1355 Romani,
602 1286 796 1354 vestramne,
824 1278 880 1362 qui
902 1298 1056 1341 summam
1078 1285 1268 1360 potestatem
1289 1278 1412 1342 habetis
1441 1278 1504 1342 boc
1537 1284 1617 1341 tem·

289 1393 378 1459 pore,
398 1369 493 1435 fidem
513 1372 704 1457 implorem?
747 1369 799 1435 30.
817 1374 909 1436 Pater
926 1373 1051 1437 occisus
1066 1373 1204 1447 4444444,
1227 1374 1339 1437 domus
1355 1373 1485 1437 obsessa
1500 1371 1540 1435 ab
1554 1371 1616 1434 ini-

254 1468 399 1542 comicis,
427 1467 513 1530 bona
533 1465 697 1550 adempta,
728 1486 893 1551 possessa,
916 1469 1057 1550 direpta;
1086 1465 1143 1530 lilii
1166 1469 1231 1531 vita
1252 1468 1385 1542 infesta,
1415 1484 1511 1548 saepe
1532 1464 1616 1530 ferro

289 1571 386 1647 atque
408 1561 532 1624 insidiis
554 1561 704 1645 appetita.
748 1561 834 1637 Quid
856 1561 967 1624 abbis
989 1569 1037 1624 tot
1058 1558 1221 1624 maleficiis
1243 1560 1372 1625 sceleris
1395 1561 1506 1625 abesse
1527 1562 1616 1624 vide·

289 1659 363 1719 turi
393 1662 498 1718 tamon
519 1655 598 1718 haec
620 1654 692 1717 aliis
713 1654 843 1718 nefariis
867 1655 1030 1718 cumulant
1051 1662 1146 1740 atque
1169 1655 1342 1738 adaugent:
1371 1657 1490 1719 crimen
1512 1656 1617 1718 incre-

290 1750 388 1814 dibile
415 1745 615 1833 confingunt,
644 1755 741 1812 testes
771 1748 804 1810 in
833 1747 920 1812 hunc
942 1757 975 1814 et
995 1757 1195 1815 accusatores
1217 1749 1350 1814 huiusce
1372 1749 1508 1834 pecunia
1531 1768 1617 1812 com-

289 1851 420 1927 parant,
442 1843 524 1907 banc
546 1842 768 1907 condicionem
791 1841 907 1905 misero
929 1842 1052 1916 iemnt,
1073 1851 1110 1906 ut
1124 1850 1227 1925 optet,
1248 1850 1354 1906 utrum
1369 1843 1457 1906 malit
1478 1843 1616 1906 cervices

252 1937 405 2004 telloscio
428 1935 518 2012 dare,
540 1957 581 2000 an
603 1936 730 1999 insutus
748 1935 782 1998 in
798 1935 937 1998 culleum
952 1955 1010 2019 per
1024 1956 1182 1999 summum
1197 1935 1336 2000 dedecus
1350 1936 1447 2000 vitam
1462 1936 1617 1999 amittere.

289 2033 443 2095 Patronos
464 2031 541 2094 buic
563 2030 732 2094 defuturos
753 2035 963 2113 partaverunt3
986 2030 1118 2093 desunt:
1141 2031 1197 2114 qui
1219 2029 1317 2092 libere
1339 2029 1442 2105 dicat,
1465 2030 1522 2114 qui
1544 2051 1617 2093 eum

288 2121 351 2188 fide
373 2124 539 2201 defendat,
561 2126 594 2188 id
617 2124 704 2209 quod
726 2124 760 2186 in
782 2124 842 2188 bac
864 2143 961 2187 causa
982 2124 1059 2187 satis
1074 2132 1138 2198 cst,
1159 2143 1225 2187 non
1245 2124 1334 2187 deest
1347 2123 1511 2206 proiecto,
1533 2121 1618 2187 iudi-

290 2239 351 2283 ces.
385 2214 437 2281 34.
451 2220 493 2281 Ε4
508 2217 642 2280 forsitan
656 2217 690 2279 in
706 2216 909 2301 suscipienda
923 2237 1019 2281 causa
1033 2225 1150 2280 temere
1165 2217 1322 2300 impulsus
1337 2217 1553 2281 adolescentia
1567 2216 1615 2280 ie·

289 2314 403 2377 cerim=
419 2313 572 2397 quoniam
587 2311 718 2396 quidem
732 2311 830 2374 semel
845 2312 987 2394 suscepi,
1002 2312 1077 2376 licet
1090 2312 1236 2376 hercules
1251 2311 1396 2396 undique
1414 2332 1524 2376 omnes
1539 2313 1617 2376 mibi

252 2408 404 2481 sominae,
426 2415 564 2470 terrores
585 2404 794 2490 periculaque
816 2405 1020 2488 impendeant
1035 2407 1158 2480 omnia,
1181 2425 1364 2470 succurram
1378 2413 1475 2490 atque
1490 2407 1614 2470 subibo.

290 2502 419 2565 Certum
441 2507 490 2564 est
511 2498 800 2584 deliberatumque,
829 2519 913 2584 quae
935 2483 1125 2563 adcausam
1147 2501 1306 2584 pertinere
1327 2501 1481 2575 arbitror,
1511 2502 1618 2565 omnia

289 2614 355 2658 non
377 2593 473 2657 modo
495 2593 617 2667 dicere,
640 2613 750 2658 verum
772 2595 867 2658 etiam
882 2593 1019 2657 libenter
1032 2595 1183 2658 audacter
1196 2595 1359 2678 libereque
1374 2595 1491 2658 dicere.
1521 2596 1616 2660 Nulla

290 2708 341 2752 res
363 2696 451 2753 tanta
472 2688 621 2762 exsistat,
645 2687 785 2763 iudices,
808 2696 844 2752 44
865 2689 967 2773 possit
988 2689 1053 2752 vim
1075 2689 1152 2751 mihi
1174 2688 1325 2751 maiorem
1349 2687 1500 2753 adbibere
1514 2696 1616 2752 metus

291 2801 388 2868 quam
409 2780 498 2846 fides.
542 2778 593 2844 32.
615 2782 741 2845 Etenim
764 2784 835 2868 quis
858 2791 922 2846 tam
945 2781 1101 2846 dissoluto
1124 2783 1230 2846 animo
1253 2788 1319 2856 est,
1348 2782 1422 2866 qui,
1443 2784 1521 2848 baec
1544 2805 1617 2847 cum

251 2878 412 2954 strideat,
445 2886 549 2943 tacere
578 2895 615 2940 ac
646 2877 806 2960 negligere
828 2878 955 2962 possiti
1000 2879 1147 2940 «Patrem
1169 2897 1292 2952 meum,
1326 2896 1398 2940 cum
1419 2877 1616 2961 proscriptus

290 2991 357 3036 non
385 2981 484 3048 esset,
516 2971 703 3056 iugulastis3
736 2961 877 3038 occisum
906 2973 940 3034 in
970 2973 1220 3056 proscriptorum
1242 2991 1410 3034 numerum
1431 2971 1615 3046 rettulistis;

290 3086 341 3130 me
363 3065 459 3130 domo
481 3086 552 3130 mea
572 3068 708 3151 pervim
723 3069 912 3151 expulistis3
934 3066 1162 3150 patrimonium
1178 3085 1284 3129 meum
1298 3065 1499 3149 possidetis.»
1529 3063 1616 3140 Quid

290 3159 387 3224 vultis
408 3159 568 3244 amplius?
598 3161 735 3224 etiamne
758 3162 798 3226 ad
820 3161 973 3224 subsellia
994 3181 1066 3223 cum
1088 3159 1172 3224 lerro
1194 3167 1290 3244 atque
1313 3159 1385 3222 telis
1407 3159 1557 3234 venistis,
1580 3165 1617 3221 ut

289 3255 342 3320 bic
365 3262 421 3318 aut
442 3255 593 3337 iuguletis
616 3264 672 3320 aut
694 3257 911 3321 condemnetis
935 3255 1007 3319 Sex.
1030 3256 1208 3318 Roscium?

133 2414 168 2445 *Ἴ

52 2437 58 2465 r
127 2447 197 2510 ,ιαμ

355 3423 379 3472 3.
403 3435 421 3472 o
436 3422 505 3488 notio
521 3423 577 3484 444,
602 3437 627 3474 v.
652 3448 679 3460 -
703 3425 726 3474 9.
750 3425 802 3476 iad.
823 3425 912 3475 ordior
928 3425 1013 3483 GMi,
1034 3425 1071 3476 St.
1089 3425 1166 3486 Vici..
1185 3427 1243 3476 Pur.
1263 3425 1287 3474 3.
1305 3424 1346 3485 8.,
1364 3436 1396 3474 v:
1424 3425 1547 3476 4444444444·
1562 3424 1614 3474 iud.

289 3498 345 3558 444,
364 3510 423 3556 oc;
441 3499 563 3548 ecordtar
579 3499 643 3550 item
660 3498 761 3550 babent
777 3500 895 3559 Hltsx,
913 3499 963 3550 sed
981 3499 1068 3562 ignota
1086 3503 1127 3551 est
1143 3499 1287 3551 verborum
1307 3498 1458 3563 collocatio,
1476 3501 1526 3552 nisi
1543 3500 1616 3565 quod

288 3573 316 3622 iu
333 3573 355 3623 H
371 3571 464 3622 indicos
480 3570 577 3624 deesse
594 3571 699 3625 dicitur.
718 3601 745 3610 -
765 3574 789 3624 7.
808 3580 853 3624 out
869 3577 929 3636 quid
946 3589 1012 3625 4.-
1027 3577 1146 3640 populius
1157 3579 1186 3628 G.
1201 3603 1227 3615 -
1248 3577 1273 3627 9.
1291 3575 1324 3626 ob
1339 3575 1446 3626 44444444
1456 3587 1615 3639 --posscsao

289 3659 343 3697 om.
363 3648 392 3696 G.
414 3673 441 3683 -
459 3646 500 3696 444.
514 3647 635 3707 ammio
652 3647 750 3710 direpto
766 3648 809 3700 ed.
828 3650 894 3700 ven.
915 3649 988 3700 4489.
1007 3651 1083 3715 prob.
1102 3652 1257 3703 Passeratio.
1273 3676 1300 3688 -
1318 3651 1377 3702 tort.
1395 3651 1525 3715 4444444444,
1543 3649 1616 3714 quod

290 3721 451 3772 concinnitas
469 3721 582 3771 oratoria
600 3722 738 3785 requirere
755 3722 868 3775 videtur.
890 3752 917 3762 -
937 3726 977 3774 44.
996 3727 1108 3788 adpetita
1124 3729 1153 3778 G.
1174 3754 1201 3762 -
1221 3728 1261 3778 ta.
1278 3726 1339 3776 boec
1355 3725 1420 3790 44444]
1438 3724 1470 3776 ob
1484 3725 1572 3776 4444444
1583 3727 1612 3776 G.

291 3824 319 3834 -
339 3797 378 3849 tt.
396 3801 425 3846 ut
441 3801 506 3859 optet
523 3810 554 3848 c:
581 3803 610 3848 ut
626 3803 723 3862 optatas·
739 3800 807 3862 Gli,
834 3801 941 3863 60444,
967 3813 1022 3862 va;
1051 3804 1072 3852 G
1087 3815 1137 3867 pro
1154 3807 1219 3865 optet
1238 3807 1324 3852 utnon
1340 3800 1438 3852 babet:
1465 3805 1562 3864 optetur
1577 3805 1613 3862 ut,

289 3873 362 3937 quod
379 3872 529 3938 proiectum
546 3874 588 3924 est
604 3885 637 3925 44
655 3876 788 3936 4444444444.
810 3902 837 3912 -
860 3877 899 3926 to.
918 3877 1006 3927 4444444
1021 3878 1071 3929 lli.
1091 3903 1121 3913 -
1138 3877 1165 3926 io
1181 3877 1286 3927 44444444
1302 3877 1407 3928 4444444.
1427 3877 1454 3926 44
1469 3876 1507 3927 t:
1525 3877 1552 3926 44
1568 3890 1614 3926 cas·

287 3949 353 4000 44444
369 3949 517 4012 4444444444
531 3950 725 4011 parricidarum
741 3949 819 4001 codd.
839 3955 867 4002 et
884 3952 946 4005 edd.
964 3955 1028 4004 vett.
1048 3952 1105 4017 [sed
1122 3954 1159 4005 ut
1175 3954 1277 4004 Ovac
1293 3953 1403 4011 adeam
1420 3951 1521 4001 iParr.
1540 3953 1568 4002 et
1583 3963 1614 4002 a:
1705 4007 1712 4026 ¹

287 4025 424 4088 rupptteto).
451 4023 619 4077 Manifestum
635 4023 782 4088 glossema,
801 4027 844 4077 cui
861 4027 914 4078 iam
932 4027 957 4078 in
975 4027 1035 4080 cod.
1052 4028 1195 4078 Franciano
1214 4028 1319 4078 «vacat»
1337 4025 1546 4091 suprascriptum
1563 4027 1613 4088 est,

288 4114 359 4151 4444
375 4099 490 4151 Klotzius
507 4112 614 4164 quoque
631 4101 658 4151 in
675 4099 718 4151 ed.
731 4102 763 4152 44.
782 4100 926 4153 delendum
943 4115 1003 4155 esse
1013 4102 1086 4154 vidit.
1113 4103 1275 4168 scripturam
1291 4101 1383 4152 4444444
1399 4114 1448 4166 pro
1464 4101 1548 4152 444444
1563 4101 1614 4150 ba-

287 4177 352 4227 bent
369 4175 449 4226 etlam
467 4172 520 4224 duo
537 4173 615 4225 oodd.
629 4175 735 4240 optimi,
753 4189 768 4225 4
786 4189 830 4227 me
842 4175 941 4238 collati,
959 4177 1133 4242 Wuerzburg.
1145 4175 1296 4240 stertens..
1314 4177 1340 4227 in
1352 4177 1406 4228 Cic.
1419 4175 1454 4227 de
1465 4176 1571 4228 444444.
1581 4177 1613 4227 44.

287 4252 312 4316 9.
326 4249 383 4302 449.
398 4276 427 4286 -
446 4249 485 4300 46.
504 4249 599 4301 decom.
617 4251 661 4313 gai
677 4251 752 4302 tibere
767 4251 835 4302 44444
852 4265 884 4302 c:
902 4253 988 4303 444444
1004 4253 1048 4316 qui
1063 4254 1138 4305 tibere
1154 4255 1238 4304 (444444
1254 4255 1370 4314 Gilva,
1388 4252 1517 4303 tom·
1531 4251 1571 4302 47.
1584 4252 1615 4302 do

285 4324 470 4390 scodotltvo:
489 4324 684 4389 dcsmdootGe,
703 4325 794 4378 4044.
807 4329 951 4379 -44444444
967 4341 995 4378 a:
1016 4341 1070 4380 om.
1082 4334 1118 4379 444
1132 4329 1316 4390 GMHTxvt
1333 4333 1369 4380 444
1385 4328 1511 4378 reticeat
1523 4325 1610 4390 vulgo.

287 4398 431 4466 (4444444444
441 4404 485 4462 ost,
498 4411 561 4450 eum
571 4401 701 4466 scriptum
712 4401 791 4454 tuerit
800 4403 889 4467 444444.)
906 4405 1058 4468 Sequuntur
1069 4403 1166 4455 deinde
1176 4405 1202 4456 in
1214 4403 1338 4458 omnibus
1349 4401 1428 4455 codd.
1437 4415 1480 4452 44.
1492 4402 1611 4464 44444444

287 4475 386 4540 quidm
395 4474 499 4538 4444444,
513 4487 582 4538 quae
594 4488 627 4527 ex
638 4474 696 4528 loco
707 4477 830 4529 tuter-iore
843 4479 876 4543 (v.
886 4479 937 4542 49.)
949 4477 1039 4530 addita
1050 4491 1111 4530 esse
1123 4479 1301 4542 Heusingerus
1312 4479 1414 4544 primm
1426 4475 1566 4539 mudena
1583 4491 1611 4528 v.

287 4559 374 4614 lladv.
382 4560 477 4624 opusc.
488 4560 520 4609 44.
532 4559 653 4624 44343.-
664 4562 705 4612 48.
714 4563 801 4628 cocao]
811 4568 864 4614 tom
873 4566 894 4614 G
904 4564 999 4626 (ortum
1009 4576 1041 4614 44
1050 4548 1130 4626 mt-
1142 4563 1181 4614 49.
1194 4563 1302 4614 tecam
1311 4563 1439 4615 Glivac:
1453 4561 1550 4613 tercado
1558 4563 1613 4622 χο.

288 4663 316 4674 -
327 4647 410 4686 omncs
421 4635 536 4694 44444,
547 4635 671 4688 44444-
682 4637 723 4689 to.
732 4639 794 4688 mitt
803 4641 887 4690 minos
898 4640 1027 4689 Baiterus:
1040 4635 1185 4688 mtooePal.
1195 4637 1219 4687 9.
1230 4637 1255 4687 8.
1265 4651 1299 4698 χ;
1311 4638 1377 4687 osiae
1386 4637 1447 4695 th;
1459 4636 1612 4698 44444444;

286 4712 395 4773 andiaco
406 4723 489 4762 444444
499 4714 608 4761 44444444
616 4712 701 4764 444444
707 4715 871 4778 portentoque
881 4717 900 4766 L
911 4729 917 4774 ;
934 4714 1043 4776 4444444
1053 4713 1136 4762 minoe
1147 4717 1254 4762 44444444
1260 4713 1424 4775 pacataque
1435 4713 1494 4763 Gar.
1504 4713 1529 4762 4.
1540 4713 1610 4763 coni.

288 4789 368 4851 (44444
384 4785 434 4836 tria
450 4785 515 4836 item
532 4785 672 4838 coniuncta
689 4791 751 4840 sunt
767 4803 793 4854 p.
808 4791 912 4850 Quinet.
925 4788 965 4851 44,
983 4787 1070 4850 itl-
1088 4788 1246 4851 impendeant
1261 4801 1312 4840 ac:
1331 4789 1475 4852 topeodoot
1491 4787 1542 4839 HT
1550 4801 1612 4848 κη

287 4861 423 4926 impediant
439 4861 493 4913 Gli
503 4860 532 4912 C.
546 4885 575 4899 -
593 4861 634 4914 44.
647 4864 757 4930 uttam]
773 4867 877 4932 44444444·
891 4877 965 4930 susp.
979 4862 1084 4915 Dobree
1096 4862 1197 4912 444444.
1209 4863 1242 4913 44.
1260 4875 1286 4927 p.
1300 4864 1356 4915 375.
1371 4889 1399 4901 -
1418 4863 1550 4914 4444444444
1561 4863 1610 4924 LO,

288 4951 356 5003 quae
370 4936 452 4988 torma
465 4935 489 5000 5.
501 4933 557 4986 404.
566 4937 717 4988 testimonio
729 4939 856 4992 Prisciani
865 4940 1020 4992 confirmata
1033 4939 1114 4989 est-
1128 4937 1169 4988 43.
1182 4939 1285 4990 emutat
1296 4940 1373 5002 live,
1385 4941 1458 4990 Pers.
1467 4937 1535 5000 4.4.,
1549 4938 1612 4988 On.

287 5012 416 5079 plerique,
429 5014 459 5062 ut
469 5010 587 5061 videtum:
599 5013 695 5064 44444444
706 5014 815 5076 GHSa,
829 5015 882 5068 Pal.
893 5018 928 5079 t.‚
942 5017 1000 5066 Par.
1011 5015 1036 5065 8.
1047 5012 1082 5071 94
1100 5013 1198 5062 mosas
1210 5010 1262 5065 Pel.
1276 5016 1311 5074 8.,
1330 5016 1389 5065 Ρ44.
1403 5014 1437 5074 4.,
1456 5014 1558 5076 Franc,
1577 5014 1611 5074 0;

288 5087 409 5139 4444444444
426 5087 494 5137 coni.
508 5087 595 5137 Garat.
607 5088 633 5139 2.
649 5115 677 5126 -
693 5089 754 5139 mitt
769 5091 821 5142 otm
831 5103 857 5141 v.
873 5119 900 5127 -
919 5089 960 5140 at.
979 5087 1030 5153 qut]
1048 5087 1131 5149 44444
1145 5088 1174 5136 G.
1190 5113 1214 5126 -
1235 5089 1280 5140 boc
1296 5090 1351 5140 Tv.
1367 5117 1395 5126 -
1412 5089 1454 5139 44.
1471 5101 1575 5140 nmero
1586 5101 1612 5140 4.

290 5187 318 5198 -
336 5161 377 5215 44.
395 5175 452 5214 osan
466 5162 536 5226 [erro
552 5165 577 5214 st
592 5175 650 5216 com
665 5163 719 5216 44444
734 5163 827 5218 maluit
843 5165 924 5218 44444.
945 5191 973 5203 -
991 5163 1031 5214 49.
1050 5161 1110 5218 seo.
1129 5163 1250 5232 44444444]
1267 5165 1341 5218 44444
1357 5175 1412 5226 44.,
1430 5175 1500 5229 quae
1517 5165 1570 5216 iam
1586 5164 1614 5216 44
