3610 5860
318 439 382 509 tto
719 441 870 514 omno
892 439 971 513 PRO
991 439 1034 514 Μ.
1055 441 1232 514 romae

318 617 499 682 clarissimis
519 623 646 682 nocuae
668 617 803 682 civitatis
823 619 897 682 airis
918 615 1124 682 dubitandum
1145 633 1211 682 noa
1231 619 1440 701 putaveruntt
1461 617 1518 703 qni
1535 615 1596 682 Gn.
1612 625 1658 682 et

128 739 183 814 β.
321 710 359 787 Q.
383 711 607 796 Caepionibus,
636 711 672 774 L.
694 720 725 774 et
747 710 785 787 Q.
807 712 941 776 Metellis
970 713 1102 776 testibus
1126 715 1160 778 in
1183 713 1222 790 Q.
1244 713 1444 796 Pompeium,
1473 711 1655 796 mnins-

150 804 168 832 “’
218 745 240 850 l
318 803 536 879 novnms'iron
557 803 775 869 crediderunt:
806 822 940 889 quornm
962 807 1087 882 virtuti,
1110 807 1235 890 genem,
1256 806 1351 870 rebus
1372 808 1468 889 gestia
1487 805 1589 870 fidem
1613 811 1657 869 et

318 899 534 964 auctoritatem
554 901 588 962 in
609 899 790 962 testimonio
811 901 992 983 cupiditatis
1014 909 1110 986 atque
1135 899 1364 965 inimicitiarum
1386 901 1525 984 suspicio
1548 901 1655 964 dere·

294 994 413 1076 agavit.
455 988 507 1056 24.
531 987 605 1076 [lt]
628 993 770 1077 Ecquem
790 992 951 1058 bominem
972 995 1126 1070 vidimus,
1149 1013 1283 1080 ecquem
1300 1013 1374 1058 vere
1395 1006 1652 1058 mmemumrc

317 1105 484 1171 possumus
498 1106 608 1170 parem
622 1085 770 1160 consilio,
793 1087 959 1169 gravitate,
981 1087 1171 1164 constantia,
1190 1088 1303 1152 ceteris
1317 1087 1486 1152 virtutibus
1498 1087 1650 1162 bouada,

316 1181 451 1264 ingenii,
481 1201 585 1245 rerum
615 1187 771 1264 gestarum
796 1184 988 1246 ornamentis
1009 1185 1051 1248 Μ.
1073 1183 1207 1248 Aemilio
1230 1183 1347 1246 Scauro
1367 1182 1488 1246 fuisset
1520 1181 1649 1244 Tamen

315 1274 430 1350 buius,
457 1275 547 1339 cuius
577 1275 704 1338 iniurati
731 1281 810 1338 nutu
835 1295 933 1360 prope
954 1285 1106 1342 terrarum
1127 1277 1211 1341 orbis
1232 1277 1416 1360 regebatur,
1437 1275 1532 1339 iurati
1553 1274 1651 1338 usat-

316 1369 423 1432 monio
444 1370 606 1453 usquein
629 1368 662 1431 C.
684 1367 852 1432 Fimbriam
873 1389 977 1454 neque
999 1372 1032 1434 in
1055 1369 1088 1433 C.
1110 1372 1291 1435 Memmium
1313 1371 1467 1434 creditum
1488 1375 1547 1434 eat.
1576 1371 1650 1432 No-

279 1476 307 1523 ao
315 1463 443 1526 luerunt
468 1463 492 1526 ii
519 1464 576 1546 qni
605 1461 785 1525 iudicabunt
813 1461 894 1526 banc
923 1472 1030 1546 patere
1059 1465 1229 1528 inimicitiis
1254 1467 1353 1540 dam,
1385 1483 1482 1548 quem
1504 1464 1649 1547 quisque

315 1557 449 1632 odisset,
478 1563 515 1619 ut
537 1577 610 1619 enm
631 1555 813 1620 testimonio
839 1564 948 1638 posset
969 1558 1090 1622 tollere.
1123 1557 1267 1644 Quantam
1288 1559 1322 1622 in
1343 1560 1378 1621 l..
1402 1559 1515 1622 Crasso
1535 1556 1648 1640 pudor

150 1668 171 1755 p
222 1665 236 1738 a
313 1652 426 1726 fnemt,
448 1649 535 1737 quod
549 1651 730 1732 ingenium,
753 1657 871 1740 quanta
886 1652 1070 1726 auctoritas,
1093 1653 1166 1736 quia
1179 1654 1326 1735 ignorati
1348 1651 1525 1724 Tamania,
1548 1649 1646 1713 cuius

180 1753 188 1780 s
315 1745 410 1809 etiam
437 1763 541 1807 sermo
570 1742 742 1807 testimonii
762 1744 978 1807 auctoritatem
1001 1745 1153 1820 babebat,
1182 1746 1363 1810 testimonio
1384 1746 1473 1827 ipso,
1500 1761 1585 1827 quaa
1604 1743 1647 1806 in

314 1841 358 1904 Μ.
378 1838 561 1903 Marcellum
583 1837 710 1900 inimico
732 1838 837 1901 animo
860 1837 957 1913 dixit,
986 1839 1118 1922 probare
1140 1859 1205 1903 non
1226 1840 1338 1923 potuit
1381 1835 1432 1901 25.
1459 1833 1485 1923 [l
1493 1831 1535 1919 5.]
1557 1835 1645 1911 Fuit,

278 1929 373 1997 remit
393 1933 457 1996 illls
478 1931 637 1995 iudicibus
659 1931 800 1994 divinum
821 1950 858 1994 ac
880 1931 1054 2014 singulare,
1079 1933 1215 2008 iudices,
1238 1933 1418 2007 consillum,
1440 1931 1496 2015 qui
1517 1949 1552 1994 se
1573 1949 1646 1992 non

314 2025 417 2091 solnm
439 2027 479 2090 de
500 2045 573 2100 reo,
595 2026 652 2088 sed
675 2026 769 2089 etiam
791 2026 830 2089 de
852 2033 1051 2100 accusatore,
1072 2026 1113 2088 de
1134 2033 1215 2090 teate
1237 2025 1377 2090 indicere
1399 2023 1645 2098 arbitrabantu,

315 2121 392 2206 quid
424 2117 543 2194 fictum,
573 2120 649 2204 quid
675 2119 801 2183 sennua
823 2140 860 2184 ac
881 2127 1023 2202 tempore
1045 2119 1191 2194 allatum,
1219 2119 1296 2205 quid
1322 2119 1425 2204 pretio
1447 2127 1644 2204 corruptum,

314 2215 392 2298 qnid
414 2235 471 2298 spe
493 2219 548 2276 aut
569 2220 654 2277 matra
675 2212 896 2298 depravatum,
926 2212 1004 2297 qnid
1025 2231 1045 2278 a
1066 2213 1238 2295 cupiditate
1264 2213 1372 2298 aliqua
1392 2222 1447 2279 aut
1467 2213 1643 2278 inimicitiis

314 2307 487 2392 proiectum
501 2306 672 2370 videretur.
703 2307 793 2384 Quae
815 2309 841 2371 si
864 2307 964 2370 iudex
984 2326 1050 2370 non
1066 2307 1273 2390 amplectetur
1286 2307 1392 2372 omnia
1406 2308 1552 2382 consilio,
1572 2326 1642 2370 non

275 2403 419 2466 manime
440 2422 477 2464 ae
498 2409 604 2465 mente
626 2402 876 2486 circumspiciam
906 2401 951 2475 si,
979 2409 1015 2464 nt
1036 2403 1177 2486 quidque
1199 2421 1241 2465 ex
1261 2401 1316 2464 illo
1338 2401 1408 2464 loco
1430 2401 1567 2476 dicetur,
1597 2421 1641 2464 ex

314 2495 441 2560 oraculo
462 2495 569 2580 aliquo
592 2495 655 2558 dici
676 2496 895 2560 arbitrabitur:
926 2495 1067 2577 profecto
1090 2495 1166 2559 satis
1187 2496 1262 2570 erit,
1283 2494 1316 2557 id
1339 2495 1424 2578 quud
1447 2493 1514 2558 dixi
1534 2501 1639 2568 autea,

313 2609 379 2653 non
400 2589 530 2653 surdum
551 2589 686 2653 iudicem
709 2588 783 2653 huic
804 2591 925 2652 muneri
940 2599 1034 2673 atque
1049 2589 1154 2654 officio
1167 2609 1332 2674 praeesse3
1354 2589 1433 2652 nihil
1448 2589 1522 2662 erit,
1542 2605 1639 2670 quam

314 2684 355 2747 ub
376 2702 443 2746 rem
463 2683 518 2746 ille
540 2684 648 2746 nescio
672 2683 744 2766 quis
766 2683 893 2765 sapiens
915 2683 1010 2747 bomo
1031 2703 1068 2746 ac
1090 2683 1259 2747 multarum
1280 2703 1385 2746 rerum
1400 2683 1518 2765 peritus
1532 2679 1638 2745 adres

313 2775 498 2840 indicandas
519 2778 711 2862 requiratur.
754 2777 824 2840 llll.
844 2774 894 2841 26.
920 2777 1013 2862 [Vlll.
1030 2773 1093 2860 lb]
1116 2779 1165 2840 An
1188 2797 1262 2840 vero
1284 2777 1330 2840 illi
1352 2777 1475 2859 equites
1495 2777 1638 2850 Romani,

276 2883 394 2953 roquos
417 2890 475 2934 nos
496 2872 648 2946 vidimus,
671 2873 727 2955 qui
742 2891 843 2954 nuper
856 2873 889 2935 in
904 2893 938 2935 re
952 2873 1079 2957 publica
1093 2871 1283 2955 iudiciisque
1298 2871 1443 2934 maximis
1456 2870 1639 2943 floruerunt,

312 2962 489 3029 babuerunt
508 2973 631 3028 tantum
653 2966 766 3040 animi,
789 2973 910 3030 mutum
932 2968 1070 3041 roboris,
1092 2972 1127 3029 ut
1147 2967 1189 3030 Μ.
1212 2965 1330 3028 Scauro
1351 2965 1423 3028 testi
1444 2983 1509 3027 non
1530 2961 1639 3026 crede-

313 3065 400 3120 rent:
426 3077 483 3122 vos
504 3058 678 3124 »Volcarum
705 3067 800 3143 atque
821 3061 1026 3144 Allobrogum
1055 3057 1242 3124 testimoniis
1264 3078 1328 3122 non
1351 3057 1480 3122 eredere
1501 3058 1637 3122 timetis?

139 3161 213 3256 fjx
315 3151 349 3215 Si
370 3151 499 3216 inimico
520 3153 592 3216 testi
615 3152 700 3217 credi
721 3173 786 3216 non
808 3154 1140 3240 oportuit‚(iuimjcior
1161 3152 1309 3216 Marcello
1326 3152 1457 3216 Crassus
1479 3160 1535 3216 aut
1554 3151 1639 3214 Fim-

313 3245 401 3308 briae
423 3239 574 3328 Seaurus)
588 3265 629 3308 ex
657 3247 799 3318 civilibus
822 3248 933 3312 studiis
959 3257 1052 3333 atque
1076 3248 1303 3311 obtrectatione
1325 3245 1513 3322 domestica,
1536 3235 1637 3334 &uam

276 3339 386 3404 sabario
409 3324 516 3428 uellit
546 3359 680 3423 quornm
703 3341 758 3424 qui
780 3343 899 3426 optima
921 3346 952 3405 in
975 3361 1070 3406 causa
1091 3347 1165 3405 sunt
1186 3341 1324 3424 equites,
1350 3339 1561 3412 frumentum,
1582 3357 1637 3420 pe-

314 3433 441 3496 cuniam
462 3434 561 3496 semel
581 3438 676 3517 atque
698 3435 812 3498 iterum
833 3455 870 3498 ac
884 3437 1010 3518 saepius
1028 3435 1207 3498 invitissimi
1223 3434 1298 3498 dure
1313 3434 1412 3497 coacti
1429 3439 1519 3507 sunt,
1541 3431 1636 3496 ceteri

314 3527 428 3609 partim
450 3547 491 3590 ex
512 3527 670 3590 veteribus
692 3527 785 3590 bellis
807 3549 883 3610 agro
904 3530 1040 3604 multati,
1069 3528 1183 3610 partim
1204 3527 1244 3591 ab
1265 3526 1326 3591 boc
1348 3528 1417 3610 ipso
1438 3525 1524 3590 bello
1546 3545 1637 3608 supe-

314 3619 374 3684 rati
396 3627 428 3683 et
448 3622 601 3705 oppressi.
634 3617 685 3682 27.
710 3615 784 3704 [la]
809 3622 856 3696 Si,
879 3623 934 3705 qni
957 3622 998 3684 ob
1020 3621 1150 3705 aliquod
1172 3623 1419 3686 emolumentum
1440 3639 1533 3683 snum
1551 3617 1636 3703 cupi·

315 3713 386 3776 dius
408 3713 529 3797 aliquid
552 3714 657 3777 dicere
679 3715 842 3789 videntur,
875 3717 913 3777 iis
935 3714 1020 3778 credi
1042 3735 1106 3778 non
1128 3716 1291 3790 convenit,
1314 3715 1407 3778 credo
1429 3715 1531 3778 maius
1552 3731 1635 3776 emo

180 3835 182 3842 ·
278 3807 490 3871 celamentum
520 3807 729 3891 Caepionibus
758 3815 789 3872 et
810 3809 945 3873 Metellis
971 3809 1167 3892 propositum
1187 3809 1285 3875 titisse
1308 3829 1349 3872 ex
1371 3809 1409 3884 Q.
1432 3809 1561 3891 Pompei
1582 3806 1636 3870 da·

315 3903 493 3977 lunatione,
514 3921 585 3965 eum
606 3903 781 3979 studiorum
803 3924 930 3967 suorum
953 3903 1194 3966 obtrectatorem
1210 3904 1428 3977 sustulissent,
1451 3921 1547 3986 wana
1560 3919 1635 3965 euu—
1749 3978 1754 3987 .
1786 3907 1787 3914 ’

315 4003 382 4058 ctae
405 3994 524 4058 Galliae
546 4015 586 4058 ex
607 3997 649 4060 Μ.
671 3996 781 4060 Fontei
804 3997 997 4072 calamitate,
1025 3997 1059 4059 in
1081 4017 1144 4080 qua
1168 3999 1224 4062 illa
1245 3995 1406 4081 provincia
1428 4016 1529 4080 prope
1549 4015 1636 4060 snam

315 4089 544 4153 immunitatem
566 4109 602 4152 ac
623 4090 800 4155 libertatem
821 4091 955 4175 positam
977 4111 1046 4154 esse
1068 4091 1242 4154 arbitratur.

400 4183 449 4246 An
479 4184 506 4247 si
533 4183 676 4248 bomiues
703 4185 789 4269 ipsos
820 4193 961 4270 spectare
984 4187 1148 4260 convenit,
1178 4185 1212 4248 id
1235 4184 1321 4270 quod
1342 4185 1375 4247 in
1397 4189 1475 4248 teste
1497 4181 1638 4270 proiecto·

382 4474 406 4524 t.
424 4485 473 4539 pro
490 4479 513 4524 ct
530 4475 559 4536 ο.
573 4474 595 4522 V
611 4473 652 4526 bis
668 4479 692 4525 ct
708 4487 773 4538 quae
790 4473 879 4525 habet.
895 4501 921 4512 —
940 4476 964 4525 6.
983 4476 1115 4537 Maroneae
1125 4475 1160 4536 V,
1179 4474 1322 4537 mersans
1340 4475 1375 4538 (et
1390 4475 1429 4526 sic
1446 4475 1542 4526 iterum
1559 4471 1635 4539 paulo

315 4550 394 4614 post).
414 4575 442 4586 -
460 4562 518 4600 ocra
533 4551 594 4599 VS:
618 4563 677 4600 vcro
699 4563 773 4614 susp.
792 4549 954 4600 Gulielmius.
979 4577 1006 4586 —
1029 4552 1053 4599 t.
1072 4549 1155 4614 toperi
1171 4550 1202 4600 V.
1223 4577 1250 4586 -
1272 4550 1296 4600 8-
1315 4547 1395 4613 brius]
1417 4549 1470 4600 abac
1486 4551 1633 4610 sublimium

315 4625 388 4674 aram
404 4627 465 4674 ante
481 4625 561 4674 aucti
577 4625 667 4688 posuit
684 4625 793 4675 Ernesti.
814 4652 841 4661 -
862 4625 1011 4688 repetuntur
1027 4625 1053 4675 S.
1073 4649 1100 4661 —
1120 4627 1160 4676 to.
1179 4625 1206 4689 ii]
1226 4638 1261 4674 aa.
1279 4625 1310 4687 V,
1327 4625 1353 4675 ti
1370 4626 1395 4675 s.
1415 4651 1443 4664 -
1466 4623 1543 4690 oium]
1561 4637 1635 4686 pacm

315 4699 347 4750 V.
368 4725 395 4736 -
414 4700 454 4749 tt.
471 4703 549 4762 possit
564 4701 620 4752 VS.
636 4729 663 4738 -
683 4703 723 4752 tt.
742 4702 771 4768 tr]
788 4703 825 4752 latr
835 4703 866 4753 V.
882 4729 906 4739 -
929 4703 968 4752 lc.
981 4703 1073 4752 iudices
1084 4699 1161 4751 edd.:
1179 4700 1299 4751 iudicium
1309 4701 1340 4764 V,
1358 4702 1467 4752 iudicauit
1478 4703 1505 4752 S.
1518 4701 1635 4764 (blemm-

315 4775 390 4825 senio
406 4775 527 4826 iudica'um
542 4775 628 4840 glossa
644 4777 718 4828 vocis
734 4778 862 4827 conditum
878 4777 1001 4840 videtur.)
1020 4803 1047 4813 -
1074 4777 1113 4826 so.
1132 4775 1161 4826 dc
1176 4789 1219 4826 reo
1237 4775 1280 4826 ed.
1299 4777 1384 4827 Crat:
1408 4777 1438 4826 da
1457 4789 1502 4828 rao
1516 4775 1635 4826 indicium

314 4851 372 4901 VS.
387 4877 413 4886 -
433 4851 463 4901 dc
479 4857 623 4903 senadors
639 4857 662 4902 et
678 4853 708 4902 dc
723 4857 781 4903 testa
791 4854 926 4904 Graevius.
942 4882 970 4892 -
989 4855 1028 4904 li.
1047 4853 1107 4916 quid
1121 4852 1225 4916 fortuna
1235 4852 1297 4902 VS:
1315 4852 1375 4914 quid
1391 4866 1408 4902 a
1422 4853 1527 4917 sorttatu
1538 4851 1593 4902 LO.
1605 4877 1632 4888 -

315 4927 357 4978 20.
375 4931 404 4976 ut
419 4928 528 4990 quidque
543 4929 579 4977 V:
605 4933 633 4978 ut
650 4929 783 4990 quicquam
799 4929 824 4978 S.
846 4953 872 4965 -
892 4928 952 4978 tort.
970 4941 1003 4978 ee
1019 4928 1065 4978 islo
1082 4927 1143 4978 loco.
1164 4953 1191 4963 -
1210 4927 1251 4980 26.
1269 4929 1305 4979 Μ.
1324 4929 1356 4979 S:
1376 4930 1406 4979 L.
1423 4927 1453 4980 V.
1476 4953 1503 4964 -
1521 4927 1562 4978 st.
1583 4925 1635 4977 Vol·

315 5017 407 5054 curum
423 5004 566 5054 Graevius:
595 5003 731 5068 Vutparacm
747 5005 782 5063 V;
808 5003 936 5069 talpam
952 5003 977 5052 S.
999 5029 1026 5040 -
1049 5002 1162 5054 timebitis
1178 5015 1251 5068 susp.
1269 5001 1356 5054 Orelli.
1376 5030 1404 5040 -
1429 5003 1469 5055 36.
1487 5008 1587 5066 masao
1602 5003 1633 5064 V,

317 5080 445 5143 optionis.
465 5105 493 5116 -
513 5079 554 5130 34.
571 5078 677 5143 sceptus]
694 5093 789 5142 seraper
805 5078 875 5130 bene
893 5079 1042 5143 suspicatur
1058 5079 1257 5132 Mommseniue.
1272 5103 1299 5116 -
1318 5078 1359 5130 Si.
1378 5091 1438 5131 acro
1448 5079 1481 5143 V,
1499 5081 1529 5130 ut
1538 5091 1564 5145 p.
1576 5077 1634 5131 ibt.

317 5151 1125 5220 v.tb.-cb]adV.-Sb.0.]pucV.-37.illaVS.
1670 5189 1676 5198 .
