3648 5888
736 419 941 511 §ps-ra.
1467 411 1503 482 ar

188 599 295 664 dinem
315 598 509 684 nimiamque
529 597 692 662 licentiam
714 595 921 660 constitutum
944 601 1001 658 est.
1036 595 1115 658 Nam
1136 612 1209 656 cnm
1230 591 1349 656 multae
1369 589 1508 654 familiae

187 696 368 760 dicerentur
388 696 423 759 in
444 695 526 778 agds
547 693 730 778 longinquis
752 698 784 758 et
804 691 932 776 pascuis
954 695 1091 754 armatae
1113 708 1184 752 esse
1200 689 1379 772 caedesque
1392 685 1509 760 lacere,

186 810 324 874 cumque
349 810 387 854 ea
408 789 604 854 consuetudo
626 808 692 852 non
713 787 818 852 solum
839 786 879 850 ad
901 805 952 850 res
972 785 1186 869 privatorum,
1214 783 1271 846 sed
1292 783 1332 845 ad
1355 800 1508 846 summam

186 895 255 948 vem
279 884 439 968 publicam
464 884 624 968 pertinere
657 881 835 954 videretur,
867 881 909 944 Μ.
932 879 1098 952 Lucullus,
1127 879 1183 962 qui
1204 897 1326 941 summa
1347 876 1509 961 aequitate

187 986 219 1041 et
239 978 397 1062 sapientia
417 979 467 1041 ius
490 977 586 1051 dixit,
616 977 737 1059 primus
758 975 821 1039 hoc
842 974 996 1038 iudicium
1019 973 1197 1058 composuit
1228 979 1260 1034 et
1285 971 1319 1034 id
1345 969 1509 1056 spectavit,
1532 983 1547 1030 o

187 1078 223 1136 ut
242 1071 388 1135 homines
408 1072 453 1135 ita
473 1071 610 1135 familias
631 1091 704 1134 suas
727 1070 944 1144 continerent,
966 1075 1088 1133 utnon
1110 1068 1204 1132 modo
1226 1065 1337 1131 armati
1360 1065 1511 1130 murnum

186 1166 306 1230 nemini
328 1165 455 1240 darent,
477 1185 586 1230 verum
609 1164 704 1230 etiam
725 1163 864 1228 lacessiti
886 1164 955 1228 iure
977 1183 1012 1227 sc
1037 1162 1144 1245 potius
1167 1181 1262 1246 quam
1283 1160 1379 1224 armis
1401 1158 1511 1224 defen-

187 1260 315 1336 derent;
338 1257 368 1324 9.
391 1267 517 1324 eveum
539 1260 635 1322 sciret
656 1259 696 1323 de
718 1259 834 1322 damno
857 1257 960 1340 legem
982 1276 1052 1320 esse
1067 1256 1243 1339 Aquiliam,
1265 1262 1371 1320 tamen
1389 1253 1451 1318 lroc
1466 1253 1511 1318 ita

186 1354 396 1428 existimavit,
430 1353 515 1436 apud
544 1354 680 1416 maiores
709 1358 854 1427 nostros,
887 1373 959 1415 cum
981 1358 1014 1415 et
1033 1372 1085 1414 res
1107 1358 1139 1416 et
1160 1351 1349 1435 cupiditates
1371 1349 1510 1414 minores

186 1455 295 1512 essent
321 1455 353 1511 et
380 1448 519 1512 familiae
546 1468 612 1510 non
640 1466 771 1530 magnac
794 1464 908 1526 magno
930 1452 1018 1508 metu
1039 1445 1293 1518 continerentur,
1324 1449 1359 1506 ut
1380 1460 1509 1526 perraro
1520 1458 1548 1508 to
1599 1445 1627 1514 Ζ
1675 1479 1679 1494 =

185 1527 289 1616 deiet,
316 1549 353 1604 ut
373 1541 470 1604 homo
493 1541 707 1614 occideretur,
736 1539 833 1623 idque
854 1538 1011 1602 nefarium
1034 1557 1070 1602 ac
1092 1538 1253 1620 singulare
1274 1536 1397 1601 facinus
1419 1542 1511 1621 puta·

185 1643 289 1711 retur,
311 1636 393 1700 nihil
416 1655 496 1718 opus
518 1634 617 1697 fuisse
639 1633 758 1696 iudicio
773 1633 813 1696 de
828 1633 859 1696 vi
875 1632 994 1696 coactis
1009 1633 1201 1717 armatisque
1216 1631 1397 1698 hominihus
1413 1631 1511 1718 (quod

186 1730 271 1796 enim
291 1751 354 1792 usu
376 1748 442 1793 non
464 1729 627 1801 veniebat,
650 1728 690 1791 de
712 1747 750 1790 eo
774 1727 801 1789 si
823 1727 896 1811 quis
917 1727 1021 1810 legem
1043 1735 1099 1790 aut
1120 1727 1274 1790 indicium
1294 1728 1511 1802 constitueret,

185 1843 251 1887 non
273 1830 338 1885 tam
359 1823 529 1905 prohibere
544 1823 703 1885 videretur
724 1841 820 1905 quam
836 1818 1038 1904 'admonere);
1061 1817 1112 1884 t0.
1133 1822 1184 1884 his
1205 1821 1416 1904 temporibus,
1439 1840 1512 1884 cum

186 1938 228 1981 ex
255 1916 340 1980 bello
363 1917 513 1979 diuturno
536 1923 631 1998 atque
653 1915 828 1978 domestico
851 1934 901 1978 res
929 1915 963 1976 in
986 1909 1054 1978 e'am
1078 1916 1342 1979 consuetudinem
1363 1915 1549 1989 venissetis

185 2019 222 2074 ut
243 2011 389 2075 homines
412 2011 533 2072 minore
555 2010 709 2092 religione
731 2009 825 2072 armis
847 2015 1030 2082 uterentur,
1053 2029 1182 2072 necesse
1204 2010 1327 2093 putavit
1341 2028 1410 2072 esse
1426 2015 1457 2072 et
1478 2009 1512 2073 in

185 2105 367 2170 universam
388 2101 540 2168 familiam
560 2102 714 2166 indicium
738 2103 828 2176 darc,
852 2102 940 2186 quod
962 2122 980 2165 a
1003 2102 1123 2166 familia
1144 2102 1264 2166 factum
1286 2103 1458 2178 diceretur,
1480 2107 1512 2165 et

185 2198 413 2281 reciperatores
441 2197 534 2272 dare,
562 2205 599 2260 ut
626 2215 722 2279 quam
748 2195 885 2278 primum
912 2217 964 2259 res
986 2197 1197 2272 iudicaretur,
1230 2204 1263 2260 et
1283 2217 1422 2282 poenam
1443 2215 1513 2280 gra·

185 2293 307 2356 viorem
335 2292 543 2366 constituere,
571 2296 608 2353 ut
628 2300 715 2353 metu
738 2291 1000 2374 comprimeretur
1020 2292 1169 2368 audacia,
1197 2299 1229 2356 et
1250 2293 1339 2356 illam
1360 2291 1512 2356 latebram

185 2388 299 2451 tollere
326 2405 457 2450 naauvu
480 2403 611 2450 marana.
657 2379 707 2446 ll.
731 2384 826 2460 Quod
854 2386 887 2448 in
914 2386 985 2449 aliis
1008 2388 1112 2452 causis
1135 2387 1229 2451 debet
1248 2387 1355 2452 valere
1377 2394 1409 2449 et
1429 2387 1550 2451 valette

186 2487 257 2568 lege
277 2483 421 2567 Aquilia,
444 2481 477 2544 id
501 2502 541 2544 ex
563 2481 746 2543 huiusmodi
769 2480 903 2556 damno,
928 2481 1015 2564 quod
1036 2481 1068 2546 vi
1090 2501 1147 2565 per
1170 2501 1278 2545 servos
1298 2489 1435 2545 armatos
1457 2481 1513 2544 da-

186 2575 365 2726 litii
381 2610 1165 2725 ...........................................................
1170 2610 1513 2743 .·2·.·.;..·..·.a.·...;.;

185 2777 249 2844 quo
279 2763 422 2839 tempore
451 2764 583 2840 possent
611 2775 669 2818 suo
692 2755 760 2818 iure
783 2775 871 2818 arma
892 2776 1022 2840 capere,
1056 2778 1184 2820 manum
1207 2775 1336 2838 cogere,
1366 2755 1513 2819 homines

184 2851 340 2916 occidere.
382 2851 461 2914 Cum
489 2850 643 2914 iudicium
672 2850 716 2913 ita
745 2850 849 2926 daret,
883 2860 919 2915 ut
938 2853 1000 2916 lroc
1022 2853 1125 2916 solum
1148 2853 1181 2915 in
1203 2852 1358 2916 iudicium
1379 2850 1551 2924 veniret„

182 2946 387 3008 videreturne
410 2945 441 3008 vi
463 2943 645 3008 hominibus
669 2945 786 3008 coactis
808 2946 977 3010 armatisve
999 2947 1148 3010 damnum
1170 2947 1245 3010 dolo
1268 2946 1351 3010 malo
1373 2944 1512 3008 familiae

183 3041 306 3114 datum,
339 3059 445 3123 neque
474 3038 554 3101 illud
582 3038 714 3102 adderet
737 3057 874 3114 larvam,
903 3040 1026 3122 putavit
1055 3060 1089 3102 se
1111 3038 1276 3103 audaciam
1297 3037 1514 3124 improborum

183 3135 367 3208 sustulisse,
390 3154 462 3196 cum
485 3153 573 3215 spem
596 3132 791 3196 defensionis
813 3133 933 3196 nnllam
955 3135 1147 3219 reliquisset.

249 3265 273 3314 l.
292 3275 370 3314 cousr
384 3267 389 3321 Ι
403 3275 510 3313 rrrvrvr
526 3261 629 3313 liellero
648 3266 715 3314 testo
732 3265 795 3314 A.-
814 3262 857 3327 eat]
876 3265 953 3313 «Post
970 3262 1022 3314 hoc
1039 3261 1199 3314 vocabulum
1217 3267 1281 3327 puto
1296 3264 1321 3313 in
1339 3263 1514 3314 Ambrosinno

183 3340 312 3404 scriptum
330 3337 411 3388 luisse
427 3351 474 3400 rvr,
492 3338 509 3387 i.
523 3351 548 3388 e.
561 3351 628 3399 aaa,
647 3341 704 3387 tum
721 3339 747 3387 in
764 3337 887 3400 sequenti
902 3350 980 3388 versu
994 3340 1161 3402 repetitum.»
1180 3339 1256 3388 Kena.
1272 3365 1299 3375 -
1318 3339 1343 3388 3.
1356 3351 1515 3398 assessoris

183 3416 212 3466 T.
233 3439 260 3448 -
280 3413 304 3462 3.
323 3409 362 3474 ea]
379 3411 419 3463 Ab
438 3414 489 3463 hac
505 3426 573 3464 voce
591 3413 683 3477 incipit
700 3413 789 3464 lolium
807 3411 1014 3464 Ambrosianum
1031 3412 1154 3464 alterurn.
1169 3440 1194 3452 -
1215 3415 1257 3464 scd
1273 3413 1349 3463 etiam
1364 3414 1399 3464 od
1414 3414 1470 3464 AP.
1485 3439 1510 3452 -

183 3490 218 3540 ad
229 3498 353 3537 maumam
364 3499 386 3538 r.
397 3500 425 3549 p.
436 3488 561 3551 portinere
573 3487 634 3538 hine
646 3489 794 3540 Victorinus
804 3502 831 3554 p.
845 3490 885 3539 5⁴.
899 3503 924 3539 v.
938 3487 979 3540 te.
993 3488 1035 3540 ed.
1050 3503 1076 3540 n.
1091 3514 1120 3526 -
1135 3491 1159 3540 a,
1173 3495 1196 3540 at
1206 3488 1339 3553 capientia]
1350 3501 1516 3542 mammam

184 3563 279 3627 (littera
296 3563 315 3612 a
333 3575 449 3626 superne
467 3564 565 3626 puncto
583 3560 682 3623 delete,
706 3561 793 3613 littera
810 3565 828 3614 S
844 3563 956 3628 adiecta)
974 3568 1010 3626 A,
1032 3570 1107 3628 mque
1122 3566 1285 3628 raptariiol’.
1301 3591 1328 3602 -·
1345 3577 1434 3616 rvorvrr
1444 3566 1472 3616 T.
1485 3593 1512 3605 -

183 3640 209 3690 6.
221 3636 338 3701 sonim]
349 3649 426 3688 orara
437 3639 467 3696 A,
481 3650 563 3686 omues
575 3651 637 3688 cum
648 3635 715 3690 Malo
728 3638 757 3690 0.
772 3662 799 3674 -
813 3639 838 3688 8.
850 3651 957 3692 serasar
967 3644 997 3692 A.
1014 3667 1041 3678 -·
1054 3653 1105 3691 aare
1121 3641 1198 3705 lcpem
1209 3653 1300 3692 errore
1312 3639 1429 3704 quodam
1441 3641 1471 3691 H.
1485 3666 1512 3680 -·

183 3715 209 3765 9.
227 3711 388 3763 mesaneos
403 3712 514 3764 TPBll.
529 3739 557 3750 -
576 3725 639 3762 aava
652 3715 682 3764 A.
699 3737 725 3748 -
746 3713 786 3764 ⁴0.
799 3718 827 3762 ot
838 3716 899 3764 ante
911 3728 936 3764 v.
947 3728 1055 3776 perraro
1068 3727 1121 3766 om.
1135 3715 1163 3776 Τ,
1175 3720 1199 3764 ct
1210 3715 1279 3766 coni.
1291 3715 1377 3766 Beieri
1388 3715 1513 3778 securta.

184 3789 256 3840 ⁴827.
275 3802 301 3854 p.
321 3789 361 3838 67.
382 3812 409 3822 -
429 3789 469 3838 ti.
488 3800 579 3840 occrns
593 3793 599 3846 Ι
611 3799 758 3848 sarracino.
778 3787 894 3840 litterari
911 3802 1027 3853 superne
1046 3793 1145 3854 puncto
1157 3788 1245 3840 deleta
1256 3793 1286 3840 A.
1302 3817 1329 3828 -
1348 3789 1387 3856 oc]
1398 3803 1432 3840 ar
1442 3795 1472 3840 A.
1485 3818 1512 3830 -

184 3864 224 3916 il.
236 3879 287 3914 coc
298 3869 351 3914 mm
362 3865 414 3914 cet.
434 3861 471 3913 Cl.
486 3876 512 3927 p.
524 3865 600 3914 Rosa.
614 3867 672 3916 Am.
686 3864 710 3928 ἓ.
721 3865 761 3914 70,
774 3893 801 3901 -
816 3877 972 3915 raoarrsasr
982 3863 1068 3916 littera
1081 3878 1223 3930 rsuperne
1235 3867 1334 3930 puncto
1346 3863 1432 3916 deleta
1444 3864 1472 3915 Τ.
1486 3892 1512 3902 -

184 3951 289 3989 rrnsrrr
300 3940 330 3988 A.
346 3965 373 3973 —
392 3951 552 3990 evumrsmo
563 3939 591 3991 T.
606 3967 634 3978 -
655 3940 695 3990 ts.
713 3941 750 4002 ut]
767 3953 795 3990 rr
806 3941 833 3990 T.
849 3967 877 3976 —
895 3947 918 3990 ct
930 3953 983 3990 om.
996 3942 1027 3991 A.
1043 3967 1070 3976 -
1090 3940 1130 3991 47,
1144 3953 1242 4000 orons.
1259 3953 1346 3991 ¹ruera
1358 3944 1393 4000 A,
1411 3941 1432 3989 ri
1449 3941 1515 4002 quod

184 4027 202 4064 o
220 4013 320 4077 tamdiu
336 4015 431 4078 llaius,
457 4015 479 4066 rt
499 4016 560 4078 quid
576 4028 592 4064 a
608 4015 708 4078 [amilio
719 4015 893 4067 Heinrichius.
914 4016 992 4067 «Post
1007 4015 1133 4066 iudicium
1146 4014 1296 4080 intelligitur
1307 4016 1337 4065 dc
1347 4029 1384 4066 eo.
1403 4014 1441 4066 Cl.
1455 4015 1512 4066 53.-

183 4091 269 4140 Barsa.
284 4118 310 4127 —
323 4091 365 4140 20.
377 4103 481 4142 rarvara
500 4091 571 4152 osred
585 4091 644 4142 80:
663 4103 772 4152 larvam,
786 4092 852 4153 quod
862 4092 950 4152 PHK,
969 4104 1077 4155 ruinart,
1089 4097 1117 4142 ut
1128 4093 1194 4154 qaod
1206 4092 1227 4142 H
1239 4093 1265 4142 in
1277 4091 1454 4142 adnotatione.
1474 4091 1512 4142 Cl.

184 4163 368 4230 supplementa
385 4178 411 4215 v.
430 4165 471 4216 tt.
487 4191 514 4201 —
529 4164 595 4229 otiis]
611 4178 675 4218 raras
686 4168 716 4216 A.
732 4193 759 4201 -
776 4165 817 4216 tt.
830 4166 882 4230 lcpe
892 4166 1005 4229 Aquilio,
1023 4167 1057 4232 id]
1072 4167 1154 4218 liuius
1165 4164 1289 4218 versiculi
1303 4169 1427 4230 quattuor
1438 4165 1514 4216 dum-

184 4243 254 4291 taxat
274 4239 373 4292 litteras
390 4241 417 4290 in
433 4241 455 4291 A
471 4241 629 4304 investigare
646 4240 731 4305 potuit
747 4242 864 4304 Peyron,
891 4255 930 4293 sc.
947 4253 1046 4300 assas,
1072 4241 1231 4304 inquorum
1252 4244 1386 4311 postrema
1409 4254 1513 4293 errasse

183 4315 304 4376 videtur;
331 4328 364 4366 ne
385 4327 468 4366 unam
491 4315 601 4380 quidem
618 4315 768 4380 expiscatus
786 4319 828 4368 est
843 4317 935 4368 Maius.
958 4345 986 4355 -
1011 4318 1038 4367 oi
1050 4331 1098 4379 per
1114 4330 1196 4368 mos
1212 4323 1325 4368 amatos
1341 4315 1404 4380 cet]
1428 4327 1513 4368 vrcsas

185 4427 275 4440 .....
292 4404 323 4440 aa
337 4395 342 4450 Ι
356 4403 453 4442 rarvso
467 4429 472 4441 .
487 4429 494 4442 .
509 4429 515 4441 .
530 4431 536 4442 .
552 4430 557 4441 .
576 4393 606 4443 A.
632 4419 659 4428 —
686 4392 774 4440 datum
795 4393 862 4457 cerat]
885 4395 915 4444 ln
937 4393 978 4443 his
996 4392 1107 4444 vocibus
1124 4392 1221 4444 desinit
1243 4392 1334 4445 lolium
1350 4392 1512 4444 raurinense

77 4461 83 4472 ⁰
183 4465 303 4518 alterum.
340 4467 394 4517 llae
420 4467 493 4531 ipsae
516 4469 543 4517 et
564 4466 691 4531 deinceps
711 4469 816 4532 septem
838 4466 961 4519 versiculi
983 4471 1118 4518 ternarum
1142 4469 1272 4520 denarum
1292 4469 1347 4520 lere
1364 4466 1512 4520 litterarum

182 4546 290 4607 praeter
312 4553 410 4606 paucas
432 4555 464 4591 ae
488 4541 616 4594 Quales
634 4543 703 4594 inter
719 4554 749 4593 se
767 4541 866 4594 litteras
884 4544 910 4593 in
926 4546 948 4594 A
965 4541 1014 4606 legi
1033 4547 1179 4608 nequeunt.
1207 4545 1294 4595 mum
1310 4549 1370 4594 earet
1385 4544 1401 4577 ¹*
1412 4544 1454 4576 ⁴*
1472 4540 1512 4604 [aa

178 4615 284 4680 privati]
303 4616 351 4675 ipsi
366 4621 502 4668 demerem
520 4621 553 4678 P,
572 4619 660 4668 dmum
676 4622 736 4669 ercet
752 4619 891 4682 [manifesto
908 4621 1083 4681 depreceasum
1100 4634 1224 4682 apparas
1240 4621 1360 4671 indenata
1369 4626 1445 4684 atquc
1456 4621 1511 4670 idco

182 4693 211 4743 dc
227 4704 322 4742 rurvara
338 4706 388 4742 noa
405 4693 512 4754 addidit,
539 4707 583 4756 ac,
609 4695 653 4756 qui
668 4693 785 4745 Achaeoi
801 4693 1018 4758 condecoratam]
1044 4695 1092 4757 ipat
1107 4699 1243 4746 statuerent
1260 4697 1321 4756 1³0,
1348 4697 1435 4746 datam
1451 4699 1511 4744 erret

182 4766 306 4832 [quodque
321 4768 376 4818 iura
387 4781 507 4830 umquam
518 4770 576 4820 duri
588 4783 659 4833 posse
670 4783 702 4820 aa
716 4770 803 4832 putant
815 4770 913 4832 quidem
924 4769 1032 4832 deinoi,
1051 4771 1141 4820 iudicio
1152 4771 1316 4831 antaurctur,
1334 4783 1365 4822 oc
1374 4769 1511 4834 [aduocati
1576 4811 1578 4816 .

181 4841 298 4906 laminas]
316 4842 364 4904 ipsi
380 4847 515 4893 statuam
532 4845 552 4894 ll
569 4845 596 4894 in
607 4843 784 4896 adnotatione.
808 4844 846 4896 Ci.
866 4858 921 4894 var.
939 4843 1000 4896 leet.
1015 4845 1049 4896 ad
1067 4859 1092 4896 v.
1105 4846 1146 4896 20.
1162 4873 1189 4881 -
1207 4846 1248 4896 25.
1266 4847 1338 4896 daret
1353 4852 1381 4896 at
1397 4844 1431 4895 de
1444 4846 1510 4906 Pey-

183 4919 242 4969 roni
259 4917 410 4968 coniectura
428 4919 448 4968 B
459 4917 479 4968 ll
490 4917 511 4968 ll
522 4931 527 4966 :
546 4919 650 4968 duratae
665 4924 692 4968 at
703 4922 724 4970 A
734 4923 752 4970 Ρ
762 4920 790 4970 0.
814 4919 852 4970 Cl.
870 4932 926 4970 var.
943 4918 1004 4971 lect.
1023 4919 1058 4971 ad
1075 4935 1099 4970 v.
1114 4921 1165 4981 ld..
1184 4919 1230 4970 ubi
1245 4920 1330 4972 hebes
1347 4919 1509 4972 contrarium

183 4993 312 5045 mendum
329 4993 355 5044 in
373 4993 401 5043 T.
422 5019 450 5030 —
467 4995 573 5054 ueniret,
591 4996 747 5046 cidnum
762 4996 812 5046 Bo
823 4996 843 5046 ll
853 4995 889 5044 li:
910 5007 1027 5047 rsurrarr
1041 5001 1045 5056 Ι
1059 5009 1207 5049 asservans
1222 4999 1257 5056 A,
1275 4997 1359 5046 venae
1373 4996 1507 5056 emaum,

182 5083 214 5120 nr
230 5069 320 5120 addito
338 5068 421 5118 verbo
437 5074 498 5119 essct
513 5071 574 5134 post
589 5083 613 5120 v.
632 5071 717 5120 mum
735 5073 762 5122 P.
786 5070 824 5121 Cl.
838 5082 863 5119 v.
878 5068 917 5120 ll.
930 5069 971 5134 ἐξ.
985 5069 1026 5123 33.
1038 5069 1079 5126 53.
1098 5070 1266 5144 Wesenberg
1282 5069 1316 5120 ad
1333 5083 1371 5127 or.
1384 5081 1410 5140 p.
1423 5069 1508 5124 Sesto

183 5157 211 5210 p.
223 5145 249 5198 t.
268 5171 296 5182 -
314 5145 355 5196 27.
373 5155 472 5196 msam
487 5145 517 5196 A.
538 5170 565 5182 -
584 5144 625 5196 28.
642 5145 928 5210 castramentati.
