3648 5888
619 427 692 495 cn.
714 423 896 494 vm-rx.
923 421 979 510 §t-
1002 419 1151 490 re-uo.
1480 420 1542 490 me

222 604 278 688 qui
299 602 393 666 uxori
415 618 492 664 suae
511 598 703 664 nuntiarent.
733 595 784 662 22.
807 598 889 662 Sane
911 615 953 661 ne
972 595 1053 660 baec
1073 594 1150 660 mibi
1165 591 1293 679 quidem
1307 613 1359 658 ras
1379 594 1541 678 placebat;

222 716 328 782 neque
349 703 438 760 tanto
461 713 571 778 opere,
601 692 677 778 quid
698 693 732 756 in
752 693 813 758 bac
835 699 919 756 sorte
940 689 1143 754 metuendum
1165 687 1242 752 mihi
1265 695 1365 764 esset,
1386 689 1543 771 intellige·

221 791 304 854 bam.
347 791 452 854 Unum
472 787 553 852 iIlud
575 809 616 852 ex
635 788 816 852 bominibus
838 786 948 862 certis,
970 805 1011 850 ex
1029 784 1144 870 quibus
1159 784 1264 848 omnia
1277 785 1432 867 comperi,
1453 803 1544 866 repe-

222 885 357 950 riebam:
387 881 479 948 fiscos
502 882 680 967 complures
703 903 774 946 oum
798 883 934 966 pecunia
956 879 1112 944 Siciliensi
1134 897 1153 941 a
1176 877 1314 964 quodam
1336 885 1481 944 senatore
1503 875 1543 942 ad

224 980 363 1064 equitem
374 980 551 1042 Romanum
566 998 636 1041 esse
650 978 834 1053 translatos3
850 997 891 1040 err
904 977 954 1039 bis
966 974 1058 1060 quasi
1071 993 1093 1036 x
1104 969 1197 1038 fiscos
1211 974 1251 1038 ad
1263 981 1441 1038 senatorem
1453 973 1543 1037 illum

223 1073 349 1136 relictos
363 1091 434 1136 esse
447 1072 647 1138 comitiomm
661 1091 803 1134 meorum
814 1072 959 1146 nomine;
974 1069 1127 1133 divisores
1141 1070 1281 1133 omnium
1295 1069 1433 1134 tribuum
1448 1078 1544 1134 noctu

225 1166 265 1230 ad
287 1167 382 1230 istum
404 1175 543 1230 vocatos.
585 1162 636 1229 23.
658 1166 707 1228 Ex
729 1165 844 1250 quibus
865 1165 1009 1249 quidam,
1032 1164 1089 1247 qui
1111 1183 1145 1226 se
1166 1164 1274 1227 omnia
1294 1183 1364 1229 mea
1380 1185 1476 1230 causa
1490 1164 1545 1230 de·

224 1261 300 1325 bere
322 1260 547 1336 arbitrabatur,
575 1260 685 1324 eadem
707 1259 762 1322 illa
783 1266 875 1323 nocte
897 1256 937 1321 ad
959 1277 1009 1320 me
1031 1257 1132 1321 venit:
1161 1256 1371 1334 demonstrat,
1401 1279 1465 1352 qua
1485 1262 1544 1323 iste

226 1354 368 1418 oratione
389 1373 467 1418 ursus
489 1361 587 1418 esset:
610 1371 872 1417 commemorasse
894 1353 1006 1425 istum,
1032 1369 1128 1434 quam
1149 1349 1320 1416 liberaliter
1340 1373 1395 1416 eos
1416 1361 1546 1418 tractas·

226 1456 275 1514 set
295 1450 388 1514 etiam
411 1456 521 1523 antea,
543 1453 620 1511 cum¹
636 1449 706 1531 ipse
726 1453 906 1530 praeturam
927 1446 1074 1529 petisset,
1101 1453 1132 1509 et
1152 1447 1306 1528 proximis
1328 1449 1545 1512 consularibus
1554 1460 1583 1508 to

225 1544 455 1629 praetoriisque
477 1542 628 1606 comitiis:
656 1540 772 1605 deinde
794 1542 945 1604 continuo
966 1560 1037 1604 esse
1058 1540 1235 1623 pollicitum
1257 1549 1407 1624 quantam
1428 1543 1546 1607 vellent

225 1640 408 1724 pecuniam,
430 1635 457 1701 si
481 1657 531 1701 me
553 1635 714 1700 aedilitate
736 1636 933 1701 deiecissent.
970 1635 1031 1698 Hic
1053 1635 1134 1698 alios
1156 1653 1289 1717 negasse
1311 1634 1444 1713 audere,
1466 1637 1546 1700 alios

227 1729 445 1817 respondisse,
473 1752 538 1794 non
566 1737 679 1814 putare
708 1730 741 1794 id
763 1727 871 1814 perfici
892 1749 1004 1813 posse;
1032 1730 1195 1793 inventum
1217 1737 1321 1794 tamen
1343 1751 1413 1795 esse
1434 1732 1546 1795 sortem
1693 1793 1698 1813 .

227 1829 364 1892 amicum
393 1847 434 1890 er
461 1826 571 1889 eadem
599 1824 735 1899 familia,
770 1825 808 1902 Q.
831 1824 960 1903 ll-errem
987 1824 1139 1898 Romilia,
1172 1843 1212 1886 ex
1233 1825 1354 1907 optima
1374 1825 1547 1890 divisomm
1587 1841 1606 1910 ,4
1683 1866 1704 1898 o

229 1919 412 2003 disciplina,
438 1921 536 2004 patris
565 1919 657 1983 istius
687 1919 879 2003 discipulum
906 1927 1002 2003 atque
1025 1919 1177 1992 amioum,
1206 1918 1262 2001 qui
1284 1918 1343 1984 HS
1366 1921 1547 2004 quingentis
1557 1926 1604 1979 ⁴ss

230 2014 357 2077 milibus
378 2013 531 2096 depositis
552 2013 584 2076 id
600 2033 635 2077 se
656 2001 870 2096 perfecturum
890 2013 1105 2096 polliceretur,
1128 2019 1159 2074 et
1171 2011 1272 2076 luisse
1286 2019 1353 2076 tum
1366 2013 1548 2090 nonnullos,

159 2103 167 2114 '
230 2110 286 2193 qui
308 2127 342 2171 se
361 2126 427 2172 una
446 2107 584 2172 facturos
607 2127 677 2171 esse
699 2107 849 2172 dicerent.
880 2107 971 2183 Quae
992 2127 1064 2170 cum
1085 2106 1129 2169 ita
1150 2114 1273 2182 essent,
1295 2127 1372 2172 sane
1392 2109 1548 2173 benevolo

230 2203 334 2265 animo
355 2222 422 2278 me,
444 2209 481 2266 ut
500 2221 613 2285 magno
636 2221 732 2285 opere
754 2222 913 2277 caverem,
933 2199 1169 2286 praemonebat.
1198 2201 1254 2265 lx.
1276 2198 1328 2266 24.
1351 2202 1550 2267 Sollicitabar

229 2296 324 2360 rebus
346 2297 491 2360 maximis
513 2316 578 2360 uno
601 2302 697 2380 atque
719 2315 756 2359 eo
779 2298 952 2379 perexiguo
977 2303 1129 2379 tempore.
1173 2295 1332 2379 Urgebant
1352 2297 1496 2372 comitia,
1518 2303 1550 2360 et

229 2390 263 2452 in
291 2389 341 2454 bis
366 2390 444 2474 ipsis
471 2390 677 2473 oppugnabar
705 2390 816 2474 grandi
837 2389 987 2473 pecunia:
1014 2391 1152 2455 instabat
1171 2389 1340 2468 iudicium;
1367 2393 1396 2457 ei
1419 2405 1586 2477 quoquere

228 2486 356 2568 negotio
378 2481 446 2549 fisci
468 2484 649 2548 Sicilienses
670 2485 879 2549 minabantur.
922 2487 1040 2569 Agere,
1075 2505 1157 2570 quae
1178 2486 1219 2550 ad
1240 2486 1392 2551 iudicium
1412 2487 1551 2572 pertine-

229 2579 318 2655 bant,
346 2578 445 2644 libere
474 2580 673 2643 comitiorum
699 2586 785 2643 metu
812 2579 1006 2644 deterrebar:
1035 2580 1181 2662 petitioni
1210 2587 1277 2645 toto
1304 2582 1409 2645 animo
1432 2581 1550 2645 servire

229 2693 293 2736 non
314 2673 438 2739 licebat.
470 2673 585 2739 Minari
608 2675 746 2758 denique
768 2672 959 2738 divisoribus
980 2676 1061 2738 ratio
1082 2695 1147 2738 non
1169 2681 1253 2751 erat,
1275 2683 1442 2759 propterea
1464 2674 1550 2760 quod

231 2787 284 2832 eos
305 2767 483 2852 intelligere
505 2768 650 2833 videbam
671 2789 722 2832 me
742 2768 805 2833 boc
826 2768 945 2833 iudicio
968 2768 1143 2832 districtum
1165 2777 1261 2856 atque
1276 2771 1450 2853 obligatum
1466 2769 1552 2832 futu·

229 2881 309 2926 mm.
350 2859 402 2925 25.
423 2865 528 2948 Atque
549 2862 611 2926 boc
638 2864 708 2947 ipso
735 2870 877 2946 tempore
899 2862 1014 2927 Siculis
1036 2862 1256 2928 denuntiatum
1278 2885 1348 2929 esse
1369 2865 1466 2930 audio
1487 2865 1588 2949 pri-u

229 2977 314 3020 mum
336 2955 375 3021 ab
396 2958 577 3034 Hortensio,
600 2958 728 3022 domum
743 2959 784 3021 ad
803 2957 893 3021 illum
911 2964 948 3022 ut
960 2957 1121 3022 venirent:
1144 2958 1266 3023 Siculos
1281 2959 1315 3022 in
1330 2979 1368 3024 eo
1383 2981 1458 3024 sane
1472 2960 1551 3024 libe·

228 3071 281 3114 ros
302 3048 419 3126 fuisse,
442 3051 498 3136 qui
514 3053 719 3136 quamobrem
741 3057 975 3115 arcesserentur
989 3072 1061 3115 oum
1083 3052 1312 3136 intelligerent,
1334 3075 1399 3119 non
1415 3058 1551 3122 venisse.

229 3146 354 3210 Interea
375 3145 502 3209 comitia
523 3153 645 3222 nostra,
668 3166 803 3230 quorum
824 3145 884 3207 iste
907 3165 957 3218 aa,
979 3152 1014 3208 ut
1036 3153 1212 3210 ceterorum
1232 3148 1294 3212 boc
1311 3169 1394 3214 anno
1409 3151 1552 3215 comitio·
1659 3163 1670 3180 '

229 3259 318 3315 rum,
340 3239 504 3303 dominum
527 3259 595 3303 esse
617 3239 843 3312 arbitrabatur,
864 3238 974 3301 haberi
990 3247 1102 3323 coepta
1116 3249 1199 3305 sunt
1234 3241 1367 3309 Cursare
1381 3246 1441 3310 iste
1455 3245 1552 3309 bomo

230 3339 345 3415 potens
368 3353 440 3395 oum
460 3329 525 3396 filio
546 3333 664 3397 blando
687 3340 719 3396 et
740 3331 876 3416 gratioso
899 3332 1018 3396 circum
1032 3333 1149 3397 tribus:
1170 3341 1320 3419 paternos
1335 3339 1469 3414 amicos,
1490 3338 1589 3432 bocco

232 3432 297 3501 est,
319 3425 472 3490 divisores
495 3427 657 3510 appellare
679 3445 788 3490 omnes
807 3432 839 3489 et
853 3427 1032 3490 convenire.
1064 3427 1158 3503 Quod
1173 3450 1246 3493 cum
1260 3437 1346 3495 esset
1357 3433 1552 3496 intellectum

232 3525 265 3582 et
285 3519 554 3596 animadversum,
577 3511 659 3584 iecit*
674 3522 778 3584 animo
801 3520 1008 3584 libentissimo
1028 3521 1168 3605 populus
1189 3524 1367 3602 Romanus,
1387 3533 1439 3603 ut,
1462 3527 1553 3590 ouius

232 3613 359 3677 divitiae
380 3633 431 3678 me
454 3613 493 3678 de
515 3611 576 3677 fide
600 3613 756 3679 deducere
777 3635 842 3678 non
862 3617 1056 3697 potuissent,
1078 3637 1119 3680 ne
1134 3617 1278 3682 eiusdem
1293 3622 1427 3704 pecunia
1441 3622 1481 3686 do
1494 3621 1553 3686 bo·

231 3727 310 3772 nore
331 3708 491 3773 deiiceret.
526 3705 577 3773 26.
598 3709 808 3794 Posteaquam
829 3707 884 3772 illa
905 3710 1066 3792 petitionis
1088 3731 1201 3796 magna
1216 3733 1292 3778 curu
1305 3715 1456 3780 liberatus
1472 3735 1552 3790 sum,

232 3801 339 3867 animo
372 3803 464 3885 coepi
493 3804 592 3868 multo
625 3803 725 3888 magis
758 3822 859 3869 vacuo
888 3822 926 3867 ac
953 3804 1058 3870 soluto
1080 3805 1160 3870 nibil
1181 3807 1268 3873 uliud
1289 3810 1352 3874 nisi
1374 3810 1414 3875 de
1434 3809 1591 3875 iudicioso

297 4027 321 4080 4.
339 4040 401 4078 moe
416 4039 470 4079 om.
489 4027 535 4078 (42.
555 4052 584 4065 -
601 4027 703 4090 mitto.
716 4041 740 4079 r.
753 4029 785 4079 Gt
798 4028 853 4090 2ςο
874 4029 974 4090 quidm
988 4043 1012 4081 r.
1030 4031 1091 4082 mitt
1107 4030 1195 4084 dtt.0.
1215 4061 1243 4070 -
1261 4035 1286 4086 2.
1304 4049 1382 4100 sequa
1396 4039 1466 4088 tuoto
1482 4047 1556 4100 opera

233 4103 293 4168 putd
309 4103 341 4154 Gt
353 4103 439 4170 Lng.
453 4113 566 4154 omuest
584 4115 663 4164 aanor
679 4107 762 4154 400400
779 4103 838 4166 quid
854 4107 924 4154 toute
940 4117 980 4169 op.
1000 4105 1048 4158 dtt.
1061 4107 1091 4158 0.
1112 4135 1139 4145 -
1158 4109 1183 4160 0.
1200 4109 1298 4162 00440400
1312 4113 1391 4164 drus.
1403 4113 1437 4165 44.
1456 4125 1483 4178 p.
1495 4112 1553 4164 244.

232 4179 306 4230 Serv.
324 4178 360 4229 ad
375 4179 441 4230 400.
460 4177 481 4229 4.
497 4176 540 4230 24.
560 4177 587 4229 04
603 4176 682 4230 codd.
700 4181 807 4243 praeter
823 4179 952 4244 Iannoct,
970 4181 1016 4246 qui
1031 4182 1135 4246 retatus,
1163 4187 1190 4236 04
1206 4185 1274 4251 Ura,
1292 4187 1338 4250 qni
1355 4189 1448 4240 (4040400
1462 4187 1554 4240 hebet.

235 4282 263 4292 -·
279 4265 393 4306 mecum
408 4263 462 4304 om.
481 4251 530 4304 444.
550 4281 578 4291 -
596 4251 620 4304 ’4.
640 4251 725 4306 debera
740 4255 762 4305 4
779 4255 851 4306 Parr.
869 4254 943 4307 Lall.:
959 4257 1043 4320 focem
1058 4257 1143 4310 dcbm
1160 4261 1216 4323 044,
1234 4263 1264 4312 ut
1275 4261 1389 4326 videtur,
1408 4277 1510 4316 omnes.
1525 4290 1554 4302 -

233 4327 273 4380 40.
291 4329 344 4379 iarn
360 4333 435 4382 00400
450 4329 487 4378 st.
497 4329 527 4379 L.
542 4355 570 4366 -
588 4327 629 4379 44.
647 4329 764 4380 contiuuo
780 4343 833 4382 om.
853 4330 901 4383 dtt.
922 4359 949 4368 —
968 4332 1008 4382 42.
1027 4333 1245 4388 rt--detactsreot
1260 4337 1327 4388 Non.
1346 4351 1373 4402 p.
1386 4339 1444 4392 280.
1464 4368 1492 4377 -
1510 4339 1556 4390 4440

233 4405 265 4454 Gt
277 4403 335 4465 2οε
355 4403 400 4454 400
416 4403 465 4454 444.
476 4428 504 4440 ·-
523 4402 564 4456 43.
582 4404 673 4469 tom]
685 4409 782 4456 4004000
793 4406 824 4457 Gt
838 4421 844 4468 ;
862 4407 962 4458 modam
977 4409 1045 4459 coni.
1059 4409 1162 4474 Zumpt.
1178 4437 1205 4446 -
1224 4409 1264 4463 ti.
1276 4412 1384 4464 Rornttia
1394 4414 1416 4464 4
1428 4416 1454 4465 04
1465 4413 1554 4466 codd:

232 4478 259 4528 in
283 4478 314 4528 04
339 4478 467 4530 Romuleo.
493 4478 526 4528 44
547 4477 580 4530 04.
598 4479 683 4530 Varro
700 4481 728 4531 L.
747 4481 797 4532 LV.
816 4481 841 4532 9.
859 4483 928 4534 leat.
947 4495 968 4534 a.
987 4496 1013 4534 v.
1033 4496 1061 4548 p.
1080 4483 1137 4535 4344.
1155 4483 1212 4536 224.
1231 4485 1306 4539 Lind.
1325 4485 1403 4539 orell.
1421 4491 1503 4541 lnacr.
1523 4489 1555 4539 11.

232 4565 258 4617 p.
278 4553 319 4604 46.
341 4551 487 4604 Lauredun.
512 4553 547 4604 04
563 4557 628 4608 orat.
639 4557 676 4607 'in
692 4554 758 4608 44044.
777 4557 806 4607 44.
826 4569 851 4608 0.
869 4557 910 4608 29.
931 4584 957 4596 -
978 4557 1019 4609 40.
1038 4563 1091 4608 tom
1107 4559 1177 4610 conl.
1194 4560 1316 4613 Benecke
1332 4564 1423 4626 Progr.
1441 4565 1554 4615 Posnan.

233 4627 307 4679 4833.
324 4639 351 4692 p.
364 4628 412 4678 to:
431 4623 469 4678 aa·
484 4629 536 4690 o⁴;
562 4629 591 4680 ui
606 4632 660 4692 02;
686 4635 769 4682 aarum
785 4633 831 4684 ctt.
850 4632 880 4684 0.
899 4659 928 4670 -
948 4633 987 4684 44.
1006 4631 1116 4685 00040040
1133 4635 1165 4685 Gt
1179 4631 1204 4686 λ.
1225 4663 1252 4672 -
1278 4637 1319 4688 20.
1339 4639 1368 4688 to
1384 4651 1437 4690 om.
1457 4639 1504 4690 dtt.
1526 4663 1554 4674 -

232 4702 278 4767 hta]
294 4703 326 4752 440
342 4703 411 4755 conl.
429 4701 514 4754 Halm.
534 4728 563 4741 -
581 4705 622 4757 24,
641 4707 707 4770 orrod
724 4707 758 4757 od
773 4708 804 4759 4.
819 4734 847 4744 -
861 4707 1002 4772 pertinebat
1017 4709 1047 4759 4.
1061 4734 1090 4747 -
1109 4708 1151 4760 23.
1168 4723 1219 4761 ooo
1235 4710 1323 4763 4400404
1334 4711 1437 4775 tissi:
1452 4719 1557 4778 propter

232 4777 352 4829 4044040404
367 4791 418 4829 ooo
433 4778 522 4830 licebat
537 4779 585 4831 dtt.
595 4782 624 4833 0.
639 4808 668 4819 -
685 4781 726 4836 24.
744 4783 886 4834 dalmtun
902 4785 934 4834 Gt
946 4783 1040 4848 augre
1049 4783 1079 4836 4.
1097 4785 1131 4835 44
1141 4783 1273 4850 vulgatam
1289 4787 1378 4839 tuetur
1391 4787 1555 4841 consuetudo

233 4851 357 4904 Tulliana.
376 4854 410 4905 04.
429 4853 463 4905 (40
480 4855 551 4906 Orat.
569 4857 611 4907 111.
631 4857 655 4922 5.
669 4857 693 4909 4.
712 4856 769 4909 404.
783 4857 822 4912 ,04
840 4859 870 4920 Q.
888 4859 931 4910 Fr.
948 4859 979 4911 11.
999 4857 1039 4920 40,
1053 4859 1077 4911 4.
1095 4857 1198 4913 Ellendt
1209 4861 1243 4913 ad
1254 4861 1289 4914 de
1300 4863 1370 4915 Orat.
1382 4865 1411 4916 4.
1424 4865 1444 4915 4.
1456 4878 1483 4930 p.
1496 4863 1554 4916 234.

233 4926 347 4979 Beneok.
365 4927 399 4979 ad
415 4941 442 4993 p.
460 4925 512 4994 leg.
531 4930 600 4982 lton.
618 4931 642 4996 5.
661 4933 685 4984 9.
704 4931 738 4983 04
759 4932 812 4998 Lig.
832 4933 856 4998 5.
875 4933 900 4984 0.
920 4960 948 4970 -
971 4933 1012 4985 20.
1030 4933 1068 4983 utt
1084 4935 1129 4985 02.
1149 4960 1179 4973 -
1196 4936 1224 4986 to
1239 4949 1267 4988 eo
1282 4950 1343 4990 soor
1359 4939 1391 4990 Gt
1404 4938 1553 5002 aegrest:

234 5014 294 5053 aona
309 5004 336 5054 to
352 5015 380 5055 eo
397 5003 445 5056 dtt.
458 5004 488 5056 0.
502 5030 531 5043 -
549 5005 590 5056 24.
608 5007 729 5059 caumont
744 5006 778 5059 de
796 5007 864 5059 coni.
875 5008 981 5059 Asconii
998 5007 1027 5058 L.
1044 5009 1078 5059 44
1094 5008 1127 5061 04.
1139 5010 1226 5062 Madv.
1239 5012 1286 5078 Ep.
1299 5025 1327 5078 p.
1339 5011 1395 5064 404.
1411 5037 1439 5048 -
1457 5011 1497 5065 34.
1516 5013 1557 5063 do·

234 5078 319 5128 4400004
334 5078 385 5142 04,
402 5076 480 5144 prob.
498 5080 623 5132 Fritzsoh.
640 5079 658 5133 4.
676 5079 710 5133 4.;
729 5082 847 5134 40440000·
863 5082 1042 5149 02ς432942
1058 5081 1108 5147 al.;
1126 5085 1230 5140 4044οΜ
1242 5086 1298 5149 Ld;
1311 5088 1556 5152 paruum-oao-

234 5157 317 5207 eorrot
331 5151 423 5207 40000.
440 5152 474 5210 04.
491 5154 525 5221 0,
539 5157 652 5222 prorutis
667 5157 785 5214 00000000
801 5155 863 5212 044.
880 5159 944 5212 vett.
