3610 5860
507 446 561 513 ln
583 446 726 512 LIBROS
748 445 1204 512 nl-v.llcctisAT10N1s.
1438 437 1494 504 ici

192 595 337 648 verborum
354 593 562 659 distinctionem,
581 597 655 648 cuius
672 597 833 648 concinnitas
849 598 943 660 sponte
960 597 1085 661 apparet:
1104 595 1164 659 pald
1178 598 1235 646 eret
1249 593 1315 658 meod
1330 591 1440 645 aarum
1451 593 1502 642 llo-

191 695 248 732 mae
269 686 476 744 casertan,
502 681 524 730 ri
544 679 659 734 6444644447
683 681 743 744 quid
762 685 818 732 erat
840 682 905 745 qaeod
926 681 1152 746 conmutata,
1177 679 1241 729 aitd
1255 678 1299 729 tibi
1314 691 1361 730 auo
1375 677 1502 728 6646444646

190 763 375 816 condiderat?-
393 764 462 815 Bais.

257 862 316 914 pag.
335 848 392 900 343.
409 863 435 900 v.
453 848 493 900 38.
511 848 575 899 titud
589 863 649 900 uero
665 849 792 912 melmun.
816 849 878 900 eam
893 849 1038 900 Heluetium
1053 851 1156 900 4464444464
1170 850 1240 900 itale
1257 862 1284 914 p.
1302 847 1359 900 348.
1430 853 1432 856 “

255 946 315 998 pag.
334 933 390 985 346.
408 945 433 983 v.
452 934 476 984 'l.
494 935 609 985 amatae:
626 947 657 984 ea
669 947 717 996 per
732 935 865 984 trierairea
882 933 952 984 idem
970 947 996 998 p.
1014 934 1072 985 348.

255 1030 316 1083 pag.
334 1017 392 1068 3440.
408 1030 435 1068 a.
453 1017 494 1068 43.
514 1017 667 1068 «Excidisse
685 1019 747 1082 puto
763 1017 940 1068 caudelabrum
957 1019 1017 1068 ente
1034 1019 1120 1068 444446.»
1138 1018 1207 1069 Bake
1224 1030 1251 1082 p.
1270 1016 1326 1068 336.

255 1115 315 1167 pag.
333 1101 390 1152 353.
408 1114 434 1151 v.
452 1099 493 1152 34.
512 1101 556 1152 obs
566 1106 590 1152 to
600 1102 716 1166 officiam,
730 1107 772 1152 tao
783 1101 890 1152 uocem
899 1102 1137 1165 ymericcaomtai,
1148 1091 1249 1164 requiro
1261 1104 1311 1151 cet.
1324 1099 1395 1150 idem
1405 1111 1434 1164 p.
1444 1099 1501 1150 334.

255 1199 315 1251 pag.
334 1185 391 1238 367.
409 1199 435 1237 v.
453 1185 478 1236 8.
504 1184 665 1237 «abiiciatur
687 1185 818 1236 emblema
842 1187 872 1236 de
886 1186 1012 1236 Mercurio
1034 1185 1217 1247 termitem,
1244 1184 1314 1249 quod
1332 1198 1365 1234 ne
1382 1183 1502 1235 Latinum

191 1270 300 1335 quidem
317 1273 369 1332 est,
389 1283 451 1321 cum
468 1268 645 1335 postularetur
660 1270 753 1322 crimea
769 1270 889 1320 Mercurii
909 1271 1070 1332 Tpaoariiaei
1087 1270 1144 1335 plo.
1164 1270 1236 1321 idem
1252 1283 1280 1335 p.
1298 1269 1355 1320 333.

256 1367 315 1420 pag.
333 1354 390 1406 360.
408 1369 433 1405 v.
453 1354 493 1406 33.
514 1355 620 1418 posteris
638 1354 720 1417 eoois,
743 1368 824 1418 quam
841 1355 1056 1406 emendationem
1073 1356 1125 1407 iam
1148 1367 1197 1419 ego
1214 1355 1240 1406 in
1258 1354 1301 1406 cd.
1321 1354 1390 1418 lips.
1407 1365 1503 1418 propo-

191 1451 310 1502 sueram,
329 1441 409 1490 etiam
425 1439 521 1490 Belius
537 1453 564 1504 p.
582 1440 639 1490 333.
659 1439 777 1504 requirit.

255 1537 315 1590 pag.
333 1524 390 1575 364.
408 1537 434 1574 v.
453 1524 494 1574 43.
510 1529 636 1587 paranetas
651 1525 741 1575 scilicet
756 1525 887 1575 atrocitate
902 1524 994 1589 capotii
1010 1523 1081 1574 idem
1097 1537 1124 1588 p.
1143 1523 1200 1575 333.

255 1621 315 1674 pag.
334 1608 390 1660 363.
409 1621 435 1659 v.
454 1608 478 1658 7.
497 1608 641 1658 644444444ἰὸ444
657 1609 722 1658 caim
738 1609 856 1672 arguitur
872 1608 944 1658 idem
960 1622 987 1675 p.
1005 1608 1062 1659 333,

256 1706 315 1758 pag.
335 1693 391 1744 367.
410 1706 435 1743 v.
454 1693 478 1742 3.
497 1697 623 1743 matam
639 1697 698 1743 earet
714 1691 786 1744 idem
803 1705 829 1757 p.
842 1691 899 1744 334.
922 1692 961 1744 Ct.
981 1692 1142 1743 antitheton:
1162 1693 1205 1755 pat
1218 1730 1224 1742 .
1236 1729 1242 1742 .
1255 1729 1261 1742 .
1273 1691 1372 1742 eleuata
1386 1691 1478 1755 suiawt.

256 1790 315 1842 pag.
334 1777 391 1829 374.
409 1789 435 1828 v.
453 1779 495 1828 36.
512 1777 667 1839 syracusam
683 1778 743 1842 post
759 1777 854 1828 incolae
871 1776 948 1827 Balio
965 1790 992 1843 p.
1010 1778 1068 1829 336.
1087 1775 1252 1843 interpolatio
1269 1776 1382 1827 videtur.

255 1873 315 1925 pag.
334 1860 391 1912 377.
408 1875 435 1912 v.
452 1861 493 1913 33.
511 1862 637 1926 eecoptmt
651 1875 711 1912 scae
727 1865 798 1912 664446
814 1863 880 1924 quod
896 1863 1011 1912 66664464
1026 1860 1099 1914 466444
1115 1874 1142 1926 p.
1161 1861 1218 1912 338.

559 2019 609 2078 Al)
628 2019 768 2078 LIBRUM
788 2021 825 2077 V.
846 2018 1131 2079 acuusnniorils

256 2163 316 2216 pag.
334 2149 435 2202 idm.
455 2151 495 2202 43.
523 2152 728 2204 altevocandum
751 2153 809 2202 erat
829 2151 960 2216 iamttigee,
987 2163 1150 2215 quamquam
1170 2164 1202 2202 ex
1225 2149 1401 2204 deterioribus
1419 2149 1503 2204 libris.

191 2234 272 2286 Stulte
299 2248 363 2287 eane
382 2235 480 2286 Verres
501 2248 534 2286 ec
556 2235 723 2300 confugeret,
749 2235 771 2286 si
793 2236 846 2287 iem
869 2233 1024 2299 intelligeret
1041 2239 1073 2286 e'x
1090 2249 1123 2286 eo
1141 2234 1238 2287 nullam
1255 2236 1305 2288 sibi
1323 2235 1505 2288 detonsionem

191 2321 289 2382 ortam,
308 2319 356 2371 sed
373 2317 551 2371 intellecturus
569 2321 652 2371 erat.»
669 2321 738 2370 Bake
756 2332 783 2384 p.
801 2320 859 2370 336.
885 2319 989 2370 inducit
1004 2319 1077 2370 idem
1094 2333 1119 2370 v.
1138 2319 1178 2372 44.
1196 2319 1286 2371 liutici.

255 2416 316 2469 pag.
334 2403 392 2455 397.
409 2417 436 2454 v.
453 2405 495 2456 35.
513 2408 537 2454 et
552 2406 612 2469 post
628 2404 724 2455 44446464
740 2403 842 2454 inducit
857 2403 929 2456 idem
947 2417 976 2469 p.
993 2404 1050 2456 333.

255 2501 317 2553 pag.
335 2487 393 2540 ici.
411 2501 437 2538 v.
455 2487 496 2538 33.
515 2489 545 2538 ln
562 2487 625 2540 edit.
642 2489 713 2553 Lipe.
726 2487 831 2539 distinxi
847 2488 991 2551 nuptam
1006 2487 1133 2553 fortasse?
1148 2491 1178 2540 ut
1192 2489 1260 2540 haec
1276 2490 1448 2554 interrogatio
1465 2503 1506 2542 re·

192 2573 323 2637 spondeat
338 2573 460 2636 sequenti
475 2573 627 2623 Perennem
643 2569 742 2638 igitar?

255 2669 316 2721 pag.
334 2655 391 2708 443.
408 2671 435 2708 v.
454 2657 494 2708 46.
513 2659 619 2708 aduocat
634 2658 728 2708 amicos
743 2658 845 2709 statim:
862 2657 961 2720 quaec
977 2670 1010 2708 ae
1025 2658 1062 2708 its
1073 2655 1135 2722 cet]
1155 2658 1241 2708 «llaec
1252 2659 1291 2710 sic
1303 2659 1503 2722 coniunguntur,

91 2783 92 2787 ,
192 2740 328 2804 umquam
350 2741 372 2792 si
394 2754 427 2792 ex
447 2741 539 2792 amicis
556 2741 743 2805 quaesivisset;
768 2741 849 2792 credo
872 2755 953 2792 unam
969 2740 1099 2805 syllabam
1115 2754 1165 2807 per
1180 2741 1378 2795 similitudinem
1395 2757 1506 2809 praece-

191 2824 278 2874 dentis
294 2823 447 2890 absorptam
464 2823 677 2890 legendumque:
695 2831 749 2876 tam
764 2826 863 2890 pacati
879 2839 912 2876 es
927 2827 985 2876 ite.»
1002 2827 1072 2878 Bake
1088 2840 1115 2892 p.
1134 2827 1191 2879 336.

256 2921 316 2973 pag.
334 2907 391 2961 434.
409 2924 435 2961 v.
456 2910 496 2960 47.
513 2911 690 2961 uindicandum
704 2911 800 2960 Bakius
817 2923 843 2975 p.
862 2909 919 2961 344.
942 2913 1018 2962 «Non
1035 2911 1182 2975 quaerebat
1199 2925 1269 2963 nunc
1285 2911 1350 2976 quid
1365 2911 1505 2978 aliquando

148 2983 155 2992 '
192 2990 289 3043 iactum
306 2993 390 3054 esset,
408 2993 457 3044 sed
474 2993 538 3058 quid
554 2994 611 3044 fleri
628 2998 763 3058 oporteret
779 3007 811 3045 ao
828 3007 909 3059 saepe
927 3007 1038 3046 necesse
1055 2998 1152 3048 esset.»

254 3090 315 3142 pag.
327 3077 385 3129 436.
402 3091 429 3128 u.
443 3078 483 3129 i8.
501 3079 651 3129 emitteres:
665 3079 794 3143 ignoraret
804 3080 871 3142 (sine
882 3079 913 3144 st)
925 3093 987 3130 cum
998 3081 1113 3132 Manutic
1125 3081 1295 3133 commendat
1305 3083 1399 3138 licinius
1410 3095 1437 3148 p.
1447 3081 1504 3134 343.

256 3175 317 3227 pag.
335 3161 392 3214 437.
411 3174 437 3213 v.
456 3165 480 3213 t.
499 3161 587 3214 Verba
604 3163 681 3213 6446444
697 3165 835 3215 tiemonem
852 3161 965 3214 delenda
982 3177 1041 3215 esse
1060 3166 1245 3219 etiemBakius
1260 3180 1288 3233 p.
1301 3165 1358 3220 343.
1371 3166 1505 3220 intellexit.

192 3246 231 3299 Ct.
249 3248 338 3299 adnot.
356 3259 446 3298 meam
462 3247 489 3298 in
506 3246 569 3298 edit.
588 3247 657 3316 lips.

223 3397 225 3402 Ι
256 3345 315 3397 pag.
333 3330 390 3383 433.
413 3345 440 3383 v.
457 3332 498 3382 43.
515 3344 601 3394 caepe
616 3330 797 3384 inducendum
819 3345 878 3384 esse
902 3334 979 3397 putat
994 3333 1128 3398 ltayserus
1144 3335 1171 3386 in
1187 3335 1294 3387 41644444.
1312 3336 1413 3387 lutrio.
1432 3337 1505 3388 4863.

192 3428 219 3480 p.
238 3414 294 3467 333.
323 3415 408 3480 tidem
427 3416 550 3480 proponit
566 3416 597 3466 li.
624 3415 648 3480 5.
666 3417 707 3468 33.
726 3431 753 3482 p.
773 3417 834 3478 483,
853 3418 893 3468 33.
920 3423 979 3468 tanc
998 3430 1048 3483 pro
1069 3419 1146 3478 tuac:
1173 3419 1250 3471 obelo
1268 3421 1341 3472 notat
1356 3422 1387 3472 ll.
1406 3421 1430 3485 5.
1449 3421 1505 3472 434.

193 3513 220 3564 p.
236 3499 295 3562 346,
313 3499 337 3550 7.
355 3499 439 3551 verba
455 3500 521 3563 cuod
537 3513 620 3552 omnes
634 3501 712 3552 6464444
728 3528 743 3539 -
754 3527 769 3540 -
785 3502 927 3566 consonam
945 3502 1010 3553 item
1026 3503 1069 3554 lv.
1088 3503 1112 3567 5.
1130 3504 1187 3555 437.
1206 3517 1233 3570 p.
1252 3503 1309 3568 374,
1321 3505 1346 3556 3.
1364 3517 1408 3556 vv.
1426 3506 1448 3556 ta
1464 3507 1508 3569 qui

193 3589 246 3636 tuan
261 3585 437 3649 446944446444444
453 3585 481 3635 8.
498 3584 614 3645 actm
632 3586 673 3636 lV.
693 3585 718 3650 5.
737 3585 794 3637 443.
812 3600 839 3651 p.
852 3586 913 3649 376,
931 3587 956 3637 8.
975 3588 1059 3639 totum
1076 3587 1140 3639 illud
1155 3587 1183 3638 444
1199 3603 1250 3652 paen
1265 3591 1508 3640 eurtancommo-

191 3673 259 3720 oeret
274 3668 345 3720 idem
363 3681 412 3734 pro
429 3667 589 3720 emblemate
605 3668 702 3731 haben
726 3670 840 3736 denique
857 3672 888 3723 V.
907 3671 932 3737 5.
949 3672 1001 3734 si..
1020 3685 1101 3737 quem
1117 3671 1206 3724 locum
1221 3675 1275 3726 46444
1292 3675 1387 3727 Bakins
1403 3687 1429 3740 p.
1448 3674 1505 3727 334.

193 3755 405 3818 impugnaverat,
423 3753 529 3805 scribit:
547 3755 661 3806 4446446444
676 3761 760 3806 coam
775 3755 878 3820 4644464,
895 3757 922 3808 ta
939 3757 1027 3820 quine
1042 3762 1099 3809 mut
1111 3759 1185 3823 Nice,
1204 3758 1298 3810 mediis
1310 3757 1416 3823 deletis,
1434 3761 1464 3811 ut
1474 3772 1507 3810 ex

193 3839 235 3889 llI.
254 3837 277 3903 5.
296 3839 336 3889 77.
354 3838 407 3890 huc
424 3835 519 3903 illatis.)

258 3923 297 3973 lie
312 3921 403 3976 uerbis
418 3923 573 3988 respublica
588 3937 692 3989 meoque
705 3927 766 3991 tides
781 3939 808 3991 p.
827 3924 885 3978 443.
902 3939 929 3978 v.
947 3927 988 3979 33.
1007 3926 1067 3978 vide
1083 3926 1192 4008 Bellium
1213 3941 1240 3994 p.
1258 3927 1307 3980 343
1324 3942 1365 3993 sq.

454 4084 467 4113 Χ
