3638 5868
254 401 318 475 ³30
642 409 686 474 tu
707 409 875 478 VERRE!
894 409 1017 476 lusto
1042 409 1225 478 SECUNDA

256 575 424 653 Halesina,
446 577 676 662 Tyndaritana,
705 579 887 656 Hennensi,
907 581 1097 664 Agyrinensi
1120 581 1298 666 ceterisque
1321 581 1449 648 Siciliae
1469 583 1583 650 etrite·

256 671 340 736 tibus
368 671 589 738 circumveniri
611 678 708 757 atque
730 673 866 758 opprimi
889 675 991 740 4444444
1021 680 1129 740 tuate
1152 675 1250 740 altera
1272 677 1390 761 patria,
1421 697 1516 760 quern
1537 675 1581 742 etl

135 753 157 840 ί
257 765 388 830 modum
408 765 515 830 dicere
536 765 682 840 solebas,
709 768 856 856 Messana
883 769 1109 846 circumvenit,
1142 778 1210 845 tua,
1242 771 1390 855 inquam,
1418 773 1580 846 Messana,

257 865 384 924 tuorum
406 861 546 946 edimur
568 861 739 937 scelerum,
768 862 937 926 libidinum
958 862 1062 939 testis,
1083 864 1272 946 praedarum
1294 884 1331 929 ae
1351 865 1508 930 furtorum
1529 885 1580 930 re·

134 963 169 1082 Cf!
233 952 399 1110 receptriup¹
419 955 518 1018 Adest
539 955 623 1062 enim
645 943 922 1112 virpmplissimuds
944 958 1015 1065 eius
1035 958 1187 1034 civitatis,
1206 957 1580 1118 legatusuplrpiusliuttliioii

257 1063 352 1110 ceusu
401 1067 474 1112 omo
504 1067 636 1123 missus,
664 1068 813 1133 pruneeps
853 1069 894 1114 uu
916 1059 1032 1117 atronis
1054 1059 1144 1126 tuee,
1174 1053 1230 1136 qui
1251 1061 1326 1136 top
1385 1053 1431 1118 'ee
1465 1073 1506 1117 au
1529 1059 1579 1129 at;

256 1138 301 1204 ita
328 1141 413 1206 enim
441 1143 625 1210 mandatum
654 1151 751 1227 etque
779 1144 969 1226 imperatum
999 1153 1062 1210 est:
1096 1146 1221 1210 tametsi
1249 1154 1378 1230 rogatum
1400 1150 1440 1212 de
1461 1148 1580 1233 cybaea

255 1235 371 1301 tenetis
391 1237 544 1301 memoria
570 1237 649 1322 quid
676 1239 895 1322 responderit:
921 1236 1119 1304 aedificatam
1141 1239 1278 1323 publicis
1301 1241 1424 1324 operis,
1451 1241 1579 1325 publius

256 1331 390 1407 coeatis,
422 1333 517 1416 eique
545 1328 761 1400 aedificandae
789 1331 917 1417 publice
944 1334 1166 1399 Mamertinum
1194 1342 1372 1400 senatorem
1393 1337 1579 1422 praefuisse.

217 1423 343 1491 toldem
364 1425 405 1490 ad
426 1447 485 1492 vos
507 1427 670 1510 privatim,
692 1427 830 1502 iudices,
853 1427 1013 1512 eonsugit:
1035 1430 1135 1494 utitur
1153 1429 1213 1492 lme
1234 1429 1322 1512 lege,
1344 1449 1408 1514 qua
1425 1429 1579 1496 iudicium

256 1527 320 1594 444,
348 1521 509 1588 communi
537 1541 609 1606 aree
637 1521 808 1586 sociorum.
851 1522 988 1586 Tametsi
1010 1521 1064 1588 lex
1085 1530 1134 1587 est
1155 1523 1195 1587 de
1216 1523 1362 1607 peeuniis
1383 1525 1579 1608 repetundis,

254 1615 309 1680 ille
338 1637 373 1681 se
400 1623 494 1701 negat
515 1616 684 1699 pecuniam
705 1621 866 1698 repetere,
900 1635 995 1699 quam
1017 1624 1158 1700 ereptam
1179 1637 1245 1682 non
1267 1623 1355 1682 tento
1378 1636 1474 1702 opere
1496 1617 1580 1682 desi·

255 1710 363 1775 derat:
386 1731 474 1776 saera
495 1731 530 1776 se
552 1712 707 1776 maiorm
729 1731 859 1775 suorum
880 1719 1024 1794 repetere
1045 1712 1102 1774 abs
1123 1718 1155 1776 te
1178 1711 1274 1776 dicit:
1297 1712 1375 1776 deos
1397 1718 1527 1796 penates
1546 1719 1579 1778 to

255 1806 375 1888 patrios
402 1807 552 1892 reposuit.
595 1798 772 1892 tutucht
793 1804 898 1888 pudor
919 1808 989 1870 esti
1019 1825 1141 1896 ecquae
1162 1805 1290 1890 religio,
1320 1794 1456 1898 Verres}
1487 1804 1579 1894 sequi

218 1879 385 2012 ternotus)
415 1901 572 1966 Habitasti
603 1903 691 1984 apud
718 1901 834 1964 Heium
861 1902 1044 1964 Messanae:
1077 1920 1128 1964 res
1157 1899 1248 1964 illum
1271 1899 1395 1964 diuinas
1416 1897 1501 1982 apud
1522 1918 1580 1962 eor

256 1992 333 2057 deos
356 2015 389 2058 1n
411 2015 471 2062 suo
492 1997 629 2062 sacrario
652 2016 752 2080 prope
777 1995 966 2079 quotidiano
988 1995 1090 2060 lasere
1113 1993 1238 2058 vidisti:
1272 2014 1338 2058 non
1359 2001 1505 2058 movetur
1524 2013 1580 2078 ps-

254 2087 365 2151 euniu:
392 2087 534 2176 denique
555 2110 638 2174 quae
661 2089 837 2154 ornamenti
860 2109 956 2154 causa
976 2087 1123 2161 fuerunt,
1145 2107 1211 2150 non
1232 2088 1387 2172 requirite
1418 2087 1475 2154 tibi
1498 2087 1581 2154 bebe

255 2181 475 2265 Canephoros:
496 2185 628 2250 deorum
649 2185 818 2250 simulacra
839 2184 982 2248 restitue.
1015 2184 1105 2260 Quae
1127 2183 1203 2267 quie
1225 2181 1321 2257 dixit,
1342 2183 1417 2268 quia
1438 2193 1581 2268 tempore

255 2267 501 2359 dato(modeste
529 2281 615 2365 apud
642 2299 700 2346 vos
727 2280 835 2344 socius
863 2280 1049 2364 amicusque
1078 2277 1190 2360 populi
1212 2277 1346 2340 Romani
1368 2257 1588 2368 questus-est)

82 2331 171 2432 *ff*
216 2371 332 2456 requie
358 2373 505 2456 religioni
535 2393 611 2438 suae
639 2395 705 2440 uon
727 2376 822 2440 modo
847 2375 881 2439 in
911 2374 959 2437 dis
988 2374 1100 2458 patriis
1122 2371 1319 2455 repetendis,
1352 2372 1524 2438 sedetiam
1546 2373 1580 2438 in

254 2465 325 2550 ipso
349 2468 530 2534 testimonio
553 2488 590 2534 44
611 2469 680 2532 iure
702 2470 837 2534 iurando
859 2469 1024 2553 proximus
1044 2468 1119 2530 fuit:
1139 2467 1303 2530 hominem
1317 2468 1449 2532 missum
1464 2468 1504 2532 ab
1518 2469 1580 2533 isto

255 2560 368 2627 4444444
389 2580 459 2624 4444
480 2564 660 2628 Messanam
681 2564 722 2627 de
744 2565 855 2647 legetis
878 2583 993 2637 unum,
1027 2561 1117 2626 illum
1148 2563 1266 2644 ipsum,
1300 2562 1356 2645 qui
1384 2563 1459 2626 nevi
1487 2563 1580 2628 istius

254 2650 468 2720 eeditloandae
489 2656 617 2738 publiee
637 2658 790 2742 praefuit,
812 2657 869 2742 qui
890 2677 910 2720 a
932 2665 1044 2720 senatu
1065 2663 1203 2740 peteret,
1225 2663 1268 2720 ut.
1281 2656 1381 2722 Heius
1403 2653 1581 2725 afficeretur

254 2746 440 2829 ignominia.
483 2751 538 2814 tx.
561 2745 611 2816 49.
634 2751 739 2816 Homo
761 2751 992 2824 amentissime,
1015 2750 1094 2835 quid
1108 2752 1251 2834 putasti?
1273 2751 1514 2834 impetraturum
1528 2755 1580 2816 tet

218 2841 367 2926 rtquunti
388 2843 417 2906 is
438 2862 457 2907 a
478 2845 600 2912 civibus
623 2847 690 2910 suis
711 2843 815 2920 fieret,
838 2845 950 2930 quanti
965 2846 1136 2909 auotoritas
1158 2847 1226 2910 eius
1247 2845 1433 2920 haberetur,
1455 2845 1582 2929 ignora-

255 2935 334 3000 4444
362 2937 481 3004 Verum
501 2937 551 3002 fec
573 2947 606 3004 te
626 2939 861 3025 impetravisse:
887 2941 937 3004 lae
959 2939 1080 3024 aliquid
1104 2940 1230 3022 gravius
1252 2940 1287 3002 in
1300 2939 1416 3004 Heium
1431 2940 1580 3006 statuisse

254 3030 475 3100 Mamertinosz
499 3053 595 3118 quam
616 3041 711 3118 putas
733 3035 954 3099 auctoritatem
976 3033 1171 3100 laudationis
1194 3053 1305 3098 eurum
1326 3033 1481 3108 futuram,
1503 3033 1581 3098 siin

239 3143 344 3217 ceum,
366 3145 463 3210 quem
485 3135 733 3194 constetverum
754 3149 812 3212 pro
828 3129 1013 3194 testimonio
1027 3126 1162 3202 dixisse,
1184 3146 1320 3211 poenam
1336 3127 1580 3192 constituerint!

125 3232 135 3294 J
241 3219 394 3284 .Tametsi
416 3240 500 3309 quae
522 3229 571 3286 est
591 3223 651 3288 ista
672 3219 836 3314 laudatio)
852 3244 925 3289 eum
944 3223 1090 3288 laudator
1104 3223 1315 3408 interruptus
1331 3219 1437 3286 laedat
1451 3240 1581 3286 neeesse

343 3300 352 3317 ιΙ

204 3317 324 3380 ,uerti
337 3314 467 3403 tQuidt
489 3317 542 3412 isti
565 3317 744 3383 laudatores
766 3319 831 3393 tui,
862 3338 925 3382 non
947 3323 1045 3383 testes
1067 3317 1129 3381 mei
1152 3322 1226 3380 sunt
1282 3315 1382 3380 Heius
1404 3321 1453 3380 est
1472 3313 1582 3381 laude-

320 3533 345 3583 4.
362 3533 498 3583 Heluetios
514 3533 549 3595 lt;
567 3533 669 3584 4444444
684 3533 714 3582 V.
734 3531 773 3583 Cf.
792 3532 827 3582 ed
844 3533 886 3582 111.
907 3531 931 3596 5.
952 3531 1007 3583 440.
1023 3557 1050 3568 -
1064 3544 1082 3580 a
1099 3530 1271 3592 4444444444
1286 3529 1317 3578 V.
1332 3555 1360 3566 -
1372 3528 1495 3579 4444444444
1512 3529 1577 3579 ttV:

253 3606 361 3658 lirinensi
378 3609 408 3660 0.
428 3636 455 3646 -
474 3607 499 3660 l.
517 3610 672 3670 receptatrix
687 3607 734 3659 Ld.
755 3636 783 3645 -
801 3609 825 3658 s.
843 3607 916 3656 444444
932 3605 977 3668 tte,
996 3606 1029 3656 V:
1049 3605 1148 3655 huiusce
1164 3604 1229 3655 dett.
1248 3604 1277 3654 0.
1292 3629 1320 3638 -
1339 3602 1363 3654 0.
1382 3603 1488 3652 laudent
1504 3601 1535 3651 V.
1552 3627 1579 3638 -

254 3682 279 3732 7.
297 3683 334 3732 tte
350 3683 415 3734 euim
432 3683 478 3745 443,
496 3684 530 3734 V:
548 3684 574 3734 id
591 3685 656 3734 euim
667 3685 745 3748 lagg.
764 3685 872 3748 praeter
888 3681 928 3734 44.
945 3707 973 3716 -
986 3681 1079 3743 eubaea
1090 3683 1168 3746 legg.
1184 3692 1291 3732 omnes:
1311 3679 1418 3741 4434414
1430 3678 1461 3740 V,
1480 3675 1536 3729 rell.
1550 3677 1578 3729 0.

255 3754 294 3806 ct.
316 3757 350 3808 ed
373 3757 403 3810 V.
426 3757 450 3822 5.
469 3756 510 3812 44.
534 3785 562 3797 -
589 3759 630 3810 40.
651 3760 751 3823 44444444
771 3760 801 3811 44.
828 3784 855 3794 -
882 3757 921 3808 44.
943 3761 977 3806 est
1000 3755 1124 3808 44444444
1145 3769 1203 3806 aree
1224 3756 1246 3805 V
1263 3753 1392 3818 (distincte
1409 3757 1478 3806 teste
1495 3755 1581 3805 Brun-

254 3839 321 3902 nio)‚
341 3843 392 3905 ugo
409 3845 436 3894 et
451 3842 483 3894 44
501 3843 622 3907 (uterque
638 3843 729 3905 trud:
759 3848 794 3893 444
809 3842 898 3892 musta
914 3853 973 3891 aree
990 3839 1068 3892 codd.
1089 3840 1196 3898 Lamb.;
1214 3844 1249 3890 444
1263 3825 1448 3890 &medurnae
1464 3841 1485 3892 ll
1501 3838 1581 3904 [44444

254 3926 322 3977 teste
333 3926 471 3988 Bursieuo,
488 3929 534 3992 qui
545 3929 616 3993 ipses
628 3926 727 3978 codicis
738 3926 834 3978 dacus
848 3925 1071 3990 repraesentavit,
1090 3927 1131 3976 est
1147 3928 1237 3976 autem
1253 3910 1285 3978 45
1296 3925 1368 3975 musi
1384 3926 1471 3976 ortum
1484 3937 1516 3974 ex
1527 3923 1581 3976 CO·

253 3999 362 4068 44444444,
381 4007 416 4052 ert
426 4015 601 4052 mammeam
611 4003 643 4053 Gt
659 4003 688 4062 4;
709 4007 744 4052 est
759 4001 896 4052 communis
913 3999 1052 4064 (44444444
1067 4001 1107 4062 49)
1125 4013 1183 4051 eree
1194 4001 1284 4064 bugge
1302 4005 1338 4051 444
1353 4000 1490 4051 eommunis
1505 4011 1582 4052 44444

254 4082 277 4127 et
289 4077 407 4139 44444444
421 4078 459 4128 ret
471 4079 577 4135 Frane.;
596 4081 632 4128 444
642 4077 779 4128 communis
789 4081 813 4127 44
825 4076 990 4138 preaesens·
1001 4077 1094 4138 Nuus..
1112 4088 1181 4138 quoe
1192 4074 1270 4126 lectio
1281 4073 1395 4139 vulgarls
1406 4075 1473 4127 teste
1486 4078 1535 4128 est.
1551 4101 1579 4110 -

254 4155 285 4205 de
299 4154 441 4216 repetundis
453 4165 508 4215 pes.
526 4151 552 4214 λ,
566 4153 612 4204 Gt.
630 4151 741 4217 (44444444
757 4153 798 4215 44.)
814 4178 841 4190 -
856 4151 895 4200 44.
914 4155 985 4200 44444
1001 4163 1074 4213 opere
1090 4151 1129 4202 ste
1140 4151 1161 4201 u
1173 4151 1195 4200 V
1210 4151 1288 4214 Lgtb.
1304 4177 1333 4188 -
1345 4151 1385 4203 40.
1395 4151 1495 4214 peruls
1505 4151 1537 4200 V.
1551 4177 1579 4188 -

255 4234 280 4280 te
295 4227 341 4288 443,
359 4229 394 4278 V:
414 4240 431 4278 a
447 4233 470 4280 44
486 4226 549 4278 dett
570 4228 600 4277 0.
619 4225 726 4290 (patrios
741 4240 759 4276 4
775 4233 798 4276 te
815 4225 903 4289 egeo.)
918 4251 945 4262 —
959 4225 998 4277 44.
1017 4231 1040 4276 44
1056 4227 1099 4288 qut
1115 4225 1159 4275 hie
1175 4227 1203 4276 et
1218 4225 1285 4276 lutra
1302 4225 1325 4276 V
1342 4229 1369 4276 et
1380 4228 1457 4290 lagg.
1476 4227 1582 4290 prseter

254 4303 295 4355 49.
315 4330 344 4340 -
362 4315 455 4365 meuse
470 4304 500 4364 lt,
518 4303 550 4353 et
565 4304 590 4363 4,
608 4300 637 4352 l:
656 4307 680 4353 44
690 4315 755 4364 quus
766 4302 801 4362 V;
821 4315 885 4364 4444
897 4301 948 4362 ud,
966 4313 1046 4364 eoquo
1056 4300 1125 4364 egro
1137 4302 1166 4350 0.
1186 4299 1316 4363 (14545.
1332 4324 1360 4338 -·
1376 4302 1416 4352 tu.
1436 4306 1498 4363 uput
1508 4301 1539 4352 V.
1552 4325 1580 4338 -

255 4379 295 4429 te.
314 4378 438 4428 4444444444
455 4378 504 4440 443,
527 4377 608 4430 oodd.
630 4377 722 4430 lemh.
746 4375 832 4442 (prob.
854 4377 940 4428 Madv.
963 4390 990 4442 p.
1009 4375 1145 4428 6004441.
1168 4375 1203 4426 ad
1224 4375 1295 4427 Oret.
1319 4375 1343 4438 ἓ.
1360 4375 1431 4438 teet:
1453 4375 1541 4426 cotidie
1559 4375 1582 4424 V

256 4454 344 4518 (etiem
362 4455 430 4506 teste
441 4453 505 4515 44.),
523 4454 631 4516 quotidie
643 4454 671 4503 0.
686 4479 714 4490 -
727 4467 777 4504 444
792 4457 867 4504 44444
877 4455 905 4504 u.
922 4479 949 4490 -
963 4453 1003 4503 44.
1021 4452 1064 4502 4404
1081 4451 1142 4502 debe
1158 4451 1204 4512 443,
1223 4451 1254 4511 V,
1272 4448 1297 4511 λ,
1316 4450 1393 4514 4349.
1414 4449 1455 4512 (44.
1470 4449 1494 4514 s.
1509 4449 1580 4512 ssu:

255 4529 301 4579 4404
317 4541 370 4580 om.
390 4527 454 4579 dett.
474 4529 503 4578 u
518 4551 545 4566 -
560 4528 601 4580 48.
620 4532 644 4578 et
659 4527 763 4578 (44444444
773 4527 805 4590 V,
823 4530 853 4578 ut
868 4528 983 4589 videtur,
1001 4526 1050 4580 sed
1066 4532 1091 4578 et
1105 4529 1270 4592 punctatum.
1290 4525 1351 4589 (434.)
1365 4552 1394 4563 -
1407 4525 1448 4576 49.
1466 4529 1583 4586 44444444

257 4605 318 4655 ltV.
339 4628 367 4646 η
385 4604 426 4654 40.
444 4605 581 4665 sepienda
596 4603 663 4666 liv,
681 4604 774 4667 Larga
798 4605 940 4666 repetendis
956 4604 1006 4662 (43.
1025 4604 1055 4654 0.
1075 4629 1101 4639 -
1121 4604 1161 4654 44.
1180 4607 1234 4654 test.
1257 4615 1287 4652 44
1303 4602 1359 4654 iure
1374 4601 1423 4662 443,
1442 4600 1478 4660 V,
1497 4600 1579 4663 43494

254 4682 310 4732 sm
326 4693 358 4730 44
373 4684 427 4731 teet.
444 4679 510 4734 dett.
529 4679 558 4730 0.
578 4705 607 4718 ·-
624 4679 665 4731 43.
684 4685 713 4731 ut
726 4681 780 4729 etue
796 4680 825 4731 u.
845 4705 873 4716 -
892 4679 960 4742 offic.
977 4680 1070 4742 ipsosu.
1089 4677 1140 4738 443,
1157 4679 1189 4738 V,
1208 4676 1236 4737 λ,
1257 4678 1335 4740 lagg.
1353 4688 1463 4727 omnes:
1487 4675 1579 4739 444444

254 4757 322 4819 epte.
335 4754 366 4806 0.
384 4753 544 4820 (4444444444
552 4755 615 4818 ltV.)
629 4781 656 4792 ·-
675 4755 715 4808 44.
735 4755 898 4817 4444444444
913 4755 1011 4816 sumo.
1023 4761 1046 4806 44
1062 4756 1082 4805 u
1095 4755 1117 4803 V
1134 4753 1218 4818 (prob.
1232 4754 1318 4806 ltadv.
1333 4766 1375 4817 ep.
1389 4765 1416 4817 p.
1428 4752 1470 4804 44.
1483 4752 1580 4815 opusc.

254 4833 274 4883 l.
293 4844 319 4895 p.
332 4829 414 4892 34344
433 4831 476 4892 uui
490 4831 589 4892 puaeesu
603 4832 664 4894 imp.
679 4836 702 4882 te
713 4831 764 4890 u33
784 4831 844 4893 quid
856 4828 971 4893 putasti?
987 4835 1010 4879 44
1025 4831 1086 4892 imp.
1105 4829 1170 4881 dett.
1189 4830 1218 4882 0.
1234 4855 1262 4869 ·-
1280 4829 1322 4880 44.
1340 4827 1441 4890 quouis
1456 4841 1474 4876 a
1491 4825 1542 4884 td3
1561 4827 1583 4877 44

255 4917 309 4957 om.
323 4905 353 4956 V.
368 4931 396 4942 -
409 4905 450 4955 40.
467 4917 556 4956 uenam
571 4917 625 4954 ona.
638 4907 716 4970 lagg.
731 4931 759 4942 -
776 4905 852 4968 fosite
868 4907 898 4967 ll,
915 4904 962 4956 ud.
977 4929 1005 4942 ·-
1017 4904 1181 4966 tepuruuuse
1191 4904 1222 4954 V.
1238 4929 1265 4940 -
1279 4903 1368 4965 44444444
1384 4903 1414 4954 44.
1429 4927 1457 4938 -
1469 4903 1513 4954 44.
1525 4903 1583 4954 llo·

254 4981 373 5032 4444444444
387 4992 442 5032 om.
456 4981 534 5044 legg.
547 4981 654 5045 praeter
664 4981 704 5032 49.
720 5007 746 5020 -
766 4993 844 5043 444444
859 4981 889 5042 u,
901 4979 953 5032 Gi:
972 4979 1127 5041 4444444444
1144 4979 1214 5044 (44.),
1233 4981 1311 5042 lagg.
1325 4978 1354 5028 0.
1370 5003 1397 5014 ·-
1409 4979 1432 5028 44
1446 4977 1482 5042 is]
1499 4979 1538 5030 444
1549 4977 1580 5028 44.

259 5081 286 5092 -
304 5055 346 5108 id.
364 5055 538 5108 mostttuerest
554 5057 632 5118 lagg.
648 5079 675 5092 -·
688 5055 728 5106 49.
747 5056 797 5106 teto
813 5055 881 5106 44443.
899 5055 958 5116 RV,
971 5055 1054 5118 lagg:
1074 5055 1143 5106 44444.
1164 5056 1214 5106 teto
1229 5053 1275 5115 43,
1292 5050 1318 5104 l.
1333 5077 1361 5090 -
1375 5053 1416 5104 30.
1433 5066 1485 5104 uos
1494 5052 1540 5112 443.
1550 5049 1580 5104 λι

256 5130 368 5186 umrev
377 5129 449 5200 (44.),
461 5132 538 5200 lagg.
550 5131 579 5195 0,
592 5128 666 5198 quod
674 5131 765 5200 [recte]
774 5133 864 5182 tuetur
872 5128 987 5183 Klotzius
995 5127 1088 5196 suppl.
1098 5128 1133 5182 ad
1141 5130 1217 5184 Tuse.
1228 5142 1256 5194 p.
1265 5130 1306 5184 40.
1323 5127 1440 5184 stetu
1452 5127 1477 5194 9.
1487 5129 1527 5182 tu.
1537 5127 1579 5183 34.
