3642 5862
300 365 363 436 tsi
670 373 713 439 IN
734 373 902 441 VERREM
923 373 1047 442 ACTIO
1071 375 1254 448 SECUNDA

300 541 493 618 disiunctus,
515 540 571 606 sed
594 542 688 608 etlam
710 543 837 610 clausus
859 554 924 622 est,
949 554 986 610 ut
1006 546 1087 622 illis,
1110 547 1226 633 quilius
1249 547 1389 612 Siciliam
1409 551 1625 636 propinquam

298 636 516 714 immodicis,
544 637 668 702 facilins
696 638 793 704 luerit
820 641 860 704 ad
882 661 1036 706 oceanum
1066 643 1230 726 pervenire
1259 661 1353 726 qrram
1382 644 1422 707 ad
1444 643 1626 708 Peloridem

298 733 459 797 accedere.
503 730 533 797 7.
563 732 717 817 Coniugio
739 742 844 798 autem
867 735 927 798 ista
948 737 1072 800 servilis
1091 737 1169 800 belli
1191 757 1248 802 cur
1269 737 1324 800 abs
1345 741 1377 800 te
1400 737 1505 821 potins
1527 757 1625 822 quam

298 827 337 890 alt
358 828 399 891 iis
421 827 578 902 omnibus,
601 828 657 912 qui
676 837 797 893 ceteras
811 831 990 913 provincias
1005 831 1219 908 obtinuerunt,
1241 831 1459 916 praedicaturi
1480 853 1520 895 an
1535 833 1625 917 quod

109 921 179 998 clf
273 919 332 984 sin
354 921 461 985 Sicilia
482 921 545 986 iam
566 930 659 986 antea
679 923 764 987 bella
791 922 994 1007 lugitivorum
1015 924 1167 989 luerunt?
1194 912 1251 1016 (At
1280 945 1329 1011 ea„
1344 925 1415 1008 ipsa
1442 945 1537 988 causa
1564 932 1623 1002 est,

297 1015 440 1100 curlista
467 1017 630 1099 provincia
657 1017 788 1082 minimo
814 1018 848 1081 in
876 1019 1018 1104 periculo
1041 1019 1082 1084 sit
1104 1026 1136 1083 et
1155 1018 1261 1084 suerit.
1311 1021 1390 1083 Nam
1418 1027 1623 1104 posteaquam

296 1108 385 1172 illinc
411 1109 462 1172 Μ’.
488 1109 635 1193 Aquilius
665 1109 818 1187 decessit,
849 1113 989 1176 omnium
1018 1113 1160 1178 instituta
1188 1123 1283 1199 atquc
1310 1113 1414 1177 edicta
1440 1120 1623 1196 praetorum

187 1199 212 1270 l
295 1201 425 1286 merant
445 1202 513 1266 eius
532 1203 638 1278 modi,
666 1212 703 1267 ut
724 1226 764 1268 ne
786 1207 857 1291 quis
884 1228 954 1270 cum
977 1207 1042 1272 telo
1064 1227 1173 1272 servus
1196 1217 1289 1273 esset.
1339 1207 1438 1271 Vetus
1461 1213 1510 1270 est
1536 1205 1623 1290 quod

283 1296 397 1361 ,dicam
420 1304 452 1362 et
473 1304 599 1380 propter
620 1301 819 1364 severitatem
842 1301 979 1385 exempli
993 1303 1113 1365 nemini
1128 1302 1261 1367 fortasse
1275 1309 1415 1366 restrum
1432 1301 1623 1366 inauditum:

259 1388 332 1454 toL.
346 1390 519 1455 Domitium
540 1399 718 1475 praetorem
739 1395 771 1458 in
789 1395 907 1470 Sicilia,
930 1415 1000 1461 cum
1024 1415 1101 1480 aper
1121 1397 1235 1482 ingens
1257 1397 1296 1461 ad
1313 1418 1385 1460 eum
1400 1395 1513 1460 allatus
1527 1401 1622 1469 esset,

295 1486 483 1551 admiratum
504 1485 693 1568 requisisse,
723 1489 795 1572 quis
825 1509 897 1551 eum
926 1490 1146 1572 percussisset.
1191 1492 1269 1555 Cum
1295 1491 1437 1556 audisset
1464 1497 1622 1574 pastorem

295 1579 460 1644 cuiusdam
481 1577 597 1655 fuisse,
619 1601 691 1644 enm
713 1583 819 1646 vocari
841 1583 880 1645 ad
903 1603 938 1646 sc
960 1582 1107 1648 iussisse:
1134 1585 1224 1649 illum
1246 1586 1360 1670 cupide
1382 1585 1422 1648 ad
1443 1591 1621 1668 praetorem

295 1673 387 1759 quasi
408 1672 449 1736 ad
470 1671 598 1735 laudem
619 1681 716 1759 atque
738 1677 777 1740 ad
800 1677 976 1760 praemium
998 1679 1224 1742 accucurrisse:
1255 1680 1418 1764 quaesisse
1439 1677 1620 1751 llomitium,

295 1769 351 1853 qui
382 1775 501 1832 uniam
531 1768 665 1833 bestiam
697 1772 924 1854 percussisset:
957 1771 1047 1835 illum
1076 1774 1279 1858 respondisse
1308 1774 1480 1838 venabulo:
1515 1775 1619 1838 statim

257 1871 285 1918 :t
295 1863 411 1927 deinde
440 1862 529 1926 iussu
558 1863 713 1945 praetoris
742 1864 776 1927 in
804 1884 928 1928 crucem
950 1884 1020 1929 esse
1043 1866 1210 1930 sublatum.
1252 1867 1371 1930 Durum
1398 1865 1460 1930 hoc
1486 1865 1619 1930 fortasse

293 1959 440 2022 videatur
461 1977 565 2042 neque
588 1974 647 2039 ego
669 1957 766 2022 ullam
788 1957 820 2022 in
843 1965 965 2043 partem
987 1958 1129 2044 disputo:
1151 1967 1274 2024 tantum
1296 1961 1448 2044 intelligo,
1470 1960 1618 2024 maluisse

293 2053 467 2117 Domitium
490 2051 650 2116 crudelem
678 2053 712 2115 in
741 2053 1021 2117 animadvertendo
1046 2073 1140 2138 quarn
1161 2054 1195 2117 in
1216 2051 1497 2138 praetermittendo
1518 2053 1620 2118 disso-

292 2147 394 2210 lutum
415 2145 527 2210 videri.
569 2146 622 2208 lv.
644 2142 674 2207 8.
696 2147 780 2234 Ergo
801 2147 852 2210 his
874 2147 1029 2210 institutis
1050 2148 1234 2231 provinciae
1254 2150 1317 2213 ism
1338 2156 1421 2223 tum,
1443 2167 1514 2212 cum
1535 2146 1619 2210 bello

293 2242 450 2306 sociorum
477 2247 545 2303 tota
566 2240 657 2303 ltalia
678 2241 818 2316 arderet,
845 2240 941 2304 homo
971 2260 1036 2303 non
1064 2241 1236 2306 acerrimus
1263 2262 1322 2306 nec
1348 2242 1556 2316 fortissimus,
1585 2241 1618 2303 C.

148 2297 184 2398 s
253 2334 522 2410 odornensem
544 2353 667 2398 summo
690 2336 848 2400 otioluit.
882 2335 1034 2398 Perfacile
1056 2336 1141 2398 enim
1163 2355 1233 2400 sese
1248 2335 1357 2399 Sicilia
1378 2335 1441 2398 iam
1463 2336 1618 2408 tuebatur,

290 2438 328 2495 ut
348 2421 388 2494 iic
412 2428 499 2514 quod
529 2448 570 2493 ex
599 2429 669 2513 ipsa
697 2429 816 2494 bellum
844 2439 953 2514 posset
984 2431 1149 2494 exsistere.
1192 2430 1317 2493 Etenim
1347 2448 1418 2492 cum
1447 2428 1527 2491 nihil
1545 2434 1618 2494 tam

291 2525 493 2588 coniunctum
525 2524 567 2587 sit
597 2543 693 2607 quam
721 2525 935 2607 negotiatores
957 2527 1059 2589 nostri
1081 2545 1152 2587 cum
1175 2522 1291 2588 Siculis
1312 2543 1390 2597 usu,
1411 2543 1463 2598 re,
1485 2522 1619 2596 ratione,

291 2617 480 2692 concordia,
510 2623 543 2680 ct
570 2637 641 2680 cum
670 2617 732 2701 ipsi
755 2619 852 2681 Siculi
881 2639 931 2682 res
953 2639 1027 2683 suas
1048 2621 1093 2683 ita
1115 2620 1303 2683 constitutas
1325 2617 1479 2690 habeant,
1510 2615 1618 2678 utilis

289 2731 399 2795 pacem
422 2710 573 2794 expediat
593 2731 683 2784 esse,
714 2712 881 2794 imperium
912 2722 1015 2778 autem
1043 2713 1154 2796 populi
1177 2711 1309 2777 Romani
1332 2711 1378 2776 sic
1401 2709 1552 2792 diligant,
1582 2714 1619 2771 ut

252 2806 323 2869 said
344 2805 487 2870 imminui
509 2811 564 2868 aut
586 2807 773 2869 commutari
796 2805 927 2870 minime
942 2806 1057 2882 velint:
1080 2826 1214 2891 cumque
1227 2806 1307 2869 haec
1321 2824 1340 2869 a
1355 2823 1518 2869 servorum
1532 2801 1617 2865 bello

289 2898 431 2983 pericula
453 2906 486 2964 et
505 2906 686 2983 praetorum
715 2899 869 2964 institutis
898 2909 931 2965 et
951 2901 1153 2964 dominorum
1185 2900 1352 2984 disciplina
1380 2895 1509 2983 provisa
1537 2895 1616 2958 sint:

288 2992 414 3057 nullum
442 3001 491 3057 est
518 2993 635 3057 malum
662 2993 890 3071 domesticum,
918 2995 1004 3081 quod
1032 3015 1074 3060 ex
1100 2995 1169 3079 ipsa
1197 2994 1363 3077 provincia
1391 2990 1477 3055 nasci
1505 2991 1616 3074 possit

288 3084 319 3151 9.
342 3086 428 3164 Quid
449 3077 709 3176 igituriinulline
732 3095 836 3152 motus
857 3089 891 3154 in
915 3091 1024 3154 Sicilia
1045 3107 1209 3152 servorum
1231 3089 1329 3151 Verre
1350 3093 1513 3170 praetore,
1534 3073 1617 3156 (nul-

287 3182 379 3248 laene
402 3181 629 3248 consensiones
649 3182 752 3248 sactae
775 3203 845 3247 esse
868 3184 1037 3271 dicuntur?
1073 3183 1160 3246 Nihil
1181 3203 1276 3258 sane,
1299 3183 1386 3267 quod
1408 3180 1448 3245 ad
1470 3185 1615 3244 senatum

250 3279 507 3363 ”populumque
541 3277 716 3342 Romanum
748 3279 948 3362 peruenerit:
980 3277 1079 3354 nihil,
1113 3276 1201 3361 quod
1236 3278 1297 3340 iste
1328 3275 1456 3359 publice
1485 3277 1617 3338 Romam

287 3373 464 3459 scripserit:
494 3378 526 3438 et
547 3379 655 3436 tamen
676 3381 825 3456 coeptum
848 3393 918 3437 esse
940 3373 973 3435 in
997 3372 1105 3437 Sicilia
1130 3371 1250 3435 moveri
1272 3371 1396 3454 aliquot
1417 3369 1497 3432 locis
1518 3369 1617 3432 servi-

286 3467 365 3532 tium
387 3469 543 3553 suspicor.
586 3467 623 3529 ld
645 3467 725 3530 adeo
748 3487 812 3531 non
833 3475 896 3531 tam
920 3485 1034 3541 exre,
1056 3484 1152 3549 quam
1175 3485 1217 3528 ex
1237 3465 1329 3528 istius
1350 3463 1441 3528 sactis
1464 3461 1616 3526 decretis·

286 3583 350 3646 que
363 3557 540 3646 'cognosco
581 3562 628 3623 Ac
649 3559 771 3636 videte,
801 3579 897 3644 quam
918 3580 984 3624 non
1006 3559 1134 3623 inimico
1155 3558 1261 3622 animo
1284 3557 1344 3620 sim
1366 3565 1506 3621 acturus.
1547 3559 1615 3641 Ego

285 3657 355 3739 ipse
370 3656 460 3732 haec,
477 3673 560 3740 quae
574 3654 629 3717 ille
644 3655 779 3738 quaerit,
794 3672 876 3738 quae
891 3653 994 3717 adhuc
1008 3671 1181 3736 numquam
1196 3652 1341 3726 audistis,
1364 3652 1615 3748 commemorabo

248 3755 319 3814 acet
339 3749 507 3835 proferam.
541 3744 592 3812 iil.
614 3749 651 3812 ln
673 3748 863 3822 Triocalino,
885 3767 981 3829 quem
1002 3746 1109 3810 locum
1129 3745 1255 3829 fugitivi
1269 3746 1332 3809 iam
1346 3752 1420 3809 ante
1435 3751 1614 3820 tenuerunt,

285 3843 447 3908 Leonidae
469 3843 634 3908 cuiusdam
649 3841 748 3907 Siculi
768 3841 888 3906 familia
908 3841 941 3903 in
956 3840 1171 3923 suspicionem
1186 3847 1235 3903 est
1248 3845 1361 3903 vocata
1376 3839 1614 3904 coniurationis.

286 3936 348 4002 lies
370 3935 475 4003 delata
495 3937 658 4004 adiutum.
691 3936 814 4012 Statim,
835 3941 872 3999 ut
884 3955 942 4022 por
954 3935 1026 4010 luit,
1047 3935 1137 3998 iussu
1155 3935 1225 3998 eius
1239 3934 1395 4010 homines,
1417 3935 1474 4017 qui
1488 3933 1615 3999 lucrant

353 4199 377 4250 i.
395 4203 430 4250 cst
446 4197 496 4249 113:
523 4197 572 4260 soit
591 4195 656 4247 dett.
676 4197 705 4248 0.
725 4221 753 4232 -
772 4193 797 4247 l.
816 4197 856 4260 iis]
877 4197 932 4247 isti:
946 4196 992 4249 aa.
1013 4222 1040 4233 -
1060 4198 1084 4248 5.
1104 4201 1163 4248 oste
1183 4193 1248 4247 deti.
1273 4196 1302 4246 0.
1323 4221 1350 4232 -
1370 4196 1395 4247 6.
1413 4195 1470 4262 isto]
1493 4197 1550 4260 ipsa
1564 4195 1611 4247 nd.

246 4301 251 4316 ·
285 4273 350 4327 dett.
369 4276 399 4326 0.
419 4301 447 4311 -
466 4274 491 4324 8.
509 4273 629 4324 corrodi
645 4285 699 4323 om.
719 4273 796 4338 Lgili.
817 4299 844 4309 —
865 4274 905 4324 lo.
924 4273 1016 4322 nimius
1032 4277 1093 4323 :mot
1108 4273 1143 4322 cd
1158 4283 1215 4322 eom
1231 4268 1247 4320 λ
1264 4271 1310 4321 33.
1329 4295 1357 4306 -
1377 4271 1418 4322 ts.
1437 4271 1472 4321 od
1487 4283 1513 4321 sc
1527 4273 1615 4324 occari

285 4352 322 4402 (33
339 4349 404 4402 dett.
423 4350 453 4400 0.
474 4375 501 4386 -
520 4348 591 4398 iussit
611 4348 689 4412 Lagg.
707 4351 815 4413 praeter
830 4348 872 4400 ii.
893 4373 921 4383 -
943 4347 1039 4412 umido]
1063 4347 1154 4411 oppido
1175 4348 1211 4397 Ga
1229 4345 1275 4396 ld.
1295 4371 1324 4383 -
1344 4345 1384 4396 43.
1408 4351 1484 4408 mque
1505 4349 1539 4398 cd
1561 4343 1614 4399 at

285 4425 322 4475 (33
338 4424 386 4476 Ld.
406 4423 484 4475 codd.
503 4421 638 4487 plerique:
661 4427 684 4474 ct
700 4423 735 4472 ad
750 4423 834 4487 Lgtd,
857 4423 892 4472 od
908 4435 961 4474 orn.
981 4425 1026 4473 Gt.
1047 4449 1074 4458 -
1094 4422 1265 4472 accensior
1281 4422 1315 4471 li:
1338 4423 1530 4474 commosset
1547 4424 1611 4476 dett.

284 4499 314 4550 0.
329 4527 356 4538 -
370 4499 410 4550 t8.
427 4499 572 4562 prouintiao
588 4499 617 4549 R.
633 4523 660 4534 -
674 4497 715 4549 ⁴9.
732 4499 856 4549 :ocimum
872 4497 909 4548 33
926 4496 942 4548 λ
960 4495 1055 4563 (Madv.
1074 4510 1100 4560 p.
1113 4497 1154 4548 98.
1167 4497 1229 4547 Beli.
1244 4509 1271 4561 p.
1285 4496 1350 4558 aar:
1367 4497 1531 4560 mutuorum
1547 4498 1611 4551 dett.

285 4574 315 4624 0.
329 4599 357 4610 -
371 4573 410 4636 0.]
427 4573 472 4624 or.
490 4573 569 4636 lagg.
587 4575 695 4637 praeter
711 4571 751 4623 tc.
768 4599 794 4611 —
808 4575 850 4624 20.
868 4573 957 4624 Sicilia
973 4572 1088 4623 terimur
1103 4585 1134 4622 oc
1150 4570 1216 4623 dett.
1230 4597 1257 4608 -
1271 4572 1313 4622 tl.
1331 4583 1364 4621 cc
1375 4572 1430 4635 ὄρεα
1442 4573 1488 4637 aa,
1506 4575 1611 4626 zcodd·

284 4647 392 4700 namn:
418 4649 447 4698 io
461 4648 518 4711 ipso
534 4649 600 4698 dett.
618 4649 648 4698 0.
668 4665 697 4683 -·⁴
714 4649 821 4699 emmer:
841 4650 870 4701 lt.
891 4674 919 4685 -
937 4647 978 4700 23.
1002 4648 1063 4710 ipris
1078 4647 1168 4697 Siculis
1185 4647 1235 4706 aa,
1262 4644 1310 4697 sed
1328 4647 1348 4697 il
1364 4660 1405 4710 pr.
1425 4662 1461 4698 m.
1483 4649 1563 4700 sirud.
1582 4675 1610 4685 -

283 4724 359 4775 atii:
375 4725 408 4786 it;
426 4725 492 4776 :sti
508 4722 589 4786 egla:
607 4723 773 4786 miltiadi:
791 4725 965 4785 attidem:
982 4723 1098 4774 editio.
1118 4723 1169 4786 [Sic
1185 4721 1305 4780 testeo:
1324 4734 1386 4772 nam
1404 4723 1614 4774 estotiis=ut

282 4800 333 4867 iia]
346 4827 374 4838 -
388 4801 429 4852 33.
448 4799 480 4850 ob
496 4812 625 4850 remonon
641 4797 707 4850 dett.
726 4800 755 4851 0.
771 4827 797 4838 -
811 4799 852 4853 28.
867 4806 988 4864 praetore
1007 4800 1081 4849 Verre
1098 4794 1114 4847 λ
1131 4797 1167 4848 o:
1180 4797 1257 4861 Lgii.
1272 4823 1300 4834 -
1313 4795 1353 4848 30.
1362 4798 1433 4861 pubi.
1445 4800 1474 4850 n.
1487 4799 1614 4862 scripserit

283 4876 320 4928 liii
337 4873 354 4925 λ
371 4875 452 4939 ngas:
479 4875 585 4926 nomem
603 4873 701 4936 peritios
717 4875 891 4939 conscripserit
910 4875 976 4927 dett.
995 4875 1024 4925 0.
1045 4899 1071 4912 -
1091 4873 1133 4924 3¹.
1151 4873 1254 4936 aliquod
1274 4873 1303 4924 li.
1324 4897 1351 4911 -·
1370 4873 1411 4926 33.
1429 4874 1464 4924 od
1478 4875 1559 4925 oidotc
1573 4876 1609 4934 ll:

283 4956 312 5000 at
325 4951 406 5002 dcco
421 4952 453 5002 Gt
474 4949 523 5000 Ld.
542 4975 570 4985 -
588 4963 644 5000 aar
659 4949 738 5013 ngas.
759 4978 786 4987 -
805 4949 846 5002 al.
864 4951 921 5014 ipsc
936 4951 996 5001 icoc
1013 4948 1094 4999 idem.
1113 4973 1141 4984 -
1160 4949 1209 5012 iiic]
1229 4948 1282 5011 ipsc
1297 4947 1349 5010 (333
1375 4949 1421 5000 istc
1436 4949 1465 4999 1..
1483 4947 1612 5013 probabl-

282 5023 351 5077 lltcr.
371 5051 400 5062 -
418 5024 458 5077 33.
478 5023 633 5074 iliosisaiiao
649 5025 682 5086 a,
708 5024 779 5088 Lgit
795 5025 823 5074 et
838 5025 854 5074 6
871 5023 922 5075 alii.
942 5051 970 5061 -
989 5029 1121 5074 tmocrcm
1142 5024 1177 5076 de
1200 5025 1262 5075 Ero.
1286 5027 1354 5076 coni.
1373 5024 1403 5075 0.
1423 5049 1451 5060 -
1470 5024 1612 5088 33313113-

283 5101 375 5153 tioocm
390 5101 420 5153 lt.
440 5127 468 5140 -
486 5104 522 5152 cst
536 5104 628 5152 vocato
644 5099 665 5152 Β
681 5100 711 5150 S:
736 5103 826 5151 rorata
843 5103 879 5150 cst
894 5099 946 5164 Gt,
969 5097 1034 5151 dett.
1053 5099 1082 5150 0.
1103 5125 1131 5136 -
1150 5099 1190 5150 ar.
1207 5098 1310 5162 wast
1324 5111 1392 5150 nom.
1411 5098 1448 5152 lit
1464 5095 1481 5149 λ
1497 5097 1556 5163 (sed
1571 5099 1610 5150 33
