3642 5868
294 428 357 501 474
398 437 442 501 ru
460 411 629 503 mansu
648 436 771 501 acuo
795 435 979 502 suenum
999 435 1068 502 no.
1082 437 1107 499 1.
1130 437 1204 502 an.
1219 437 1301 502 uxr.
1322 434 1379 522 33.
1395 434 1574 504 asclas.

295 608 379 670 enim
411 606 678 688 praetereundum
706 613 754 671 est
780 627 821 670 ne
850 605 883 670 id
914 605 1054 691 quidem.
1096 609 1199 672 Petita
1226 607 1325 673 multa
1347 616 1396 674 ost
1415 613 1501 695 apud
1523 612 1619 676 istum

294 709 472 784 praetorem
495 701 567 778 aQ.
584 701 728 784 Opimio:
751 703 806 786 qui
828 701 983 764 adductus
1005 710 1055 765 est
1075 703 1108 766 in
1123 703 1276 766 iudicium
1290 704 1405 780 verbo,
1428 705 1525 790 quod,
1547 726 1619 770 cum

294 801 379 859 esset
393 795 536 858 tribunus
551 796 663 878 plebis,
684 796 911 860 intercessisset
925 804 1034 860 contra
1048 797 1150 880 legem
1166 797 1360 874 Corneliam
1382 819 1515 873 revera,
1533 799 1620 883 quod

293 891 328 952 in
349 889 511 953 tribunatu
533 889 666 955 dixisset
685 897 796 953 contra
817 891 950 954 alicuius
970 890 1108 954 bominis
1130 891 1247 956 nobilis
1266 893 1472 959 voluntatem.
1493 897 1540 958 De
1555 914 1619 978 quo

269 983 412 1046 tiudicio
428 984 454 1046 si
469 984 563 1047 velim
579 985 683 1049 dicere
701 987 816 1060 omnia,
839 985 929 1048 multi
944 985 1127 1068 appellandi
1149 985 1362 1070 laedendique
1380 998 1464 1062 sunt,
1486 989 1518 1052 id
1533 986 1620 1071 quod

294 1077 372 1140 mibi
392 1097 458 1140 non
480 1087 528 1141 est
549 1099 697 1142 necesses
726 1087 849 1145 tantum
871 1079 973 1143 dicam
995 1099 1116 1163 paucos
1136 1077 1297 1154 homines,
1326 1089 1361 1144 ut
1391 1083 1550 1147 levissime
1573 1081 1620 1145 di·

294 1194 381 1250 carn,
403 1183 585 1256 arrogantes
606 1173 668 1237 boc
690 1174 833 1239 adiutore
857 1172 895 1249 Q.
912 1172 1074 1257 Opimium
1094 1194 1152 1259 per
1173 1173 1283 1238 ludum
1305 1184 1338 1238 et
1356 1178 1464 1240 iocum
1486 1176 1619 1241 fortunis

295 1269 442 1333 omnibus
464 1269 624 1332 evertisse.

379 1358 451 1424 456.
484 1364 515 1426 Is
543 1363 620 1426 mibi
649 1364 744 1428 etiam
775 1363 917 1446 queritur
945 1361 1031 1447 quod
1062 1382 1080 1426 a
1108 1365 1200 1429 nobis
1230 1385 1265 1428 rx
1287 1365 1363 1436 solis
1385 1364 1497 1428 diebus
1518 1367 1620 1447 prima

145 1435 147 1442 ,
258 1466 286 1514 ⁴⁰
295 1458 377 1521 actio
400 1459 449 1522 sui
470 1458 579 1523 iudicii
601 1465 759 1521 transacta
773 1459 830 1531 sit,
853 1477 926 1520 cum
940 1458 1026 1540 apud
1041 1457 1137 1520 istum
1152 1459 1256 1542 ipsum
1271 1459 1371 1522 tribus
1385 1458 1472 1522 boris
1488 1458 1527 1533 Q.
1544 1457 1621 1539 Opi-

294 1554 391 1636 mius,
414 1560 541 1621 senator
561 1552 672 1635 populi
694 1553 844 1626 Romani,
865 1551 964 1626 bona,
985 1552 1149 1628 fortunas,
1171 1561 1356 1617 ornamenta
1378 1553 1485 1617 omnia
1506 1553 1620 1615 amise-

293 1650 359 1710 riti
388 1643 487 1712 cuius¹
506 1654 637 1730 propter
662 1646 880 1729 indignitatem
909 1646 1019 1710 iudicii
1041 1648 1224 1729 saepissime
1247 1656 1295 1711 ost
1316 1655 1420 1710 actum
1442 1647 1476 1710 in
1498 1654 1619 1719 senatu,

294 1749 329 1804 ut
351 1762 450 1825 genus
470 1742 531 1805 boo
553 1749 655 1804 totum
677 1741 847 1803 multarum
869 1749 964 1824 atque
984 1740 1138 1804 eiusmodi
1153 1741 1346 1805 iudiciorum
1359 1741 1532 1805 tolleretur.
1553 1741 1620 1802 lam

294 1855 368 1901 vero
399 1838 433 1900 in
466 1837 558 1899 bonis
590 1835 628 1910 Q.
652 1835 769 1918 Opimii
798 1833 972 1898 vendendis
1001 1855 1080 1918 quas
1111 1835 1172 1898 iste
1196 1836 1349 1918 praedas,
1382 1854 1478 1919 quam
1501 1841 1619 1915 aperte,

256 1943 285 1994 tt
295 1951 390 2016 quam
412 1932 556 2014 improbe
577 1930 704 2004 fecerit,
729 1928 858 2011 longum
881 1937 930 1992 est
951 1929 1066 1992 dicere.
1109 1930 1178 1992 Hoc
1198 1930 1287 1993 dico:
1316 1931 1377 1994 uisi
1398 1928 1488 1992 uobis
1509 1928 1540 1991 id
1561 1927 1619 1990 bo·

293 2027 414 2089 minum
444 2026 739 2090 honestissimorum
767 2022 882 2086 tabulis
910 2023 1040 2107 planum
1066 2022 1187 2098 fecero,
1220 2021 1294 2106 fingi
1322 2043 1413 2088 ame
1435 2023 1497 2086 hoc
1518 2029 1618 2085 totum
1656 2097 1658 2101 Ι

293 2121 444 2203 temporis
466 2140 562 2184 causa
584 2123 737 2202 putatote.

379 2210 450 2276 457.
477 2215 543 2277 Iam
565 2214 620 2298 qui
650 2232 690 2274 ex
712 2211 890 2275 calamitate
911 2213 1065 2276 senatoris
1087 2212 1198 2294 populi
1219 2213 1369 2288 Romani,
1398 2232 1471 2276 cum
1493 2217 1619 2295 praetor

292 2308 411 2374 iudicio
426 2310 495 2372 eius
509 2306 714 2390 praefuisset,
730 2305 832 2388 spolia
846 2305 975 2369 domum
990 2325 1079 2368 suam
1095 2304 1211 2368 referre
1229 2313 1261 2368 et
1275 2306 1439 2370 manubias
1455 2306 1619 2370 detrahere

256 2411 426 2468 cononatus
449 2404 504 2476 sit,
525 2401 553 2464 is
574 2399 672 2462 ullam
694 2399 733 2461 ab
756 2419 825 2463 sese
848 2400 1055 2463 calamitatem
1077 2402 1194 2483 poterit
1215 2398 1399 2483 deprecari?
1436 2401 1518 2463 LXl.
1540 2403 1619 2463 Nam

294 2499 334 2562 dc
362 2495 586 2562 subsortitione
613 2494 670 2558 illa
696 2493 829 2558 luniana
854 2495 995 2558 iudicum
1024 2493 1104 2557 nihil
1132 2493 1214 2558 dico.
1258 2494 1343 2570 Quid
1366 2494 1477 2558 enimi
1511 2501 1620 2557 contra

293 2592 434 2667 tabulas,
456 2597 592 2675 questu
614 2589 791 2672 protulisti,
813 2590 947 2653 audeam
969 2590 1096 2653 diceret
1128 2587 1262 2654 Difficile
1284 2593 1440 2678 est;(non
1463 2587 1547 2650 enim
1568 2605 1619 2648 mc

187 2723 200 2762 a
294 2695 348 2752 tua
370 2686 473 2750 solum
495 2693 528 2747 et
554 2683 695 2748 iudicum
721 2684 907 2758 auctoritas,
937 2684 993 2747 sed
1022 2684 1118 2746 etiam
1146 2684 1260 2747 anulus
1289 2703 1405 2748 aureus
1428 2682 1549 2746 scribae
1571 2680 1618 2744 tui

294 2771 454 2846 deterretl
483 2782 554 2842 Non
584 2777 686 2840 dicam
708 2777 756 2852 id,
786 2778 872 2861 quod
900 2778 1034 2861 probare
1056 2771 1274 2842 difficile'est:
1302 2778 1364 2842 boc
1387 2777 1502 2850 dicam,
1532 2773 1618 2859 quod

255 2871 474 2949 atestendam,
497 2873 613 2936 multos
636 2893 676 2935 ex
698 2878 729 2934 te
751 2873 836 2935 viros
857 2872 1024 2954 primarios
1039 2872 1183 2947 audisse,
1205 2893 1276 2936 cum
1292 2872 1412 2936 diceres
1426 2869 1546 2952 ignosci
1562 2867 1619 2930 tibi

292 2977 457 3054 oportere,
480 2966 703 3051 quodfalsum
725 2965 865 3029 codicem
893 2966 1080 3047 protuleris;
1108 2986 1198 3041 nam,
1228 2987 1291 3050 qua
1312 2967 1430 3030 invidia
1452 2963 1618 3028 diunius

293 3063 513 3146 conflagravit,
536 3081 591 3135 ea,
612 3060 673 3122 nisi
696 3059 904 3143 providisses,
927 3060 985 3124 tibi
1007 3060 1068 3143 ipsi
1090 3067 1157 3125 tum
1179 3062 1376 3144 pereundum
1397 3059 1519 3123 fuisset.

377 3152 449 3220 458.
471 3157 541 3220 Hoc
561 3155 656 3218 modo
678 3156 738 3218 iste
760 3154 820 3219 sibi
842 3162 875 3217 et
895 3155 988 3218 saluti
1010 3175 1087 3218 suae
1107 3155 1288 3238 prospicere
1305 3154 1430 3228 didicit,
1452 3149 1617 3216 referendo

291 3253 326 3316 in
355 3251 478 3316 tabulas
508 3258 539 3314 et
566 3251 703 3332 privatas
733 3256 764 3312 ct
791 3249 952 3331 publicas,
981 3250 1068 3334 quod
1099 3257 1222 3332 gestum
1242 3269 1309 3312 non
1331 3255 1433 3322 esset,
1467 3244 1617 3319 tollendo,

255 3348 379 3433 eoquod
407 3352 507 3421 esset,
537 3353 569 3407 04
596 3364 723 3427 semper
743 3343 863 3426 aliquid
892 3343 1065 3419 demendo,
1096 3342 1264 3418 mutando,
1296 3338 1528 3424 interpolando.
1571 3340 1617 3402 Eo

292 3445 376 3506 enim
405 3459 507 3527 usque
534 3439 751 3523 progreditur,
781 3445 814 3500 ut
839 3457 880 3500 ne
903 3436 1118 3500 defensionem
1141 3435 1270 3520 quidem
1292 3432 1522 3500 maleficiorum
1544 3449 1617 3496 suo-

291 3557 362 3600 rum
384 3537 452 3599 sine
473 3534 543 3596 aliis
566 3530 727 3597 maleficiis
748 3532 887 3613 reperire
908 3531 1018 3613 possit.
1058 3529 1222 3594 Eiusmodi
1245 3529 1501 3593 subsortitionem
1521 3526 1616 3592 homo

292 3631 524 3694 amentissimus
551 3648 682 3702 suorum
710 3643 840 3710 quoque
868 3625 1009 3688 iudicum
1037 3623 1105 3688 iore
1127 3623 1251 3706 putavit
1271 3643 1330 3706 per
1351 3621 1492 3687 sodalem
1514 3639 1617 3694 suum,

238 3723 244 3731 '
294 3726 333 3804 Q.
356 3725 516 3808 (lunium,
537 3721 674 3805 iudicem
696 3720 891 3805 quaestionis
913 3736 1006 3796 suae3
1033 3717 1085 3781 cui
1113 3737 1171 3800 ego
1195 3718 1256 3782 nisi
1276 3718 1308 3782 ri
1330 3715 1450 3800 populi
1463 3721 1496 3780 ot
1514 3713 1618 3778 bomi-

293 3821 1614 3862 mmm-mh

358 3903 382 3953 3.
399 3915 428 3951 40
442 3913 505 3951 uera
521 3900 602 3951 Prisc.
616 3900 647 3949 11.
666 3911 693 3962 p.
706 3899 778 3948 tib:
796 3909 824 3947 re
841 3895 875 3945 de
893 3895 961 3945 coni.
977 3895 1036 3945 Hot.
1049 3895 1084 3956 03
1103 3895 1130 3944 in
1147 3893 1225 3945 codd.
1244 3905 1297 3944 om.
1316 3905 1345 3944 40
1354 3904 1424 3942 cea.
1439 3919 1467 3929 -
1486 3890 1509 3942 4.
1527 3889 1614 3940 40444-

292 3977 376 4042 tatcm]
396 3981 541 4040 potestatem
558 3979 617 4026 Asc.
637 3973 699 4024 edd.
716 3975 781 4023 vett.
800 4000 828 4013 -
852 3973 876 4021 b.
895 3975 952 4021 4444
965 3969 1059 4021 codd:
1079 3970 1128 4020 4444
1145 3983 1177 4020 ex
1194 3969 1262 4019 coni.
1276 3967 1337 4018 Ern.
1350 3967 1380 4017 0.
1395 3992 1424 4004 -
1442 3966 1469 4015 44
1486 3978 1510 4028 a.
1529 3964 1614 4028 Lgiaz

292 4068 346 4106 om.
364 4053 391 4104 44
407 4052 462 4104 rell.
482 4053 510 4102 0.
531 4077 559 4089 —
577 4050 601 4099 4.
620 4049 703 4099 440444
716 4049 747 4110 Α,
765 4044 857 4109 vulgo:
880 4045 1000 4108 appellem
1016 4043 1094 4107 ngas.
1115 4071 1142 4081 -
1162 4045 1282 4095 4044444440
1299 4041 1368 4093 conl.
1386 4042 1482 4092 Osann.
1501 4038 1536 4090 ad
1551 4041 1616 4104 liep.

292 4145 319 4196 p.
333 4129 401 4190 3403
421 4132 450 4178 44
465 4127 498 4178 04.
517 4124 602 4177 Halm.
621 4122 655 4174 ad
672 4125 738 4174 Sest.
757 4135 784 4186 p.
797 4121 853 4171 ste.
874 4146 901 4156 -
920 4119 944 4170 9.
963 4121 1002 4170 440
1018 4121 1094 4170 etiam
1111 4133 1135 4182 q.
1154 4120 1250 4176 Prisc.;
1268 4117 1307 4167 4440
1321 4115 1383 4167 mibi
1399 4117 1475 4166 444044
1491 4115 1518 4164 1..
1540 4139 1567 4150 -
1585 4112 1617 4164 ab

291 4207 362 4258 cobis
376 4205 454 4269 4349.
479 4204 541 4268 (non
558 4200 649 4264 Prisc.)
668 4227 696 4237 -
721 4199 761 4249 444.
780 4199 854 4248 totam
868 4195 951 4259 ipsun
966 4197 1061 4248 Prisc:
1087 4197 1169 4258 ipsam
1185 4193 1263 4245 codd.
1282 4194 1311 4244 0.
1332 4219 1359 4230 -·
1385 4191 1425 4242 43.
1444 4195 1520 4252 atquc
1536 4188 1614 4241 codd.

292 4283 372 4334 Prisc.
387 4282 418 4330 ll.
437 4292 463 4344 p.
477 4278 550 4328 ica:
568 4289 599 4325 ac
611 4275 640 4326 0.
656 4300 683 4311 —
701 4273 787 4323 04404444.
800 4271 852 4323 iad.
866 4271 934 4336 4349
950 4273 1046 4322 Prisc:
1065 4273 1118 4322 4444.
1137 4272 1222 4321 eicon
1237 4267 1285 4319 dtt.
1299 4268 1328 4318 0.
1343 4293 1371 4304 -
1389 4267 1430 4318 40.
1449 4267 1512 4316 4444
1523 4265 1615 4318 Prisc:

292 4363 327 4409 044
343 4355 467 4409 ceddo.
483 4381 510 4392 -
529 4351 620 4403 catam.
639 4361 722 4400 44444
738 4349 818 4400 Prisc.
840 4374 867 4385 -
885 4349 926 4398 44.
945 4347 1052 4397 audeam
1068 4347 1137 4410 4349
1153 4344 1248 4409 vulgo:
1270 4343 1347 4394 44404
1362 4341 1411 4393 dtt.
1431 4367 1459 4378 -
1477 4341 1518 4391 aa.
1537 4353 1570 4392 ac
1585 4341 1616 4407 44]

292 4435 329 4486 att
344 4431 386 4484 vel
398 4435 457 4483 0440
471 4431 552 4481 Prisc.
571 4426 600 4492 (a
615 4431 638 4476 44
655 4426 713 4480 cod.
733 4425 812 4486 Mon.)
832 4451 859 4461 -
877 4425 918 4475 47.
936 4424 1102 4488 004440340044
1118 4421 1186 4484 4349
1204 4433 1229 4484 p.
1245 4432 1280 4469 m.
1297 4419 1378 4472 Prisc.
1392 4416 1507 4469 Putscbii
1518 4417 1544 4466 et
1556 4415 1614 4466 cod.

292 4513 406 4564 Monac:
424 4504 589 4572 confirmarit
604 4502 681 4553 codd.
700 4503 729 4552 0.
743 4502 770 4551 et
782 4501 862 4552 Prisc.
875 4495 987 4557 Krehlii,
1004 4507 1087 4558 quem
1104 4494 1178 4553 444ος
1197 4495 1370 4559 conflagrarat
1386 4492 1448 4544 edd.
1466 4493 1527 4557 post
1542 4492 1615 4541 Grut.

294 4613 322 4623 -
339 4586 424 4650 4444404
440 4581 518 4634 codd.
538 4583 565 4630 et
581 4579 678 4629 Prisc:
696 4577 771 4642 [44440
787 4575 815 4626 0.
831 4601 858 4611 -
877 4573 918 4624 34.
936 4573 1056 4622 mutando
1073 4570 1142 4633 4349
1158 4571 1225 4620 Non.
1243 4581 1271 4633 p.
1284 4567 1334 4621 3l.:
1353 4569 1487 4630 4444404440,
1505 4565 1617 4616 04404444

291 4675 322 4712 ce
338 4662 416 4711 litura
427 4659 551 4721 appareat
561 4653 621 4715 dtt;
640 4651 703 4703 secl.
714 4653 743 4702 0.
759 4678 787 4688 -
806 4651 846 4701 34,
857 4646 1013 4712 perstructa
1031 4648 1058 4696 04
1074 4644 1126 4695 duo
1138 4643 1195 4694 alli:
1212 4648 1293 4705 posset
1308 4643 1356 4694 dit.
1371 4665 1400 4681 -
1419 4641 1537 4693 0444444044
1547 4639 1616 4702 4343

291 4739 330 4787 A:
354 4736 462 4786 0440440444
476 4730 544 4781 modi
560 4727 616 4780 rell.
635 4729 708 4792 433,
726 4729 755 4778 0.
776 4751 805 4762 -
822 4723 1019 4775 subsortitionem
1035 4723 1072 4771 A:
1099 4719 1252 4769 sortitionem
1268 4717 1346 4768 codd.
1362 4745 1390 4755 -
1408 4716 1448 4768 34.
1467 4714 1618 4779 quaestionis

291 4809 393 4861 raacV:
412 4821 472 4858 4400
488 4819 541 4858 om.
562 4805 609 4856 dtt.
628 4806 657 4856 Ο.
681 4829 708 4840 -
727 4815 771 4867 030
787 4802 835 4852 atsi
851 4801 889 4850 V:
908 4800 957 4850 4444
972 4811 1016 4861 epo
1033 4797 1078 4846 cit.
1094 4821 1122 4830 -
1141 4800 1216 4856 04440
1231 4794 1296 4844 tarra
1314 4792 1423 4855 44344.
1450 4792 1617 4854 Quamquam

291 4887 319 4937 b.
338 4885 355 4937 l.
378 4887 493 4950 optimus
511 4882 571 4935 cod.
590 4881 614 4931 V
633 4885 708 4943 atquc
723 4878 819 4940 babet,
840 4880 930 4927 tamen
946 4875 1015 4925 hauc
1032 4871 1191 4936 scripturam
1208 4871 1328 4934 recipere
1349 4868 1410 4918 ideo
1427 4866 1615 4926 dubitavimus,

292 4960 364 5027 quod
381 4963 408 5011 04
425 4959 516 5025 optimi
534 4955 640 5009 codices
657 4956 683 5005 in
700 4955 741 5006 his
758 4952 874 5004 minutiis
891 4963 971 5014 saepe
988 4949 1115 5013 peccant,
1135 4947 1162 4996 et
1178 4945 1262 4996 vatic.
1280 4946 1306 4994 in
1323 4941 1390 4994 libro
1405 4943 1426 4994 1.
1444 4942 1617 4993 Verrinarum

292 5034 371 5102 paulo
388 5037 475 5086 minus
492 5032 631 5098 diligenter
641 5043 721 5095 quam
739 5028 801 5080 alibi
812 5029 854 5079 cst
864 5026 991 5090 scriptus,
1011 5024 1038 5073 et
1051 5019 1149 5086 duplex
1164 5025 1241 5082 atque
1256 5020 1292 5070 444
1307 5015 1477 5080 collocatum,
1497 5018 1527 5066 ut
1543 5015 1616 5100 prius

292 5109 415 5163 membra
432 5109 498 5174 duo,
524 5107 656 5174 posterius
674 5104 780 5156 alterius
797 5102 913 5155 membri
928 5101 1019 5167 partes
1036 5095 1155 5163 copulet,
1181 5098 1225 5148 vix
1248 5093 1395 5148 Tullianum
1417 5093 1466 5144 044.
1493 5087 1616 5141 Simlbter

292 5185 429 5239 turbatum
445 5188 488 5238 044
503 5197 544 5237 ex.
557 5197 582 5237 c.
597 5184 629 5235 ll.
643 5181 668 5248 4.
681 5181 721 5235 29.
739 5181 782 5233 444.
795 5178 819 5244 4.
833 5177 857 5230 6.
870 5176 911 5228 44.
924 5176 965 5229 la.
979 5175 1020 5231 49.
1033 5174 1090 5227 iai.
1102 5171 1173 5225 alibi.
