3578 5862
317 423 380 493 444
732 440 885 505 enarro
905 441 985 506 rao
1009 441 1042 505 c.
1063 442 1226 506 nennio

320 606 478 670 numentis
500 615 594 692 atque
615 628 656 672 ex
677 629 786 693 regum
808 609 1041 674 commentariis
1063 613 1288 695 conquisierit,
1315 631 1374 695 ego
1395 613 1540 678 omnibus
1562 615 1641 677 meis

318 699 449 781 opibus,
483 702 628 766 omnibus
658 704 813 777 consiliis,
846 704 992 767 omnibus
1021 705 1113 768 dictis
1140 713 1237 789 atque
1263 705 1354 768 iactis
1377 706 1582 789 repugnarim
1608 713 1642 769 et

319 793 487 857 restiterim
521 796 721 860 crudelitati?
753 797 815 860 nisi
847 797 927 860 sorte
960 797 1042 860 banc
1070 799 1285 862 conditionem
1316 799 1404 863 robis
1435 819 1505 862 esse
1527 799 1640 874 vultis,

320 904 414 969 quam
443 887 542 963 servi,
578 890 605 952 si
633 889 788 953 libertatis
818 911 906 974 spem
933 891 1126 974 propositam
1155 912 1219 956 non
1242 893 1411 969 baberent,
1443 894 1525 958 ferre
1552 894 1640 958 nullo

295 980 414 1043 amodo
435 993 573 1065 possent.
607 979 657 1046 46.
679 985 795 1048 llisara
818 993 866 1049 est
885 985 1060 1068 ignominia
1080 985 1266 1050 iudiciorum
1288 985 1503 1069 publicorum,
1526 989 1642 1052 misera

319 1073 462 1139 multatio
483 1077 653 1154 bonorum,
676 1079 824 1142 miserum
846 1079 1008 1142 exsilium:
1031 1079 1087 1142 sed
1101 1088 1208 1142 tamen
1231 1080 1265 1142 in
1287 1081 1372 1143 omni
1394 1081 1571 1146 calamitate
1592 1101 1642 1145 re-

318 1169 437 1233 tinetur
467 1171 596 1254 aliquod
631 1173 799 1255 vestigium
827 1171 992 1235 libertatis.
1035 1173 1120 1236 Mors
1151 1172 1290 1256 denique
1320 1174 1348 1237 si
1374 1175 1578 1258 proponitur,
1606 1175 1640 1238 in

318 1260 463 1326 libertate
488 1247 845 1342 moriamur3lcerniiex
873 1285 948 1330 vero
977 1273 1010 1328 ct
1040 1265 1189 1332 obductio
1211 1266 1325 1349 capitis
1347 1276 1379 1331 et
1399 1288 1515 1332 neman
1535 1270 1640 1351 ipsum

320 1357 422 1420 crucis
443 1339 609 1456 reb-sithen
631 1361 727 1424 modo
750 1381 768 1423 a
790 1380 920 1443 corpore
942 1359 1059 1422 civium
1074 1361 1302 1436 Romanorum,
1324 1363 1381 1426 scd
1402 1363 1497 1426 ctiam
1520 1362 1640 1445 acogr'-

281 1449 454 1526 rotatione,
476 1453 594 1529 oculis,
616 1455 756 1520 auribus.
799 1455 918 1518 Harum
939 1454 1024 1516 enim
1047 1455 1187 1517 omnium
1209 1474 1313 1518 rerum
1326 1453 1401 1544 (non
1422 1455 1526 1519 solum
1546 1475 1641 1519 even·

318 1550 368 1606 tus
390 1553 487 1630 atque
508 1550 690 1631 perpessio,
712 1549 884 1613 sedetiam
906 1547 1063 1622 conditio,
1085 1549 1301 1630 exspectatio,
1324 1548 1444 1612 mentio
1465 1547 1640 1642 44444444-

140 1660 224 1761 hg
318 1629 530 1724 queiindigna
552 1639 783 1708 civelltomane
806 1651 902 1728 atque
923 1642 1050 1705 homine
1071 1637 1267 1730 liberopest‘q
1285 1644 1335 1705 An
1356 1663 1432 1707 vero
1454 1661 1562 1706 servos
1583 1661 1640 1704 no·

199 1739 204 1747 ’
317 1733 533 1798 cacaborum
556 1737 783 1822 suppliciorum
806 1737 947 1800 omnium
974 1743 1061 1798 metu
1082 1734 1282 1798 dominorum
1302 1737 1481 1819 benignitas
1502 1735 1640 1802 urtica

318 1845 382 1890 una
402 1828 531 1894 liberat:
553 1851 612 1895 nos
634 1853 653 1895 a
674 1833 873 1907 verberibus,
895 1831 935 1894 ab
956 1849 1053 1904 unco,
1076 1848 1095 1892 a
1116 1829 1217 1892 crucis
1239 1831 1378 1915 denique
1398 1837 1518 1894 terrere
1528 1817 1639 1913 (neque

131 1935 198 2050 ‚ab
280 1940 369 1986 teres
390 1931 496 2004 gestae
519 1945 624 2009 neque
647 1933 716 1989 acta
730 1935 818 1990 aetas
833 1945 937 2010 neque
951 1924 1048 1988 rastri
1063 1923 1200 1987 bonores
1213 1909 1440 2019 vindicabunt)
1471 1920 1522 1986 47.
1538 1924 1639 1999 Quam

319 2015 359 2078 cb
381 2037 447 2079 rem
468 2017 569 2082 iateor
590 2028 686 2104 atque
708 2020 819 2093 etiam,
848 2019 1005 2094 Labiene,
1034 2017 1186 2102 profiteor
1207 2025 1240 2081 et
1267 2037 1342 2101 prae
1365 2037 1414 2081 me
1435 2018 1521 2093 iero,
1548 2025 1579 2080 te
1600 2036 1640 2080 ex

318 2109 374 2174 illa
396 2111 535 2187 crudeli,
556 2115 756 2197 importuna,
778 2133 843 2177 non
865 2112 1034 2177 tribunicia
1055 2111 1196 2186 actione,
1219 2113 1275 2175 sed
1297 2114 1384 2196 regia
1405 2131 1475 2199 meo
1497 2110 1640 2184 consilio,

318 2204 450 2282 virtute,
472 2207 659 2271 auctoritate
682 2228 750 2271 esse
773 2207 949 2293 depulsum.
983 2206 1055 2282 Qua
1075 2212 1110 2268 tu
1132 2208 1165 2268 in
1187 2207 1313 2270 actione
1327 2192 1517 2292 quamquam
1535 2204 1641 2292 onmia

318 2299 464 2382 exempla
491 2301 666 2376 maiorum,
695 2322 805 2366 omnes
835 2302 940 2384 leges,
968 2319 1093 2363 omnem
1119 2301 1337 2364 auctoritatem
1359 2308 1504 2375 senatus,
1532 2319 1640 2363 omnes

279 2391 484 2474 rereligioncs
513 2402 609 2479 atque
637 2396 848 2480 auspiciorum
876 2394 1002 2478 publica
1019 2393 1092 2456 iura
1112 2393 1297 2476 neglexisti,
1326 2401 1430 2458 tamen
1452 2414 1471 2458 a
1491 2413 1542 2458 me
1562 2392 1641 2456 baec

316 2484 350 2546 in
371 2486 432 2549 bec
454 2495 518 2552 tam
540 2489 656 2573 exiguo
677 2510 749 2554 meo
773 2499 914 2573 tempore
936 2508 1001 2553 non
1023 2487 1150 2552 audies:
1171 2487 1306 2552 liberum
1327 2495 1453 2572 tempus
1474 2487 1567 2554 nobis
1587 2487 1641 2552 da·

317 2577 403 2643 bitur
423 2581 464 2644 ad
484 2581 577 2646 istam
600 2583 869 2668 disceptationem.
1545 2601 1549 2610 ·

402 2675 454 2736 Vl.
476 2671 528 2738 l8.
549 2679 641 2740 Nunc
663 2677 703 2740 de
726 2677 888 2740 Saturnini
909 2676 1040 2740 crimine
1060 2696 1098 2739 ac
1119 2675 1159 2739 de
1174 2676 1340 2740 clarissimi
1358 2675 1464 2760 patrui
1478 2677 1525 2741 tui
1540 2683 1640 2740 morte

317 2767 465 2832 dicemus.
496 2772 610 2854 Anguis
632 2773 771 2836 occisum
794 2789 864 2834 esse
887 2791 907 2834 a
929 2770 963 2834 C.
984 2771 1112 2835 Rabirio
1133 2772 1169 2834 L.
1184 2771 1404 2834 Saturninum:
1426 2778 1460 2835 at
1478 2771 1511 2834 id
1532 2769 1567 2833 C.
1581 2770 1641 2832 lta·

280 2861 418 2929 rabirius
434 2865 606 2929 multorum
621 2865 822 2939 testimoniis,
845 2865 884 2940 Q.
898 2865 1069 2928 Hortensio
1086 2864 1302 2948 copiosissime
1317 2863 1525 2938 defendente,
1547 2871 1641 2928 antea

315 2953 430 3020 falsum
451 2963 522 3022 ess'e
544 2958 668 3023 docuit:
691 2977 750 3042 ego
772 2965 899 3034 autem,
921 2960 948 3023 si
970 2959 1048 3022 mibi
1070 2967 1154 3023 esset
1173 2959 1344 3043 integrum,
1367 2959 1561 3044 susciperem
1579 2960 1641 3023 hoc

316 3051 453 3126 crimen,
474 3071 694 3134 agnoscerem,
716 3049 891 3117 confiterer.
921 3053 1046 3116 Utinam
1068 3052 1150 3115 banc
1171 3053 1247 3115 mibi
1260 3052 1441 3118 facultatem
1457 3071 1640 3118 causacon·

317 3143 461 3221 cederet,
484 3152 519 3209 ut
539 3167 666 3232 possem
686 3147 749 3210 hoc
770 3147 970 3232 praedicare,
994 3147 1027 3210 C.
1041 3146 1159 3209 Rabirii
1174 3165 1269 3210 manu
1284 3147 1319 3209 L.
1340 3148 1559 3225 Saturninum,
1579 3149 1639 3212 ho-

316 3244 395 3300 stem
423 3240 534 3322 populi
564 3242 714 3318 Romani,
743 3242 959 3305 intersectum!
982 3274 1024 3288 -
1052 3239 1137 3303 Nihil
1163 3260 1214 3304 me
1235 3241 1355 3306 clamor
1375 3242 1435 3305 iste
1457 3249 1639 3317 commoret,

277 3325 372 3404 anecd
394 3335 591 3409 consolatur,
615 3356 686 3398 cum
707 3336 827 3399 indicat
849 3355 919 3399 esse
935 3335 1090 3419 quosdam
1105 3335 1189 3398 cives
1208 3336 1387 3419 imperitos,
1409 3335 1547 3400 sednon
1560 3337 1640 3399 mul-

316 3434 374 3490 tos.
417 3429 610 3512 Numquam,
639 3430 717 3493 mibi
740 3428 877 3504 credite,
905 3428 1043 3514 populus
1065 3429 1224 3492 Romanus
1245 3429 1316 3504 hic,
1337 3431 1394 3514 qui
1416 3430 1504 3506 silet,
1526 3450 1640 3493 consu-

285 3574 289 3582 .
316 3521 378 3584 lem
399 3543 450 3585 me
471 3522 615 3599 fecisset,
638 3524 665 3588 si
687 3530 793 3588 restro
815 3523 952 3586 clamore
974 3521 1189 3606 perturbatum
1212 3523 1251 3585 iri
1272 3523 1483 3588 arbitraretur.
1513 3523 1638 3599 Quanto

316 3615 380 3680 iam
400 3616 502 3682 levior
523 3624 571 3680 est
591 3616 795 3682 acclamatiol
819 3616 898 3700 quin
919 3616 1087 3680 continetis
1110 3634 1235 3692 rocem,
1256 3617 1393 3698 indicem
1414 3618 1567 3684 stultitiae
1586 3639 1639 3682 ve-

316 3717 414 3786 strae,
445 3718 557 3776 testem
580 3711 761 3796 paucitatisl
783 3743 824 3758 -
852 3706 902 3773 49.
924 3711 1102 3786 Lubenter,
1130 3711 1274 3795 inquam,
1305 3707 1487 3788 confiterer,
1516 3717 1544 3776 si
1565 3733 1639 3776 rere

169 2370 188 2422 J

380 3944 405 3994 3.
422 3944 490 3994 vebia
506 3946 560 4009 Sg:
580 3944 649 3995 ocbir
665 3941 721 3995 rell.
740 3944 818 4008 lagg.
838 3946 865 3994 44
881 3945 897 3994 5
914 3945 1014 3995 Oronn.
1035 3969 1062 3980 -
1081 3942 1105 3994 4.
1123 3943 1145 3992 ai
1161 3954 1215 3994 cm.
1233 3942 1249 3994 4
1266 3945 1366 3994 oxcnn.
1386 3943 1435 4006 (cet
1451 3944 1478 3996 ln
1494 3943 1598 4010 salisb.)
1610 3971 1635 3982 —

315 4019 339 4068 6.
357 4018 486 4070 4444444444
502 4021 528 4070 s.
543 4044 572 4058 -
590 4021 615 4070 7.
633 4020 656 4069 ai
669 4020 820 4082 proponitur
836 4019 862 4068 io
878 4019 1004 4082 libertam
1021 4019 1163 4070 moriam
1178 4018 1295 4070 distinxit
1304 4017 1463 4070 Niebubrius
1479 4019 1506 4070 in
1517 4019 1638 4084 exemplo

316 4107 364 4144 suo
382 4094 426 4146 ed.
444 4097 531 4147 Garat.
552 4119 578 4132 -
598 4097 623 4147 8.
643 4095 759 4159 obreptio
776 4096 795 4145 4
812 4107 846 4145 cx
861 4095 1028 4158 pantagathi,
1047 4095 1154 4146 44444444
1172 4096 1199 4144 44
1215 4095 1309 4145 ltureti
1326 4095 1394 4144 coni.
1414 4119 1442 4130 -
1460 4094 1501 4144 tt.
1519 4095 1639 4146 mndictic

316 4183 343 4219 nr
360 4173 388 4222 et
403 4172 431 4222 L.
452 4197 479 4208 —
498 4173 637 4234 eepectcdo
648 4173 680 4234 V,
698 4171 773 4222 cuiue
791 4170 968 4233 lragmcntnm
985 4170 1019 4221 ab
1036 4171 1088 4222 hcc
1104 4183 1164 4221 voc.
1177 4170 1275 4234 incipit.
1291 4197 1318 4206 -
1337 4170 1377 4220 44.
1394 4169 1488 4220 bomini
1498 4171 1529 4220 V.
1548 4169 1638 4234 (verba

314 4246 367 4296 cive
383 4247 494 4298 44444444
511 4249 536 4297 in
555 4247 578 4296 V
594 4246 776 4308 evanuerunt.)
796 4271 824 4282 -
844 4245 884 4295 43.
902 4247 1013 4296 mndata
1027 4259 1081 4296 ooo
1097 4247 1131 4296 V:
1155 4259 1208 4296 arro
1223 4245 1335 4295 oiodicto
1350 4244 1429 4296 codd.
1447 4243 1514 4306 rell..
1532 4247 1590 4296 40.
1610 4273 1637 4282 -

315 4319 354 4371 44.
373 4322 461 4373 liberat
477 4323 512 4372 V:
536 4322 652 4372 4444444444
668 4323 698 4381 s,
720 4318 736 4370 4
755 4321 855 4370 Oronn.
875 4322 902 4370 et
923 4320 1017 4384 4433.;
1043 4320 1157 4372 liberabit
1172 4322 1200 4372 4.
1226 4344 1254 4358 -
1279 4333 1297 4370 4
1317 4323 1379 4372 ante
1395 4322 1477 4370 4444444
1491 4333 1545 4372 cm.
1563 4323 1589 4372 k.
1609 4346 1635 4356 -

314 4399 354 4447 45.
372 4399 448 4448 centri
464 4399 485 4447 V
503 4401 530 4448 et
546 4397 624 4448 codd.
643 4395 776 4462 plerique:
800 4398 880 4446 nostri
896 4394 1003 4447 4444.
1025 4425 1052 4434 -
1072 4397 1112 4447 46.
1129 4396 1236 4448 tabens
1252 4397 1288 4445 V:
1311 4397 1337 4447 4.
1355 4395 1462 4448 Labiene
1482 4396 1561 4447 codd.
1580 4395 1636 4448 rell.

314 4475 342 4522 44
358 4473 431 4524 editt.
451 4473 617 4536 (Niebuhrius
634 4473 790 4524 varietatem
807 4485 834 4536 p.
847 4473 888 4523 84.
907 4485 961 4523 non
978 4471 1080 4534 attulit.)
1094 4499 1120 4508 -
1141 4473 1181 4522 44.
1199 4473 1344 4523 mdelitcte
1360 4471 1401 4522 ab
1412 4471 1505 4523 cdelr
1522 4474 1550 4523 44
1566 4474 1583 4523 S
1599 4485 1636 4522 nr.

313 4561 368 4600 sec.
389 4576 416 4585 -
435 4550 573 4612 teporem
589 4549 619 4599 V.
635 4577 662 4586 -
683 4550 722 4599 49.
741 4549 821 4598 omnir
836 4547 900 4612 tepea
916 4549 942 4598 S.
957 4575 984 4584 -
1004 4550 1083 4598 444444
1099 4547 1177 4598 codd.
1196 4546 1324 4612 plerique.
1338 4573 1365 4584 -
1384 4548 1425 4598 40.
1442 4547 1570 4612 religionis
1580 4549 1601 4598 V
1610 4548 1635 4596 lr.

316 4651 342 4660 -
357 4623 460 4686 peeblicc
476 4637 528 4675 om.
543 4623 610 4675 liln
628 4627 655 4675 et
671 4624 730 4676 cod.
743 4626 881 4675 Torrentii.
899 4650 926 4660 -
945 4625 986 4676 43.
1004 4625 1126 4676 comedoni
1142 4625 1286 4683 Manutius,
1304 4625 1349 4687 qui
1365 4624 1477 4674 ironiam
1494 4637 1547 4674 non
1558 4635 1637 4687 agno-

315 4701 364 4756 4444
383 4699 515 4750 cmeimimi
530 4699 594 4761 ciri,
609 4701 699 4762 patrui
715 4701 752 4749 toi
769 4699 860 4750 Lamb.
880 4701 906 4752 in
923 4713 1007 4763 marg.
1024 4699 1096 4750 4484.
1117 4725 1144 4734 -
1163 4698 1204 4750 44.
1222 4703 1250 4748 ot
1265 4700 1292 4749 id
1307 4697 1456 4749 Tumebns:
1475 4705 1498 4749 et
1513 4699 1540 4748 id
1555 4699 1634 4749 codd.

314 4778 370 4826 40.
391 4801 419 4813 -
438 4777 478 4826 47.
494 4779 627 4840 profiterer
643 4777 794 4827 Torrentius
812 4777 838 4826 in
855 4786 956 4838 marg.;
984 4777 1010 4824 et
1026 4775 1065 4824 sic
1081 4775 1145 4824 item
1162 4787 1188 4823 v.
1207 4773 1247 4824 34.
1268 4799 1293 4808 -
1314 4774 1355 4824 48.
1374 4773 1460 4824 Rabiri
1475 4776 1491 4825 e
1507 4774 1587 4838 Lagg.
1606 4799 1633 4809 -

313 4852 354 4901 30.
372 4851 462 4902 indicet
478 4853 547 4901 coni.
565 4853 687 4903 Beckins.
702 4877 728 4888 -
742 4851 805 4901 ciete
821 4853 873 4902 mei
890 4852 998 4917 praeter
1013 4849 1056 4900 cl.
1074 4875 1101 4884 -
1121 4849 1161 4900 33.
1178 4849 1259 4900 letior
1274 4847 1307 4899 el.
1325 4849 1352 4899 in
1369 4863 1422 4913 mg.
1436 4848 1527 4900 lamb.
1542 4875 1570 4886 -
1589 4851 1636 4898 cd-

312 4927 431 4976 clcmctto
448 4927 478 4975 V.
498 4952 526 4961 -
546 4927 606 4988 quio
622 4927 773 4988 cornpescitie
787 4941 871 4977 noceo
886 4929 974 4987 biam,
996 4925 1101 4976 indicem
1120 4925 1249 4986 4444444444,
1275 4930 1359 4975 cesten
1377 4925 1514 4987 paucitatis
1529 4923 1634 4985 Quintil.

314 5003 355 5052 xl.
374 5003 402 5064 3,
421 5003 477 5052 469.
496 5003 648 5054 Rufinianus
665 5015 773 5068 quoquc
790 5003 824 5053 dc
842 5003 885 5066 fig.
904 5005 972 5054 sent.
992 5002 1016 5065 5.
1034 5003 1075 5052 33.
1094 5001 1182 5052 locum
1198 5002 1286 5064 alieri,
1304 5002 1349 5065 qui
1367 5000 1461 5051 habet:
1480 5001 1540 5062 quin
1556 5000 1636 5048 44444-

313 5079 375 5128 netis
389 5093 473 5128 cocao
489 5083 599 5128 amiram
615 5081 666 5128 oet.
687 5104 714 5115 -
740 5076 780 5130 34.
798 5077 910 5128 lebenter
925 5078 961 5126 V:
984 5077 1086 5127 libenter
1102 5075 1173 5138 rell,
1191 5078 1251 5128 40.
1271 5103 1298 5114 -
1322 5079 1439 5142 confiteor
1455 5075 1636 5126 ebdeblrm

315 5157 341 5208 et
357 5155 372 5204 b
389 5154 490 5209 Oronu.
