3642 5862
465 415 535 482 [ιιι.
557 417 610 484 lv.
646 416 720 482 Car.
741 416 993 484 LXII-LXIV.
1020 415 1076 504 §§.
1099 413 1295 486 tas-tta.
1474 423 1537 492 375

213 586 358 656 conditas
389 586 562 664 habebant,
590 587 772 674 proterunt:
804 589 837 651 in
867 587 981 673 quibus
1011 589 1183 655 ostendunt
1210 595 1332 668 omnia,
1365 614 1447 678 quae
1469 597 1538 662 dixi

212 681 318 748 ablata
339 701 426 757 esse,
447 683 622 767 perscripta
643 687 675 744 et
695 682 785 767 plura
801 683 909 758 etiam,
931 703 1027 766 quam
1041 702 1100 766 ego
1118 685 1208 767 potui
1222 686 1344 750 dicere:
1365 693 1538 776 perscripta

212 780 316 840 autem
336 773 399 839 boc
419 775 533 850 modo,
556 795 638 850 oron
660 796 703 840 nx
724 795 807 840 anne
830 777 998 840 Μιιιιιιιιιι
1021 797 1083 842 noc
1106 795 1148 842 ιιι
1170 799 1264 844 ιιιιιι
1278 800 1431 858 anassnr,
1454 802 1537 857 oron

210 889 255 935 nx
275 889 359 934 aeon
381 869 475 945 lovrs,
498 889 580 944 oron
601 890 646 933 ss
666 890 750 935 ason
771 870 895 934 Lrssnr.
926 871 965 934 Ut
988 871 1123 956 quisque
1145 871 1183 934 iis
1198 873 1292 938 rebus
1307 874 1434 939 tuendis
1451 872 1538 961 [con-

211 958 450 1048 servandisque]
474 963 671 1047 praefuerat,
694 964 738 1028 ita
758 966 966 1049 perscriptum
989 972 1070 1040 erat,
1094 985 1165 1029 cum
1180 968 1332 1032 rationem
1347 989 1365 1031 e
1380 969 1451 1054 lege
1465 971 1564 1036 red-o

212 1056 325 1121 derent
353 1061 385 1120 et
414 1077 497 1143 quae
519 1065 706 1143 acceperant
727 1056 850 1122 tradere
873 1057 1041 1134 deberent,
1068 1059 1244 1142 petissent
1267 1063 1343 1138 sibi,
1373 1062 1459 1148 quod
1481 1085 1537 1130 eae

210 1173 262 1216 res
291 1149 456 1227 abessent,
485 1152 717 1236 ignosceretur:
749 1152 859 1234 itaque
888 1172 997 1217 omnes
1026 1153 1175 1217 liberatos
1204 1155 1386 1220 discessisse
1415 1165 1446 1221 et
1467 1179 1538 1224 esse

211 1246 354 1329 ignotum
376 1245 642 1332 omnibusznquas
666 1266 724 1328 ego
746 1245 866 1309 litteras
890 1247 1104 1329 obsignandas
1122 1248 1249 1330 publico
1265 1242 1355 1333 signo
1372 1252 1538 1336 deportan-

211 1340 332 1424 dasque
362 1340 479 1403 curavi.
522 1336 595 1404 lli.
624 1341 670 1403 lle
700 1339 880 1403 laudatione
909 1347 1013 1404 autem
1040 1343 1121 1405 ratio
1152 1342 1198 1405 sic
1226 1343 1304 1406 mibi
1329 1345 1452 1410 reddita
1473 1355 1538 1411 est:

210 1433 348 1518 primum
370 1453 442 1496 cum
464 1454 483 1498 a
506 1433 539 1498 C.
561 1434 658 1498 Verre
682 1433 804 1496 litterae
826 1433 989 1518 aliquanto
1012 1442 1085 1498 ante
1106 1436 1277 1502 adveutum
1293 1458 1397 1503 meum
1412 1439 1453 1504 de
1471 1442 1575 1506 lau-to

212 1528 338 1592 datione
367 1528 545 1604 venissent,
574 1528 653 1592 nihil
683 1547 752 1591 esse
775 1529 951 1592 decretum:
982 1529 1113 1606 deinde,
1144 1551 1215 1594 cum
1238 1533 1368 1616 quidam
1392 1553 1432 1597 ex
1452 1535 1538 1598 illius

211 1621 320 1688 amicis
343 1629 581 1686 commonerent
603 1629 749 1706 oportere
773 1621 918 1697 decemi‚
940 1623 1078 1687 maximo
1101 1623 1239 1688 clamore
1261 1645 1330 1689 esse
1349 1633 1381 1690 et
1395 1628 1538 1692 convicio

211 1714 411 1802 repudiatos:
441 1724 648 1802 posteaquam
670 1737 760 1779 meus
781 1716 934 1781 adventus
957 1717 1240 1802 appropinquaret,
1261 1719 1434 1805 imperasse
1456 1739 1539 1795 eum,

213 1809 270 1895 qui
292 1829 446 1872 summam
467 1818 655 1894 potestatem
676 1810 823 1887 baberet,
845 1818 881 1873 ut
902 1810 1125 1874 decernerent:
1148 1811 1308 1878 decretum
1329 1814 1374 1878 ita
1395 1834 1483 1890 esse,
1504 1821 1540 1879 ut

212 1901 313 1969 multo
333 1901 405 1987 plus
427 1903 475 1967 illi
495 1903 636 1968 laudatio
659 1903 733 1968 mali
757 1924 850 1989 quam
872 1904 949 1968 boni
970 1910 1079 1988 posset
1091 1905 1214 1968 afferre.
1236 1907 1272 1970 Id
1287 1907 1384 1983 adeo,
1406 1908 1576 1984 iudices‚co

212 2004 247 2062 ut
267 1996 346 2061 mibi
368 1998 407 2059 ab
430 1997 494 2060 illis
518 1998 767 2062 demonstratum
789 2007 851 2074 est,
873 2000 916 2062 sic
939 2019 994 2062 vos
1016 2017 1057 2061 ex
1079 2019 1129 2062 me
1151 1993 1357 2084 cognoscite.
1560 1995 1562 2000 ’

297 2092 409 2155 LXIV.
433 2087 504 2155 tlt.
525 2093 596 2156 ldos
620 2100 668 2156 est
689 2092 869 2176 Syracusis,
897 2100 947 2169 ut,
978 2092 1005 2156 si
1028 2091 1152 2176 quade
1174 2094 1269 2158 read
1292 2102 1435 2160 senatum
1456 2093 1539 2160 reie-

213 2192 315 2262 ratur,
337 2185 420 2250 dicat
441 2187 645 2276 sententiam,
668 2187 725 2269 qui
746 2185 831 2249 velit.
874 2187 1066 2250 Nominatim
1087 2205 1180 2250 nemo
1202 2196 1348 2272 rogatur3
1370 2196 1539 2265 ettamen,

215 2289 250 2346 ut
272 2279 409 2366 quisque
432 2286 534 2344 aetate
558 2287 590 2345 et
609 2280 731 2346 honore
746 2279 919 2355 antecedit,
941 2281 985 2344 ita
999 2280 1118 2365 primus
1134 2280 1215 2343 solet
1227 2301 1285 2346 saa
1298 2290 1409 2367 sponte
1425 2284 1539 2359 dicere,

213 2377 321 2459 itaque
343 2395 362 2437 a
385 2373 496 2437 ceteris
520 2373 550 2438 ei
573 2373 774 2451 conceditur;
801 2374 851 2437 sin
873 2375 1044 2459 aliquando
1066 2379 1171 2437 tacent
1192 2395 1319 2451 omnes,
1339 2383 1406 2440 tum
1427 2378 1577 2444 sortitoso

214 2471 372 2550 coguntur
392 2465 507 2531 dicere.
552 2468 630 2532 Cum
651 2468 704 2532 bic
725 2488 794 2532 mos
817 2477 915 2543 esset,
936 2467 1070 2533 retertur
1090 2468 1130 2533 ad
1149 2477 1291 2532 senatum
1307 2470 1345 2534 de
1360 2470 1541 2534 laudatione

214 2561 348 2626 Verris..
377 2560 414 2623 ln
436 2580 501 2646 quo
522 2563 672 2647 primam,
700 2570 735 2625 ut
755 2561 875 2647 aliquid
898 2567 981 2625 esset
1002 2581 1125 2637 morae,
1147 2562 1238 2625 multi
1259 2563 1475 2648 interpellant:
1500 2562 1540 2627 de
1656 2629 1661 2635 ,

214 2657 289 2720 Sex.
323 2652 506 2729 Peducaeo,
539 2657 594 2740 qui
625 2655 666 2718 de
698 2657 753 2720 illa
781 2656 906 2720 civitate
935 2663 1063 2740 totaque
1084 2656 1247 2740 provincia
1269 2657 1387 2741 optime
1410 2658 1541 2722 meritus

215 2755 316 2824 esset,
345 2767 415 2812 sese
444 2755 552 2825 antea,
579 2769 651 2812 cum
677 2749 841 2814 audissent
868 2749 898 2812 ei
927 2750 1087 2833 negotium
1108 2749 1289 2814 facessitum
1311 2770 1447 2837 cumque
1469 2771 1541 2816 eum

213 2843 340 2929 publice
362 2862 421 2926 pro
443 2843 586 2928 plurimis
601 2845 669 2907 eius
685 2850 716 2907 et
730 2846 877 2909 maximis
891 2845 1011 2909 meritis
1025 2842 1153 2907 laudare
1169 2851 1337 2930 cuperent,
1360 2865 1379 2910 a
1394 2845 1428 2908 C.
1442 2845 1541 2910 Verre
1551 2867 1580 2918 ss

214 2937 393 3024 prohibitos
417 2957 506 3001 esso:
527 2938 674 3024 iniquum
696 2958 783 3014 esse,
803 2940 928 3003 tametsi
948 2938 1131 3002 Peducaeus
1154 2959 1261 3003 eorum
1276 2937 1460 3005 laudatione
1476 2939 1541 3003 iam

214 3052 279 3097 non
301 3037 458 3106 uteretcu,
479 3038 585 3096 tamen
607 3052 672 3095 non
693 3033 727 3096 id
748 3034 836 3119 prius
859 3033 1043 3106 decembre,
1066 3032 1151 3116 quod
1173 3031 1343 3118 aliquando
1358 3025 1542 3108 voluissent,

216 3147 312 3212 quam
340 3126 429 3210 quod
457 3132 525 3190 tum
553 3134 747 3210 cogerentur.
793 3122 863 3188 443.
895 3126 1099 3190 Conclamant
1119 3146 1228 3190 omnes
1251 3133 1283 3190 et
1304 3127 1479 3212 approbant
1498 3127 1543 3190 ita

215 3219 285 3284 fieri
307 3226 463 3304 oportere.
506 3219 654 3283 Refertur
674 3220 715 3283 de
736 3221 913 3284 Peducaeo.
953 3221 993 3283 Ut
1014 3220 1148 3304 quisque
1170 3227 1272 3284 aetate
1294 3221 1465 3284 ethonore
1487 3241 1543 3283 au-

216 3314 399 3390 tecedcbat,
420 3315 465 3377 ita
486 3315 674 3378 sententiam
698 3314 778 3377 dixit
800 3335 840 3378 ex
863 3314 983 3379 ordine.
1012 3313 1048 3376 ld
1070 3313 1149 3378 adeo
1171 3335 1212 3377 ex
1234 3315 1303 3398 ipso
1325 3322 1451 3377 senatus
1466 3334 1578 3386 oon-ao

216 3408 299 3474 sulto
314 3407 512 3492 cognoscite:
534 3428 607 3474 nam
621 3409 800 3493 principum
815 3410 989 3472 sententiae
1003 3409 1155 3493 perscribi
1169 3409 1282 3472 solent.
1303 3408 1420 3470 Recita.
1452 3405 1542 3483 Qvon

281 3622 306 3676 l.
324 3623 357 3674 tis
371 3622 392 3673 44
405 3637 411 3672 :
430 3622 465 3674 cis
481 3621 510 3672 0.
531 3649 557 3657 -
577 3622 673 3672 tuendis
686 3621 739 3684 G3,
758 3619 788 3674 tt:
807 3624 949 3686 tuendisque
965 3623 1000 3682 R;
1027 3622 1122 3673 tuendis
1137 3621 1360 3686 consecratisque
1376 3620 1455 3673 codd.
1474 3619 1541 3682 rell,

216 3701 246 3752 0.
274 3696 362 3750 llebet
377 3697 444 3748 haec
461 3694 540 3747 lectio
557 3694 673 3760 aliquam
691 3696 872 3749 detonsionem
890 3711 923 3748 ex
940 3711 1001 3760 quc,
1020 3697 1092 3762 quod
1106 3698 1133 3747 in
1144 3698 1165 3748 R
1176 3697 1304 3748 remansit
1314 3697 1448 3761 priorique
1459 3694 1543 3748 verbo

218 3787 310 3826 errore
326 3771 427 3824 librarli
444 3771 578 3823 adiectum
594 3770 679 3822 videri
696 3774 792 3837 potest.
818 3773 965 3837 iunguntur
979 3773 1047 3823 baec
1063 3771 1147 3823 verbe
1164 3770 1225 3824 alibi
1241 3784 1362 3837 quoque,
1381 3773 1411 3823 ut
1426 3771 1461 3823 de
1477 3771 1542 3836 imp.

218 3851 267 3902 Cu.
285 3851 377 3914 Pomp.
405 3849 430 3913 ἓ.
450 3849 490 3898 tt.
526 3847 617 3898 luendi
641 3849 730 3899 autem
751 3848 864 3900 verbum
887 3850 912 3900 io
934 3849 985 3899 bac
1007 3861 1036 3898 re
1058 3848 1196 3913 proprium
1220 3849 1269 3899 est.
1296 3847 1334 3900 Cf.
1353 3849 1372 3898 l.
1391 3846 1415 3911 5.
1434 3847 1491 3898 tao.
1509 3847 1544 3900 do

218 3927 297 3989 legg.
317 3925 359 3974 111.
379 3921 404 3988 5.
422 3925 447 3975 7.
467 3921 515 3988 [Cl.
535 3922 569 3972 ad
586 3922 628 3974 tv.
647 3922 671 3988 ἓ.
690 3921 742 3987 it]
762 3951 788 3960 -
808 3925 832 3974 b'.
851 3937 864 3973 e
880 3923 931 3987 tege
948 3923 1033 3973 lth:
1052 3921 1104 3988 tege
1121 3923 1171 3986 Gt,
1189 3921 1253 3984 Ld.;
1272 3935 1305 3972 ec
1321 3921 1373 3986 tege
1389 3920 1445 3974 rell.
1464 3923 1493 3974 0.
1514 3946 1541 3960 -

216 4000 332 4051 reddmt
348 3996 413 4048 dett.
428 3998 457 4049 0.
471 4025 499 4034 -
519 3999 542 4049 6.
561 4003 709 4062 acceperant
726 3999 776 4049 G3:
796 4003 926 4062 occeperat
942 3999 976 4059 R,
996 3997 1103 4048 detto.
1118 4024 1145 4034 -
1165 3997 1260 4049 dotem
1276 3997 1376 4048 bodera
1391 3997 1456 4048 dett.
1470 3999 1499 4050 0.
1514 4023 1541 4036 -

218 4087 263 4126 roc
287 4087 328 4124 ros
344 4074 413 4125 coni.
432 4071 510 4124 Orelli
528 4073 559 4138 (i)
577 4072 655 4138 proh.
674 4072 755 4124 Klotz.
774 4075 801 4124 et
821 4072 937 4124 Halmio:
963 4085 991 4122 cc
1007 4073 1048 4134 (ex
1064 4072 1098 4136 cc)
1115 4085 1156 4123 res
1171 4073 1254 4137 1.th
1271 4074 1319 4123 boe
1333 4085 1374 4123 rea
1389 4071 1446 4123 rell.
1465 4074 1493 4125 0.
1514 4101 1542 4111 -

217 4150 243 4200 7.
263 4148 435 4214 comitltpr.
455 4160 491 4199 m.
512 4176 539 4186 -
566 4149 590 4200 9.
612 4149 673 4198 milti
693 4162 746 4200 om.
765 4147 829 4199 dett.
848 4149 878 4199 0.
899 4175 926 4183 -
954 4148 993 4199 40.
1013 4147 1041 4197 G.
1060 4148 1094 4208 Ι4;
1121 4145 1148 4198 C.
1167 4159 1221 4198 om.
1240 4146 1305 4198 dett.
1330 4172 1357 4182 -
1385 4147 1424 4197 44.
1447 4148 1546 4200 muto

218 4224 296 4288 lagg.
315 4221 423 4288 praeter
439 4221 480 4274 lt.
495 4251 522 4259 -
542 4223 583 4274 ts.
601 4237 651 4274 esse
667 4223 775 4274 clamore
792 4223 855 4275 dett.
869 4225 903 4284 0;
921 4225 1042 4274 convecto
1057 4234 1106 4272 essa
1123 4221 1200 4286 Lgtt.
1216 4248 1243 4257 -
1262 4221 1302 4273 ts.
1318 4227 1482 4284 pernequam
1494 4222 1542 4274 aa:

218 4304 241 4350 et
263 4304 427 4363 posteaquam
451 4298 516 4350 dett.
549 4300 617 4350 Fort.
637 4301 678 4351 est
693 4298 878 4361 scribendum,
906 4300 936 4348 ut
951 4295 1069 4348 Halmius
1085 4297 1112 4347 in
1130 4296 1219 4347 adnot.
1239 4295 1282 4348 ed.
1301 4297 1370 4361 Lips.
1389 4297 1542 4362 proposuit:

215 4377 302 4439 postea
318 4387 389 4436 acm,
413 4374 442 4424 ut
459 4377 486 4424 et
503 4371 651 4438 asyndeton
667 4375 766 4425 vitetur
782 4377 808 4425 et
825 4373 1007 4424 coniunctivae
1024 4369 1173 4437 imperiecti
1189 4374 1263 4424 recte
1281 4386 1310 4424 se
1327 4370 1478 4423 habeat.·-
1497 4385 1546 4436 op-

215 4449 396 4514 propicqaorit
411 4447 476 4500 dett.
494 4450 586 4512 Lagg„
604 4450 624 4500 O
643 4450 776 4514 (adpeti),
797 4478 825 4488 -
845 4451 884 4500 45.
903 4449 939 4498 itti
955 4447 1004 4510 aa,
1023 4445 1056 4497 l:
1083 4447 1128 4498 itta
1144 4447 1210 4498 dett.
1231 4474 1258 4482 —
1286 4447 1353 4516 looq.
1373 4449 1470 4512 aliquid
1484 4449 1547 4499 molt

218 4525 297 4589 lagg.
318 4552 346 4562 -
370 4525 448 4587 possit
465 4525 480 4574 6
496 4523 574 4589 Lagg.
594 4525 657 4575 dett.
685 4551 712 4559 -
740 4526 838 4589 adferre
855 4527 884 4576 It.
911 4550 938 4562 -·
967 4525 1007 4576 44.
1026 4523 1148 4588 reseretur
1163 4524 1184 4574 44
1201 4537 1242 4588 pr.
1260 4535 1297 4574 m.
1316 4525 1384 4574 toste
1401 4522 1544 4583 Bursiano;

109 4611 110 4616 ’
217 4602 329 4665 retorsit
350 4599 366 4650 i
385 4598 463 4650 codd.
482 4599 585 4661 bamb,
605 4601 678 4652 Gli.
706 4597 784 4664 [Leve
801 4602 905 4663 atium,
930 4599 1002 4665 quod
1021 4599 1199 4664 estinltpr.
1218 4611 1254 4650 m.
1271 4597 1408 4663 refactor,
1432 4611 1488 4650 sec.
1507 4611 1543 4648 m.

217 4687 362 4745 perperam
378 4675 405 4725 in
421 4675 547 4740 ”sector
564 4677 715 4728 correctum
730 4675 848 4738 videtur,
866 4675 1007 4739 potiusque
1024 4671 1196 4724 scribendum
1215 4675 1273 4724 erat
1285 4674 1408 4738 rotator,
1425 4674 1456 4724 ut
1466 4675 1508 4724 est
1519 4674 1546 4724 iu

219 4753 283 4815 lag.
295 4749 335 4802 42.
355 4749 447 4812 flacc]
473 4777 500 4786 -
529 4751 569 4802 49.
586 4751 678 4800 imore
695 4755 718 4801 et
740 4755 821 4802 aetate
839 4753 917 4816 Legg.
935 4748 999 4800 dett.
1019 4749 1048 4798 0.
1072 4776 1099 4785 -
1121 4749 1195 4812 prior
1211 4747 1276 4799 dett.
1296 4775 1323 4784 -
1349 4748 1390 4798 20.
1408 4748 1493 4810 ttwoc
1509 4747 1545 4798 aa

221 4825 317 4890 [Madv.
335 4837 362 4890 p.
380 4823 452 4889 all:
470 4825 544 4888 idque
560 4825 625 4876 dett.
644 4826 672 4876 0.
693 4849 720 4862 ·-
748 4826 769 4876 ιι·
786 4827 885 4890 quondo
902 4829 1001 4876 taceam
1018 4823 1082 4874 dett.
1100 4824 1130 4875 0.
1151 4851 1177 4861 -
1197 4827 1250 4874 tom
1265 4824 1298 4875 a:
1316 4828 1375 4874 torre
1390 4818 1447 4872 rell.
1466 4821 1495 4871 0.
1516 4847 1544 4856 -

220 4900 262 4955 23.
281 4913 314 4951 ee
330 4900 376 4951 roc
390 4901 469 4964 Lagg.
488 4926 516 4936 —
535 4899 576 4951 44.
594 4913 644 4950 sess
654 4926 691 4937 --
703 4913 759 4951 acm
776 4914 828 4953 om.
847 4900 897 4960 a3;
916 4899 942 4951 in
959 4902 979 4951 44
997 4900 1112 4965 spatium
1128 4899 1209 4950 trlum
1224 4910 1352 4951 versuum
1368 4907 1486 4947 vacuum
1502 4909 1547 4948 re-

220 4977 314 5030 lictum
331 4975 381 5026 est.
395 5001 423 5012 -
441 4973 482 5026 26.
496 4979 556 5027 essct
572 4975 668 5025 tametsi
683 4976 841 5026 Pocdocoeor
851 4977 880 5026 a.
894 5002 922 5010 -
941 4975 981 5025 44.
994 4987 1045 5025 non
1057 4973 1163 5037 ρήιιιιι·
1177 4973 1306 5024 decoram
1316 4973 1378 5037 ng.
1392 4996 1419 5006 -
1439 4969 1480 5020 48.
1493 4974 1547 5022 tora

221 5053 243 5105 ll
254 5051 301 5103 Ld.
314 5053 403 5116 lagga
422 5047 506 5102 mcci
519 5053 551 5102 ot
565 5051 589 5102 2.
605 5078 631 5087 -
651 5051 792 5114 adprobem
802 5051 864 5100 44.-
882 5049 923 5099 34.
939 5049 1083 5114 prisacam
1094 5050 1123 5110 a,
1135 5049 1151 5100 2
1163 5047 1242 5100 codd.
1254 5045 1384 5108 lambini,
1396 5043 1455 5096 bd:
1469 5045 1546 5109 prio-

222 5128 315 5194 ctptwo
331 5129 364 5180 Gt
379 5129 405 5194 i,
417 5128 532 5194 Lagg.—
551 5127 671 5180 sesamis
687 5126 764 5192 Lgtt.
776 5154 804 5165 -
822 5124 899 5177 soleat
910 5124 954 5187 Gt,
967 5124 1071 5178 tcodd.
1083 5123 1219 5176 Lambini:
1238 5122 1451 5186 soletum.-
1470 5120 1544 5187 qood]
