3638 5868
329 435 391 502 360
699 435 742 499 ΙΝ
762 433 930 501 VERREM
949 432 1071 500 ACTIO
1095 434 1278 502 SECUNDA

329 629 424 696 qnam
446 607 536 672 illum
558 625 668 690 aprum
689 604 927 691 Erymanthium
948 605 1057 670 referri
1079 611 1232 690 oportere.
1270 606 1379 671 XLIV.
1401 603 1452 670 96.
1473 605 1563 674 Hanc
1584 609 1655 673 rir-

223 747 234 765 .
328 709 427 767 tutem
448 699 720 784 Agrigentinorum
741 699 851 762 imitati
873 706 946 764 sunt
965 702 1108 765 Assorini
1128 707 1254 784 postea,
1274 701 1338 787 riri
1345 700 1451 780 ,lqrtes
1473 709 1505 764 et
1524 699 1653 778 fideles,

328 795 385 860 sed
406 814 606 879 nequaqnam
635 813 677 856 ex
704 799 767 856 tam
794 793 899 876 ampla
925 814 1031 880 neque
1059 802 1124 859 tarn
1150 815 1191 858 ex
1211 794 1310 858 nobili
1331 795 1465 859 ciuitate.
1509 795 1652 882 Chrysas

328 897 376 954 est
397 889 514 962 amnis,
538 888 593 972 qui
613 906 670 970 per
690 887 910 951 Assorinorum
932 908 1023 971 agros
1044 890 1120 952 tluit
1163 890 1194 953 Is
1215 888 1298 973 apud
1321 889 1392 954 illos
1412 888 1545 955 habetur
1565 889 1651 955 deus

303 992 359 1048 oet
384 983 538 1065 religione
565 981 702 1045 maxima
730 981 850 1044 colitur.
900 983 1019 1047 Fanum
1048 983 1116 1046 eius
1144 990 1193 1046 est
1222 985 1254 1046 in
1283 1003 1358 1067 agro
1386 990 1514 1066 propter
1542 983 1651 1068 ipsam

325 1079 425 1153 dem,
457 1095 519 1160 qna
546 1076 662 1138 Assoro
684 1074 746 1138 itur
766 1075 919 1138 Hennam.
961 1077 997 1140 ln
1020 1097 1058 1142 eo
1082 1078 1219 1162 Chrysae
1241 1078 1439 1142 simulacrum
1460 1083 1523 1152 est,
1553 1097 1652 1161 prae·

326 1170 409 1236 clare
429 1169 544 1234 sactum
567 1190 584 1232 e
606 1188 770 1232 marmore.
812 1169 849 1231 Id
869 1172 927 1233 iste
954 1191 1082 1255 poscere
1103 1173 1270 1235 Assorinos
1298 1178 1426 1254 propter
1455 1170 1650 1253 singularem

326 1267 394 1330 eins
414 1264 481 1328 lani
500 1264 682 1347 religionem
703 1282 769 1326 non
790 1283 885 1327 ausus
906 1270 971 1328 est:
994 1266 1175 1350 Tlepolemo
1197 1265 1251 1328 dal
1271 1272 1303 1328 et
1322 1265 1452 1328 llieroni
1473 1267 1648 1348 neptium.

325 1359 376 1423 llli
398 1366 492 1424 noctu
512 1357 596 1422 lacta
616 1376 710 1420 manu
732 1365 912 1441 armataque
934 1361 1079 1423 veniunt:
1100 1359 1184 1423 fores
1206 1359 1293 1424 aedis
1316 1360 1498 1442 effringunt:
1524 1359 1649 1424 audituri

183 1449 213 1552 ζ
289 1473 317 1520 44
326 1454 535 1536 custodesque
556 1458 677 1514 mature
700 1451 856 1536 sentiunt:
878 1454 1012 1536 signum,
1035 1453 1120 1537 quod
1143 1462 1210 1517 erat
1224 1460 1332 1516 notum
1346 1454 1508 1530 vicinitati,
1529 1454 1649 1520 bucina

325 1548 430 1612 datur:
462 1545 606 1610 homines
636 1565 675 1608 ex
704 1547 786 1628 agn's
817 1555 1020 1611 concurrunt:
1052 1548 1172 1611 eiicitur
1201 1547 1389 1632 fugaturque
1421 1548 1645 1632 Tlepolemus:

324 1663 432 1727 neque
460 1640 631 1725 quidquam
660 1661 702 1704 ex
727 1638 801 1703 lano
832 1641 968 1725 Chrysae
996 1649 1117 1725 praeter
1145 1663 1241 1705 unum
1270 1643 1490 1725 perparvulum
1516 1645 1646 1726 sigim

325 1757 366 1801 ex
387 1756 460 1800 aere
482 1734 693 1799 desideratum
716 1742 773 1798 est.
810 1731 860 1796 97.
882 1737 989 1798 Matris
1010 1755 1140 1818 magnae
1160 1734 1268 1798 lanum
1289 1735 1374 1819 apud
1395 1737 1556 1820 Enguinos
1578 1745 1644 1814 est;

324 1831 386 1894 iam
408 1829 493 1892 enim
514 1829 591 1892 mihi
611 1849 675 1893 non
697 1830 791 1894 modo
811 1829 949 1892 breviter
969 1829 1009 1894 de
1030 1851 1095 1895 uno
1114 1850 1244 1914 quoque
1265 1830 1448 1906 dicendum,
1470 1832 1526 1895 scd
1548 1833 1644 1896 ctiam

288 1923 555 2010 repraetereunda
574 1923 721 1987 videntur
742 1944 813 1987 esse
841 1925 1011 2007 permulta,
1044 1931 1079 1988 ut
1099 1924 1139 1987 ad
1168 1925 1287 1988 maiora
1307 1925 1397 1988 istius
1419 1932 1451 1989 et
1470 1924 1644 1989 illustriora

323 2021 357 2082 in
379 2019 440 2083 hoc
462 2037 578 2100 genere
598 2015 682 2080 turta
703 2023 736 2080 et
756 2017 875 2082 scelera
896 2019 1069 2082 veniamus.
1104 2019 1141 2081 ln
1162 2017 1315 2082 hortano
1337 2019 1449 2082 loricas
1471 2018 1643 2102 galeasque

324 2132 448 2188 aeneas,
471 2111 607 2178 caelatas
630 2130 724 2195 opere
748 2111 919 2186 Corinthio,
941 2112 1134 2198 hydriasque
1162 2112 1312 2195 grandes,
1340 2113 1435 2177 simili
1462 2115 1497 2177 in
1526 2133 1643 2197 genere

322 2215 420 2292 atque
442 2205 553 2271 eadem
574 2211 639 2270 arte
662 2205 832 2289 perfectas,
863 2205 948 2270 idem
972 2206 1027 2272 ille
1050 2208 1167 2290 Scipio,
1200 2209 1248 2270 vir
1268 2208 1414 2271 omnibus
1436 2207 1530 2274 rebus
1550 2228 1643 2290 prae·

324 2301 584 2374 callentissimus,
606 2307 754 2384 posuerat
775 2307 808 2363 et
829 2320 919 2364 suum
941 2321 1055 2364 nomon
1076 2301 1286 2384 inscripserat.
1329 2300 1413 2377 Quid
1435 2302 1498 2365 iam
1520 2301 1560 2365 de
1580 2303 1641 2366 isto

286 2397 415 2480 noplura
438 2394 539 2459 dicam
561 2403 616 2457 aut
636 2395 773 2478 quereri
817 2394 931 2457 Omnia
951 2394 1023 2469 illa,
1047 2395 1176 2470 iudices,
1198 2394 1340 2459 ebetudit:
1362 2395 1440 2458 nihil
1462 2395 1495 2458 in
1516 2395 1642 2478 religio-

324 2492 447 2555 sissimo
469 2490 543 2553 fano
566 2496 691 2572 praeter
719 2489 850 2571 vestigia
878 2489 1013 2553 violatae
1040 2488 1199 2572 religionis
1228 2509 1408 2574 nomenque
1429 2491 1462 2552 P.
1485 2489 1640 2571 Scipionis

323 2584 461 2667 reliquit.
503 2583 647 2646 Hostium
670 2582 786 2664 spolia,
814 2591 1018 2647 monumenta
1038 2584 1276 2666 imperatorum,
1298 2583 1528 2669 decorantque
1550 2604 1640 2648 orna·

323 2684 429 2741 menta
448 2675 591 2740 fanorum
612 2675 744 2758 posthac
765 2676 815 2738 his
836 2676 1005 2757 praeclaris
1033 2678 1210 2740 nominibus
1237 2678 1358 2742 amissis
1380 2679 1413 2740 in
1434 2680 1640 2742 instrumento

154 2753 191 2850 Z
323 2779 419 2854 atquc
440 2770 474 2832 in
496 2769 692 2853 supellectile
713 2769 821 2832 Verris
843 2770 1096 2859 nominabuntur.
1139 2769 1189 2832 98.
1217 2774 1264 2834 Tu
1286 2771 1431 2836 videlicet
1451 2772 1537 2836 solus
1557 2773 1639 2836 rasis

285 2864 492 2933 seeorinthiis
515 2863 701 2926 delectaris?
723 2869 757 2927 tu
773 2862 858 2927 illius
873 2851 1235 2948 aeri's'temperationem,
1258 2873 1292 2929 tu
1306 2887 1437 2949 operum
1452 2867 1640 2931 lineamenta

323 2958 542 3024 sollertissime
563 2958 734 3041 perspiciet
768 2955 846 3020 haec
869 2957 974 3041 Scipio
996 2959 1048 3021 ille
1070 2980 1134 3023 non
1155 2959 1360 3042 intelligebat,
1381 2959 1639 3041 boquoctissi·

188 3033 223 3128 Ᾰ
322 3074 392 3118 mus
413 3060 508 3138 atque
529 3051 796 3115 humanissimus?
818 3059 852 3115 tu
874 3053 942 3114 sine
964 3052 1029 3115 ulla
1050 3053 1133 3115 bona
1154 3060 1230 3127 arte,
1253 3056 1321 3116 sine
1342 3053 1547 3130 humanitate,
1569 3054 1638 3118 sine

320 3147 464 3230 ingenio,
497 3147 565 3210 sine
591 3145 705 3209 litteris
734 3145 884 3228 intelligis
912 3152 944 3210 et
971 3145 1114 3209 iudicas‘l
1163 3147 1259 3223 Vide,
1287 3169 1327 3212 ne
1356 3147 1411 3212 ille
1442 3168 1506 3212 non
1535 3149 1638 3213 solum

322 3240 539 3326 temperantia,
562 3239 619 3302 sed
641 3240 735 3303 etiam
757 3239 965 3324 intelligentia
986 3249 1017 3303 te
1038 3249 1132 3324 atque
1154 3243 1242 3316 istos,
1265 3244 1319 3327 qui
1341 3263 1374 3306 se
1395 3243 1556 3326 elegantes
1577 3243 1639 3307 dici

284 3336 446 3410 accolunt,
468 3333 587 3397 vicerit.
629 3335 709 3398 Nam
738 3336 827 3418 quia,
858 3356 952 3419 quam
979 3335 1112 3418 pulchra
1133 3345 1253 3411 essent,
1284 3338 1492 3421 intelligebat,
1520 3339 1637 3403 idcirco

321 3429 517 3494 existimabat
546 3446 584 3492 ea
611 3447 676 3491 non
705 3427 744 3490 ad
776 3428 937 3494 hominum
965 3429 1137 3505 luxuriem,
1168 3431 1224 3494 sed
1252 3431 1291 3494 ad
1319 3441 1463 3495 ornatum
1491 3431 1637 3496 fanorum

320 3530 416 3607 atque
443 3522 631 3606 oppidorum
659 3540 729 3586 esse
755 3521 855 3599 lacta,
887 3530 922 3586 ut
950 3525 1084 3606 posteris
1114 3526 1228 3589 nostris
1258 3533 1460 3590 monumenta
1489 3526 1637 3610 religiosa

320 3637 389 3682 esse
413 3616 588 3681 rideantur.

384 3793 408 3842 4.
422 3790 623 3856 ceramicum]
640 3790 673 3842 ct.
686 3791 773 3851 Quint.
784 3790 827 3841 Vt.
840 3791 865 3852 3,
877 3793 917 3842 te.
933 3792 1115 3857 (aumantium
1126 3797 1165 3859 a.)
1177 3820 1204 3833 -
1224 3797 1248 3846 3.
1260 3808 1337 3858 aeque
1347 3809 1380 3846 ac
1396 3799 1448 3846 mm
1459 3797 1495 3847 69
1508 3796 1554 3848 hd.
1567 3796 1635 3860 igue

318 3867 359 3920 49.
380 3895 407 3905 -
425 3867 450 3919 i.
470 3867 641 3930 amoenam
656 3866 685 3917 lt.
706 3893 733 3902 -
752 3867 776 3917 e.
793 3867 868 3930 suoru
883 3868 913 3917 lt.
934 3896 961 3906 —
978 3881 1057 3932 prope
1073 3871 1117 3920 64.
1138 3897 1165 3906 -
1185 3872 1209 3921 6.
1227 3872 1317 3922 adsero
1333 3871 1363 3921 it.
1377 3896 1406 3909 -
1422 3872 1534 3922 Hennam
1550 3870 1632 3935 Lgttz

317 3945 417 3995 Eanum
433 3944 453 3994 lt
471 3943 500 3993 0.
519 3968 547 3978 -
566 3947 600 3994 eet
615 3942 697 3993 simut
716 3942 780 3992 dett.
800 3943 828 3993 0.
849 3970 877 3980 -
895 3944 919 3994 8.
938 3944 1061 4006 depoierso
1077 3945 1107 3995 lt.
1122 3970 1149 3982 -
1162 3946 1310 4008 Hieroutque
1325 3946 1394 4010 igit
1411 3946 1445 4006 03
1462 3946 1564 3996 liierout
1579 3959 1632 3997 om.

318 4023 341 4068 el
362 4018 377 4068 'l
400 4018 478 4082 Legg.
498 4043 527 4054 -
550 4017 575 4066 9.
593 4022 742 4080 amotoque
763 4015 858 4068 codd:
885 4020 1025 4080 maluique
1046 4019 1143 4072 Victor.
1163 4021 1239 4078 Ern.;
1261 4022 1353 4072 notum
1370 4023 1411 4071 est
1427 4019 1489 4072 illud
1505 4022 1634 4086 praetoris

317 4091 485 4144 interdictum
504 4092 552 4142 «de
567 4091 704 4142 iacinthus
719 4093 811 4142 conclis
826 4094 997 4155 amictuque»
1019 4107 1052 4144 ex
1069 4098 1133 4146 orat.
1151 4108 1177 4160 p.
1197 4097 1275 4147 cecc.
1294 4109 1317 4146 c.
1336 4097 1377 4147 94.
1397 4122 1423 4134 -
1443 4097 1552 4147 aeditimi
1569 4093 1632 4148 Geli.

317 4169 370 4219 illi.
394 4167 434 4217 49.
459 4167 601 4231 (mitelli.)
622 4196 649 4206 -
673 4167 715 4218 49.
737 4169 764 4218 in
785 4169 911 4220 Mallote
929 4168 1007 4233 hgin.
1028 4197 1055 4205 -
1074 4170 1163 4222 budae
1179 4173 1213 4222 it:
1239 4171 1343 4222 turrim
1363 4172 1392 4223 Ο.
1413 4198 1440 4208 -
1464 4172 1503 4222 43.
1524 4172 1635 4236 Egesioos

316 4243 368 4294 iili
380 4243 412 4294 64
428 4242 481 4303 Ld;
498 4244 617 4308 terquinos
632 4246 709 4309 Lagg.
726 4271 753 4280 -
767 4243 807 4295 ll.
826 4258 876 4294 uon
891 4245 964 4294 clodo
980 4243 1017 4293 br.
1035 4245 1095 4294 milri
1112 4247 1157 4298 63.
1172 4273 1199 4281 -
1214 4248 1342 4298 dicendum
1353 4246 1389 4297 443
1401 4247 1432 4296 E:
1451 4248 1499 4298 dio.
1517 4253 1552 4298 eet
1568 4248 1631 4312 dett,

316 4319 346 4369 0.
366 4344 394 4354 -
412 4318 454 4369 sed
470 4324 493 4369 et
509 4318 554 4369 63.
574 4345 602 4354 -
621 4318 661 4370 te.
680 4318 763 4368 inlaesi.
781 4321 810 4370 a.
831 4341 858 4356 —
879 4319 917 4369 47.
936 4319 1096 4383 ρναηάἱεείηιί
1121 4320 1157 4372 hii
1172 4322 1199 4370 iu
1214 4335 1239 4384 g.
1261 4323 1294 4382 lt;
1320 4323 1500 4386 promissione
1514 4323 1549 4373 liii
1565 4325 1591 4374 io
1605 4339 1631 4388 g.

316 4395 348 4444 64
361 4407 367 4451 ς
385 4394 567 4458 grandissimus
581 4394 609 4443 iu
624 4408 649 4457 g.
668 4395 703 4454 E;
721 4395 883 4458 mechumae
899 4394 934 4444 ilii
949 4395 976 4444 ia
991 4407 1016 4459 p.
1030 4395 1066 4444 69
1078 4395 1128 4456 Ld;
1145 4397 1250 4460 grundis
1265 4397 1340 4446 44414444
1354 4411 1443 4460 quaere
1453 4396 1478 4448 l.
1498 4401 1633 4452 Eiusmodi

315 4469 397 4519 miros
409 4482 513 4520 errores
525 4468 692 4520 librariorum
709 4470 743 4520 ad
760 4471 884 4521 codicum
900 4470 1028 4534 originem
1040 4473 1120 4536 atque
1137 4474 1322 4536 cognationem
1338 4474 1551 4538 perspiciendam
1567 4475 1633 4526 atie·

315 4545 408 4596 rimus.
429 4571 456 4582 —
474 4545 515 4596 t8.
534 4547 561 4596 ia
577 4546 663 4596 eodm
680 4551 734 4596 crte
751 4548 782 4598 Gt
805 4548 829 4598 9.
850 4573 877 4584 -
896 4546 979 4608 Scipio
995 4547 1032 4597 443
1049 4547 1082 4597 Ε;
1109 4548 1136 4598 Ρ,
1154 4549 1237 4611 Scipio
1258 4548 1323 4599 dett.
1342 4549 1370 4599 0.
1392 4572 1418 4585 -
1438 4548 1479 4599 49.
1501 4553 1633 4614 scripum

314 4619 360 4679 113,
379 4621 399 4670 E
415 4617 440 4671 l.
461 4647 489 4657 -
507 4621 548 4672 90.
567 4634 659 4682 queror
674 4623 752 4687 Lgtt.
773 4649 801 4660 -
820 4623 862 4674 99.
880 4622 987 4685 reliquid
1002 4623 1031 4672 lt.
1047 4650 1074 4659 -
1093 4623 1133 4674 93.
1151 4624 1278 4689 sonuum]
1294 4625 1354 4687 [ouo
1370 4625 1397 4675 P.
1414 4625 1444 4675 lt.
1459 4645 1487 4662 ἡ
1501 4632 1557 4688 pou
1572 4629 1633 4678 icoc

314 4696 360 4754 443,
379 4692 435 4746 ul.
463 4695 496 4746 cf.
516 4696 599 4747 llend.
618 4697 647 4747 Τ.
659 4698 701 4749 lV.
720 4711 746 4762 p.
760 4697 817 4749 tol.
833 4724 860 4735 -
878 4697 919 4750 et.
938 4699 1054 4760 alquale
1070 4699 1215 4761 supellectile
1230 4697 1278 4751 ill
1295 4701 1331 4750 69
1348 4699 1397 4750 el:
1415 4700 1443 4750 iu
1459 4714 1512 4753 om.
1531 4703 1563 4753 64
1584 4701 1630 4754 Ld.

315 4769 398 4834 1th
425 4784 457 4821 uo
472 4771 614 4834 aueuectili
630 4772 695 4823 deli.
713 4773 747 4833 0;
766 4778 841 4836 utque
860 4773 886 4823 io
902 4773 1087 4836 medullibus
1102 4775 1131 4826 E.
1152 4803 1177 4814 -
1201 4777 1283 4826 Verris
1299 4777 1319 4826 a
1337 4776 1368 4826 64
1390 4776 1423 4824 9;
1439 4778 1527 4828 cesima
1542 4779 1576 4838 E;
1602 4779 1629 4830 G.

317 4846 400 4896 Verris
415 4843 489 4898 ALd.
508 4845 572 4898 dett.
585 4847 613 4898 0.
632 4847 710 4910 proh.
727 4849 814 4900 hiadv.
828 4849 875 4912 Op.
887 4851 907 4900 1.
922 4864 948 4914 p.
961 4849 1018 4910 369,
1037 4851 1156 4916 ltrarupii
1168 4850 1305 4903 collatione
1317 4851 1415 4903 codicis
1426 4853 1488 4916 iteg.
1502 4853 1629 4913 confisum

315 4934 383 4986 quae
400 4933 481 4987 quam
496 4934 591 4987 parum
608 4923 732 4974 accurata
749 4925 790 4984 sil,
809 4923 836 4974 in
853 4924 1082 4976 commentatione
1098 4929 1188 4978 nostra
1206 4925 1334 4980 decodd.
1352 4924 1412 4976 libr.
1430 4928 1471 4978 lv.
1490 4930 1518 4978 et
1534 4929 1564 4979 V.
1582 4928 1630 4979 de-

314 4999 529 5050 monstravimus.
550 5025 578 5036 -
595 5000 793 5052 cunculcatur
810 5001 830 5051 0
847 5004 939 5052 contra
956 5001 1033 5054 codd.
1054 5004 1137 5052 notos.
1158 5029 1185 5040 -
1204 5003 1244 5054 95.
1263 5003 1385 5054 Mutia
1401 5002 1429 5053 lt.
1445 5028 1472 5039 -
1485 5003 1630 5054 liotcuuotc

313 5074 335 5125 li
351 5077 377 5124 et
393 5074 471 5138 lagg.
491 5097 519 5110 ·-
537 5075 578 5126 96.
596 5076 730 5127 ditemus
745 5077 1015 5140 amwoiomuusemu
1031 5077 1108 5142 igit.
1123 5103 1150 5114 —
1169 5078 1209 5130 97.
1227 5077 1292 5130 burc
1307 5090 1360 5130 om.
1379 5075 1459 5130 idem.
1474 5103 1503 5116 -
1521 5078 1561 5132 99.
1580 5078 1629 5132 elo-

312 5149 397 5215 goelis
411 5149 432 5200 a
448 5163 475 5216 p.
493 5162 530 5202 m.
550 5176 578 5188 -
596 5149 637 5202 30.
655 5152 716 5213 qula
733 5164 785 5204 om.
805 5150 869 5203 dett.
1135 5169 1137 5172 ·
1387 5197 1389 5204 .
