<?xml version="1.0" encoding="UTF-8"?>
<!DOCTYPE html PUBLIC "-//W3C//DTD XHTML 1.0 Transitional//EN"
    "http://www.w3.org/TR/xhtml1/DTD/xhtml1-transitional.dtd">
<html xmlns="http://www.w3.org/1999/xhtml" xml:lang="en" lang="en">
 <head>
  <title>
</title>
<meta http-equiv="Content-Type" content="text/html;charset=utf-8" />
  <meta name='ocr-system' content='tesseract 3.04.00' />
  <meta name='ocr-capabilities' content='ocr_page ocr_carea ocr_par ocr_line ocrx_word'/>
</head>
<body>
  <div class='ocr_page' id='page_1' title='image "./mtulliiciceroni00baitgoog_0023.png"; bbox 0 0 3710 5858; ppageno 0'>
   <div class='ocr_carea' id='block_1_1' title="bbox 228 615 1553 3156">
    <p class='ocr_par' dir='ltr' id='par_1_1' title="bbox 228 615 1553 3156">
     <span class='ocr_line' id='line_1_1' title="bbox 228 615 1550 703; baseline 0.002 -19"><span class='ocrx_word' id='word_1_1' title='bbox 228 617 272 684; x_wconf 89' lang='lat' dir='ltr'><strong>ad</strong></span> <span class='ocrx_word' id='word_1_2' title='bbox 294 635 411 686; x_wconf 83' lang='lat' dir='ltr'><strong>manus</strong></span> <span class='ocrx_word' id='word_1_3' title='bbox 432 617 523 702; x_wconf 88' lang='lat' dir='ltr'><strong>erat,</strong></span> <span class='ocrx_word' id='word_1_4' title='bbox 545 634 641 703; x_wconf 82' lang='lat' dir='ltr'><strong>quam</strong></span> <span class='ocrx_word' id='word_1_5' title='bbox 656 615 824 694; x_wconf 73' lang='lat' dir='ltr'><strong>debemus</strong></span> <span class='ocrx_word' id='word_1_6' title='bbox 836 615 1004 696; x_wconf 73' lang='lat' dir='ltr'><strong>amicitiae</strong></span> <span class='ocrx_word' id='word_1_7' title='bbox 1016 615 1149 685; x_wconf 76' lang='lat' dir='ltr'><strong>cauom</strong></span> <span class='ocrx_word' id='word_1_8' title='bbox 1163 615 1335 689; x_wconf 76' lang='lat' dir='ltr'><strong>numum</strong></span> <span class='ocrx_word' id='word_1_9' title='bbox 1353 620 1390 684; x_wconf 86' lang='lat' dir='ltr'><strong>et</strong></span> <span class='ocrx_word' id='word_1_10' title='bbox 1402 615 1550 688; x_wconf 75' lang='lat' dir='ltr'><strong>timaus</strong></span> 
     </span>
     <span class='ocr_line' id='line_1_2' title="bbox 229 739 1550 829; baseline 0 -21"><span class='ocrx_word' id='word_1_11' title='bbox 229 740 425 824; x_wconf 74' lang='lat' dir='ltr'><strong>itruuucxn,</strong></span> <span class='ocrx_word' id='word_1_12' title='bbox 453 739 508 826; x_wconf 84' lang='lat' dir='ltr'><strong>qui</strong></span> <span class='ocrx_word' id='word_1_13' title='bbox 537 757 729 825; x_wconf 81' lang='lat' dir='ltr'><strong>quamquam</strong></span> <span class='ocrx_word' id='word_1_14' title='bbox 758 739 829 804; x_wconf 86' lang='lat' dir='ltr'><strong>suis</strong></span> <span class='ocrx_word' id='word_1_15' title='bbox 850 739 998 827; x_wconf 82' lang='lat' dir='ltr'><strong>negotiis</strong></span> <span class='ocrx_word' id='word_1_16' title='bbox 1017 739 1225 829; x_wconf 79' lang='lat' dir='ltr'><strong>gravissimis</strong></span> <span class='ocrx_word' id='word_1_17' title='bbox 1245 739 1373 811; x_wconf 78' lang='lat' dir='ltr'><strong>Romae</strong></span> <span class='ocrx_word' id='word_1_18' title='bbox 1395 743 1550 829; x_wconf 88' lang='lat' dir='ltr'><strong>occupati</strong></span> 
     </span>
     <span class='ocr_line' id='line_1_3' title="bbox 230 861 1550 951; baseline 0.002 -21"><span class='ocrx_word' id='word_1_19' title='bbox 230 866 340 937; x_wconf 89' lang='lat' dir='ltr'><strong>erant,</strong></span> <span class='ocrx_word' id='word_1_20' title='bbox 368 865 478 930; x_wconf 86' lang='lat' dir='ltr'><strong>tamen</strong></span> <span class='ocrx_word' id='word_1_21' title='bbox 509 861 578 928; x_wconf 89' lang='lat' dir='ltr'><strong>boc·</strong></span> <span class='ocrx_word' id='word_1_22' title='bbox 601 879 718 928; x_wconf 87' lang='lat' dir='ltr'><strong>munus</strong></span> <span class='ocrx_word' id='word_1_23' title='bbox 745 861 780 925; x_wconf 93' lang='lat' dir='ltr'><strong>in</strong></span> <span class='ocrx_word' id='word_1_24' title='bbox 810 879 848 926; x_wconf 91' lang='lat' dir='ltr'><strong>se</strong></span> <span class='ocrx_word' id='word_1_25' title='bbox 873 861 1025 948; x_wconf 89' lang='lat' dir='ltr'><strong>recipere</strong></span> <span class='ocrx_word' id='word_1_26' title='bbox 1051 863 1275 951; x_wconf 75' lang='lat' dir='ltr'><strong>congrecati</strong></span> <span class='ocrx_word' id='word_1_27' title='bbox 1296 866 1387 930; x_wconf 60' lang='lat' dir='ltr'><strong>sunt*</strong></span> <span class='ocrx_word' id='word_1_28' title='bbox 1427 864 1550 932; x_wconf 82' lang='lat' dir='ltr'><strong>iiorum</strong></span> 
     </span>
     <span class='ocr_line' id='line_1_4' title="bbox 230 982 1551 1078; baseline 0.002 -27"><span class='ocrx_word' id='word_1_29' title='bbox 230 984 484 1076; x_wconf 80' lang='lat' dir='ltr'><strong>diligentissima</strong></span> <span class='ocrx_word' id='word_1_30' title='bbox 515 1003 625 1068; x_wconf 85' lang='lat' dir='ltr'><strong>opera</strong></span> <span class='ocrx_word' id='word_1_31' title='bbox 648 985 800 1052; x_wconf 80' lang='lat' dir='ltr'><strong>effectum</strong></span> <span class='ocrx_word' id='word_1_32' title='bbox 828 985 897 1070; x_wconf 90' lang='lat' dir='ltr'><strong>est,</strong></span> <span class='ocrx_word' id='word_1_33' title='bbox 926 985 965 1048; x_wconf 92' lang='lat' dir='ltr'><strong>ut</strong></span> <span class='ocrx_word' id='word_1_34' title='bbox 996 982 1129 1053; x_wconf 90' lang='lat' dir='ltr'><strong>tandem</strong></span> <span class='ocrx_word' id='word_1_35' title='bbox 1152 983 1250 1052; x_wconf 90' lang='lat' dir='ltr'><strong>buius</strong></span> <span class='ocrx_word' id='word_1_36' title='bbox 1271 1004 1403 1078; x_wconf 82' lang='lat' dir='ltr'><strong>quoque</strong></span> <span class='ocrx_word' id='word_1_37' title='bbox 1425 985 1551 1056; x_wconf 91' lang='lat' dir='ltr'><strong>codicis</strong></span> 
     </span>
     <span class='ocr_line' id='line_1_5' title="bbox 228 1106 1549 1194; baseline 0.002 -20"><span class='ocrx_word' id='word_1_38' title='bbox 228 1109 393 1176; x_wconf 88' lang='lat' dir='ltr'><strong>lectiones</strong></span> <span class='ocrx_word' id='word_1_39' title='bbox 421 1109 579 1176; x_wconf 80' lang='lat' dir='ltr'><strong>accurate</strong></span> <span class='ocrx_word' id='word_1_40' title='bbox 608 1108 913 1194; x_wconf 81' lang='lat' dir='ltr'><strong>cognoscerentur;</strong></span> <span class='ocrx_word' id='word_1_41' title='bbox 942 1123 1017 1172; x_wconf 88' lang='lat' dir='ltr'><strong>nam</strong></span> <span class='ocrx_word' id='word_1_42' title='bbox 1045 1125 1134 1174; x_wconf 90' lang='lat' dir='ltr'><strong>nunc</strong></span> <span class='ocrx_word' id='word_1_43' title='bbox 1160 1106 1289 1193; x_wconf 80' lang='lat' dir='ltr'><strong>quidem</strong></span> <span class='ocrx_word' id='word_1_44' title='bbox 1316 1110 1375 1176; x_wconf 87' lang='lat' dir='ltr'><strong>vix</strong></span> <span class='ocrx_word' id='word_1_45' title='bbox 1397 1111 1464 1176; x_wconf 91' lang='lat' dir='ltr'><strong>uiia</strong></span> <span class='ocrx_word' id='word_1_46' title='bbox 1486 1110 1549 1176; x_wconf 88' lang='lat' dir='ltr'><strong>iam</strong></span> 
     </span>
     <span class='ocr_line' id='line_1_6' title="bbox 228 1227 1552 1315; baseline 0.003 -19"><span class='ocrx_word' id='word_1_47' title='bbox 228 1231 304 1298; x_wconf 92' lang='lat' dir='ltr'><strong>ioco</strong></span> <span class='ocrx_word' id='word_1_48' title='bbox 334 1229 497 1297; x_wconf 77' lang='lat' dir='ltr'><strong>dubitatio</strong></span> <span class='ocrx_word' id='word_1_49' title='bbox 525 1232 682 1315; x_wconf 82' lang='lat' dir='ltr'>superest</span> <span class='ocrx_word' id='word_1_50' title='bbox 712 1227 790 1314; x_wconf 80' lang='lat' dir='ltr'><strong>quid</strong></span> <span class='ocrx_word' id='word_1_51' title='bbox 817 1229 852 1294; x_wconf 89' lang='lat' dir='ltr'><strong>in</strong></span> <span class='ocrx_word' id='word_1_52' title='bbox 879 1227 997 1298; x_wconf 92' lang='lat' dir='ltr'><strong>codice</strong></span> <span class='ocrx_word' id='word_1_53' title='bbox 1022 1231 1183 1315; x_wconf 86' lang='lat' dir='ltr'><strong>scriptum</strong></span> <span class='ocrx_word' id='word_1_54' title='bbox 1204 1235 1326 1298; x_wconf 87' lang='lat' dir='ltr'><strong>exstet.</strong></span> <span class='ocrx_word' id='word_1_55' title='bbox 1367 1231 1552 1300; x_wconf 86' lang='lat' dir='ltr'><strong>Praeterea</strong></span> 
     </span>
     <span class='ocr_line' id='line_1_7' title="bbox 230 1349 1549 1448; baseline 0.004 -30"><span class='ocrx_word' id='word_1_56' title='bbox 230 1351 436 1419; x_wconf 89' lang='lat' dir='ltr'><strong>adhibuimus</strong></span> <span class='ocrx_word' id='word_1_57' title='bbox 457 1355 616 1438; x_wconf 85' lang='lat' dir='ltr'><strong>quattuor</strong></span> <span class='ocrx_word' id='word_1_58' title='bbox 636 1349 770 1420; x_wconf 91' lang='lat' dir='ltr'><strong>codices</strong></span> <span class='ocrx_word' id='word_1_59' title='bbox 791 1351 935 1448; x_wconf 86' lang='lat' dir='ltr'><strong>iomiiice</strong></span> <span class='ocrx_word' id='word_1_60' title='bbox 956 1349 1191 1427; x_wconf 80' lang='lat' dir='ltr'><strong>Germanicae,</strong></span> <span class='ocrx_word' id='word_1_61' title='bbox 1212 1354 1311 1420; x_wconf 89' lang='lat' dir='ltr'><strong>unius</strong></span> <span class='ocrx_word' id='word_1_62' title='bbox 1331 1355 1407 1422; x_wconf 89' lang='lat' dir='ltr'><strong>iiias</strong></span> <span class='ocrx_word' id='word_1_63' title='bbox 1420 1353 1549 1442; x_wconf 80' lang='lat' dir='ltr'><strong>quidem</strong></span> 
     </span>
     <span class='ocr_line' id='line_1_8' title="bbox 230 1472 1551 1566; baseline 0.005 -27"><span class='ocrx_word' id='word_1_64' title='bbox 230 1473 450 1558; x_wconf 75' lang='lat' dir='ltr'><strong>recensionis,</strong></span> <span class='ocrx_word' id='word_1_65' title='bbox 473 1472 534 1540; x_wconf 89' lang='lat' dir='ltr'><strong>sed</strong></span> <span class='ocrx_word' id='word_1_66' title='bbox 556 1474 645 1540; x_wconf 92' lang='lat' dir='ltr'><strong>inter</strong></span> <span class='ocrx_word' id='word_1_67' title='bbox 666 1493 704 1539; x_wconf 86' lang='lat' dir='ltr'><strong>se</strong></span> <span class='ocrx_word' id='word_1_68' title='bbox 725 1491 847 1563; x_wconf 79' lang='lat' dir='ltr'><strong>magno</strong></span> <span class='ocrx_word' id='word_1_69' title='bbox 872 1492 974 1558; x_wconf 89' lang='lat' dir='ltr'><strong>opere</strong></span> <span class='ocrx_word' id='word_1_70' title='bbox 996 1472 1239 1560; x_wconf 74' lang='lat' dir='ltr'><strong>discrepantes,</strong></span> <span class='ocrx_word' id='word_1_71' title='bbox 1264 1475 1551 1566; x_wconf 80' lang='lat' dir='ltr'><strong>&#39;iegernseen-</strong></span> 
     </span>
     <span class='ocr_line' id='line_1_9' title="bbox 230 1593 1551 1686; baseline 0.005 -24"><span class='ocrx_word' id='word_1_72' title='bbox 230 1615 319 1684; x_wconf 88' lang='lat' dir='ltr'><strong>sem,</strong></span> <span class='ocrx_word' id='word_1_73' title='bbox 333 1594 472 1663; x_wconf 89' lang='lat' dir='ltr'><strong>eundem</strong></span> <span class='ocrx_word' id='word_1_74' title='bbox 487 1593 530 1662; x_wconf 92' lang='lat' dir='ltr'><strong>de</strong></span> <span class='ocrx_word' id='word_1_75' title='bbox 546 1614 610 1681; x_wconf 88' lang='lat' dir='ltr'><strong>que</strong></span> <span class='ocrx_word' id='word_1_76' title='bbox 625 1613 728 1682; x_wconf 86' lang='lat' dir='ltr'><strong>supra</strong></span> <span class='ocrx_word' id='word_1_77' title='bbox 750 1617 782 1681; x_wconf 90' lang='lat' dir='ltr'><strong>p.</strong></span> <span class='ocrx_word' id='word_1_78' title='bbox 794 1595 827 1662; x_wconf 85' lang='lat' dir='ltr'><strong>V</strong></span> <span class='ocrx_word' id='word_1_79' title='bbox 849 1594 1000 1684; x_wconf 83' lang='lat' dir='ltr'><strong>diximus,</strong></span> <span class='ocrx_word' id='word_1_80' title='bbox 1023 1596 1300 1685; x_wconf 85' lang='lat' dir='ltr'><strong>Beruensem,</strong></span> <span class='ocrx_word' id='word_1_81' title='bbox 1321 1618 1386 1686; x_wconf 84' lang='lat' dir='ltr'><strong>quo</strong></span> <span class='ocrx_word' id='word_1_82' title='bbox 1402 1601 1465 1666; x_wconf 88' lang='lat' dir='ltr'><strong>iam</strong></span> <span class='ocrx_word' id='word_1_83' title='bbox 1480 1594 1551 1668; x_wconf 80' lang='lat' dir='ltr'><strong>Ca-</strong></span> 
     </span>
     <span class='ocr_line' id='line_1_10' title="bbox 229 1715 1551 1810; baseline 0.003 -24"><span class='ocrx_word' id='word_1_84' title='bbox 229 1721 322 1786; x_wconf 88' lang='lat' dir='ltr'><strong>roius</strong></span> <span class='ocrx_word' id='word_1_85' title='bbox 335 1715 531 1805; x_wconf 84' lang='lat' dir='ltr'><strong>Stephanus</strong></span> <span class='ocrx_word' id='word_1_86' title='bbox 547 1739 628 1792; x_wconf 89' lang='lat' dir='ltr'><strong>usus</strong></span> <span class='ocrx_word' id='word_1_87' title='bbox 643 1723 712 1804; x_wconf 90' lang='lat' dir='ltr'><strong>est,</strong></span> <span class='ocrx_word' id='word_1_88' title='bbox 733 1717 1106 1810; x_wconf 80' lang='lat' dir='ltr'><strong>Bambergensem,</strong></span> <span class='ocrx_word' id='word_1_89' title='bbox 1128 1718 1371 1808; x_wconf 79' lang='lat' dir='ltr'><strong>Gudianum,</strong></span> <span class='ocrx_word' id='word_1_90' title='bbox 1392 1723 1448 1809; x_wconf 86' lang='lat' dir='ltr'><strong>qui</strong></span> <span class='ocrx_word' id='word_1_91' title='bbox 1462 1741 1551 1791; x_wconf 91' lang='lat' dir='ltr'><strong>nunc</strong></span> 
     </span>
     <span class='ocr_line' id='line_1_11' title="bbox 230 1840 1552 1936; baseline 0.002 -26"><span class='ocrx_word' id='word_1_92' title='bbox 230 1843 348 1910; x_wconf 89' lang='lat' dir='ltr'><strong>estin</strong></span> <span class='ocrx_word' id='word_1_93' title='bbox 378 1841 581 1910; x_wconf 82' lang='lat' dir='ltr'><strong>bibliothece</strong></span> <span class='ocrx_word' id='word_1_94' title='bbox 610 1840 934 1928; x_wconf 84' lang='lat' dir='ltr'><strong>WoiienbutteIanu.</strong></span> <span class='ocrx_word' id='word_1_95' title='bbox 985 1840 1187 1930; x_wconf 77' lang='lat' dir='ltr'><strong>Quamquam</strong></span> <span class='ocrx_word' id='word_1_96' title='bbox 1221 1841 1253 1909; x_wconf 86' lang='lat' dir='ltr'><strong>iri</strong></span> <span class='ocrx_word' id='word_1_97' title='bbox 1285 1843 1420 1912; x_wconf 89' lang='lat' dir='ltr'><strong>codices</strong></span> <span class='ocrx_word' id='word_1_98' title='bbox 1448 1845 1552 1936; x_wconf 82' lang='lat' dir='ltr'><strong>iunge</strong></span> 
     </span>
     <span class='ocr_line' id='line_1_12' title="bbox 231 1957 1551 2055; baseline 0.003 -24"><span class='ocrx_word' id='word_1_99' title='bbox 231 1966 384 2032; x_wconf 90' lang='lat' dir='ltr'><strong>meliores</strong></span> <span class='ocrx_word' id='word_1_100' title='bbox 410 1969 488 2031; x_wconf 88' lang='lat' dir='ltr'><strong>sunt</strong></span> <span class='ocrx_word' id='word_1_101' title='bbox 516 1983 612 2052; x_wconf 84' lang='lat' dir='ltr'><strong>quam</strong></span> <span class='ocrx_word' id='word_1_102' title='bbox 639 1965 799 2055; x_wconf 83' lang='lat' dir='ltr'><strong>vulgares</strong></span> <span class='ocrx_word' id='word_1_103' title='bbox 826 1964 952 2051; x_wconf 86' lang='lat' dir='ltr'><strong>ltsiici,</strong></span> <span class='ocrx_word' id='word_1_104' title='bbox 983 1982 1121 2049; x_wconf 86' lang='lat' dir='ltr'><strong>quorum</strong></span> <span class='ocrx_word' id='word_1_105' title='bbox 1142 1985 1242 2032; x_wconf 87' lang='lat' dir='ltr'><strong>unum</strong></span> <span class='ocrx_word' id='word_1_106' title='bbox 1262 1965 1374 2033; x_wconf 67' lang='lat' dir='ltr'><strong>liuns</strong></span> <span class='ocrx_word' id='word_1_107' title='bbox 1394 1957 1551 2050; x_wconf 68' lang='lat' dir='ltr'><strong>Annum,</strong></span> 
     </span>
     <span class='ocr_line' id='line_1_13' title="bbox 230 2085 1552 2175; baseline 0.002 -21"><span class='ocrx_word' id='word_1_108' title='bbox 230 2089 285 2154; x_wconf 87' lang='lat' dir='ltr'><strong>vir</strong></span> <span class='ocrx_word' id='word_1_109' title='bbox 306 2087 534 2174; x_wconf 88' lang='lat' dir='ltr'><strong>doctissimus,</strong></span> <span class='ocrx_word' id='word_1_110' title='bbox 555 2106 599 2154; x_wconf 87' lang='lat' dir='ltr'><strong>ex</strong></span> <span class='ocrx_word' id='word_1_111' title='bbox 623 2086 786 2155; x_wconf 87' lang='lat' dir='ltr'><strong>Hibernia</strong></span> <span class='ocrx_word' id='word_1_112' title='bbox 810 2085 1048 2175; x_wconf 79' lang='lat' dir='ltr'><strong>benignissime</strong></span> <span class='ocrx_word' id='word_1_113' title='bbox 1069 2086 1198 2155; x_wconf 80' lang='lat' dir='ltr'><strong>ednas</strong></span> <span class='ocrx_word' id='word_1_114' title='bbox 1220 2089 1419 2175; x_wconf 75' lang='lat' dir='ltr'><strong>transmisit,</strong></span> <span class='ocrx_word' id='word_1_115' title='bbox 1440 2092 1552 2156; x_wconf 88' lang='lat' dir='ltr'><strong>tamen</strong></span> 
     </span>
     <span class='ocr_line' id='line_1_14' title="bbox 230 2210 1553 2296; baseline 0.003 -22"><span class='ocrx_word' id='word_1_116' title='bbox 230 2211 265 2277; x_wconf 93' lang='lat' dir='ltr'><strong>in</strong></span> <span class='ocrx_word' id='word_1_117' title='bbox 287 2212 328 2277; x_wconf 93' lang='lat' dir='ltr'><strong>iis</strong></span> <span class='ocrx_word' id='word_1_118' title='bbox 347 2210 463 2278; x_wconf 88' lang='lat' dir='ltr'><strong>irarum</strong></span> <span class='ocrx_word' id='word_1_119' title='bbox 478 2211 662 2277; x_wconf 89' lang='lat' dir='ltr'><strong>orationum</strong></span> <span class='ocrx_word' id='word_1_120' title='bbox 685 2210 852 2296; x_wconf 88' lang='lat' dir='ltr'><strong>partibus,</strong></span> <span class='ocrx_word' id='word_1_121' title='bbox 875 2227 960 2295; x_wconf 85' lang='lat' dir='ltr'><strong>quae</strong></span> <span class='ocrx_word' id='word_1_122' title='bbox 973 2212 1109 2276; x_wconf 86' lang='lat' dir='ltr'><strong>exstant</strong></span> <span class='ocrx_word' id='word_1_123' title='bbox 1129 2211 1163 2278; x_wconf 92' lang='lat' dir='ltr'><strong>in</strong></span> <span class='ocrx_word' id='word_1_124' title='bbox 1177 2211 1356 2288; x_wconf 85' lang='lat' dir='ltr'><strong>Vaticano,</strong></span> <span class='ocrx_word' id='word_1_125' title='bbox 1378 2231 1446 2278; x_wconf 90' lang='lat' dir='ltr'><strong>non</strong></span> <span class='ocrx_word' id='word_1_126' title='bbox 1464 2213 1553 2278; x_wconf 88' lang='lat' dir='ltr'><strong>mui-</strong></span> 
     </span>
     <span class='ocr_line' id='line_1_15' title="bbox 230 2331 1552 2402; baseline 0.002 -3"><span class='ocrx_word' id='word_1_127' title='bbox 230 2336 298 2400; x_wconf 88' lang='lat' dir='ltr'><strong>tum</strong></span> <span class='ocrx_word' id='word_1_128' title='bbox 319 2333 364 2400; x_wconf 95' lang='lat' dir='ltr'><strong>ad</strong></span> <span class='ocrx_word' id='word_1_129' title='bbox 383 2353 567 2402; x_wconf 85' lang='lat' dir='ltr'><strong>sermonem</strong></span> <span class='ocrx_word' id='word_1_130' title='bbox 587 2331 825 2400; x_wconf 87' lang='lat' dir='ltr'><strong>emendandum</strong></span> <span class='ocrx_word' id='word_1_131' title='bbox 846 2332 998 2402; x_wconf 78' lang='lat' dir='ltr'><strong>afferunt.</strong></span> <span class='ocrx_word' id='word_1_132' title='bbox 1041 2332 1151 2399; x_wconf 75' lang='lat' dir='ltr'><strong>Tanto</strong></span> <span class='ocrx_word' id='word_1_133' title='bbox 1173 2335 1327 2401; x_wconf 85' lang='lat' dir='ltr'><strong>maiorem</strong></span> <span class='ocrx_word' id='word_1_134' title='bbox 1349 2334 1493 2402; x_wconf 89' lang='lat' dir='ltr'><strong>iruetum</strong></span> <span class='ocrx_word' id='word_1_135' title='bbox 1508 2353 1552 2402; x_wconf 83' lang='lat' dir='ltr'><strong>ex</strong></span> 
     </span>
     <span class='ocr_line' id='line_1_16' title="bbox 230 2433 1551 2542; baseline 0.002 -21"><span class='ocrx_word' id='word_1_136' title='bbox 230 2457 272 2522; x_wconf 89' lang='lat' dir='ltr'><strong>iis</strong></span> <span class='ocrx_word' id='word_1_137' title='bbox 292 2457 501 2542; x_wconf 84' lang='lat' dir='ltr'><strong>percepimus</strong></span> <span class='ocrx_word' id='word_1_138' title='bbox 523 2457 557 2521; x_wconf 88' lang='lat' dir='ltr'><strong>in</strong></span> <span class='ocrx_word' id='word_1_139' title='bbox 578 2433 645 2522; x_wconf 87' lang='lat' dir='ltr'><strong>iliis</strong></span> <span class='ocrx_word' id='word_1_140' title='bbox 667 2458 852 2522; x_wconf 89' lang='lat' dir='ltr'><strong>orationum</strong></span> <span class='ocrx_word' id='word_1_141' title='bbox 873 2455 1041 2541; x_wconf 89' lang='lat' dir='ltr'><strong>partibus,</strong></span> <span class='ocrx_word' id='word_1_142' title='bbox 1062 2473 1147 2541; x_wconf 86' lang='lat' dir='ltr'><strong>quae</strong></span> <span class='ocrx_word' id='word_1_143' title='bbox 1168 2456 1203 2522; x_wconf 93' lang='lat' dir='ltr'><strong>in</strong></span> <span class='ocrx_word' id='word_1_144' title='bbox 1224 2456 1373 2524; x_wconf 85' lang='lat' dir='ltr'><strong>lacerato</strong></span> <span class='ocrx_word' id='word_1_145' title='bbox 1386 2457 1551 2526; x_wconf 87' lang='lat' dir='ltr'><strong>Vaticano</strong></span> 
     </span>
     <span class='ocr_line' id='line_1_17' title="bbox 231 2575 1552 2666; baseline 0.002 -22"><span class='ocrx_word' id='word_1_146' title='bbox 231 2578 478 2666; x_wconf 84' lang='lat' dir='ltr'><strong>desiderantur,</strong></span> <span class='ocrx_word' id='word_1_147' title='bbox 500 2577 543 2644; x_wconf 87' lang='lat' dir='ltr'><strong>ad</strong></span> <span class='ocrx_word' id='word_1_148' title='bbox 558 2595 641 2664; x_wconf 87' lang='lat' dir='ltr'><strong>quas</strong></span> <span class='ocrx_word' id='word_1_149' title='bbox 662 2575 888 2645; x_wconf 87' lang='lat' dir='ltr'><strong>recensendas</strong></span> <span class='ocrx_word' id='word_1_150' title='bbox 903 2594 1096 2664; x_wconf 88' lang='lat' dir='ltr'><strong>quamquam</strong></span> <span class='ocrx_word' id='word_1_151' title='bbox 1119 2578 1268 2647; x_wconf 86' lang='lat' dir='ltr'><strong>codicem</strong></span> <span class='ocrx_word' id='word_1_152' title='bbox 1289 2599 1357 2646; x_wconf 88' lang='lat' dir='ltr'><strong>nen</strong></span> <span class='ocrx_word' id='word_1_153' title='bbox 1379 2579 1552 2648; x_wconf 84' lang='lat' dir='ltr'><strong>imbuimus</strong></span> 
     </span>
     <span class='ocr_line' id='line_1_18' title="bbox 231 2698 1552 2788; baseline 0.002 -21"><span class='ocrx_word' id='word_1_154' title='bbox 231 2703 286 2788; x_wconf 87' lang='lat' dir='ltr'><strong>qni</strong></span> <span class='ocrx_word' id='word_1_155' title='bbox 307 2702 505 2768; x_wconf 85' lang='lat' dir='ltr'><strong>Vaticanum</strong></span> <span class='ocrx_word' id='word_1_156' title='bbox 526 2701 678 2768; x_wconf 87' lang='lat' dir='ltr'><strong>bonitate</strong></span> <span class='ocrx_word' id='word_1_157' title='bbox 706 2701 918 2786; x_wconf 76' lang='lat' dir='ltr'><strong>aequiperet,</strong></span> <span class='ocrx_word' id='word_1_158' title='bbox 952 2698 1017 2765; x_wconf 92' lang='lat' dir='ltr'><strong>duo</strong></span> <span class='ocrx_word' id='word_1_159' title='bbox 1043 2703 1153 2767; x_wconf 90' lang='lat' dir='ltr'><strong>tamen</strong></span> <span class='ocrx_word' id='word_1_160' title='bbox 1185 2705 1319 2788; x_wconf 88' lang='lat' dir='ltr'><strong>praesto</strong></span> <span class='ocrx_word' id='word_1_161' title='bbox 1342 2707 1456 2788; x_wconf 80' lang='lat' dir='ltr'><strong>eram,</strong></span> <span class='ocrx_word' id='word_1_162' title='bbox 1481 2703 1552 2770; x_wconf 80' lang='lat' dir='ltr'><strong>&#39;ie-</strong></span> 
     </span>
     <span class='ocr_line' id='line_1_19' title="bbox 230 2822 1552 2915; baseline 0.003 -25"><span class='ocrx_word' id='word_1_163' title='bbox 230 2824 447 2915; x_wconf 78' lang='lat' dir='ltr'><strong>gernseensis</strong></span> <span class='ocrx_word' id='word_1_164' title='bbox 468 2825 503 2890; x_wconf 91' lang='lat' dir='ltr'><strong>et</strong></span> <span class='ocrx_word' id='word_1_165' title='bbox 522 2823 722 2912; x_wconf 86' lang='lat' dir='ltr'><strong>Beruensis‚</strong></span> <span class='ocrx_word' id='word_1_166' title='bbox 744 2824 864 2908; x_wconf 77' lang='lat' dir='ltr'><strong>quiirus</strong></span> <span class='ocrx_word' id='word_1_167' title='bbox 884 2825 1038 2890; x_wconf 88' lang='lat' dir='ltr'><strong>meiiores</strong></span> <span class='ocrx_word' id='word_1_168' title='bbox 1060 2822 1205 2891; x_wconf 89' lang='lat' dir='ltr'><strong>nondum</strong></span> <span class='ocrx_word' id='word_1_169' title='bbox 1226 2826 1355 2894; x_wconf 82' lang='lat' dir='ltr'><strong>inventi</strong></span> <span class='ocrx_word' id='word_1_170' title='bbox 1369 2829 1464 2912; x_wconf 89' lang='lat' dir='ltr'><strong>sunt,</strong></span> <span class='ocrx_word' id='word_1_171' title='bbox 1486 2846 1552 2914; x_wconf 88' lang='lat' dir='ltr'><strong>qua</strong></span> 
     </span>
     <span class='ocr_line' id='line_1_20' title="bbox 230 2945 1552 3036; baseline 0.004 -24"><span class='ocrx_word' id='word_1_172' title='bbox 230 2963 267 3012; x_wconf 92' lang='lat' dir='ltr'><strong>re</strong></span> <span class='ocrx_word' id='word_1_173' title='bbox 289 2947 413 3016; x_wconf 85' lang='lat' dir='ltr'><strong>iactum</strong></span> <span class='ocrx_word' id='word_1_174' title='bbox 435 2951 488 3012; x_wconf 90' lang='lat' dir='ltr'><strong>cst</strong></span> <span class='ocrx_word' id='word_1_175' title='bbox 509 2948 546 3011; x_wconf 90' lang='lat' dir='ltr'><strong>ut</strong></span> <span class='ocrx_word' id='word_1_176' title='bbox 568 2947 601 3011; x_wconf 93' lang='lat' dir='ltr'><strong>in</strong></span> <span class='ocrx_word' id='word_1_177' title='bbox 624 2945 676 3012; x_wconf 86' lang='lat' dir='ltr'><strong>iris</strong></span> <span class='ocrx_word' id='word_1_178' title='bbox 691 2947 875 3013; x_wconf 89' lang='lat' dir='ltr'><strong>orationum</strong></span> <span class='ocrx_word' id='word_1_179' title='bbox 892 2946 1043 3032; x_wconf 88' lang='lat' dir='ltr'><strong>partibus</strong></span> <span class='ocrx_word' id='word_1_180' title='bbox 1057 2946 1160 3014; x_wconf 87' lang='lat' dir='ltr'><strong>muita</strong></span> <span class='ocrx_word' id='word_1_181' title='bbox 1173 2966 1301 3016; x_wconf 90' lang='lat' dir='ltr'><strong>novare</strong></span> <span class='ocrx_word' id='word_1_182' title='bbox 1315 2953 1417 3036; x_wconf 84' lang='lat' dir='ltr'><strong>atque</strong></span> <span class='ocrx_word' id='word_1_183' title='bbox 1436 2967 1552 3017; x_wconf 89' lang='lat' dir='ltr'><strong>emen-</strong></span> 
     </span>
     <span class='ocr_line' id='line_1_21' title="bbox 231 3065 618 3156; baseline -0.01 -20"><span class='ocrx_word' id='word_1_184' title='bbox 231 3068 312 3138; x_wconf 86' lang='lat' dir='ltr'><strong>dare</strong></span> <span class='ocrx_word' id='word_1_185' title='bbox 333 3087 515 3156; x_wconf 83' lang='lat' dir='ltr'><strong>possemus</strong></span> <span class='ocrx_word' id='word_1_186' title='bbox 616 3065 618 3070; x_wconf 75' lang='grc'><em>’</em></span> 
     </span>
    </p>
   </div>
   <div class='ocr_carea' id='block_1_2' title="bbox 231 3309 1553 3651">
    <p class='ocr_par' dir='ltr' id='par_1_2' title="bbox 231 3309 1553 3651">
     <span class='ocr_line' id='line_1_22' title="bbox 316 3309 1552 3406; baseline 0.002 -25"><span class='ocrx_word' id='word_1_187' title='bbox 316 3309 533 3390; x_wconf 77' lang='lat' dir='ltr'><strong>Orationibus</strong></span> <span class='ocrx_word' id='word_1_188' title='bbox 548 3312 719 3380; x_wconf 76' lang='lat' dir='ltr'><strong>i&#39;uiiianas</strong></span> <span class='ocrx_word' id='word_1_189' title='bbox 739 3315 811 3380; x_wconf 89' lang='lat' dir='ltr'><strong>tres</strong></span> <span class='ocrx_word' id='word_1_190' title='bbox 825 3312 1084 3382; x_wconf 84' lang='lat' dir='ltr'><strong>declamationes</strong></span> <span class='ocrx_word' id='word_1_191' title='bbox 1101 3315 1347 3403; x_wconf 83' lang='lat' dir='ltr'><strong>subiunximus,</strong></span> <span class='ocrx_word' id='word_1_192' title='bbox 1367 3317 1503 3406; x_wconf 84' lang='lat' dir='ltr'><strong>nequid</strong></span> <span class='ocrx_word' id='word_1_193' title='bbox 1517 3321 1552 3384; x_wconf 92' lang='lat' dir='ltr'><strong>in</strong></span> 
     </span>
     <span class='ocr_line' id='line_1_23' title="bbox 231 3434 1553 3529; baseline 0.005 -28"><span class='ocrx_word' id='word_1_194' title='bbox 231 3438 350 3504; x_wconf 86' lang='lat' dir='ltr'><strong>nostro</strong></span> <span class='ocrx_word' id='word_1_195' title='bbox 372 3435 516 3503; x_wconf 89' lang='lat' dir='ltr'><strong>editione</strong></span> <span class='ocrx_word' id='word_1_196' title='bbox 538 3435 803 3522; x_wconf 86' lang='lat' dir='ltr'><strong>desideraretur,</strong></span> <span class='ocrx_word' id='word_1_197' title='bbox 825 3436 913 3524; x_wconf 87' lang='lat' dir='ltr'><strong>quod</strong></span> <span class='ocrx_word' id='word_1_198' title='bbox 928 3438 1016 3504; x_wconf 87' lang='lat' dir='ltr'><strong>inest</strong></span> <span class='ocrx_word' id='word_1_199' title='bbox 1030 3440 1064 3504; x_wconf 93' lang='lat' dir='ltr'><strong>in</strong></span> <span class='ocrx_word' id='word_1_200' title='bbox 1079 3439 1191 3523; x_wconf 90' lang='lat' dir='ltr'><strong>priore</strong></span> <span class='ocrx_word' id='word_1_201' title='bbox 1204 3434 1389 3524; x_wconf 80' lang='lat' dir='ltr'><strong>Oreiiiaua,</strong></span> <span class='ocrx_word' id='word_1_202' title='bbox 1410 3439 1455 3507; x_wconf 85' lang='lat' dir='ltr'><strong>ad</strong></span> <span class='ocrx_word' id='word_1_203' title='bbox 1469 3458 1553 3529; x_wconf 80' lang='lat' dir='ltr'><strong>ques</strong></span> 
     </span>
     <span class='ocr_line' id='line_1_24' title="bbox 232 3557 1553 3651; baseline 0.005 -25"><span class='ocrx_word' id='word_1_204' title='bbox 232 3577 342 3650; x_wconf 80' lang='lat' dir='ltr'><strong>nugas</strong></span> <span class='ocrx_word' id='word_1_205' title='bbox 362 3561 518 3647; x_wconf 86' lang='lat' dir='ltr'><strong>antiquas</strong></span> <span class='ocrx_word' id='word_1_206' title='bbox 541 3557 765 3627; x_wconf 90' lang='lat' dir='ltr'><strong>emendandas</strong></span> <span class='ocrx_word' id='word_1_207' title='bbox 786 3561 927 3651; x_wconf 75' lang='lat' dir='ltr'><strong>egregia</strong></span> <span class='ocrx_word' id='word_1_208' title='bbox 949 3559 1110 3648; x_wconf 86' lang='lat' dir='ltr'><strong>quaedam</strong></span> <span class='ocrx_word' id='word_1_209' title='bbox 1131 3563 1267 3648; x_wconf 89' lang='lat' dir='ltr'><strong>praesto</strong></span> <span class='ocrx_word' id='word_1_210' title='bbox 1282 3563 1380 3630; x_wconf 91' lang='lat' dir='ltr'><strong>eraut</strong></span> <span class='ocrx_word' id='word_1_211' title='bbox 1394 3562 1553 3632; x_wconf 90' lang='lat' dir='ltr'><strong>subsidia.</strong></span> 
     </span>
    </p>
   </div>
   <div class='ocr_carea' id='block_1_3' title="bbox 234 3799 1553 4148">
    <p class='ocr_par' dir='ltr' id='par_1_3' title="bbox 234 3799 1553 4148">
     <span class='ocr_line' id='line_1_25' title="bbox 316 3799 1553 3893; baseline 0.004 -20"><span class='ocrx_word' id='word_1_212' title='bbox 316 3799 482 3893; x_wconf 83' lang='lat' dir='ltr'><strong>Superest</strong></span> <span class='ocrx_word' id='word_1_213' title='bbox 509 3809 548 3871; x_wconf 89' lang='lat' dir='ltr'><strong>ut</strong></span> <span class='ocrx_word' id='word_1_214' title='bbox 576 3806 743 3892; x_wconf 88' lang='lat' dir='ltr'><strong>omnibus,</strong></span> <span class='ocrx_word' id='word_1_215' title='bbox 774 3805 829 3891; x_wconf 84' lang='lat' dir='ltr'><strong>qui</strong></span> <span class='ocrx_word' id='word_1_216' title='bbox 857 3824 921 3872; x_wconf 89' lang='lat' dir='ltr'><strong>nos</strong></span> <span class='ocrx_word' id='word_1_217' title='bbox 947 3807 1067 3892; x_wconf 85' lang='lat' dir='ltr'><strong>partim</strong></span> <span class='ocrx_word' id='word_1_218' title='bbox 1089 3804 1261 3876; x_wconf 89' lang='lat' dir='ltr'><strong>codicibus</strong></span> <span class='ocrx_word' id='word_1_219' title='bbox 1282 3807 1496 3878; x_wconf 81' lang='lat' dir='ltr'><strong>conferendis</strong></span> <span class='ocrx_word' id='word_1_220' title='bbox 1518 3813 1553 3878; x_wconf 93' lang='lat' dir='ltr'><strong>et</strong></span> 
     </span>
     <span class='ocr_line' id='line_1_26' title="bbox 234 3927 1553 4020; baseline 0.004 -24"><span class='ocrx_word' id='word_1_221' title='bbox 234 3928 496 4020; x_wconf 83' lang='lat' dir='ltr'><strong>suppeditandis,</strong></span> <span class='ocrx_word' id='word_1_222' title='bbox 518 3931 638 4015; x_wconf 88' lang='lat' dir='ltr'><strong>partim</strong></span> <span class='ocrx_word' id='word_1_223' title='bbox 652 3927 938 3996; x_wconf 83' lang='lat' dir='ltr'><strong>emendationibus</strong></span> <span class='ocrx_word' id='word_1_224' title='bbox 952 3928 1250 4019; x_wconf 87' lang='lat' dir='ltr'><strong>subministrandis,</strong></span> <span class='ocrx_word' id='word_1_225' title='bbox 1265 3932 1299 3996; x_wconf 89' lang='lat' dir='ltr'><strong>in</strong></span> <span class='ocrx_word' id='word_1_226' title='bbox 1314 3933 1433 4018; x_wconf 84' lang='lat' dir='ltr'><strong>quibus</strong></span> <span class='ocrx_word' id='word_1_227' title='bbox 1447 3952 1553 4018; x_wconf 89' lang='lat' dir='ltr'><strong>prae-</strong></span> 
     </span>
     <span class='ocr_line' id='line_1_27' title="bbox 234 4049 1552 4148; baseline 0.005 -30"><span class='ocrx_word' id='word_1_228' title='bbox 234 4055 287 4119; x_wconf 89' lang='lat' dir='ltr'><strong>ter</strong></span> <span class='ocrx_word' id='word_1_229' title='bbox 314 4055 448 4119; x_wconf 87' lang='lat' dir='ltr'><strong>eeteros</strong></span> <span class='ocrx_word' id='word_1_230' title='bbox 478 4050 681 4118; x_wconf 81' lang='lat' dir='ltr'><strong>Mnuvreros</strong></span> <span class='ocrx_word' id='word_1_231' title='bbox 711 4054 747 4118; x_wconf 90' lang='lat' dir='ltr'><strong>et</strong></span> <span class='ocrx_word' id='word_1_232' title='bbox 777 4049 1010 4118; x_wconf 83' lang='lat' dir='ltr'><strong>Munnsuuros</strong></span> <span class='ocrx_word' id='word_1_233' title='bbox 1038 4051 1228 4119; x_wconf 86' lang='lat' dir='ltr'><strong>nominandi</strong></span> <span class='ocrx_word' id='word_1_234' title='bbox 1256 4057 1351 4141; x_wconf 90' lang='lat' dir='ltr'><strong>sunt,</strong></span> <span class='ocrx_word' id='word_1_235' title='bbox 1382 4055 1417 4122; x_wconf 91' lang='lat' dir='ltr'><strong>in</strong></span> <span class='ocrx_word' id='word_1_236' title='bbox 1449 4056 1552 4148; x_wconf 81' lang='lat' dir='ltr'><strong>iongo</strong></span> 
     </span>
    </p>
   </div>
   <div class='ocr_carea' id='block_1_4' title="bbox 235 4170 1695 4264">
    <p class='ocr_par' dir='ltr' id='par_1_4' title="bbox 235 4170 1695 4264">
     <span class='ocr_line' id='line_1_28' title="bbox 235 4170 1695 4264; baseline 0 -24"><span class='ocrx_word' id='word_1_237' title='bbox 235 4192 444 4261; x_wconf 87' lang='lat' dir='ltr'><strong>operoseque</strong></span> <span class='ocrx_word' id='word_1_238' title='bbox 472 4173 588 4240; x_wconf 89' lang='lat' dir='ltr'><strong>labore</strong></span> <span class='ocrx_word' id='word_1_239' title='bbox 616 4171 775 4239; x_wconf 86' lang='lat' dir='ltr'><strong>adiuvare</strong></span> <span class='ocrx_word' id='word_1_240' title='bbox 808 4170 1001 4260; x_wconf 86' lang='lat' dir='ltr'><strong>voluerunt,</strong></span> <span class='ocrx_word' id='word_1_241' title='bbox 1030 4178 1173 4260; x_wconf 86' lang='lat' dir='ltr'><strong>quantas</strong></span> <span class='ocrx_word' id='word_1_242' title='bbox 1196 4177 1356 4244; x_wconf 80' lang='lat' dir='ltr'><strong>mannus</strong></span> <span class='ocrx_word' id='word_1_243' title='bbox 1377 4197 1554 4264; x_wconf 87' lang='lat' dir='ltr'><strong>possumus</strong></span> <span class='ocrx_word' id='word_1_244' title='bbox 1690 4223 1695 4240; x_wconf 90' lang='lat'>.</span> 
     </span>
    </p>
   </div>
   <div class='ocr_carea' id='block_1_5' title="bbox 233 4293 1555 5003">
    <p class='ocr_par' dir='ltr' id='par_1_5' title="bbox 233 4293 1555 5003">
     <span class='ocr_line' id='line_1_29' title="bbox 233 4293 1554 4387; baseline 0.007 -26"><span class='ocrx_word' id='word_1_245' title='bbox 233 4298 363 4386; x_wconf 82' lang='lat' dir='ltr'><strong>gratias</strong></span> <span class='ocrx_word' id='word_1_246' title='bbox 384 4297 517 4383; x_wconf 90' lang='lat' dir='ltr'><strong>publice</strong></span> <span class='ocrx_word' id='word_1_247' title='bbox 540 4313 688 4387; x_wconf 81' lang='lat' dir='ltr'><strong>agamus.</strong></span> <span class='ocrx_word' id='word_1_248' title='bbox 732 4293 797 4378; x_wconf 77' lang='lat' dir='ltr'><strong>Qui</strong></span> <span class='ocrx_word' id='word_1_249' title='bbox 818 4300 928 4362; x_wconf 86' lang='lat' dir='ltr'><strong>autem</strong></span> <span class='ocrx_word' id='word_1_250' title='bbox 950 4295 1028 4383; x_wconf 85' lang='lat' dir='ltr'><strong>quid</strong></span> <span class='ocrx_word' id='word_1_251' title='bbox 1050 4297 1114 4383; x_wconf 90' lang='lat' dir='ltr'><strong>ipsi</strong></span> <span class='ocrx_word' id='word_1_252' title='bbox 1137 4298 1343 4366; x_wconf 75' lang='lat' dir='ltr'><strong>effecerimus</strong></span> <span class='ocrx_word' id='word_1_253' title='bbox 1363 4303 1554 4369; x_wconf 84' lang='lat' dir='ltr'><strong>examinare</strong></span> 
     </span>
     <span class='ocr_line' id='line_1_30' title="bbox 233 4417 1554 4510; baseline 0.002 -24"><span class='ocrx_word' id='word_1_254' title='bbox 233 4422 334 4507; x_wconf 88' lang='lat' dir='ltr'><strong>atque</strong></span> <span class='ocrx_word' id='word_1_255' title='bbox 355 4421 531 4488; x_wconf 87' lang='lat' dir='ltr'><strong>aestimare</strong></span> <span class='ocrx_word' id='word_1_256' title='bbox 552 4419 735 4505; x_wconf 89' lang='lat' dir='ltr'><strong>voluerint,</strong></span> <span class='ocrx_word' id='word_1_257' title='bbox 761 4419 790 4484; x_wconf 90' lang='lat' dir='ltr'><strong>ei</strong></span> <span class='ocrx_word' id='word_1_258' title='bbox 814 4418 955 4485; x_wconf 85' lang='lat' dir='ltr'><strong>velimus</strong></span> <span class='ocrx_word' id='word_1_259' title='bbox 974 4417 1039 4487; x_wconf 89' lang='lat' dir='ltr'><strong>boc</strong></span> <span class='ocrx_word' id='word_1_260' title='bbox 1061 4420 1229 4510; x_wconf 82' lang='lat' dir='ltr'><strong>cogitent,</strong></span> <span class='ocrx_word' id='word_1_261' title='bbox 1251 4427 1408 4508; x_wconf 83' lang='lat' dir='ltr'><strong>quantum</strong></span> <span class='ocrx_word' id='word_1_262' title='bbox 1430 4442 1554 4508; x_wconf 89' lang='lat' dir='ltr'><strong>operae</strong></span> 
     </span>
     <span class='ocr_line' id='line_1_31' title="bbox 233 4527 1555 4630; baseline 0.002 -21"><span class='ocrx_word' id='word_1_263' title='bbox 233 4544 269 4609; x_wconf 88' lang='lat' dir='ltr'><strong>ct</strong></span> <span class='ocrx_word' id='word_1_264' title='bbox 289 4543 450 4627; x_wconf 89' lang='lat' dir='ltr'><strong>temporis</strong></span> <span class='ocrx_word' id='word_1_265' title='bbox 466 4542 500 4607; x_wconf 91' lang='lat' dir='ltr'><strong>in</strong></span> <span class='ocrx_word' id='word_1_266' title='bbox 516 4539 687 4609; x_wconf 88' lang='lat' dir='ltr'><strong>codicibus</strong></span> <span class='ocrx_word' id='word_1_267' title='bbox 702 4541 938 4628; x_wconf 82' lang='lat' dir='ltr'><strong>conquirendis</strong></span> <span class='ocrx_word' id='word_1_268' title='bbox 952 4545 987 4609; x_wconf 90' lang='lat' dir='ltr'><strong>et</strong></span> <span class='ocrx_word' id='word_1_269' title='bbox 1002 4527 1224 4630; x_wconf 85' lang='lat' dir='ltr'><strong>excutiendis,</strong></span> <span class='ocrx_word' id='word_1_270' title='bbox 1245 4545 1280 4609; x_wconf 95' lang='lat' dir='ltr'><strong>in</strong></span> <span class='ocrx_word' id='word_1_271' title='bbox 1295 4563 1406 4611; x_wconf 88' lang='lat' dir='ltr'><strong>eorum</strong></span> <span class='ocrx_word' id='word_1_272' title='bbox 1421 4546 1555 4612; x_wconf 79' lang='lat' dir='ltr'><strong>familiis</strong></span> 
     </span>
     <span class='ocr_line' id='line_1_32' title="bbox 234 4661 1555 4750; baseline 0.002 -20"><span class='ocrx_word' id='word_1_273' title='bbox 234 4662 462 4731; x_wconf 86' lang='lat' dir='ltr'><strong>discernendis</strong></span> <span class='ocrx_word' id='word_1_274' title='bbox 483 4665 519 4730; x_wconf 92' lang='lat' dir='ltr'><strong>et</strong></span> <span class='ocrx_word' id='word_1_275' title='bbox 541 4661 785 4750; x_wconf 88' lang='lat' dir='ltr'><strong>ponderandis,</strong></span> <span class='ocrx_word' id='word_1_276' title='bbox 806 4665 841 4729; x_wconf 92' lang='lat' dir='ltr'><strong>in</strong></span> <span class='ocrx_word' id='word_1_277' title='bbox 863 4666 914 4734; x_wconf 91' lang='lat' dir='ltr'><strong>tot</strong></span> <span class='ocrx_word' id='word_1_278' title='bbox 935 4665 1065 4732; x_wconf 88' lang='lat' dir='ltr'><strong>miiibus</strong></span> <span class='ocrx_word' id='word_1_279' title='bbox 1085 4665 1263 4733; x_wconf 90' lang='lat' dir='ltr'><strong>lectionum</strong></span> <span class='ocrx_word' id='word_1_280' title='bbox 1278 4665 1506 4736; x_wconf 83' lang='lat' dir='ltr'><strong>describendis</strong></span> <span class='ocrx_word' id='word_1_281' title='bbox 1519 4670 1555 4736; x_wconf 90' lang='lat' dir='ltr'><strong>et</strong></span> 
     </span>
     <span class='ocr_line' id='line_1_33' title="bbox 235 4784 1554 4876; baseline 0.003 -24"><span class='ocrx_word' id='word_1_282' title='bbox 235 4785 443 4876; x_wconf 81' lang='lat' dir='ltr'><strong>digerendis,</strong></span> <span class='ocrx_word' id='word_1_283' title='bbox 471 4787 506 4852; x_wconf 93' lang='lat' dir='ltr'><strong>in</strong></span> <span class='ocrx_word' id='word_1_284' title='bbox 534 4784 785 4874; x_wconf 84' lang='lat' dir='ltr'><strong>typothetarum</strong></span> <span class='ocrx_word' id='word_1_285' title='bbox 808 4784 949 4873; x_wconf 85' lang='lat' dir='ltr'><strong>denique</strong></span> <span class='ocrx_word' id='word_1_286' title='bbox 970 4787 1264 4856; x_wconf 87' lang='lat' dir='ltr'><strong>innumerabilibus</strong></span> <span class='ocrx_word' id='word_1_287' title='bbox 1284 4790 1453 4859; x_wconf 87' lang='lat' dir='ltr'><strong>erroribus</strong></span> <span class='ocrx_word' id='word_1_288' title='bbox 1473 4809 1554 4860; x_wconf 86' lang='lat' dir='ltr'><strong>cor-</strong></span> 
     </span>
     <span class='ocr_line' id='line_1_34' title="bbox 233 4906 1554 5003; baseline 0.005 -27"><span class='ocrx_word' id='word_1_289' title='bbox 233 4907 385 5000; x_wconf 79' lang='lat' dir='ltr'><strong>rigendis</strong></span> <span class='ocrx_word' id='word_1_290' title='bbox 405 4906 661 4977; x_wconf 85' lang='lat' dir='ltr'><strong>consumendum</strong></span> <span class='ocrx_word' id='word_1_291' title='bbox 686 4907 803 4994; x_wconf 88' lang='lat' dir='ltr'><strong>inerit,</strong></span> <span class='ocrx_word' id='word_1_292' title='bbox 836 4909 872 4974; x_wconf 89' lang='lat' dir='ltr'><strong>et</strong></span> <span class='ocrx_word' id='word_1_293' title='bbox 903 4912 1028 4996; x_wconf 87' lang='lat' dir='ltr'><strong>quanto</strong></span> <span class='ocrx_word' id='word_1_294' title='bbox 1060 4928 1163 4997; x_wconf 89' lang='lat' dir='ltr'><strong>opere</strong></span> <span class='ocrx_word' id='word_1_295' title='bbox 1194 4908 1260 4982; x_wconf 89' lang='lat' dir='ltr'><strong>boc</strong></span> <span class='ocrx_word' id='word_1_296' title='bbox 1288 4912 1418 5003; x_wconf 80' lang='lat' dir='ltr'><strong>ingenti</strong></span> <span class='ocrx_word' id='word_1_297' title='bbox 1445 4913 1554 4982; x_wconf 85' lang='lat' dir='ltr'><strong>moie-</strong></span> 
     </span>
    </p>
   </div>
   <div class='ocr_carea' id='block_1_6' title="bbox 233 5028 1554 5127">
    <p class='ocr_par' dir='ltr' id='par_1_6' title="bbox 233 5028 1554 5127">
     <span class='ocr_line' id='line_1_35' title="bbox 233 5028 1554 5127; baseline 0.005 -27"><span class='ocrx_word' id='word_1_298' title='bbox 233 5033 445 5122; x_wconf 83' lang='lat' dir='ltr'><strong>stissimoquo</strong></span> <span class='ocrx_word' id='word_1_299' title='bbox 465 5032 597 5119; x_wconf 82' lang='lat' dir='ltr'><strong>labore,</strong></span> <span class='ocrx_word' id='word_1_300' title='bbox 628 5049 694 5119; x_wconf 83' lang='lat' dir='ltr'><strong>quo</strong></span> <span class='ocrx_word' id='word_1_301' title='bbox 721 5028 812 5098; x_wconf 90' lang='lat' dir='ltr'><strong>haud</strong></span> <span class='ocrx_word' id='word_1_302' title='bbox 839 5033 911 5101; x_wconf 84' lang='lat' dir='ltr'><strong>scio</strong></span> <span class='ocrx_word' id='word_1_303' title='bbox 938 5051 983 5102; x_wconf 92' lang='lat' dir='ltr'><strong>an</strong></span> <span class='ocrx_word' id='word_1_304' title='bbox 1006 5033 1132 5102; x_wconf 86' lang='lat' dir='ltr'><strong>nulium</strong></span> <span class='ocrx_word' id='word_1_305' title='bbox 1151 5031 1243 5104; x_wconf 85' lang='lat' dir='ltr'><strong>aliud</strong></span> <span class='ocrx_word' id='word_1_306' title='bbox 1263 5036 1390 5127; x_wconf 75' lang='lat' dir='ltr'><strong>ingenii</strong></span> <span class='ocrx_word' id='word_1_307' title='bbox 1411 5037 1447 5104; x_wconf 85' lang='lat' dir='ltr'><strong>et</strong></span> <span class='ocrx_word' id='word_1_308' title='bbox 1468 5052 1554 5106; x_wconf 86' lang='lat' dir='ltr'><strong>ocu·</strong></span> 
     </span>
    </p>
   </div>
   <div class='ocr_carea' id='block_1_7' title="bbox 0 0 1865 5858">
    <p class='ocr_par' dir='ltr' id='par_1_7' title="bbox 0 0 1865 5858">
     <span class='ocr_line' id='line_1_36' title="bbox 0 0 1865 5858; baseline 0 0"><span class='ocrx_word' id='word_1_309' title='bbox 0 0 1865 5858; x_wconf 95' lang='lat' dir='ltr'><strong> </strong></span> 
     </span>
    </p>
   </div>
  </div>
 </body>
</html>
