3642 5862
203 483 205 488 Ι
303 395 365 462 soc
674 405 717 468 ru
738 405 903 472 vaureu
923 406 1045 474 scrro
1069 408 1251 475 securos

302 592 321 637 a
342 571 443 636 classe
464 577 573 635 nostra
594 591 659 635 non
681 581 772 657 capta
794 583 858 651 cst,
881 576 937 641 sed
959 578 1088 643 inventa
1108 580 1148 644 ad
1169 579 1379 663 Megaridem,
1402 583 1457 676 qqi
1471 583 1561 650 locus
1575 593 1627 650 est

300 685 365 728 non
393 664 489 748 longe
517 687 536 731 a
565 667 737 750 Syracusis.
782 669 877 745 Quod
899 672 952 735 ubi
980 674 1033 737 isti
1054 674 1234 738 nuntiatum
1258 682 1320 749 cst,
1352 679 1477 742 tametsi
1498 679 1532 744 in
1552 688 1626 744 acta

301 778 373 822 cum
395 757 588 824 mulierculis
610 761 731 824 iacebat
753 763 873 840 ebrius,
909 768 1011 830 erexit
1032 788 1067 831 so
1088 775 1194 832 tamen
1217 777 1249 831 et
1269 770 1374 834 statim
1397 775 1557 855 quaestori
1578 776 1624 837 le-

300 861 439 936 gatoque
460 874 519 918 suo
542 854 687 918 custodes
710 857 798 922 misit
820 859 1017 942 complures,
1039 869 1076 924 ut
1097 863 1204 926 omnia
1225 864 1284 929 sibi
1307 864 1427 947 integra
1441 885 1536 948 quam
1557 867 1624 950 pri-

276 966 386 1013 amum
408 947 642 1013 exhiberentur.
672 945 723 1012 64.
745 952 922 1037 Appellitur
935 957 1024 1018 navis
1043 955 1230 1040 Syracusas:
1253 965 1454 1041 exspectatur
1467 960 1507 1022 ab
1522 962 1624 1024 omni·

298 1041 358 1106 bus
380 1043 578 1128 supplicium.
621 1045 684 1106 lste
706 1047 797 1128 quasi
819 1046 936 1130 praeda
958 1049 1018 1112 sibi
1040 1050 1181 1124 advecta,
1203 1072 1266 1116 non
1283 1052 1497 1135 praedonibus
1511 1055 1622 1138 captis,

298 1137 325 1200 si
350 1136 405 1221 qui
427 1155 519 1201 senes
540 1157 577 1200 ac
599 1137 756 1202 deformes
778 1149 884 1216 erant,
907 1162 962 1205 eos
984 1144 1017 1206 in
1038 1144 1180 1207 bostium
1201 1165 1335 1209 numero
1358 1144 1461 1210 ducit:
1485 1150 1540 1232 qui
1564 1149 1622 1211 ali-

297 1231 374 1313 quid
401 1230 537 1306 t‘ormae,
567 1233 679 1296 aetatis
709 1229 899 1320 artificiique
927 1234 1101 1313 habebant,
1134 1238 1261 1302 abducit
1292 1259 1417 1316 omnes,
1451 1242 1622 1305 nonnullos

297 1325 425 1401 scribis,
453 1325 520 1389 filio
549 1326 736 1410 cohortique
766 1327 942 1394 distribuit:
973 1331 1217 1414 symphoniacos
1246 1333 1394 1397 homines
1416 1354 1474 1398 sex
1495 1335 1621 1398 cuidam

260 1423 398 1489 toamico
420 1441 479 1485 suo
493 1422 625 1484 Romam
647 1423 771 1484 muneri
794 1422 889 1486 misit.
921 1425 992 1487 Nox
1014 1425 1069 1488 illa
1091 1434 1156 1490 tota
1171 1426 1205 1490 in
1220 1427 1436 1491 exinaniunda
1449 1447 1529 1492 nave
1545 1448 1621 1491 con-

296 1515 439 1580 sumitur.
473 1515 703 1598 Arcbipiratam
724 1516 829 1599 ipsum
843 1517 930 1581 videt
951 1538 1062 1594 nemo,
1085 1519 1125 1582 de
1141 1540 1204 1602 quo
1220 1521 1411 1604 supplicium
1430 1521 1513 1584 sumi
1527 1542 1620 1604 opor-

295 1610 366 1674 tuit.
387 1607 493 1672 Hodie
513 1629 623 1672 omnes
637 1609 682 1672 sic
696 1607 870 1673 babent-
884 1610 963 1694 quid
985 1613 1053 1675 eius
1076 1614 1132 1687 sit,
1154 1633 1209 1677 sos
1225 1613 1408 1677 coniectura
1422 1615 1549 1699 assequi
1565 1615 1620 1678 de-

293 1705 389 1780 betis,
407 1735 449 1750 -
462 1703 557 1768 istum
571 1703 651 1767 clam
664 1703 805 1787 spiratis
822 1705 862 1768 ob
877 1705 963 1768 hunc
977 1706 1198 1790 archipiratam
1213 1707 1380 1791 pecuniam
1395 1709 1565 1793 accepisse.
1577 1742 1619 1755 —

293 1800 408 1864 XXVI.
430 1795 481 1860 66.
502 1798 689 1861 Coniectura
711 1807 768 1861 est
790 1831 831 1844 —
854 1797 953 1863 ludex
975 1821 1046 1864 esse
1066 1801 1170 1864 bonus
1186 1821 1279 1865 nemo
1295 1809 1418 1886 potest,
1441 1803 1497 1887 qui
1513 1804 1617 1887 suspi—

256 1911 285 1960 49
293 1895 384 1958 94999
406 1899 491 1956 certa
512 1912 577 1954 non
598 1898 751 1956 movetur.
794 1893 962 1956 Hominem
985 1895 1103 1970 nostis;
1125 1895 1386 1958 consuetudinem
1409 1896 1548 1959 omnium
1570 1905 1617 1958 49-

292 1988 390 2064 netis,
419 1988 475 2073 qui
502 1984 614 2049 ducem
634 1985 829 2072 praedonum
851 1994 906 2050 aut
926 1988 1065 2052 bostium
1094 1989 1229 2071 ceperit,
1262 2009 1356 2074 quam
1384 1990 1519 2054 libenter
1544 2010 1616 2053 eum

291 2083 396 2168 palam
424 2089 496 2144 ante
525 2081 634 2144 oculos
657 2080 798 2144 omnium
821 2102 891 2145 esse
913 2082 1060 2165 patiatur.
1103 2083 1271 2146 Hominem
1292 2083 1325 2147 in
1348 2091 1435 2148 tanto
1458 2090 1614 2147 conventu

292 2177 457 2261 Syracusis
479 2174 544 2239 vidi
565 2173 741 2249 neminem,
777 2176 917 2252 iudices,
940 2177 995 2260 qui
1016 2175 1235 2259 archipiratam
1258 2186 1383 2262 captum
1405 2199 1476 2242 sese
1498 2177 1615 2242 vidisse

292 2271 428 2345 diceret,
451 2289 524 2334 cum
541 2289 668 2340 omncs,
689 2276 725 2332 ut
738 2290 808 2334 mos
823 2278 888 2346 est,
910 2278 944 2336 ut
962 2270 1044 2334 solet
1057 2263 1142 2345 fieri,
1159 2279 1399 2346 concurrerent,
1416 2281 1615 2356 quaererent,

253 2363 398 2435 accidere
420 2371 582 2446 cuperent.
627 2363 713 2440 Quid
734 2364 863 2440 accidit,
895 2385 953 2429 cur
972 2372 1060 2428 tanto
1083 2385 1177 2449 opere
1200 2365 1259 2429 istc
1279 2366 1375 2430 bomo
1397 2366 1616 2442 occultaretur,

289 2467 326 2522 ut
347 2479 420 2523 enm
441 2478 482 2522 ne
504 2478 580 2522 casu
602 2457 732 2540 quidem
755 2458 922 2542 quisquam
944 2459 1108 2541 adspicere
1130 2462 1266 2542 posset?
1293 2461 1446 2526 Homines
1469 2460 1615 2523 maritimi

290 2553 472 2637 Syracusis,
505 2553 560 2635 qui
589 2571 684 2635 saepe
714 2549 805 2615 istius
837 2553 926 2616 ducis
952 2571 1069 2616 nornen
1091 2553 1272 2628 audissent,
1306 2575 1401 2638 saepe
1423 2554 1613 2630 timuissent,

289 2668 361 2710 cum
383 2647 451 2711 eius
473 2645 614 2708 cruciatu
634 2654 731 2729 atque
753 2645 910 2728 supplicio
933 2665 1063 2729 pascere
1085 2646 1194 2710 oculos
1212 2645 1415 2732 animumque
1430 2653 1614 2710 exsaturare
1666 2659 1668 2664 ·

287 2741 421 2818 vellent,
442 2748 581 2825 potestas
602 2737 798 2823 adspiciendi
820 2739 939 2804 nemini
960 2738 1042 2802 facta
1067 2745 1124 2802 est.
1168 2737 1218 2802 66.
1242 2740 1329 2804 Unus
1351 2741 1457 2824 plnres
1478 2738 1614 2824 praedo-

249 2854 363 2906 csnum
385 2837 481 2898 duces
503 2835 592 2898 vivos
615 2834 697 2917 cepit
712 2834 745 2895 P.
762 2833 932 2907 Servilius,
956 2852 1050 2917 quam
1065 2853 1173 2896 ornnes
1191 2842 1294 2898 antea.
1327 2835 1501 2919 Ecquando
1516 2834 1613 2916 igitur

287 2930 349 2993 isto
371 2928 476 2992 fructu
498 2929 665 3013 quisquam
689 2927 806 3002 caruit,
828 2935 864 2991 ut
884 2928 992 2992 videre
1014 2927 1146 3010 piratam
1168 2935 1294 3010 captum
1317 2947 1382 2991 non
1404 2927 1538 2993 liceret?
1570 2929 1612 2989 At

286 3031 412 3099 contra,
441 3042 641 3108 quacumque
663 3023 722 3085 iter
741 3020 832 3097 fecit,
861 3023 922 3087 hoc
943 3021 1205 3086 iucundissimum
1228 3022 1440 3106 spectaculum
1464 3021 1610 3086 omnibus

286 3120 463 3184 vinctorum
492 3125 719 3201 captorumque
748 3115 888 3181 hostiurn
914 3114 1094 3201 praebebat.
1137 3117 1248 3200 Itaque
1271 3117 1301 3180 ei
1325 3135 1496 3180 concursus
1518 3111 1612 3178 debat

285 3213 446 3299 undique,
473 3220 509 3276 ut
535 3233 601 3276 non
623 3212 718 3276 modo
740 3233 780 3276 ex
802 3212 842 3276 iis
865 3212 1010 3298 oppidis,
1043 3231 1106 3295 qua
1135 3211 1346 3286 ducebantur,
1374 3209 1430 3275 sed
1453 3211 1548 3274 etiam
1570 3229 1610 3272 ex

247 3305 426 3376 aolinitimis
448 3307 574 3372 visendi
597 3326 693 3372 causa
714 3306 930 3370 convenirent.
963 3306 1035 3388 lpse
1057 3312 1162 3368 autem
1184 3304 1363 3387 triumphus
1378 3324 1472 3389 99999
1488 3304 1528 3367 ob
1543 3323 1609 3366 rem

285 3404 426 3468 omnium
448 3400 679 3485 triumphorum
701 3401 897 3484 gratissimus
919 3396 1039 3482 populo
1054 3399 1196 3462 Romano
1219 3397 1279 3460 fuit
1295 3406 1327 3462 et
1339 3396 1609 3461 iucundissimus?

285 3499 369 3576 Quia
390 3496 471 3560 nihil
492 3505 541 3560 est
561 3495 693 3560 victoria
714 3494 859 3569 dulcius,
882 3493 1004 3557 nullum
1027 3501 1075 3556 est
1094 3500 1200 3555 autem
1222 3491 1438 3555 testimonium
1459 3490 1609 3554 victoriae

283 3591 419 3669 certius,
441 3610 553 3675 quam,
576 3610 657 3675 quos
679 3607 774 3672 saepe
795 3589 964 3665 metueris,
987 3607 1042 3653 eos
1066 3593 1096 3650 te
1111 3585 1234 3651 vinctos
1257 3585 1296 3650 ad
1318 3585 1512 3669 supplicium
1534 3583 1607 3647 duci

339 3857 363 3908 4.
376 3855 401 3921 9]
413 3869 447 3906 ec
457 3855 535 3918 Lsgg.
546 3878 574 3890 -
586 3853 611 3903 9.
624 3851 651 3902 49
662 3851 731 3914 octo]
741 3854 817 3900 99949
827 3851 905 3913 Lagg.
918 3851 1026 3914 praeter
1036 3849 1076 3900 99.
1089 3875 1116 3885 -
1128 3847 1153 3901 4.
1166 3849 1274 3900 custodis
1284 3862 1318 3899 m.
1332 3847 1466 3914 compluris
1481 3849 1501 3899 a
1512 3861 1554 3912 pr.
1567 3859 1603 3898 m.

282 3956 310 3970 -
329 3934 354 3984 c.
373 3931 463 3994 capet.
481 3931 511 3980 a.
525 3954 553 3965 -
566 3928 591 3980 3.
608 3925 816 3990 supplicamns:
835 3924 983 3988 supplicium
998 3926 1063 3976 99994
1079 3925 1108 3976 dc
1124 3924 1229 3986 ccpttnts
1240 3929 1349 3987 potatas·
1365 3923 1430 3974 dett.
1450 3949 1478 3959 -
1496 3921 1606 3972 adducto

281 4007 360 4074 Lglt.
375 4032 402 4043 -
421 4007 446 4056 4.
459 4003 582 4055 99444349
601 4006 646 4052 out
663 4001 699 4052 (49
711 3999 757 4051 Ld.
772 3999 836 4050 dett.
849 4001 915 4052 0.—
934 4001 994 4051 dtctt
1009 4001 1055 4052 443.
1071 4028 1097 4037 -
1116 4001 1140 4050 8.
1154 3999 1234 4050 999949
1244 4000 1274 4050 a.
1289 4025 1316 4036 -
1335 3998 1359 4048 9.
1376 3995 1523 4048 catana:
1540 3997 1605 4046 sert-

280 4085 317 4134 449
331 4083 382 4133 sats
398 4079 506 4133 detto.
521 4103 548 4114 -
566 4077 746 4140 9994994999
761 4075 791 4126 a.
811 4100 839 4111 ·-
857 4074 966 4126 9994999
982 4087 1036 4126 om.
1054 4075 1099 4126 63.
1119 4074 1157 4126 Ct.
1176 4073 1263 4128 Madv.
1281 4075 1328 4138 Op.
1347 4074 1366 4125 1.
1384 4086 1411 4138 p.
1425 4070 1481 4122 368.
1501 4072 1554 4121 not.
1575 4095 1602 4106 -

279 4161 398 4224 quoldum
414 4157 434 4208 a
450 4168 490 4221 pr.
509 4166 546 4204 m.
566 4178 593 4188 -
614 4152 654 4203 40.
672 4149 699 4200 tc
715 4149 889 4202 9999949949
904 4163 969 4202 occa
985 4150 1035 4201 aa:
1062 4150 1232 4202 9949994949
1248 4149 1351 4212 tundo
1368 4147 1396 4211 0)
1413 4146 1473 4198 9994
1490 4145 1554 4197 dett.
1573 4146 1603 4198 0.

281 4235 320 4286 Cl.
339 4231 425 4286 ltadv.
445 4243 471 4294 p.
490 4229 546 4280 449.
566 4251 593 4263 -
613 4227 655 4277 49.
672 4225 743 4275 hodic
759 4224 810 4275 RS:
832 4225 951 4286 bodtequa
967 4225 1030 4276 dett.
1049 4228 1080 4277 Ο.
1100 4253 1128 4264 -
1151 4227 1187 4277 sic
1209 4239 1292 4277 99999
1307 4224 1385 4288 ngas.
1407 4250 1434 4260 -
1451 4220 1541 4272 494994
1557 4221 1603 4282 443,

280 4308 359 4361 codd.
378 4303 482 4365 lamb,
500 4305 572 4354 Parr.
591 4299 668 4352 tall:
686 4299 775 4351 994994
787 4313 937 4365 carrucatam
952 4299 1018 4351 dett.
1037 4301 1066 4352 0.
1086 4327 1113 4337 -
1131 4301 1275 4352 contectura
1291 4299 1327 4351 443
1339 4297 1368 4348 l:
1386 4297 1529 4348 contectura
1545 4309 1605 4359 quo

280 4399 327 4448 quc
343 4384 408 4436 dett.
421 4382 450 4431 0.
465 4405 492 4415 -
512 4378 615 4440 adsequi
631 4377 661 4428 R.
676 4403 703 4413 -
722 4375 763 4427 44.
782 4379 817 4426 art
827 4375 863 4426 443
875 4376 960 4440 ngas:
979 4375 1044 4427 boso
1059 4381 1095 4428 art
1110 4376 1175 4428 dett.
1190 4378 1219 4428 0.
1237 4404 1265 4413 -
1283 4375 1360 4426 49399
1375 4378 1411 4424 est
1426 4371 1514 4434 49999,
1532 4383 1604 4422 9999

177 4467 181 4474 “
279 4457 462 4522 ast-cutmen.
477 4483 504 4492 -
522 4451 695 4515 rassptttooclt.
711 4477 737 4486 -
758 4451 798 4501 45.
816 4450 1134 4513 ommutudtoamqusdett
1147 4453 1177 4502 0.
1192 4479 1219 4489 -
1239 4451 1279 4502 44.
1297 4451 1395 4514 potitae
1406 4448 1451 4500 443.
1467 4475 1495 4485 -
1513 4446 1553 4498 48.
1566 4447 1606 4496 tu-

237 4557 241 4570 ·
278 4537 329 4588 499
345 4535 413 4586 4469
431 4531 477 4584 Ld.
498 4557 525 4568 -·
542 4541 592 4580 scae
607 4527 695 4578 9444999
711 4526 860 4592 Zunrptins:
883 4540 934 4576 csse
948 4527 1037 4578 9444999
1052 4526 1089 4577 443
1100 4524 1130 4590 l,
1149 4527 1182 4578 ot.
1200 4526 1235 4578 ad
1252 4526 1276 4590 5.
1291 4526 1363 4587 444.;
1381 4537 1431 4576 scre
1448 4535 1501 4574 om.
1519 4521 1602 4585 tgna

277 4610 367 4660 9444999
382 4620 408 4660 aa
424 4607 489 4658 dett.
508 4605 537 4655 0.
558 4627 585 4640 -·
605 4603 646 4653 49.
664 4607 693 4652 94
708 4603 767 4652 rotet
782 4602 838 4666 pers·
854 4603 978 4664 suspecta
995 4602 1147 4652 Burmanno
1164 4602 1192 4652 94
1207 4600 1313 4652 399449.
1334 4626 1361 4636 -
1385 4599 1426 4652 90.
1445 4603 1514 4650 tacto
1531 4608 1604 4660 opera

255 4729 258 4737 .
278 4683 379 4736 babent
395 4684 430 4743 n,
448 4679 516 4744 rges
528 4677 569 4731 43.
590 4703 617 4716 —
636 4677 677 4728 94.
695 4675 825 4726 maritarat
837 4677 869 4735 a;
887 4676 1032 4726 Moourttot
1047 4677 1126 4740 Lagg.
1142 4701 1169 4712 -
1187 4675 1228 4724 99.
1240 4686 1314 4736 scapo
1330 4672 1380 4723 RS:
1398 4671 1603 4732 armcamsoepc

278 4757 344 4809 dett.
364 4783 390 4793 -
409 4755 451 4808 94.
467 4754 548 4818 pluo
564 4754 593 4804 n.
607 4779 634 4789 -
652 4752 694 4802 93.
713 4765 790 4814 quon
804 4750 880 4802 catut
895 4751 1001 4814 agroet.
1019 4763 1045 4814 p.
1058 4750 1132 4801 9967.
1151 4775 1178 4786 -
1198 4749 1239 4802 93.
1256 4751 1380 4800 clocam
1395 4745 1469 4798 lLd.
1483 4772 1510 4783 —
1527 4745 1603 4812 ttotot

277 4833 386 4894 9944999
402 4831 438 4882 443
450 4828 480 4879 l:
503 4829 612 4891 9944999
625 4825 719 4890 todoat
735 4825 800 4878 dett.
819 4827 859 4886 0,,
887 4819 1047 4889 quodhaud
1064 4825 1119 4875 scio
1136 4838 1170 4875 on
1188 4823 1391 4890 praeterendum
1409 4823 1450 4874 stt.
1469 4820 1522 4873 Sed
1539 4833 1600 4872 cum

277 4904 416 4972 singularis
440 4902 568 4970 exemplis
593 4901 635 4966 (94.
653 4899 734 4952 Ntzol.
752 4903 780 4952 94
795 4899 877 4952 Klotz.
895 4914 918 4953 s.
936 4900 972 4963 v.)
995 4901 1023 4950 et
1042 4899 1143 4950 ratione
1167 4897 1254 4963 aliquo
1275 4897 1355 4948 modo
1379 4896 1487 4949 delendi
1507 4893 1598 4962 possit,

277 4982 400 5033 codicum
417 4983 482 5046 optt.
496 4979 577 5031 fldem
590 4978 717 5030 deserere
733 4975 874 5028 noluimus.
889 5002 917 5013 -
935 4975 976 5024 99.
995 4987 1029 5025 eo
1044 4973 1075 5024 tta
1086 4972 1210 5026 Orellius:
1228 4987 1261 5024 coc
1276 4973 1315 5024 tis
1326 4971 1404 5023 codd.
1419 4999 1446 5010 -
1467 4973 1507 5023 34.
1525 4974 1599 5031 atquc

275 5057 376 5108 499994.
389 5056 454 5108 dett.
468 5055 497 5106 0.
511 5079 538 5090 —
558 5053 598 5104 39.
610 5051 718 5102 9494949
728 5051 824 5102 datam
833 5075 871 5088 --
881 5048 1046 5100 tarttsoootum
1060 5061 1113 5100 om.
1126 5047 1172 5102 aa.
1186 5074 1214 5085 —
1228 5047 1270 5100 33.
1282 5047 1378 5100 eosdm
1387 5048 1481 5098 9499499
1491 5045 1507 5096 c
1518 5044 1595 5107 lagg.

276 5131 343 5185 dett.
363 5159 390 5172 ·-
408 5131 500 5184 944994
516 5130 532 5182 6
548 5130 627 5195 Lege.
645 5126 710 5180 dett.
728 5129 756 5180 94
771 5127 803 5179 99
819 5137 857 5178 m.
874 5137 931 5178 999.
