3578 5862
306 396 311 406 ·
354 351 416 418 596
747 351 899 418 omnlo
921 353 1001 418 PRO
1023 353 1060 418 Α.
1084 349 1284 418 CLUENTIO
1716 344 1722 481 i

352 522 524 588 invenitur.
564 523 634 585 Non
656 523 742 586 venit
770 525 804 586 in
827 528 981 599 mentem,
1010 523 1146 606 primum
1168 523 1343 587 orationem
1368 519 1566 584 Stratonis
1587 520 1724 609 cenni]

353 618 429 682 here
452 617 492 681 de
513 617 614 691 furto,
636 623 708 701 post
729 617 860 701 aliquod
882 617 1001 684 dictum
1024 616 1195 700 adiungere
1211 616 1250 680 de
1264 637 1419 692 veneno,
1451 612 1559 698 quod
1575 632 1698 696 nonpe-
1721 618 1725 627 '

353 715 536 776 contatione
559 711 753 796 quaesitum,
783 711 838 775 sed
866 732 924 794 per
947 710 1088 774 dolorem
1111 729 1296 794 expressum
1317 711 1528 774 videretur.
1570 707 1697 783 Quaestio

354 806 394 870 de
420 806 504 870 furto
534 813 599 880 est,
627 807 740 869 veneni
769 806 831 868 iam
860 806 1000 890 suspicio
1029 805 1191 888 superiore
1213 805 1413 889 quaestione
1447 803 1612 868 sublata:
1638 804 1699 887 qml

329 899 459 983 nipsum
487 900 565 964 haec
588 897 699 962 eadem
720 899 833 962 mulier
856 899 1024 975 iudicarat,
1054 917 1136 983 quae
1157 906 1193 962 ut
1215 900 1331 962 Romae
1353 899 1400 962 de
1430 898 1632 962 amicorum
1650 919 1699 960 scr·
1726 964 1732 977 ,

353 995 452 1057 tentia
481 999 634 1057 statuerat
660 993 736 1056 satis
759 1013 828 1055 esse
849 994 1047 1076 quaesitum,
1074 1001 1186 1077 postea
1208 1013 1266 1076 per
1287 994 1488 1056 triennium
1516 993 1658 1056 maxime
1674 1011 1701 1053 en

354 1089 501 1151 omnihus
525 1087 623 1151 servis
647 1087 825 1150 Stratonem
847 1087 937 1149 illum
959 1086 1128 1161 dilexerat,
1151 1088 1184 1150 in
1206 1087 1327 1150 honore
1348 1087 1562 1162 habuerat,
1586 1105 1700 1150 commu

354 1181 403 1246 dis
425 1180 571 1245 omnihus
593 1181 751 1244 affecerat.
794 1175 866 1242 t85.
889 1181 968 1245 Cum
990 1181 1088 1264 igitur
1101 1179 1141 1244 de
1162 1178 1247 1243 surm
1263 1189 1499 1264 quaereretur
1516 1188 1555 1244 et
1570 1201 1611 1244 eo
1628 1180 1701 1250 fnrln

353 1277 440 1361 quod
468 1276 521 1338 ille
551 1275 620 1339 sine
642 1274 856 1338 controversia
883 1274 1015 1350 lecerat,
1044 1283 1110 1338 tum
1131 1274 1186 1336 ille
1209 1272 1248 1337 de
1272 1295 1328 1350 eo,
1350 1273 1455 1359 quod
1485 1274 1700 1360 quaerebatur,

315 1365 484 1435 loverhum
505 1368 628 1432 nullum
649 1367 745 1431 secit‘l
769 1367 808 1430 de
829 1388 953 1432 veneno
976 1369 1081 1432 statim
1103 1367 1207 1432 dixit?
1235 1368 1275 1432 de
1295 1369 1380 1434 furto
1406 1369 1445 1432 si
1473 1389 1556 1432 non
1580 1388 1622 1432 eo
1641 1368 1701 1434 lom

353 1485 416 1549 quo
439 1463 564 1536 debuit,
586 1481 627 1525 ne
649 1463 682 1524 in
706 1471 846 1526 extrema
868 1463 995 1547 quidem
1018 1469 1074 1525 aut
1100 1461 1205 1525 media
1225 1470 1282 1526 aut
1302 1463 1413 1546 aliqua
1442 1463 1609 1547 denique
1632 1467 1698 1546 pun

353 1558 550 1643 quaestionis
570 1555 702 1620 rerhum
724 1555 800 1620 fecit
820 1557 945 1619 ullumt
988 1555 1098 1618 LXVI.
1120 1557 1186 1620 lam
1208 1556 1320 1620 videtis
1342 1556 1440 1620 illam
1460 1557 1638 1620 nefariam
1650 1574 1700 1617 mu·

352 1654 476 1727 liercm,
499 1649 635 1724 iudices,
658 1649 769 1714 eadem
791 1670 901 1726 manu,
930 1671 1010 1734 qua,
1033 1653 1059 1714 si
1082 1649 1173 1715 detur
1194 1659 1351 1732 potestas,
1379 1648 1595 1715 interficere
1615 1649 1696 1712 filiun

352 1748 475 1830 cupiat,
498 1744 578 1808 hanc
599 1742 704 1808 fictam
726 1745 946 1829 quaestionem
968 1745 1202 1828 conscripsisse.
1233 1746 1336 1830 Atque
1357 1746 1463 1809 istam
1482 1747 1603 1829 ipsam
1620 1760 1699 1828 quae

315 1841 488 1904 lnstioncm
510 1837 604 1902 dicite
627 1839 699 1922 quis
722 1838 913 1921 obsignarit:
946 1859 1044 1902 uuum
1070 1839 1210 1922 aliquem
1231 1841 1403 1902 nominate.
1451 1841 1641 1904 Neminem
1660 1855 1694 1898 m·

350 1937 480 2019 perietis
507 1933 568 1996 nisi
589 1932 672 1996 sorte
694 1934 763 1996 eius
785 1931 871 1996 modi
892 1933 1070 2008 hominem,
1103 1951 1198 2016 quem
1220 1953 1279 2015 ego
1300 1934 1438 2018 proferri
1468 1933 1596 1997 malim
1618 1947 1695 2013 quan

351 2031 511 2094 neminem
533 2027 701 2091 nominari.
745 2023 1013 2102 lenocinata,
1042 2027 1078 2088 T.
1099 2026 1188 2090 Attii
1219 2033 1254 2090 tu
1282 2027 1470 2110 periculum
1508 2028 1691 2110 capitis,tn

351 2124 504 2188 indicium
533 2121 677 2198 sceleris,
712 2129 747 2186 tu
776 2120 921 2184 fortunas
950 2120 1077 2183 alterius
1106 2120 1219 2184 litteris
1248 2122 1448 2205 conscriptas
1484 2123 1528 2185 in
1552 2117 1691 2182 iudicinn

351 2220 480 2282 aderas:
502 2236 609 2299 neque
632 2235 741 2280 earum
762 2223 923 2280 auctorem
945 2212 1120 2282 litteramm
1140 2234 1245 2298 neque
1260 2215 1510 2298 obsignatorem
1534 2217 1688 2298 nequete

313 2320 432 2376 restem
452 2311 553 2376 ullum
574 2309 779 2374 nominabis?
801 2316 833 2373 et
855 2329 950 2394 quam
971 2315 1004 2372 tu
1025 2314 1145 2391 pestem
1162 2309 1419 2373 innocentissimo
1435 2308 1519 2374 filio
1538 2310 1583 2372 dc
1598 2303 1689 2370 manis

351 2408 424 2472 sinu
447 2403 696 2488 deprompseris,
725 2403 807 2467 hanc
827 2403 861 2466 hi
890 2403 968 2466 tales
989 2402 1050 2464 riri
1072 2402 1347 2485 comprobabunt?
1374 2405 1479 2468 Esto:
1516 2405 1554 2466 in
1580 2396 1685 2465 tahellit

352 2501 433 2564 nihil
454 2508 503 2564 est
524 2497 732 2562 auctoritatis:
756 2499 850 2582 quid,
873 2498 943 2581 ipsa
965 2497 1110 2580 quaestio
1125 2494 1299 2572 iudicibus,
1322 2497 1416 2582 quid,
1440 2499 1570 2562 amicis
1592 2489 1686 2573 hospi

350 2595 501 2677 tihusque
516 2591 702 2674 Oppianici,
725 2611 807 2675 quos
829 2590 1019 2655 adhibuerat
1039 2597 1146 2664 antea,
1171 2591 1263 2674 quid,
1284 2590 1359 2654 huic
1382 2593 1525 2656 tandem
1542 2591 1608 2674 ipsi
1621 2595 1683 2648 ten

350 2687 422 2771 pori
451 2707 507 2749 cur
534 2704 600 2747 non
632 2692 754 2750 servata
784 2689 854 2748 est‘l
887 2685 965 2769 quid
994 2686 1063 2748 istis
1092 2685 1275 2749 hominihus
1297 2685 1414 2749 factum
1436 2695 1513 2761 cst,
1547 2687 1681 2748 Stratone

313 2788 383 2844 met
403 2780 606 2842 Nicostrato?
638 2773 709 2841 487.
733 2779 859 2854 Quaero
875 2780 992 2854 abste,
1017 2779 1209 2863 Oppianice,
1231 2799 1322 2844 servo
1337 2787 1391 2842 tuo
1406 2781 1605 2844 Nicostrato
1618 2769 1680 2857 qnid

350 2875 471 2938 lactum
493 2893 563 2936 csse
585 2870 689 2936 dicas:
712 2893 809 2957 quem
830 2881 881 2948 tu,
903 2894 974 2937 cum
996 2873 1078 2936 hunc
1100 2872 1187 2936 hrevi
1202 2880 1343 2958 tempore
1358 2882 1581 2938 accusaturus
1595 2883 1677 2934 essct.

351 2971 483 3034 Romam
505 2967 678 3042 deducere,
713 2967 788 3031 dare
815 2975 1002 3051 potestatem
1025 2965 1205 3042 indicandi,
1237 2967 1428 3031 incolumem
1450 2969 1607 3051 denique
1625 2977 1676 3023 ser

350 3084 425 3128 nare
456 3061 652 3146 quaestioni,
686 3081 811 3126 servare
838 3061 889 3126 his
917 3062 1090 3137 iudicihus,
1124 3081 1249 3126 servare
1276 3061 1351 3124 huic
1371 3064 1515 3145 tempori
1541 3051 1674 3122 dehuish'·

350 3160 430 3222 Nam
453 3157 632 3220 Stratonem
654 3155 800 3240 quidem,
828 3157 968 3232 iudices,
995 3159 1030 3220 in
1051 3176 1175 3220 crucem
1198 3175 1267 3220 esse
1289 3163 1393 3218 actum
1415 3165 1555 3220 exsecta
1577 3151 1672 3216 scitote

313 3253 478 3335 sclinguat
507 3250 593 3334 quod
621 3269 714 3314 nemo
740 3250 937 3314 Larinatium
966 3259 1015 3315 est
1044 3251 1100 3334 qui
1121 3249 1253 3315 nesciat.
1294 3249 1411 3314 Timuit
1432 3251 1559 3313 mulier
1580 3255 1670 3310 amens

350 3367 416 3410 non
444 3365 534 3410 suam
564 3343 807 3419 conscientiam,
836 3364 900 3408 non
927 3344 1035 3408 odium
1058 3343 1270 3426 municipum,
1301 3363 1365 3406 non
1385 3341 1507 3406 lamam
1532 3336 1668 3405 omniun.

339 3440 408 3505 'sed
436 3439 528 3525 quasi
551 3455 616 3501 non
639 3457 748 3500 omnes
778 3439 847 3501 eius
868 3439 998 3502 sceleris
1020 3445 1116 3502 testes
1138 3445 1246 3502 essent
1266 3436 1381 3510 futuri,
1410 3437 1456 3499 sic
1479 3435 1615 3506 metuit,
1638 3442 1667 3488 nt

351 3533 613 3597 condemnaretur
635 3537 777 3595 extrema
799 3533 882 3596 servi
903 3553 979 3596 voce
1001 3533 1174 3596 morientis.
1357 3526 1363 3531 ’

436 3623 508 3688 488.
531 3623 624 3700 Quod
644 3625 707 3688 hoc
728 3632 924 3709 portentum,
953 3626 985 3689 di
1008 3626 1219 3690 immortalesl
1250 3626 1337 3709 quod
1358 3633 1480 3690 tantum
1503 3624 1665 3689 monstrnn

314 3723 384 3785 enin
405 3721 479 3784 ullis
501 3719 596 3794 locis,
618 3718 704 3802 quod
726 3726 790 3782 tum
812 3717 960 3782 infestum
983 3720 1087 3783 scelus
1108 3727 1141 3784 et
1161 3719 1296 3784 immane
1312 3727 1367 3783 aut
1380 3718 1466 3782 unde
1481 3724 1597 3782 natum
1610 3724 1665 3774 este
1718 3730 1724 3833 p

352 3814 516 3878 dicamus?
549 3812 615 3876 lam
643 3814 727 3876 enim
756 3812 869 3876 videtis
891 3814 1048 3897 prolecto,
1076 3814 1214 3891 iudices,
1236 3834 1302 3878 non
1323 3814 1391 3878 sine
1413 3808 1606 3877 necessariis
1624 3817 1662 3864 nt

329 3927 388 3982 ¹ac
410 3907 556 3971 maximis
578 3907 682 3970 causis
703 3907 859 3992 principio
882 3907 1033 3972 orationis
1061 3927 1150 3972 meae
1172 3907 1212 3972 de
1236 3914 1335 3972 matre
1356 3907 1485 3972 dixisse.
1523 3901 1610 3970 Nihil
1628 3899 1663 3958 &l

352 4001 437 4066 enim
459 4000 551 4075 mali,
573 3999 653 4062 nihil
675 4001 820 4076 sceleris,
842 4001 928 4084 quod
949 4000 1005 4066 illa
1025 4021 1090 4064 non
1111 4002 1151 4064 ah
1173 4003 1264 4066 initio
1286 4002 1353 4065 lilio
1371 4000 1525 4077 voluerit,
1547 3997 1660 4080 optant·

351 4095 409 4170 rit,
431 4095 629 4178 cogitaverit,
659 4095 808 4159 effecerit.
850 4095 942 4160 Mitto
963 4094 1051 4160 illam
1071 4095 1205 4180 primam
1228 4095 1369 4160 libidinis
1390 4095 1558 4169 iniuriam,
1586 4085 1660 4153 milit

418 4245 442 4294 t.
457 4244 571 4305 pomum
587 4243 645 4293 ST:
666 4244 780 4305 primum
796 4241 939 4296 RALth.
960 4269 987 4280 -
1007 4244 1034 4294 tc
1050 4245 1163 4295 erutione
1178 4246 1205 4295 S.
1226 4273 1253 4282 -
1271 4245 1296 4296 2.
1316 4243 1527 4308 allpccddwtmn
1542 4237 1660 4297 udlffltti‘

351 4319 411 4370 Sl':
439 4317 535 4380 aliquid
550 4318 686 4382 minacem
702 4319 795 4368 delum
810 4315 952 4371 thto.
972 4319 1011 4371 Gl.
1029 4334 1055 4385 p.
1075 4321 1181 4373 Fonteio
1200 4321 1224 4386 5.
1242 4320 1282 4373 so.
1301 4320 1413 4384 Madvig.
1432 4318 1466 4370 ad
1483 4319 1539 4371 Cic.
1553 4317 1587 4368 de
1600 4311 1657 4362 linc

351 4405 378 4458 p.
392 4392 433 4443 39.
448 4418 475 4428 —
494 4391 518 4441 3.
534 4403 582 4454 por
598 4393 776 4443 dolormrSl':
796 4392 1083 4448 numantino-
1101 4394 1125 4448 l.
1144 4395 1318 4460 aupicioST:
1337 4386 1655 4458 suspicionellhhto.‘

351 4470 377 4519 t.
394 4469 451 4531 ipsc
468 4469 562 4518 ST.-
581 4468 709 4518 iudicarat
726 4470 846 4519 Sl'Fll:
864 4467 1115 4524 {macerante
1129 4498 1156 4507 -
1174 4472 1200 4522 8.
1218 4475 1241 4521 el
1257 4471 1287 4520 de
1302 4483 1330 4520 ec
1342 4468 1468 4520 Halmius.
1484 4493 1511 4505 -
1531 4469 1570 4520 ll.
1587 4461 1658 4521 atiquo

352 4545 411 4594 ST:
429 4544 458 4594 in
473 4541 761 4606 dunchanto-
781 4544 1140 4608 ltquucsttmcn--tpscm
1157 4546 1252 4596 oml'.
1268 4571 1295 4584 -
1315 4545 1354 4595 tn.
1373 4532 1653 4609 comedissent:

351 4617 491 4683 obslprrcvit
506 4615 631 4671 ιω·
650 4619 798 4669 noemmin»
814 4619 874 4678 ST;
892 4618 1004 4670 condent
1017 4620 1052 4670 hl.
1071 4621 1239 4682 Fortdictte,
1258 4619 1463 4685 coctumst,
1480 4612 1655 4673 anunm
1722 4616 1727 4635 ¹

350 4693 508 4744 seminam
527 4719 555 4728 -
575 4693 615 4743 ⁴8.
633 4691 760 4758 indictum]
777 4693 897 4744 indiam
913 4694 940 4743 F.
954 4718 980 4728 -
1000 4693 1041 4744 49.
1059 4695 1155 4756 offane
1170 4690 1234 4747 ae:
1251 4695 1341 4756 afferes
1355 4695 1443 4746 ALO.
1457 4722 1485 4732 -
1503 4687 1656 4746 martem

351 4767 407 4823 tt.
430 4793 459 4806 -·
477 4768 518 4819 2⁰.
538 4769 567 4818 dc
584 4769 642 4820 Sl:
669 4781 702 4818 ec
718 4766 862 4822 RAL20.
882 4793 909 4804 —
928 4770 969 4820 tt.
988 4769 1012 4819 lt
1029 4781 1083 4821 om.
1102 4769 1130 4820 T.
1151 4795 1179 4804 -
1196 4767 1237 4819 23.
1257 4769 1326 4835 quos]
1344 4770 1411 4832 qnod
1426 4770 1452 4820 S.
1471 4796 1499 4806 -
1517 4768 1557 4822 sl.
1573 4759 1652 4815 amm

352 4846 412 4895 ST:
429 4842 719 4897 rumunnense.
738 4843 776 4895 Cl.
794 4843 875 4896 v.28.
895 4871 922 4882 -
940 4844 981 4896 26.
1000 4857 1072 4908 quem
1087 4849 1115 4895 tn
1131 4857 1188 4895 mun
1204 4855 1257 4895 om.
1277 4845 1303 4895 S.
1323 4869 1350 4882 -
1368 4845 1409 4896 tt.
1427 4835 1651 4896 naumann.-

351 4921 393 4972 28.
411 4933 513 4973 tancre
529 4922 591 4971 ente
607 4932 633 4971 v.
651 4919 689 4969 his
704 4929 757 4970 om.
770 4920 800 4971 Τ.
814 4945 841 4955 -
859 4931 989 4971 reservare
1003 4919 1060 4969 huic
1073 4919 1102 4970 L.
1118 4945 1145 4956 -
1163 4917 1205 4970 29.
1223 4931 1274 4970 csse
1289 4923 1374 4970 maun
1390 4921 1447 4971 ST:
1465 4902 1649 4971 comoedi

351 4995 480 5051 tto·
499 4997 540 5049 ³0.
557 4998 618 5048 Lar.
636 5001 672 5048 cst
688 4995 746 5046 St:
765 4996 902 5047 atharim
921 4993 1105 5048 RAL20.-
1124 4992 1165 5043 3⁴.
1183 4993 1346 5057 municipium
1361 4996 1396 5050 hl.
1417 5021 1445 5035 -
1462 4993 1503 5049 32.
1521 4989 1647 5048 centlffl·

352 5072 381 5124 T.
402 5072 490 5126 -itd
507 5067 1157 5133 rcclst':scutltnt;aruullt1.to.-3t
1174 5069 1346 5136 ullidt'lllt's.
1524 5095 1527 5106 ·
1632 5075 1635 5084 ’
