3638 5868
363 494 432 560 ns.
453 495 508 560 m.
532 493 606 559 cn.
628 487 1019 558 nxxxrv-nxxxvr.
1046 488 1103 576 35.
1125 484 1313 554 los-loo.
1440 481 1503 548 sor

177 663 274 730 Venit
294 671 431 748 praetor.
461 665 681 739 Frumentum,
698 663 819 747 inquit,
837 683 887 726 me
907 661 962 726 abs
988 668 1019 725 te
1035 681 1138 726 emere
1153 665 1289 744 oportet.
1309 693 1350 709 -
1366 659 1503 745 Optime.

178 791 220 805 -
241 758 384 823 Modium
405 757 546 823 denario.
567 757 771 842 -Benigne
792 777 828 821 ac
850 756 1041 834 liberaliter;
1073 776 1148 821 nam
1169 776 1228 840 434
1249 755 1348 819 ternis
1364 751 1424 818 Ha·
1440 773 1505 817 non

178 871 311 935 possum
338 853 486 918 vendere.
507 885 553 900 ..
576 852 655 917 Mihi
683 851 876 916 trumentum
898 871 963 915 non
986 871 1067 933 opus
1089 859 1155 914 est:
1189 870 1335 914 nummos
1356 847 1441 912 volo.
1464 879 1506 894 -

180 947 259 1010 Nam
281 946 462 1029 sperabam,
489 947 595 1032 inquit
616 953 737 1020 arator,
759 964 810 1008 me
832 946 872 1009 ad
894 946 1042 1009 denarios
1063 949 1305 1027 perventurum
1335 943 1391 1007 sed
1413 943 1441 1006 si
1462 941 1507 1006 ita

180 1055 312 1104 necesse
335 1047 398 1116 est,
421 1041 533 1126 quanti
548 1041 741 1104 trumentum
757 1041 814 1114 sit,
836 1040 1013 1103 considera.
1023 1071 1065 1085 —
1078 1039 1181 1102 Video
1197 1060 1267 1102 esse
1281 1037 1364 1102 binis
1380 1035 1450 1101 Hs.
1465 1061 1531 1106 -o

181 1133 267 1210 Quid
289 1153 364 1218 ergo
387 1153 406 1198 a
430 1155 481 1199 me
502 1135 561 1198 tibi
583 1154 785 1197 nummorum
800 1133 868 1197 dari
890 1138 1011 1218 potest,
1033 1154 1106 1198 cum
1121 1138 1248 1197 senatus
1263 1133 1320 1196 tibi
1335 1141 1508 1218 quaternos

180 1227 241 1292 Hs
266 1227 412 1292 dederit‘l
434 1262 477 1277 -
499 1229 585 1305 Quid
613 1230 737 1312 poscit?
769 1230 929 1293 Attendite
952 1234 984 1293 et
1005 1249 1062 1291 vos
1084 1247 1221 1312 quaeso,
1247 1223 1386 1303 iudices,
1414 1225 1509 1292 simul

181 1323 375 1407 aequitatem
396 1325 551 1408 praetoris
573 1323 736 1388 attendite.
758 1355 801 1370 -
821 1318 893 1385 197.
917 1323 1096 1400 Quaternos
1118 1319 1193 1397 HS,
1216 1343 1297 1406 quos
1319 1323 1396 1386 mihi
1418 1343 1510 1387 sena-

180 1423 231 1479 tus
254 1414 395 1480 decrevit
416 1426 448 1482 et
469 1440 510 1482 ex
531 1419 653 1482 aerario
675 1416 774 1492 dedit,
793 1436 851 1501 eqo
873 1415 996 1480 habebo
1020 1421 1053 1480 et
1073 1417 1107 1480 in
1129 1417 1239 1479 cistam
1261 1418 1448 1481 transferam
1470 1418 1510 1482 de

181 1506 269 1575 fisco.
284 1543 326 1558 -
341 1509 427 1586 Quid
449 1513 635 1596 praetereat
658 1511 759 1596 quidt
774 1545 815 1557 -
830 1511 890 1576 Pro
906 1510 1040 1595 singulis
1055 1509 1181 1585 modiis,
1204 1531 1286 1595 quos
1304 1511 1362 1575 tihi
1378 1513 1510 1596 impero,
1521 1531 1548 1578 44

181 1613 217 1669 tu
239 1603 317 1668 mihi
339 1611 474 1670 octonos
497 1605 557 1670 HS
580 1606 665 1669 dato.
685 1638 727 1652 -
749 1603 821 1682 Qua
842 1605 987 1670 ratione?
1009 1603 1160 1680 -Quid
1182 1605 1310 1689 quaeris
1331 1607 1510 1670 rationem?

181 1719 248 1763 non
270 1705 390 1763 tantam
410 1699 567 1763 rationem
590 1719 640 1763 res
661 1699 773 1774 habet,
807 1706 957 1784 quantam
978 1697 1147 1762 utilitatem
1169 1705 1266 1783 atque
1287 1699 1448 1782 praedam.
1471 1735 1512 1749 -

182 1793 257 1867 Dic,
280 1791 349 1867 dic,
371 1792 570 1876 inquiline,
593 1792 730 1876 planius.
768 1793 902 1857 Senatus
925 1799 956 1856 te
977 1791 1080 1857 voluit
1100 1791 1179 1855 mihi
1200 1813 1363 1868 nummos,
1386 1813 1435 1857 me
1454 1791 1513 1856 tibi

181 1885 375 1950 trumentum
397 1886 482 1949 dare.
512 1888 561 1950 Tu
583 1906 639 1950 eos
660 1907 817 1963 nummos,
840 1908 922 1972 quos
945 1885 1023 1950 mihi
1045 1893 1173 1949 senatus
1197 1885 1271 1950 dare
1300 1887 1419 1962 voluit,
1445 1887 1513 1972 ipse

182 1979 297 2045 habes:
327 1999 433 2056 ame,
464 1979 515 2044 cui
537 1980 678 2064 singulos
701 1982 769 2045 dari
792 1981 940 2045 denarios
964 1980 1121 2064 oportuit,
1143 1981 1236 2046 binos
1258 1980 1364 2046 aufers
1387 1984 1419 2044 et
1438 1980 1552 2048 huicss

182 2073 320 2156 praedae
335 2091 371 2137 ac
392 2075 565 2157 direptioni
579 2074 678 2139 cellae
693 2095 811 2140 nomen
833 2075 997 2159 imponis‘l
1026 2055 1200 2146 1981114444
1216 2075 1325 2170 dep-‘rat
1344 2074 1462 2139 iniuria
1483 2079 1515 2138 ct
1620 2155 1634 2167 .

182 2165 261 2232 haec
283 2166 447 2232 calamitas
462 2169 641 2233 aratoribus
657 2176 688 2232 te
702 2177 864 2254 praetore,
888 2190 951 2255 qua
965 2169 1099 2254 reliquis
1114 2168 1250 2233 fortunis
1265 2170 1412 2233 omnibus
1427 2190 1515 2234 ever·

183 2253 356 2368 tenentur.)
369 2261 449 2326 Nam
472 2261 550 2347 quid
573 2283 643 2326 esse
664 2263 779 2349 reliqui
800 2271 927 2348 poterat
949 2263 994 2339 ei,
1018 2262 1074 2347 qui
1096 2261 1256 2347 perhanc
1279 2263 1428 2356 iniuriam
1450 2281 1516 2326 non

184 2354 280 2418 modo
302 2354 440 2420 fructum
463 2375 590 2421 omnem
612 2359 786 2433 amitteret,
809 2358 866 2422 sed
888 2358 983 2421 etiam
1005 2355 1253 2421 instrumentum
1267 2359 1406 2422 vendere
1423 2377 1516 2442 coge·

183 2452 297 2512 retur?
333 2450 481 2526 Quonam
511 2454 725 2517 reverteret?
758 2473 799 2516 ex
822 2472 887 2537 quo
909 2451 1015 2516 fructu
1036 2473 1200 2528 nummos,
1233 2473 1315 2536 quos
1337 2451 1395 2516 tibi
1417 2453 1554 2528 daretto

184 2543 367 2608 inveniret?
399 2545 611 2611 Decumarum
632 2545 761 2610 nomine
783 2551 905 2610 tantum
928 2553 996 2610 erat
1015 2545 1170 2623 ablatum,
1193 2554 1347 2631 quandum
1369 2545 1516 2609 voluntas

184 2635 302 2701 tulerat
322 2639 473 2721 Apronii:
494 2660 553 2724 pro
575 2639 683 2703 alteris
706 2640 848 2704 decumis
871 2648 1043 2725 emptoque
1065 2640 1226 2704 frumento
1241 2647 1297 2704 aut
1311 2639 1392 2703 nihil
1407 2637 1516 2702 datum

185 2738 241 2793 aut
272 2737 394 2797 tantum
425 2733 550 2808 datum,
582 2742 737 2817 quantum
766 2733 882 2819 reliqui
905 2734 1028 2799 scribae
1049 2734 1207 2812 fecerant,
1238 2742 1293 2800 aut
1314 2735 1399 2801 ultro
1422 2734 1517 2797 etiam

186 2819 229 2906 (id
252 2824 341 2910 qnod
364 2824 529 2910 didicistis)
552 2827 701 2891 ablatum.
745 2829 918 2891 LXXXVI.
944 2827 1105 2912 Coguntur
1126 2830 1222 2893 etiam
1244 2827 1364 2893 nummi
1386 2828 1425 2891 ab
1448 2845 1517 2891 ara-

186 2923 278 2983 44441
301 2936 365 3004 quo
380 2920 498 2984 modo‘t
521 2942 585 3006 qno
609 2922 701 2985 iuret
724 2941 788 3007 quo
805 2921 975 3005 exemplo?
1007 2924 1087 2986 Nam
1103 2943 1175 2986 cum
1189 2922 1310 2986 tructus
1326 2921 1555 3006 diripieban-ro

186 3020 239 3077 tur
259 3021 419 3078 aratorum
441 3022 537 3098 atque
560 3016 646 3080 omni
669 3015 889 3080 lacerabantur
909 3016 1042 3091 iniuria,
1064 3017 1233 3082 ridebatur
1252 3017 1285 3080 id
1299 3016 1434 3100 perdere
1449 3035 1518 3080 ara·

187 3115 253 3184 tor,
276 3108 365 3192 quod
386 3115 492 3173 aratro
514 3109 583 3192 ipso
598 3110 791 3192 quaesisset,
814 3111 848 3174 in
864 3129 930 3194 quo
946 3111 1157 3186 elaborasset,
1178 3111 1267 3195 quod
1289 3111 1357 3193 agri
1379 3119 1517 3194 segetes-

188 3221 252 3286 que
274 3201 472 3294 expulissent
502 3197 574 3265 199.
597 3203 722 3278 Quibus
743 3204 868 3268 iniuriis
890 3204 1082 3286 gravissimis
1104 3213 1210 3268 tamen
1232 3204 1313 3267 illud
1335 3211 1402 3267 erat
1423 3205 1518 3267 mise-

188 3315 257 3360 rum
279 3295 443 3372 solatium,
465 3297 607 3381 quodid
629 3297 763 3381 perdere
784 3297 968 3373 videbatur,
992 3300 1080 3383 quod
1101 3299 1165 3363 alio
1187 3305 1332 3382 praetore
1350 3299 1462 3362 eodem
1477 3317 1518 3362 ex

188 3410 263 3474 4344
295 3409 442 3475 reparare
473 3399 592 3475 posset
635 3392 789 3456 Nummos
817 3412 893 3457 vero
922 3399 959 3456 ut
979 3391 1034 3455 det
1054 3400 1175 3470 arator,
1208 3413 1290 3478 quos
1310 3412 1377 3457 non
1399 3399 1555 3466 exaratoo

188 3505 270 3570 qnos
291 3503 358 3550 non
379 3492 483 3552 aratro
505 3505 542 3552 uc
564 3506 661 3552 manu
681 3485 821 3571 quaerit,
842 3486 941 3550 boves
962 3493 996 3550 44
1015 3494 1155 3552 arduum
1175 3486 1284 3571 ipsum
1304 3493 1401 3572 atque
1423 3503 1517 3550 omne

254 3785 279 3836 4.
297 3789 396 3848 optume
411 3783 490 3848 1349.
514 3811 541 3820 -
568 3785 593 3836 4.
612 3783 651 3850 oc]
668 3784 710 3848 soc
726 3784 803 3848 1344.
830 3811 856 3821 -
884 3785 961 3836 torota
977 3785 1093 3850 1344114
1112 3785 1191 3836 tritus
1207 3785 1253 3836 ott.
1277 3810 1305 3820 -
1331 3786 1393 3852 419]
1410 3785 1518 3838 darm

189 3857 259 3926 1344
276 3871 312 3912 m.
326 3873 383 3926 pr.;
401 3858 513 3910 44444444
528 3871 582 3912 seo.
596 3873 633 3912 m.
653 3886 680 3895 -
700 3859 724 3912 3.
741 3861 894 3924 [4444444444
904 3859 974 3926 1344
985 3875 1023 3924 φτ
1040 3862 1166 3925 mmo
1183 3863 1229 3914 ott.
1241 3861 1270 3912 0.
1285 3885 1313 3900 -
1332 3859 1358 3912 4.
1376 3862 1519 3914 4444411444·

190 3935 292 4001 344444,
310 3933 389 4000 1344.
409 3935 436 3984 44
451 3949 485 3998 φ,
503 3936 532 3985 ut
547 3934 671 3986 videtur:
689 3949 740 3987 444
755 3934 812 3988 4414.
825 3962 852 3973 -
870 3937 1003 4000 modom
1019 3937 1088 4000 1369
1099 3935 1132 3989 44
1142 3950 1184 3999 φτ
1198 3949 1361 4000 speraveram
1376 3933 1516 3988 44140.-

189 4011 215 4064 4.
232 4007 329 4064 44444444
345 4023 399 4062 om.
418 4008 496 4075 1344.
517 4009 565 4075 [Ct.
583 4009 698 4076 zumpt.]
718 4038 746 4047 -
772 4011 797 4062 6.
816 4016 951 4074 quatem
965 4011 1014 4062 HS.
1033 4010 1063 4072 4,
1082 4013 1120 4064 N:
1143 4016 1278 4074 quaternos
1297 4024 1387 4062 444444
1402 4009 1467 4062 dett.
1488 4033 1516 4048 -

189 4085 215 4138 ’4.
230 4087 310 4150 percit
325 4085 410 4150 13444
425 4088 504 4149 posrtt
520 4083 590 4148 rell.;
611 4084 675 4147 0444
688 4091 791 4148 porcat,
808 4088 926 4138 44444444
942 4100 976 4138 ex
991 4085 1210 4140 1444444410.
1226 4112 1253 4122 -
1271 4085 1324 4138 4444.
1342 4085 1418 4136 4444441
1432 4083 1518 4149 13444

188 4161 265 4214 4444444
285 4160 337 4214 tud.
356 4157 413 4212 rell.
427 4160 456 4212 0.
471 4186 499 4196 -
517 4161 541 4211 9.
561 4164 584 4212 44
599 4159 656 4210 toto
671 4161 747 4212 444444
762 4159 840 4225 1344.
855 4188 883 4198 -
902 4163 932 4212 dc
945 4163 1005 4226 44444
1016 4175 1040 4223 φ
1059 4158 1125 4213 eti:
1143 4173 1177 4212 44
1191 4161 1211 4225 s.
1225 4158 1290 4210 dett.
1303 4159 1333 4210 0.
1348 4185 1376 4198 -
1389 4160 1520 4222 4414444-

190 4243 259 4289 444444
275 4235 361 4302 13444
385 4241 473 4300 posteo
488 4234 546 4286 rell.
565 4237 594 4286 0.
614 4261 643 4272 -
661 4235 703 4287 43.
722 4237 775 4298 dic,
793 4237 833 4288 444
849 4235 967 4300 1344114
986 4235 1026 4286 dtr
1041 4232 1099 4286 rell.
1117 4233 1152 4285 cl.
1169 4234 1194 4299 3.
1213 4235 1270 4285 tas.
1291 4257 1317 4272 ·-
1336 4247 1463 4295 44444444,
1480 4245 1520 4286 ms

189 4311 234 4364 4444·
248 4313 327 4378 trem
344 4311 407 4364 durs
423 4309 492 4378 1344
503 4314 538 4363 A:
565 4325 678 4362 44444444
694 4311 792 4374 4444444,
817 4312 895 4376 from.
917 4313 979 4364 4444
994 4309 1068 4372 rell.;
1094 4324 1208 4362 oumuos
1224 4310 1301 4371 dors,
1325 4321 1366 4358 me
1382 4308 1426 4358 4444
1440 4308 1517 4371 frum.

189 4387 273 4438 4444444
290 4386 320 4437 O.
341 4412 369 4422 -
396 4385 436 4438 44.
455 4387 514 4436 dart
529 4385 608 4436 votuit
624 4399 657 4438 ex
674 4385 779 4437 ilotom.
798 4388 867 4439 coni.
886 4389 915 4438 0.
939 4415 966 4426 -
993 4388 1034 4438 44.
1051 4386 1125 4438 habos
1141 4384 1223 4450 ugia:
1249 4383 1348 4434 4444444
1363 4380 1420 4434 rell.
1439 4383 1469 4434 Ο.
1489 4408 1517 4419 -

190 4463 253 4514 dore
269 4463 331 4527 (non
348 4461 414 4526 dart)
432 4459 648 4526 444444441344;
667 4463 723 4514 deo.
741 4477 759 4512 4
775 4467 798 4514 44
814 4463 873 4514 dori
889 4463 1034 4527 1349ΛΒς
1053 4464 1108 4514 deo.
1126 4463 1186 4512 dart
1201 4459 1258 4511 rell.
1277 4461 1307 4511 0.
1327 4485 1356 4496 -
1374 4459 1520 4522 4444444--

189 4537 301 4601 tmpooer
316 4551 350 4601 φ.
377 4563 405 4574 -
432 4537 472 4589 46.
491 4551 522 4588 cc
539 4551 592 4589 om.
610 4536 688 4600 1344.
718 4563 745 4572 -
772 4537 817 4588 444
833 4538 918 4588 444444
933 4537 1043 4588 suemus
1058 4538 1089 4588 11.
1109 4563 1135 4572 -
1156 4535 1197 4586 49.
1214 4535 1325 4598 14444444
1341 4547 1438 4585 omnem
1453 4533 1518 4596 4φι

189 4609 342 4677 4444444444
358 4626 430 4665 coros
446 4615 492 4664 ott.
506 4613 535 4664 0.
556 4639 584 4648 -
602 4613 727 4663 omitteret
743 4612 829 4678 Lgli:
848 4611 961 4664 omittere
976 4610 1077 4664 44110.
1092 4638 1119 4648 -
1137 4612 1329 4662 444444444444444
1344 4609 1431 4673 13444
1449 4622 1521 4662 44444

189 4685 305 4740 mensu
324 4685 381 4739 rell.
400 4689 429 4740 0.
451 4713 478 4723 -
497 4687 537 4738 46.
556 4699 667 4749 quonam
682 4700 707 4738 sc
722 4693 828 4740 44444444
847 4686 933 4752 1344;
961 4700 1010 4750 quo
1026 4685 1092 4736 44444
1107 4699 1133 4736 ao
1148 4689 1256 4736 44444444
1270 4697 1321 4736 ooo
1336 4683 1442 4734 4464444
1460 4681 1518 4734 4411.

191 4759 221 4814 0.
241 4790 270 4801 -
295 4761 336 4814 44.
354 4767 454 4814 matum
474 4763 561 4812 444444
585 4761 772 4827 444.1.349Α;
798 4763 885 4812 dumo
906 4773 960 4812 om.
979 4759 1056 4824 1344.
1081 4757 1214 4825 [Optime]
1243 4785 1271 4798 -
1294 4758 1390 4810 4444444
1409 4759 1521 4822 [mont

191 4835 261 4904 1344
273 4852 311 4901 cp:
329 4837 414 4890 44444
429 4839 523 4903 [444444
539 4835 596 4890 rell.
615 4839 644 4888 0.
665 4865 692 4875 -
711 4839 751 4890 46.
770 4838 855 4890 omnic
871 4837 949 4902 1344.
970 4863 997 4874 -
1023 4836 1065 4887 41.
1084 4835 1150 4898 quod
1166 4839 1241 4886 arato
1258 4833 1339 4884 idem.
1359 4860 1388 4871 -
1406 4833 1447 4886 49.
1465 4838 1522 4884 erat

193 4924 247 4964 om.
265 4911 301 4964 id.
330 4940 357 4950 -
384 4911 425 4963 49.
444 4913 537 4963 sectum
558 4913 574 4962 6
591 4913 668 4978 1433.
688 4912 752 4964 dett.
773 4927 805 4963 ex
827 4913 957 4976 scriptura
973 4910 1101 4962 44444444.
1130 4935 1157 4945 -
1185 4909 1225 4959 30.
1243 4913 1272 4959 ut
1288 4908 1361 4958 44444
1375 4913 1466 4958 erutor
1481 4931 1521 4944 -·

193 4987 360 5050 paludarum
381 4985 406 5052 5.
424 4986 481 5040 464.
500 5001 525 5038 v.
544 4985 585 5038 34.
603 4987 732 5038 habetv.
760 5014 787 5023 -
812 4985 964 5038 44414441).
985 4984 1246 5048 44.4484(44φ4);
1271 4983 1343 5034 deret
1365 4980 1443 5032 codd.
1462 4978 1519 5032 rell.

193 5061 258 5112 nott.
278 5087 305 5098 -
323 5066 417 5114 444444
433 5058 536 5126 134411
552 5061 631 5114 codd.
648 5061 756 5114 Lamo:
774 5060 937 5114 4444444411
954 5059 1124 5124 (444144444ς
1144 5072 1206 5112 nam
1223 5059 1309 5110 maior
1325 5067 1387 5121 pare
1403 5054 1455 5106 44144
1472 5054 1521 5106 44-

194 5133 305 5189 modom
322 5133 434 5188 dlldetlis
450 5134 521 5189 lectu
538 5139 602 5200 est);
628 5149 690 5200 quos
705 5151 756 5188 444
772 5143 865 5189 aurat
880 5148 934 5187 om.
952 5133 1010 5186 rell.
1028 5136 1058 5186 0.
1079 5161 1106 5173 -
1133 5134 1174 5185 34.
1192 5138 1268 5195 atquo
1284 5132 1306 5183 V
1323 5132 1351 5182 44
1364 5129 1396 5182 l:
1414 5128 1520 5182 444441

194 5207 226 5260 0.
245 5235 273 5250 -
290 5211 377 5264 444444
391 5211 557 5265 mmm
571 5209 651 5278 1344.
676 5214 711 5265 At
726 5211 760 5264 44.
779 5210 804 5276 5.
822 5211 879 5264 446.
898 5209 958 5264 4411.
978 5209 1019 5276 45.
1037 5209 1078 5262 aa.
1096 5209 1138 5261 47.
1155 5208 1213 5262 444.
1233 5206 1313 5273 (var.)
