3578 5862
313 329 375 399 570
686 341 837 408 ORATIO
859 343 938 411 PRO
959 344 997 410 l.
1020 343 1219 408 CLUENTIO

313 509 408 572 debet
428 511 607 594 seiungere.
639 513 687 576 Ab
710 513 765 577 illo
788 513 889 588 enim,
918 512 986 576 sive
1009 513 1096 596 quod
1118 513 1151 576 in
1173 515 1275 596 legem
1298 534 1361 579 non
1383 517 1547 590 iurasset,
1583 517 1653 580 sire

313 603 401 686 quod
428 625 446 669 e
474 606 544 689 lege
566 607 752 672 subsortitus
776 603 935 690 [iudicem]
959 627 1023 670 non
1046 616 1146 682 esset,
1174 609 1273 671 multa
1293 609 1393 690 petita
1414 630 1486 672 esse
1514 609 1653 672 dicitur.
1737 628 1738 659 4

314 695 451 762 Cluentii
472 708 576 766 autmn
598 701 678 764 ratio
699 721 770 763 eum
793 701 856 764 illis
877 701 1018 784 legibus,
1046 703 1159 784 quibus
1181 722 1200 765 a
1220 703 1314 766 lunio
1335 704 1433 767 multa
1454 705 1570 787 petita
1594 710 1652 774 est,
1737 676 1738 749 l

313 791 400 854 nulla
421 800 525 877 potest
539 801 681 877 exparte
696 815 766 858 esse
780 797 956 859 coniuncta.
987 792 1038 856 97.
1054 799 1094 858 At
1109 797 1191 860 euim
1208 797 1302 860 etiam
1317 797 1436 860 Bulbus
1451 804 1507 860 est
1525 796 1652 858 conde·

287 894 446 950 tmnatus.
467 890 557 953 lldde
572 890 754 963 maiestatis,
769 897 804 953 ut
817 890 975 971 intelligas
990 889 1050 954 hoc
1065 889 1218 955 indicium
1234 912 1305 955 curn
1321 892 1376 955 illo
1392 911 1457 954 non
1469 911 1554 954 esse
1571 911 1650 954 con·

309 979 457 1044 iunctum.
489 984 530 1046 tlt
551 991 600 1047 est
618 983 680 1047 hoc
708 983 754 1046 illi
777 983 895 1047 crimen
918 983 1086 1047 obiectum.
1119 985 1249 1059 Fateor,
1279 985 1336 1049 sed
1358 987 1452 1049 etiam
1473 985 1650 1066 legionem

306 1095 376 1136 esse
398 1076 438 1138 ab
459 1096 498 1140 eo
520 1078 718 1141 sollicitatam
740 1077 773 1140 in
795 1078 921 1161 lllyrico
944 1077 978 1141 C.
1002 1079 1147 1142 Cosconii
1170 1078 1283 1142 litteris
1306 1087 1339 1142 et
1354 1080 1533 1143 multorum
1559 1077 1649 1140 testi-

306 1170 419 1232 moniis
441 1171 571 1253 planum
592 1170 708 1236 factum
731 1179 798 1236 est:
821 1170 906 1256 quod
929 1173 1046 1235 crimen
1070 1181 1137 1236 erat
1154 1173 1316 1257 proprium
1330 1173 1419 1236 illins
1434 1172 1648 1256 quaestionis

305 1271 337 1326 et
363 1257 447 1348 ¹quae
475 1285 526 1328 res
554 1266 625 1348 lege
647 1266 819 1330 maiestatis
843 1265 1021 1329 tenebatur.
1064 1267 1185 1330 Athon
1208 1266 1307 1330 obfuit
1329 1267 1358 1330 ei
1381 1267 1537 1329 maxime.
1580 1266 1645 1328 lam

267 1355 364 1421 ⁴⁰ista
385 1358 536 1424 divinatio
559 1367 624 1423 est:
655 1380 719 1444 qua
747 1360 774 1422 si
804 1362 851 1424 uti
880 1360 971 1433 licet,
1002 1359 1075 1422 vide
1104 1381 1145 1424 ne
1176 1381 1246 1425 mea
1268 1363 1448 1424 coniectura
1470 1359 1583 1422 multo
1607 1359 1647 1420 sit

304 1441 418 1517 verior.
460 1456 526 1538 Ego
556 1455 641 1518 enim
671 1455 717 1518 sic
739 1455 890 1529 arbitror,
919 1455 1075 1530 Bulbum,
1105 1456 1190 1538 quod
1211 1454 1307 1519 homo
1330 1475 1483 1538 nequam,
1518 1455 1643 1536 turpis,

304 1546 482 1631 improbus,
504 1549 613 1612 multis
635 1549 761 1631 flagitiis
783 1549 1014 1613 contaminatus
1036 1550 1071 1613 in
1093 1549 1243 1612 iudicium
1263 1550 1306 1612 sit
1320 1549 1488 1622 adductus,
1517 1549 1642 1611 idcirco

304 1639 427 1706 facilius
450 1663 520 1707 esse
543 1643 734 1708 damnatum.
770 1645 818 1705 Tu
841 1643 918 1708 mihi
940 1664 982 1706 ex
1003 1651 1070 1706 tota
1092 1663 1186 1707 eausa
1208 1642 1299 1706 Bulbi
1320 1645 1406 1726 quod
1423 1645 1479 1707 tibi
1495 1665 1642 1708 comme

305 1734 380 1798 dum
401 1743 450 1798 est
470 1735 578 1818 eligis,
607 1736 695 1799 ulid
717 1757 787 1800 esse
810 1746 935 1802 secutos
958 1738 1081 1801 iudices
1104 1738 1200 1802 dicas.
1244 1738 1389 1801 XXXVI.
1412 1736 1464 1800 98.
1487 1739 1641 1821 Quapro-

268 1837 374 1913 ⁴5pter
402 1831 464 1894 hoc
492 1830 583 1894 Bulbi
610 1830 762 1895 iudicium
784 1852 849 1894 non
871 1832 943 1915 plus
964 1832 1039 1895 huic
1062 1832 1174 1896 obesse
1197 1852 1311 1896 causae
1334 1831 1428 1897 debet
1449 1853 1552 1916 quam
1576 1831 1640 1903 illa,

307 1944 387 2007 quae
409 1933 652 1991 commemorata
673 1933 746 1989 sunt
767 1927 805 1988 ab
828 1934 1027 2000 accusatore,
1049 1926 1113 1990 dno
1134 1927 1251 1990 iudicia
1268 1927 1301 1988 P.
1317 1926 1430 2009 Popilii
1445 1935 1477 1990 et
1490 1929 1546 1990 Ti.
1563 1927 1640 1990 Gut-

305 2028 370 2093 tae,
393 2018 449 2102 qui
471 2039 598 2084 causam
620 2020 660 2083 de
683 2020 803 2084 ambitu
825 2019 992 2096 dixerunt,
1015 2023 1072 2105 qui
1094 2021 1231 2084 accusati
1251 2030 1324 2085 sunt
1338 2021 1449 2096 abiis,
1472 2023 1639 2105 quierant

305 2113 365 2199 ipsi
387 2112 522 2180 ambitus
544 2114 746 2178 condemnati
762 2135 769 2176 ε
793 2134 874 2198 quos
897 2134 955 2197 ego
978 2134 1043 2178 non
1058 2114 1176 2178 idcirco
1192 2133 1263 2178 esse
1278 2115 1413 2178 arbitror
1427 2115 1461 2178 in
1475 2117 1637 2198 integrum

305 2208 484 2282 restitutos,
507 2208 594 2289 quod
617 2208 745 2290 planum
766 2208 901 2272 iecerint
921 2209 994 2272 illos
1016 2209 1057 2273 ob
1079 2227 1146 2271 rem
1169 2208 1370 2272 iudicandam
1392 2212 1566 2293 pecuniam
1589 2229 1638 2272 ac·

266 2303 443 2386 accepisse,
466 2301 522 2366 sed
545 2302 629 2384 quod
651 2302 809 2366 iudicibus
832 2303 1051 2385 probaverint,
1074 2323 1143 2366 cum
1167 2305 1199 2366 in
1222 2302 1334 2366 eodem
1357 2323 1490 2386 genere,
1514 2305 1549 2366 in
1573 2321 1636 2385 quo

305 2395 366 2477 ipsi
390 2395 611 2469 offendissent,
634 2397 723 2461 alios·
735 2397 1028 2479 reprehendissent,
1052 2418 1086 2460 se
1107 2396 1147 2460 ad
1167 2398 1307 2479 praemia
1320 2397 1400 2480 legis
1414 2399 1526 2460 venire
1543 2415 1636 2480 opor·

305 2497 381 2552 tere.
416 2490 615 2573 Quapropter
637 2492 795 2554 neminem
818 2491 961 2556 dubitare
988 2493 1151 2565 existimo,
1177 2491 1255 2573 quin
1277 2491 1331 2554 illa
1354 2491 1514 2554 damnatio
1538 2490 1634 2553 ambi·

305 2591 356 2644 tus
379 2581 466 2644 nulla
487 2602 527 2645 ex
555 2592 643 2664 parte
671 2605 742 2647 eum
765 2605 859 2649 causa
882 2585 1018 2648 Cluentii
1041 2594 1209 2668 vestroque
1231 2585 1348 2649 iudicio
1370 2590 1544 2650 coniuncta
1566 2603 1634 2646 esse

307 2675 417 2757 possit.
461 2671 512 2738 99.
535 2677 636 2753 Quid,
658 2679 744 2762 quod
762 2680 908 2742 Staienus
931 2686 978 2742 est
1000 2679 1251 2744 condemnatus?
1285 2681 1357 2742 Non
1379 2679 1451 2744 dico
1472 2681 1535 2744 hoc
1558 2689 1633 2741 tem-

267 2783 403 2854 anpore,
437 2769 575 2845 iudices,
607 2772 640 2835 id
669 2772 754 2855 quod
784 2773 893 2836 nescio
915 2793 954 2836 an
979 2774 1041 2837 dici
1064 2781 1224 2857 oporteat,
1257 2775 1347 2837 illurn
1369 2774 1542 2838 maiestatis
1566 2791 1633 2836 esse
1737 2832 1738 2839 ,

307 2863 567 2940 condemnatum
588 2886 655 2930 non
676 2867 775 2930 recito
796 2867 977 2931 testimonia
992 2868 1157 2931 hominurn
1171 2866 1478 2941 honestissimorum,
1502 2866 1631 2952 quaein

221 3007 229 3059 l
308 2958 470 3021 Staienum
493 2968 567 3023 sunt
589 2961 673 3024 dicta
693 2962 809 3038 abiis,
841 2962 897 3044 qui
922 2963 963 3024 M.
985 2963 1136 3037 Aemilio,
1169 2962 1342 3056 clarissimo
1365 2963 1449 3035 viro,
1482 2961 1582 3044 legati
1603 2964 1632 3020 et

217 3047 243 3113 u'
306 3053 458 3137 praefecti
481 3063 513 3118 et
533 3055 652 3118 tribuni
674 3056 825 3120 militares
846 3056 993 3120 inerunt:
1017 3077 1150 3141 quorum
1165 3055 1353 3120 testimoniis
1372 3056 1500 3140 planum
1515 3054 1630 3120 iactum

308 3156 370 3222 est,
399 3150 536 3213 maxime
563 3149 631 3212 eius
661 3169 771 3232 opera,
805 3171 877 3214 cum
905 3159 1055 3234 quaestor
1083 3158 1182 3224 esset,
1215 3151 1249 3214 in
1281 3151 1422 3213 exercitu
1444 3150 1629 3214 seditionem

268 3255 378 3305 ecesse
400 3245 574 3307 conflatam.
607 3245 653 3306 Ne
675 3244 731 3307 illa
747 3246 876 3328 quidem
897 3245 1077 3308 testimonia
1093 3246 1206 3319 recito,
1230 3263 1311 3326 quae
1326 3244 1411 3306 diota
1428 3251 1503 3306 sunt
1517 3243 1559 3304 de
1574 3237 1628 3302 HS

307 3357 376 3411 soc,
407 3358 488 3421 quae
510 3337 565 3401 ille
588 3358 661 3401 cum
682 3340 857 3420 accepisset
878 3339 1005 3402 nomine
1028 3339 1136 3402 iudicii
1158 3335 1325 3411 Safiniani,
1355 3338 1438 3400 sicut
1458 3337 1492 3400 in
1516 3333 1629 3419 Oppia·

275 3462 279 3472 ·
307 3433 370 3496 nici
401 3432 520 3495 iudicio
543 3441 670 3515 postea,
698 3433 825 3496 reticuit
845 3441 942 3516 atque
965 3433 1149 3516 suppressit.
1194 3427 1265 3493 t00.
1289 3431 1409 3495 Omitto
1437 3431 1574 3494 ethaeo
1600 3431 1628 3486 et

307 3525 368 3589 alia
389 3528 558 3611 permulta,
580 3547 661 3608 quae
683 3526 739 3589 illo
762 3526 879 3591 iudicio
903 3527 936 3589 in
959 3528 1122 3590 Staienum
1146 3527 1342 3590 dictasunt:
1365 3525 1425 3588 hec
1447 3523 1537 3598 dico,
1560 3538 1628 3582 ean-

111 3631 163 3727 fi
178 3631 192 3703 ᾖ
309 3621 380 3682 dem
402 3629 468 3683 tum
489 3619 588 3684 fuisse
610 3622 643 3683 P.
659 3627 690 3684 et
707 3622 743 3682 L.
777 3621 944 3696 Cominiis,
966 3619 1312 3710 equitibushllomanis,
1334 3618 1475 3683 honestis
1495 3610 1626 3680 homini-

128 3711 154 3753 '‘
176 3718 188 3730 “
270 3715 367 3778 nous
386 3722 418 3777 et
432 3714 574 3788 disertis,
598 3715 931 3779 controversiam'cum
947 3715 1090 3790 Staieno,
1113 3734 1207 3798 quem
1226 3713 1428 3787 accusabant,
1450 3731 1533 3794 quae
1549 3724 1626 3772 nunc

373 4005 396 4052 4.
415 4004 481 4053 enini
496 4002 541 4052 sibi
557 4003 608 4052 sive
624 4003 652 4053 T.
674 4027 700 4038 -
720 4003 744 4052 2.
763 4015 777 4052 e
793 4003 851 4052 ST:
870 4016 903 4052 en
919 4002 1062 4056 RALSO.
1084 4030 1110 4038 -
1129 4002 1273 4052 mbsortttus
1288 4001 1395 4050 iudicem
1409 4014 1460 4050 non
1475 3998 1544 4063 mast]
1562 3995 1626 4046 siloc

307 4078 447 4142 perspicue
465 4077 626 4148 mendosum
643 4079 698 4136 est;
717 4090 779 4128 nem
796 4079 887 4129 iudices
904 4078 987 4129 debet
1003 4092 1077 4138 esse,
1096 4082 1125 4128 ut
1142 4079 1168 4129 in
1186 4079 1260 4128 verr.
1279 4078 1374 4127 Aecus.
1393 4077 1412 4126 l.
1431 4089 1455 4124 e.
1468 4074 1508 4124 64.
1527 4085 1587 4124 nom
1601 4069 1627 4116 04

306 4153 477 4204 subsortitione
493 4153 539 4203 iltn
554 4153 663 4203 luninno
678 4153 788 4203 iuduunt
804 4153 866 4203 niliil
882 4154 944 4203 dico.
971 4156 1140 4216 Quamquam
1157 4166 1237 4216 supra
1256 4165 1280 4202 c.
1292 4152 1366 4202 atsi
1382 4165 1416 4200 em
1426 4151 1477 4215 lepe
1488 4146 1626 4200 subsortitus

306 4241 356 4278 non
372 4232 428 4278 erut
443 4229 537 4290 lunius,
554 4227 600 4278 ubi
618 4233 709 4279 contra
727 4227 809 4280 libros
821 4228 963 4280 Lambinus
975 4229 1080 4278 indicem
1094 4227 1237 4280 inserebat.
1256 4228 1304 4278 llic
1315 4240 1378 4289 ergo
1391 4227 1501 4276 tortasse
1513 4221 1624 4276 similiter·

306 4303 444 4367 imperitus
461 4302 555 4367 aliquis
572 4303 673 4354 eddidit
688 4305 818 4354 indicna.»
837 4306 899 4355 Gna.
912 4305 936 4354 T.
952 4329 978 4340 -·
992 4305 1086 4354 anubin
1097 4305 1114 4352 S
1127 4302 1235 4368 ubique.
1247 4327 1273 4338 -
1293 4302 1317 4352 3.
1332 4301 1427 4354 Cluenti
1442 4302 1470 4350 T.
1484 4326 1510 4335 -
1530 4299 1554 4351 l.
1567 4297 1625 4347 44444

306 4378 365 4428 ST:
384 4391 437 4428 orn.
450 4377 631 4432 RALSO.-
644 4379 812 4441 declinium
825 4379 886 4428 44.-
906 4379 997 4428 itlibcc
1009 4381 1036 4428 4..
1046 4406 1073 4415 -
1092 4379 1117 4428 7.
1131 4379 1232 4429 Cosconi
1248 4379 1313 4426 T.-
1332 4377 1357 4426 8.
1370 4377 1464 4425 erinnn
1477 4387 1530 4424 orn.
1544 4375 1571 4424 T.
1589 4366 1622 4418 Cl-

307 4453 440 4516 0403.-
454 4454 494 4504 lb.
506 4454 563 4504 buic
579 4454 758 4505 obeaseSTll:
777 4452 1105 4508 consuebantu-
1121 4454 1160 4504 40.
1175 4454 1280 4503 TiST:
1296 4452 1321 4501 Τ.
1335 4449 1527 4508 anteon.
1539 4450 1566 4497 L.
1579 4442 1622 4507 (04·

305 4541 362 4578 cero
377 4543 424 4591 pro
441 4529 551 4580 Cluentio
566 4530 679 4580 Publium
690 4531 810 4592 Popilium
827 4536 850 4580 et
861 4529 995 4581 Tiberium
1013 4531 1116 4579 Guttam
1133 4530 1192 4578 dicit
1208 4543 1258 4578 non
1274 4528 1361 4578 iudicii
1376 4526 1502 4588 abrupti,
1521 4524 1562 4574 sed
1576 4531 1624 4568 ern·

307 4605 370 4654 bitin
381 4617 431 4654 esse
448 4605 587 4654 damnatos.
607 4603 778 4665 Quintilianus
790 4606 820 4654 V.
832 4606 873 4665 40,
884 4603 952 4666 408.)
966 4631 992 4640 —
1012 4605 1052 4654 20.
1064 4604 1226 4666 probaverint
1236 4605 1253 4652 S
1262 4604 1295 4653 T:
1312 4602 1450 4665 probarint
1455 4602 1475 4650 li
1485 4603 1504 4650 Α
1516 4596 1621 4650 LEO.-

307 4693 363 4729 enm
380 4681 528 4730 STFMA:
548 4681 613 4742 quod
630 4678 714 4733 Lt20.
734 4706 761 4714 —
780 4681 821 4728 tl.
840 4680 1000 4742 defendissent
1016 4681 1105 4730 Fata.
1125 4705 1152 4715 —
1172 4681 1213 4729 26.
1231 4680 1421 4728 eondnnnntum
1437 4677 1495 4727 ST:
1523 4675 1622 4724 0444444·

307 4760 360 4804 tum
377 4753 518 4808 ultio.
540 4781 567 4791 -
586 4755 626 4805 27.
644 4755 684 4820 iis]
700 4755 738 4804 bis
754 4755 836 4805 STF.
856 4781 884 4789 —
902 4757 981 4805 Mem.
1000 4755 1101 4804 dendio
1119 4768 1180 4804 curn
1198 4757 1224 4804 Ρ.
1244 4754 1358 4805 Manutio
1376 4753 1405 4802 0.
1425 4779 1453 4789 -
1472 4751 1513 4802 28.
1530 4741 1622 4812 suem!

308 4843 361 4880 om.
380 4830 408 4880 T.
428 4857 455 4866 —
474 4830 515 4880 30.
534 4831 634 4880 deum
652 4832 680 4880 Τ.
700 4856 727 4866 -
747 4831 788 4880 34.
806 4829 858 4894 DC]
875 4830 1038 4888 ΧΧΧΧΒΉ
1056 4831 1220 4887 naucum
1238 4825 1475 4881 obmitterent.
1494 4824 1532 4875 Cl.
1550 4815 1620 4886 §.6⁸-

310 4929 336 4940 —-
355 4906 382 4953 in
399 4919 452 4956 om.
471 4907 525 4956 ST.
546 4931 573 4940 -
593 4905 633 4955 32.
652 4905 751 4954 retinuit
766 4906 825 4954 ST:
843 4906 945 4955 retinuit
962 4901 1102 4956 RALSO.
1123 4931 1150 4940 -
1179 4904 1219 4955 34.
1237 4904 1276 4969 b]
1294 4905 1320 4955 G.
1339 4903 1468 4954 Asconius
1484 4901 1510 4950 in
1527 4903 1620 4976 argunt·

309 4979 413 5030 cornel.
432 4994 457 5044 p.
471 4981 512 5032 be.
532 4994 556 5030 v.
571 4978 595 5030 l.
614 4979 657 5030 ed.
676 4981 795 5042 nostrae,
814 4978 860 5029 ubi
876 4979 935 5032 ride
950 4993 1019 5046 quae
1037 4979 1230 5030 adnotavimus.
1246 5005 1273 5015 —
1291 4979 1395 5029 tenutis
1411 4978 1498 5028 STL:
1516 4971 1620 5024 bonate
1738 4989 1739 4992 ¹

307 5055 506 5115 simisllAlEO.
