3644 5874
623 451 696 516 cn.
718 449 871 517 m-rv.
896 444 952 532 ss.
974 443 1082 510 s-e.
1451 433 1514 502 ne

191 625 257 700 fui,
280 643 374 709 wem
397 621 546 705 cogebar,
576 640 641 684 non
662 639 759 703 mam
779 618 940 682 volebam:
973 637 1074 691 nunc,
1104 635 1175 678 cum
1197 633 1307 680 omnes
1329 630 1378 674 me
1401 627 1514 674 causae

193 718 234 782 ad
256 716 503 781 misericordiam
525 724 621 800 atque
643 714 683 779 ad
705 715 932 779 humanitatem
955 719 1085 785 vocent,
1113 718 1233 794 quanto
1259 705 1386 772 undem
1407 703 1513 768 studio

192 812 295 875 debeo
315 818 448 874 naturae
471 831 560 875 meae
581 809 871 893 consuetudinique
892 808 1035 870 serviret
1067 806 1112 869 Ao
1134 804 1174 867 de
1196 799 1302 867 officio
1320 798 1514 900 defensionis

192 924 283 968 meae
305 924 342 968 ac
365 905 404 968 de
424 905 547 968 ratione
569 903 778 968 accusationis
801 909 874 968 tuae
895 901 1028 964 fortasse
1051 899 1146 964 etiam
1166 897 1230 962 alia
1245 896 1280 960 in
1295 901 1383 981 parte
1398 898 1514 956 oratio-

192 1000 243 1062 nis
266 997 433 1063 dicendum
456 999 548 1062 nobis
570 999 639 1062 erit.
1523 999 1538 1044 ⁶

277 1090 308 1155 7.
331 1093 392 1156 Sed
401 1089 486 1167 (mel
514 1091 651 1165 iudices,
665 1087 743 1162 (non
770 1091 879 1177 minuq
894 1090 1035 1154 bominis
1058 1086 1283 1172 sapientissimi
1305 1090 1402 1166 atque
1424 1099 1515 1143 orne·
1669 1089 1710 1190 ί

193 1184 449 1280 tissimi,(Servii
471 1186 602 1269 Sulpicii
625 1185 828 1269 conquestio,
850 1204 946 1268 quam
963 1184 1090 1249 Catonis
1109 1180 1267 1245 accusatio
1282 1174 1525 1270 commonebam)
1643 1210 1773 1272 m...

193 1273 250 1365 qui
270 1281 455 1364 gravissime
478 1288 510 1344 et
530 1279 731 1344 acerbissime
754 1300 789 1342 se
809 1279 892 1342 terre
914 1278 1012 1352 dixit,
1035 1297 1085 1340 me
1105 1273 1329 1338 familiaritatis
1341 1270 1516 1335 necessitu-

194 1376 342 1458 dinisque
371 1374 505 1438 oblitum
535 1393 661 1437 causam
688 1373 724 1435 L.
746 1374 897 1438 Murenae
928 1379 1037 1436 contra
1059 1393 1093 1436 ee
1116 1369 1297 1434 defendero.
1342 1366 1424 1429 Huic
1446 1383 1515 1446 ego,

195 1469 333 1543 iudices,
354 1469 432 1533 satis
445 1466 550 1533 iacere
572 1468 667 1550 cupio
682 1487 803 1550 vosque
825 1466 976 1530 adbibere
996 1464 1141 1528 arbitros.
1177 1464 1256 1526 Nam
1271 1481 1343 1526 eum
1358 1479 1452 1543 prave
1468 1464 1516 1522 est
1526 1473 1553 1520 te

194 1583 268 1626 vere
289 1563 431 1627 accusari
453 1562 486 1624 in
507 1561 661 1636 amicitia,
684 1571 767 1636 tum,
789 1561 884 1625 etiam
905 1561 934 1624 si
956 1559 1036 1624 falso
1058 1560 1233 1632 accuseris,
1260 1574 1325 1619 non
1349 1561 1397 1618 est
1417 1551 1516 1634 negli-

194 1654 340 1740 gendum.
384 1658 470 1739 Ego,
493 1654 582 1720 Servi
605 1654 743 1738 Sulpici,
766 1675 815 1720 me
837 1656 870 1718 in
892 1655 1046 1738 petitione
1068 1662 1123 1718 tua
1144 1652 1202 1716 tibi
1217 1650 1323 1715 omnia
1344 1645 1448 1712 studia
1469 1653 1516 1709 at·

195 1771 258 1836 que
279 1750 384 1816 officia
403 1769 462 1833 pro
483 1757 592 1813 nostra
613 1749 846 1813 necessitudine
872 1757 904 1813 et
925 1749 1073 1814 debuisse
1095 1743 1248 1812 confiteor
1269 1753 1300 1807 et
1321 1741 1516 1828 praestitisse

193 1847 337 1926 arbitror.
379 1843 467 1910 Nihil
488 1843 546 1908 tibi
568 1843 764 1908 consulatum
787 1844 907 1926 petenti
929 1864 947 1907 a
969 1863 1020 1906 me
1042 1841 1158 1916 defuit,
1185 1839 1272 1923 qnod
1294 1845 1380 1902 esset
1399 1842 1456 1899 aut
1475 1834 1515 1897 ab

193 1941 294 2004 amico
323 1946 378 2004 aut
404 1957 424 2008 a
453 1938 591 2020 gratioso
617 1943 673 2002 aut
701 1937 871 2001 aeonsnle
893 1936 1128 2020 postulandum.
1171 1933 1260 1998 Abiit
1280 1931 1359 1996 illud
1383 1939 1516 2014 tempus,
1525 1944 1554 1990 te

195 2041 314 2097 mutata
336 2033 418 2096 ratio
441 2039 498 2096 est.
537 2032 589 2096 Sic
610 2031 773 2105 existimo,
797 2031 843 2095 sic
865 2031 941 2094 mibi
963 2030 1157 2114 persuadeo,
1179 2049 1230 2092 me
1251 2027 1308 2092 tibi
1330 2034 1438 2091 eontra
1458 2026 1517 2089 bo·

194 2146 305 2189 norem
325 2127 495 2200 Murenae,
518 2134 673 2209 quantum
695 2132 730 2188 tu
751 2143 770 2188 a
788 2145 838 2188 me
852 2125 1014 2208 postulare
1030 2144 1125 2188 ausus
1140 2123 1199 2198 sis,
1221 2128 1344 2186 tantum
1359 2120 1516 2191 debuisse,

194 2228 302 2284 contra
323 2219 457 2283 salutem
478 2218 559 2283 nibil
580 2219 706 2284 debere.
749 2217 779 2281 8.
801 2221 912 2304 Neque
934 2220 1037 2294 enim,
1067 2220 1093 2283 si
1115 2217 1172 2283 tibi
1194 2224 1277 2291 tum,
1300 2235 1372 2278 enm
1392 2220 1517 2297 peteres

194 2313 410 2388 consulatum,
438 2313 543 2389 adfui,
575 2333 676 2388 nunc,
704 2334 776 2376 cum
805 2315 969 2378 Murenam
1000 2313 1103 2397 ipsum
1126 2319 1231 2396 petas,
1258 2309 1383 2374 adiutor
1404 2307 1517 2372 eodem

193 2414 286 2489 pacto
315 2425 385 2470 esse
415 2407 526 2472 debeo.
569 2409 673 2490 Atque
701 2407 762 2472 boc
784 2427 848 2472 non
870 2407 965 2471 modo
987 2428 1053 2470 uon
1073 2405 1212 2481 laudari,
1244 2404 1363 2470 sedne
1385 2401 1554 2468 concedite

194 2502 322 2584 quidem
352 2507 472 2584 potest,
504 2508 540 2566 ut
568 2501 680 2565 amicis
708 2502 824 2565 nostris
852 2501 1073 2567 accusantibus
1102 2501 1284 2565 nonedam
1304 2497 1516 2562 alienissimos

194 2594 408 2666 defendamus.
452 2596 505 2659 IV.
526 2596 604 2659 Mibi
626 2603 730 2658 autem
754 2617 825 2660 cum
847 2597 993 2671 Murena,
1025 2591 1164 2670 indices,
1187 2603 1219 2660 et
1240 2611 1353 2678 magna
1373 2597 1516 2654 etvetus

193 2689 331 2752 amicitia
357 2695 422 2763 est,
457 2710 539 2774 quae
567 2690 600 2752 in
630 2691 743 2772 capitis
772 2689 976 2754 dimicatione
1004 2712 1024 2754 a
1053 2690 1119 2753 Ser.
1143 2689 1286 2772 Sulpicio
1308 2707 1373 2754 non
1395 2685 1516 2750 idcirco

193 2784 363 2858 obruetur,
396 2784 484 2867 quod
512 2785 552 2848 ab
582 2805 619 2848 eo
642 2783 827 2848 inhonoris
856 2785 1058 2849 contentione
1089 2792 1236 2868 superata
1264 2791 1322 2848 est.
1372 2780 1461 2860 Qec
1489 2778 1516 2842 ei
1634 2761 1658 2852 4

194 2897 289 2942 causa
320 2896 385 2941 nen
416 2885 514 2953 esset,
547 2873 723 2946 tamen(vel
754 2879 890 2962 dignitas
919 2879 1058 2943 hominis
1086 2877 1137 2942 vel
1165 2878 1296 2942 bonoria
1325 2877 1403 2961 eius)
1421 2885 1555 2958 memte

194 2969 327 3053 adeptus
357 2977 406 3034 est
421 2971 627 3057 (amplitudoq
640 2993 793 3036 summam
822 2973 898 3037 mibi
928 2974 1095 3058 superbiae
1117 2971 1377 3056 crudelitatisque
1389 2968 1518 3046 (samam

193 3064 377 3154 inussisset]
398 3065 427 3128 si
448 3065 604 3140 bominis,
627 3074 660 3131 et
681 3067 747 3130 suis
770 3074 802 3130 et
823 3067 933 3150 populi
953 3068 1088 3131 Romani
1109 3067 1301 3131 ornamentis
1321 3063 1517 3148 amplissimi,
1597 3087 1677 3169 me

194 3177 321 3222 caueam
349 3159 428 3222 tanti
455 3160 588 3242 periculi
617 3162 845 3243 repudiassem.
888 3163 1001 3244 Neque
1029 3161 1113 3223 euim
1135 3163 1197 3224 iam
1219 3161 1296 3225 mihi
1318 3161 1394 3226 licet
1412 3179 1517 3244 neque

194 3259 243 3316 est
262 3253 438 3335 integrum,
460 3261 497 3316 ut
516 3274 621 3318 meum
644 3253 783 3318 laborem
804 3254 970 3318 bominum
991 3254 1141 3337 periculis
1156 3254 1359 3319 sublevandis
1377 3275 1443 3320 non
1458 3255 1518 3320 im·

194 3346 338 3428 pertiam.
380 3348 459 3411 Nam
493 3367 564 3411 cum
596 3349 738 3430 praemia
769 3348 847 3412 mibi
876 3355 963 3413 unta
994 3367 1051 3432 pro
1078 3347 1139 3412 bac
1165 3349 1322 3414 industria
1348 3350 1553 3423 siredones

194 3448 313 3524 quanta
333 3447 426 3506 antea
446 3441 583 3505 nemini:
612 3441 635 3522 †
658 3441 704 3506 sic
733 3451 765 3506 et
786 3443 814 3506 si
835 3442 956 3525 ceperis
978 3461 1050 3517 eos,
1078 3463 1149 3506 cum
1172 3441 1305 3530 adepors
1326 3445 1388 3521 sis,
1416 3445 1517 3530 depo-

259 3663 284 3714 t.
301 3675 368 3714 oute
383 3676 437 3716 om.
456 3666 485 3716 G.
505 3691 531 3702 -
550 3677 590 3716 ute
606 3679 689 3717 munes
704 3679 730 3715 v.
749 3691 777 3702 —
798 3665 823 3716 9,
842 3670 917 3729 apae
932 3666 999 3716 basra
1018 3679 1045 3727 x.
1066 3692 1094 3702 —
1112 3665 1137 3717 3.
1155 3665 1184 3717 dt
1199 3667 1230 3718 de
1246 3669 1366 3722 Goerena
1383 3672 1418 3724 ad
1435 3673 1514 3727 Acod.

194 3739 224 3790 n.
242 3739 267 3790 9.
287 3738 359 3792 -6,
377 3740 490 3792 ddeL.
508 3765 536 3776 -
555 3740 820 3792 5.oobtsom.T.-
839 3740 863 3791 7.
881 3741 1023 3792 meno.
1043 3769 1070 3778 -
1089 3742 1406 3808 emmennone.-
1426 3749 1515 3816 8.th

193 3826 271 3874 quom
287 3815 317 3863 6.
338 3841 365 3850 -
384 3827 409 3864 se
423 3814 490 3877 sesae
506 3815 540 3864 L:
557 3815 635 3877 serem
651 3815 704 3866 mei
721 3819 748 3866 et
764 3817 779 3866 5
797 3817 875 3876 orn,
893 3816 959 3878 [erue
975 3829 1001 3867 se
1017 3815 1104 3876 Klotz3
1121 3817 1189 3881 serre
1204 3819 1233 3868 0.
1258 3820 1325 3872 Cum
1343 3822 1421 3874 codd.
1438 3825 1516 3888 samm

194 3887 321 3950 habeant,
340 3901 392 3939 non
410 3888 452 3939 est
467 3888 619 3942 mirandum
636 3891 715 3941 etiam
731 3903 756 3941 ae
773 3889 906 3941 abiectum
924 3903 994 3942 esse.
1014 3918 1042 3929 -
1061 3893 1101 3942 49.
1119 3891 1192 3944 Semi
1207 3895 1277 3944 mei:
1301 3895 1356 3948 Ser.
1376 3899 1405 3950 0.
1426 3923 1453 3936 -
1472 3900 1516 3950 tibi

194 3965 296 4014 ome.
317 3988 344 3997 -
371 3961 475 4014 lbere
496 3961 690 4028 661169).-
718 3965 922 4017 tameo-
949 3968 1217 4031 multaab-
1245 3971 1512 4026 senmou-

194 4039 234 4088 ti.
252 4039 374 4088 Murenae
390 4039 443 4088 mei
460 4039 487 4088 et
503 4052 535 4098 x:
553 4040 581 4090 1..
600 4041 667 4090 itur.
686 4040 742 4090 LO·
763 4067 791 4080 -
810 4041 850 4092 te.
868 4042 954 4108 neque]
971 4043 1047 4092 ciebit
1062 4045 1091 4094 G.
1113 4071 1140 4081 -
1159 4050 1212 4095 tum
1228 4058 1282 4096 om.
1295 4047 1326 4097 Η.
1341 4074 1367 4083 -
1386 4061 1444 4098 uon
1460 4061 1514 4100 om.

193 4114 222 4163 E.
242 4139 269 4150 -
284 4117 395 4175 murum
410 4113 472 4176 Lag.
490 4113 515 4163 9.
530 4139 555 4152 -
576 4114 616 4165 99.
635 4113 790 4166 comatam
805 4117 876 4179 6666
891 4131 958 4167 nanc
974 4129 1028 4168 om.
1040 4118 1131 4180 EGv,
1149 4121 1166 4171 e
1181 4121 1260 4180 Oxx.;
1278 4120 1378 4172 babent
1393 4119 1442 4173 solt
1459 4123 1517 4174 flu

194 4191 222 4239 et
238 4190 299 4252 Lag.
318 4189 347 4252 9,
366 4188 415 4240 sed
430 4189 456 4239 bd
472 4185 554 4252 obfui,
572 4190 633 4252 Lag.
652 4190 677 4240 9.
693 4191 762 4254 suut;
781 4192 948 4252 emmanu,
967 4193 1051 4257 66166,
1068 4195 1162 4246 ideirco
1176 4209 1244 4246 noete
1259 4197 1308 4247 LO
1326 4199 1418 4249 contm
1436 4197 1514 4250 cedd.

195 4264 347 4327 —petisb
371 4289 398 4299 -
425 4264 467 4313 99.
485 4267 509 4313 et
528 4269 746 4328 mafflsoetuetus
763 4268 829 4317 mei:
853 4271 1154 4334 uosmetmopaoo.
1179 4297 1207 4308 -
1233 4271 1275 4322 93.
1293 4272 1464 4326 wanden.
1486 4301 1512 4312 ·-

192 4337 234 4390 96.
253 4338 285 4389 ab
301 4353 330 4390 ec
347 4341 406 4389 Gv:
429 4338 461 4388 ab
480 4341 564 4390 mrtem
580 4340 699 4392 Ebtbo.
721 4367 748 4380 -
772 4342 813 4392 96.
830 4342 973 4406 multam
988 4344 1047 4404 lix.
1068 4371 1095 4383 -
1113 4345 1222 4407 [moen
1238 4347 1275 4404 Ea
1296 4347 1429 4410 tusculam
1445 4349 1517 4401 coni.

195 4411 355 4464 Gulielmius.
370 4440 398 4451 -
415 4413 457 4464 99.
474 4415 623 4466 intuentum
638 4417 666 4467 T.
680 4441 708 4452 -
727 4417 778 4467 anit
794 4429 848 4469 om.
865 4422 888 4468 et
904 4419 969 4468 Τ.-
989 4419 1147 4482 osnpttsalmts
1163 4421 1228 4479 Cll;
1250 4434 1303 4472 om.
1321 4423 1351 4474 E.
1365 4449 1393 4460 -
1411 4423 1453 4474 99.
1470 4425 1517 4474 tua·

191 4489 306 4551 peretum
321 4490 351 4540 E.
370 4515 397 4524 -
416 4489 457 4540 36.
475 4491 510 4540 stc
526 4497 550 4542 et
565 4493 587 4542 at
602 4493 695 4555 aenou
710 4505 751 4543 eos
766 4503 823 4541 uon
839 4491 969 4556 ECqu,
988 4495 1071 4554 Para,
1090 4494 1265 4558 taeduit:
1284 4495 1319 4546 etc
1335 4498 1461 4560 wespa&
1477 4510 1518 4548 eos

194 4577 251 4614 cum
268 4564 389 4625 ltGTv,
407 4565 470 4626 Lag.
489 4564 530 4614 te.
547 4565 589 4617 96.
606 4567 649 4617 96.
668 4567 708 4617 66.
728 4567 785 4630 (sed
801 4568 827 4619 bt
842 4569 947 4630 emnia,
965 4571 987 4619 G
1003 4570 1165 4632 comparata
1184 4571 1204 4621 T
1219 4571 1339 4635 accim
1357 4573 1419 4635 Lag.
1436 4569 1477 4622 99.
1496 4571 1518 4621 ai

195 4653 243 4704 pro
259 4640 306 4700 stc,
330 4644 360 4690 ut
375 4640 400 4691 M
417 4651 499 4703 super
514 4640 549 4690 etc
565 4653 604 4692 m.
620 4643 645 4692 9.
663 4641 767 4706 babet);
791 4643 826 4693 stc
845 4644 922 4693 ettam
937 4644 959 4693 et
974 4645 1068 4707 coperia
1082 4658 1123 4696 eor
1137 4659 1195 4696 aaa
1210 4647 1272 4710 Lag.
1291 4647 1321 4701 72
1344 4649 1379 4697 stc
1394 4647 1460 4682 *¹¹*
1476 4660 1517 4698 eos

194 4727 252 4763 uem
268 4714 314 4764 Ox.
332 4728 365 4775 χ,
384 4714 445 4777 Lag.
465 4715 489 4763 t.
508 4714 533 4765 3.
551 4715 576 4767 3.
595 4718 640 4776 6ος
663 4719 755 4768 conba
771 4717 854 4768 babet
870 4719 931 4782 bag.
950 4719 979 4770 9:
1000 4721 1036 4770 ate
1052 4720 1313 4786 commodemus
1328 4735 1359 4774 eo
1374 4735 1444 4786 aen,
1462 4734 1516 4787 qua

194 4785 307 4839 lectione
325 4788 407 4840 fretus
423 4787 584 4842 Niebnbrtns
601 4793 751 4858 suspicatus
769 4794 824 4843 est:
842 4803 867 4855 q.
879 4806 905 4842 c.
922 4793 1030 4855 nmini,
1048 4795 1083 4845 stc
1098 4795 1226 4859 Mne,
1244 4803 1277 4848 eo
1291 4809 1349 4847 aaa
1364 4797 1468 4860 adeptus
1482 4797 1517 4848 ais

194 4861 317 4924 domae,
335 4868 395 4914 esset
410 4861 516 4914 amun
531 4867 583 4917 cet.
609 4868 699 4918 Lectio
714 4865 833 4930 vulgate:
859 4869 970 4919 norunt:
995 4869 1103 4932 labore„
1125 4883 1174 4934 per
1195 4885 1256 4934 quos
1277 4883 1308 4922 eo
1326 4872 1434 4935 epse,
1458 4886 1517 4923 cun

194 4935 297 4998 adeptae
311 4937 358 4998 atr,
380 4937 501 5002 deportem
517 4943 568 4992 cet.
586 4955 636 5008 per
652 4956 682 4994 se
698 4945 754 5008 tpsa
771 4943 872 4994 bonam
888 4945 1048 4996 senentiam
1064 4944 1160 5010 hebet,
1179 4945 1230 4998 sed
1254 4959 1287 4998 ex
1303 4945 1381 4998 codd.
1399 4947 1516 5011 vaenue

194 5013 306 5075 apparet
321 5010 392 5064 aliud
405 5015 470 5078 quld
486 5013 569 5068 latere
585 5018 612 5069 tn
628 5017 689 5070 loco
705 5021 830 5084 corrupto
847 5021 875 5069 et
890 5016 1025 5071 lacunoso.
1045 5019 1085 5070 sd
1101 5021 1260 5072 sententiam
1276 5019 1368 5073 similis
1384 5025 1427 5074 est
1441 5020 1516 5074 locos

195 5087 302 5139 Catonis
323 5088 394 5154 apud
410 5091 491 5141 Prisc.
510 5094 530 5144 1.
547 5105 575 5158 p.
593 5093 650 5144 666.
669 5093 713 5145 ed.
731 5095 790 5144 Kn:
817 5095 884 5144 Noun
901 5095 1071 5157 mauron
1088 5096 1148 5160 flet,
1168 5109 1226 5146 m
1246 5096 1308 5146 rntbt
1323 5095 1354 5147 ob
1369 5109 1411 5148 eos
1424 5109 1515 5160 morea,

195 5163 445 5230 quoeprtsesbabul,
463 5167 1441 5235 boemdetw,ubidotuaeat,ttemetieotmetematquealttmodiatm.
