3648 5888
298 430 360 499 448
671 440 715 504 IN
737 439 776 516 Q.
799 437 1018 504 clnculum
1037 437 1249 504 nrvmtrlo

298 608 485 695 propulsare
507 627 682 693 eorumque
702 608 846 672 fortunas
868 607 1048 673 defendere.
1090 609 1132 673 Μ.
1149 608 1299 673 Catonem
1321 608 1410 672 illum
1428 608 1623 692 Sapientem,

117 733 121 750 ι
184 743 193 762 .
299 703 506 792 clarissimum
527 703 629 766 virum
652 708 684 765 et
703 703 1000 785 prudentissimum,
1023 723 1094 768 cum
1109 703 1216 767 multis
1231 723 1343 786 gravm
1356 703 1537 767 inimicitias
1552 719 1623 784 ges-

299 798 378 860 sisse
399 796 580 878 accepimus
601 802 731 878 propter
744 796 976 880 Hispanorum,
998 798 1083 881 apud
1104 817 1185 882 qnos
1204 796 1317 861 consul
1336 797 1457 872 fuerat,
1479 796 1621 861 iniurias.

299 885 350 951 67.
378 889 487 972 Nuper
513 889 569 952 Cn.
591 889 764 953 Domitium
791 892 907 954 scimus
936 891 978 954 m.
1001 891 1108 955 Silano
1132 889 1214 955 diem
1237 889 1354 955 dixisse
1376 899 1505 976 propter
1525 894 1622 956 nnius

275 981 435 1045 chominis
448 981 673 1065 Aegritomari,
695 984 819 1066 paterni
834 985 927 1048 amici
943 991 1039 1069 atque
1054 984 1202 1068 hospitis,
1224 985 1365 1050 iniurias.
1401 986 1488 1048 XXI.
1508 987 1621 1068 Neque

299 1075 384 1138 enim
405 1076 503 1159 magis
518 1077 639 1140 animos
653 1076 817 1140 hominum
832 1079 1014 1142 nocentium
1029 1099 1078 1141 res
1093 1098 1245 1161 nmquam
1259 1079 1326 1142 nlla
1341 1079 1510 1143 commorit
1525 1085 1620 1162 quani

297 1169 378 1233 baec
398 1171 553 1234 maiorum
575 1170 772 1234 consuetudo
795 1171 890 1254 longo
918 1169 1084 1236 intervallo
1105 1173 1240 1254 repetita
1260 1192 1297 1236 ac
1318 1172 1433 1248 relata;
1462 1174 1622 1236 sociorum

299 1263 516 1349 querimoniae
547 1261 670 1326 delatae
698 1264 738 1327 ad
766 1265 927 1328 hominem
952 1284 1017 1327 non
1047 1265 1290 1340 inertissimum,
1323 1271 1489 1350 susceptae
1510 1264 1550 1328 ab
1572 1285 1621 1341 eo,

300 1357 356 1440 qui
386 1357 551 1420 videbatur
584 1377 693 1420 eorum
721 1357 865 1422 fortunas
891 1355 953 1422 tide
983 1359 1209 1444 diligentiaque
1237 1379 1295 1424 sua
1323 1381 1417 1444 posse
1439 1360 1620 1424 defendere.

262 1467 290 1514 ιο
300 1449 350 1514 68.
371 1450 440 1513 Hoc
463 1450 574 1514 timent
593 1450 755 1527 homines,
784 1451 846 1514 boc
868 1453 1028 1526 laborant,
1048 1453 1111 1516 boc
1132 1455 1255 1518 institui
1275 1461 1372 1541 atque
1393 1455 1474 1518 adeo
1496 1455 1621 1518 institu-

299 1551 365 1607 tum
386 1543 496 1606 reterri
517 1563 553 1608 ac
574 1546 720 1609 renovari
734 1546 866 1609 moleste
880 1546 995 1609 terunt.
1024 1547 1140 1610 Putant
1157 1547 1225 1610 iore
1247 1555 1297 1623 ut,
1320 1549 1348 1611 si
1369 1549 1521 1632 paulatim
1542 1550 1621 1611 baec

298 1637 496 1700 consuetudo
518 1659 646 1723 serpere
667 1659 704 1702 ac
718 1640 846 1723 prodire
861 1643 1016 1723 coeperit,
1038 1661 1097 1724 per
1109 1640 1254 1704 homines
1269 1641 1508 1706 honestissimos
1522 1644 1622 1706 viros·

298 1751 362 1814 que
382 1732 586 1808 fortissimos,
611 1753 676 1796 non
698 1735 860 1816 imperitos
882 1734 1137 1799 adolescentulos
1159 1743 1215 1798 aut
1234 1736 1406 1799 illiusmodi
1428 1735 1621 1819 quadrupla-

298 1833 383 1889 tores
412 1826 499 1908 leges
531 1826 715 1912 iudiciaque
747 1826 1014 1893 administrentur.
1058 1827 1108 1894 69.
1138 1830 1235 1893 Cuius
1263 1830 1502 1892 consuetudinis
1524 1837 1620 1913 atque

261 1937 290 1984 so
298 1919 432 1982 instituti
453 1927 559 2003 patres
581 1922 782 2005 maioresque
800 1914 925 1986 nostros
940 1944 1004 1986 non
1019 1923 1202 2007 poenitebat
1215 1930 1300 1998 tum,
1322 1943 1394 1986 curn
1408 1924 1442 1985 P.
1457 1923 1620 1998 Lentulus,

297 2013 326 2076 is
348 2014 403 2100 qui
424 2015 572 2098 princeps
596 2022 724 2079 senatus
745 2014 816 2090 luit,
837 2018 1005 2081 accusabat
1025 2019 1075 2081 Μ’.
1083 2017 1245 2101 Aquilium
1268 2017 1479 2100 subscriptore
1502 2017 1536 2080 C.
1556 2018 1621 2080 lin-

298 2095 367 2170 tilio
388 2107 487 2181 liuto,
516 2115 572 2172 aut
592 2128 664 2170 cum
685 2110 719 2170 P.
740 2109 920 2184 Africanus,
950 2111 1045 2192 bomo
1067 2112 1198 2185 virtute,
1220 2110 1363 2186 fortuna,
1386 2110 1503 2194 gloria,
1525 2111 1620 2174 rebus

168 2198 176 2245 '¹
298 2203 395 2284 gestis
417 2202 648 2286 amplissimus,
675 2210 883 2286 posteaquam
904 2203 952 2267 bis
974 2204 1085 2268 consul
1107 2211 1139 2267 et
1160 2225 1273 2269 censor
1293 2205 1411 2277 fixerat,
1440 2205 1475 2267 L.
1498 2205 1621 2269 Cottam

297 2298 330 2359 in
352 2295 506 2359 iudicium
527 2297 669 2359 vocabat.
700 2297 774 2359 lure
797 2304 863 2360 tum
885 2297 1018 2362 florebat
1038 2299 1149 2381 populi
1163 2299 1296 2362 Romani
1319 2287 1542 2380 nomen;(inre
1565 2319 1621 2361 au·

119 2442 132 2454 .
144 2395 223 2478 st?
259 2389 425 2454 roctoritas
446 2388 573 2452 huius
563 2391 689 2473 imperii
710 2392 914 2500 civitatisque·
932 2393 1078 2455 maiestas
1100 2393 1203 2475 gravis
1224 2390 1420 2484 habebatur.)
1441 2393 1541 2454 Nemo
1563 2392 1622 2455 mi-

201 2527 212 2551 ι
297 2482 462 2546 rebatur
452 2503 486 2546 ιιι
513 2483 661 2546 Africano
691 2485 762 2561 illo,
790 2485 914 2569 quod'
904 2506 939 2548 ιιι
969 2507 1018 2549 mo
1041 2506 1143 2560 nunc,
1170 2486 1298 2550 bomine
1320 2488 1425 2568 parvis
1448 2487 1561 2570 opibus
1583 2505 1621 2548 ac

186 2576 203 2615 ⁶
296 2575 499 2640 facultatibus
531 2577 692 2660 praedito,
722 2579 872 2642 simulant
900 2598 969 2641 sese
1001 2580 1125 2654 mirari,
1155 2600 1226 2643 cum
1230 2569 1388 2642 1ἰιιοΙιιιι4ιι
1416 2579 1531 2642 lerunt.
1568 2573 1619 2640 70.

299 2669 384 2745 Quid
411 2671 469 2734 sibi
498 2673 558 2735 iste
579 2671 669 2735 vulti
698 2679 955 2736 accusatoremne
981 2693 1015 2736 se
1038 2674 1226 2747 existimari,
1257 2675 1311 2757 qui
1335 2681 1427 2737 antea
1449 2671 1619 2736 defendere

298 2773 520 2840 consueverat,
550 2785 634 2828 nunc
666 2768 852 2851 praesertim
882 2787 921 2830 ea
948 2769 1009 2830 iam
1038 2774 1176 2841 aetate,
1190 2787 1261 2830 oum
1290 2768 1482 2831 aedilitatem
1509 2769 1619 2851 petati

260 2859 364 2942 itEgo
385 2877 460 2921 vero
483 2861 647 2924 etaetatis
668 2881 734 2924 non
756 2861 850 2923 modo
872 2881 975 2935 meae,
997 2861 1053 2924 sed
1076 2862 1175 2925 multo
1198 2862 1293 2925 etiam
1313 2861 1484 2944 superioris
1507 2869 1539 2923 et
1560 2860 1620 2923 bo-

298 2954 383 3017 noris
405 2952 590 3036 amplissimi
611 2962 690 3037 puto
713 2973 782 3018 esse
805 2960 837 3016 et
857 2973 1005 3017 accusare
1026 2955 1186 3037 improbos
1209 2964 1241 3017 et
1258 2955 1390 3018 miseros
1405 2955 1619 3018 calamitosos·

298 3067 361 3130 que
390 3045 570 3111 defendere.
612 3049 653 3111 Et
681 3047 824 3133 proiecto
854 3055 910 3111 aut
934 3049 996 3110 boc
1025 3046 1199 3111 remedium
1222 3057 1269 3112 est
1291 3056 1437 3131 aegrotae
1460 3067 1496 3110 ac
1517 3066 1618 3130 prope

177 3163 198 3226 q
297 3141 483 3224 desperatae
511 3143 557 3204 rei
584 3142 730 3226 publicae
758 3141 949 3225 iudiciisque
972 3142 1128 3223 corruptis
1150 3149 1181 3205 et
1202 3143 1421 3205 contaminatis
1443 3160 1617 3224 paucorum

174 3236 183 3256 ²
295 3235 373 3300 vitio
395 3255 432 3298 ac
453 3233 662 3318 turpitudine,
690 3237 836 3299 homines
858 3237 898 3299 ad
919 3235 1025 3317 legum
1047 3235 1264 3299 defensionem
1285 3235 1541 3317 iudiciorumque
1562 3253 1618 3296 au·

258 3330 470 3394 coctoritatem
500 3350 594 3413 qnam
625 3331 863 3394 honestissimos
886 3337 918 3391 et
945 3330 1163 3411 integerrimos
1185 3329 1508 3413 diligentissimosque
1529 3345 1619 3389 acce·

296 3422 389 3486 dere:
418 3429 473 3484 aut
501 3423 527 3488 si
550 3441 590 3485 ne
618 3424 679 3487 hoc
703 3423 830 3507 quidem
853 3423 1005 3506 prodesse
1027 3423 1159 3505 poterit,
1192 3423 1333 3506 profecto
1356 3422 1443 3486 nulla
1465 3440 1617 3505 umquam

295 3516 451 3578 medicina
477 3515 529 3579 bis
556 3523 603 3579 tot
631 3517 840 3580 incommodis
868 3517 1054 3599 reperietur.
1098 3512 1149 3578 74.
1171 3517 1265 3580 Nulla
1293 3517 1378 3580 salus
1405 3514 1616 3598 reipublicae

295 3611 394 3673 maior
416 3617 479 3683 est,
502 3629 598 3693 quam
619 3629 674 3674 eos
697 3613 752 3694 qni
773 3611 906 3672 alterum
928 3619 1077 3673 accusant
1098 3630 1163 3672 non
1185 3613 1289 3675 minus
1312 3610 1352 3674 de
1374 3608 1482 3684 lande,
1505 3606 1617 3670 deho-

119 3715 144 3808 3
293 3723 387 3780 nore,
411 3705 451 3768 de
471 3704 554 3768 lama
576 3723 647 3778 sua,
671 3723 767 3787 quam
787 3703 860 3767 illos
881 3703 937 3786 qni
959 3711 1148 3767 accusantur
1170 3705 1209 3767 de
1232 3705 1334 3787 capite
1350 3723 1386 3766 ac
1400 3701 1535 3766 fortunis
1550 3701 1616 3784 suis

255 3799 677 3882 &pertimesceremque
706 3817 832 3880 semper
854 3797 877 3859 ii
900 3797 1137 3879 diligentissime
1159 3797 1467 3905 laboriosissimeque
1488 3812 1617 3857 accusa-

292 3902 382 3968 runt,
404 3895 460 3977 qui
482 3911 516 3956 se
537 3893 624 3974 ipsos
644 3893 678 3955 in
701 3892 871 3954 discrimen
893 3891 1136 3954 existimationis
1157 3891 1265 3954 venire
1288 3889 1429 3953 arbitrati
1453 3895 1535 3951 sunt.

375 3987 478 4049 xx11.
500 3985 713 4062 Quamobrem
731 3985 792 4048 hoc
808 3993 960 4059 statuere,
982 3985 1122 4060 indices,
1145 3986 1284 4060 debetis,
1309 3985 1347 4060 Q.
1364 3983 1552 4057 Caecilium,
1575 3985 1615 4046 de

293 4098 357 4164 quo
379 4079 466 4142 nulla
487 4099 638 4162 umquam
661 4079 770 4162 opinio
785 4079 881 4142 suerit
901 4078 1053 4160 nullaque
1075 4081 1108 4141 in
1122 4079 1185 4144 boc
1199 4079 1269 4161 ipso
1285 4078 1404 4142 indicio
1419 4078 1614 4158 exspectatio

290 4171 397 4236 futura
418 4174 474 4248 sit,
498 4173 554 4256 qui
576 4190 681 4255 neque
701 4179 738 4234 ut
759 4179 832 4234 ante
855 4170 1020 4234 collectam
1041 4173 1155 4237 lamam
1171 4179 1336 4236 conservet
1354 4191 1459 4255 neque
1473 4173 1519 4233 uti
1540 4168 1615 4233 reli·
1666 4171 1671 4182 ‘

254 4271 348 4351 ioqui
369 4267 520 4349 temposis
541 4286 631 4349 spem
659 4263 822 4330 confirmet
851 4266 993 4342 laborat,
1023 4287 1087 4331 non
1116 4268 1209 4330 nimis
1237 4265 1318 4330 banc
1346 4284 1473 4329 causam
1495 4283 1614 4336 severe,

291 4380 355 4425 non
377 4360 472 4423 nimis
493 4367 655 4436 accurate,
685 4381 749 4424 non
778 4361 872 4423 nimis
895 4361 1063 4443 diligenter
1088 4371 1240 4425 acturum.
1284 4361 1388 4422 Habet
1408 4360 1494 4423 enim
1516 4357 1613 4432 nihil,

292 4453 377 4537 quod
400 4454 433 4516 in
454 4454 630 4517 offensione
651 4454 822 4538 deperdat:
850 4461 886 4517 ut
913 4456 1095 4538 turpissime
1124 4454 1433 4538 flagitiosissimeque
1456 4452 1613 4526 discedat,

291 4546 372 4610 nibil
394 4546 433 4610 de
455 4547 521 4611 suis
541 4547 699 4611 veteribus
721 4549 915 4612 ornamentis
937 4549 1088 4632 requiret.
1132 4545 1181 4616 72.
1203 4550 1230 4610 Α
1249 4547 1341 4611 nobis
1355 4546 1471 4610 multos
1486 4545 1613 4610 obsides

356 4780 380 4832 4.
398 4781 431 4831 D.
445 4781 531 4832 Silano
548 4781 625 4832 codd.
644 4782 678 4832 st
693 4781 726 4833 cl.
740 4783 770 4832 11.
784 4793 807 4832 c.
821 4781 861 4833 li.
877 4809 904 4818 -
922 4783 947 4831 5.
965 4781 1121 4845 chttomoci
1137 4779 1215 4832 codd.
1235 4779 1357 4831 ct.ad11.
1376 4779 1400 4844 5.
1414 4779 1470 4831 448.
1486 4805 1513 4816 -
1532 4779 1573 4830 44.
1585 4783 1614 4828 ut

291 4855 465 4921 thdbgitl:
483 4857 520 4906 ιιιι·
537 4857 569 4907 Gt
591 4854 623 4908 al.
636 4857 665 4906 0.
686 4883 715 4893 -
733 4856 773 4907 46.
792 4857 920 4907 accrescit
934 4859 965 4907 Α.
981 4883 1009 4894 -
1028 4857 1068 4908 49.
1084 4857 1184 4906 cocoos't
1198 4859 1229 4908 Α.
1244 4883 1271 4893 -
1289 4857 1331 4908 22.
1348 4857 1432 4919 [ιιιιιιι
1448 4853 1613 4916 (³⁴25ng

291 4933 324 4985 el.
343 4933 418 4999 prob.
438 4935 524 4984 Garat.
543 4933 588 4982 ll.:
611 4933 696 4995 ferant
711 4933 740 4983 0.
762 4957 788 4970 -
812 4931 854 4984 il.
872 4937 1006 4983 consecrat
1021 4931 1099 4995 4349.
1120 4958 1147 4968 -
1170 4932 1211 4982 25.
1233 4937 1257 4982 et
1278 4932 1367 4982 aetatis
1383 4931 1415 4981 Gt
1428 4929 1563 4992 ingitl:
1589 4933 1613 4978 et

292 5021 344 5060 om.
364 5009 412 5061 dtt.
425 5009 454 5060 0.
469 5034 497 5044 -
516 5011 539 5057 ct
554 5007 655 5057 bonorto
665 5033 701 5045 ·-
712 5007 840 5072 defendere
854 5009 921 5058 Non.
934 5021 960 5073 p.
974 5007 1014 5058 ³3.
1030 5034 1058 5044 —
1075 5007 1116 5056 27.
1135 5005 1337 5071 aegrotantiLd3
1356 5010 1501 5070 acorotmttc
1512 5005 1557 5055 Gi.
1578 5006 1613 5055 st

292 5084 325 5134 cl.
343 5083 430 5134 Madv.
448 5084 467 5134 4.
485 5096 512 5149 p.
531 5081 587 5134 334.
608 5108 636 5118 -
654 5082 696 5133 28.
714 5087 737 5133 ct
752 5083 964 5136 cacuminatus
981 5081 1045 5146 ibiq.
1064 5082 1159 5132 Baiter.
1178 5084 1238 5147 ng.
1256 5082 1280 5136 6.
1298 5082 1347 5134 29:
1371 5087 1395 5135 ct
1409 5081 1612 5134 ioccotarabsctis

292 5159 375 5222 uam
393 5173 424 5215 ac
439 5155 1138 5228 coeam.csa1.o.-sa.rcqosrcctrn3rcu.
