3648 5888
252 339 313 407 l3l
624 345 666 409 IN
687 345 853 410 VERREM
875 343 997 409 acuto
1020 342 1205 408 SECUNBA

251 525 302 580 tus
325 517 366 580 sit
387 516 430 592 is,
463 516 520 600 qui
541 516 652 580 adesse
674 516 829 590 noluerit,
852 523 885 579 et
906 515 932 579 si
954 513 1197 579 concesseritis
1219 513 1253 577 in
1274 533 1330 589 eo,
1363 533 1459 597 quem
1481 533 1578 578 nemo

252 612 294 673 sit
323 631 419 674 ausus
450 610 629 674 defendere.
672 612 772 674 Immo
803 630 878 672 vero
909 609 1007 683 adsit,
1040 608 1249 692 respondeat;
1282 607 1413 690 summis
1444 607 1578 690 opibus,

86 725 105 782 ,f
251 725 375 790 summo
403 704 509 768 studio
539 705 832 787 potentissimorum
858 705 1023 767 hominum
1052 703 1258 779 defendatur3
1275 699 1388 786 (ορ-[Εἰ
1411 721 1483 766 mea
1504 702 1580 766 dili·

73 867 83 876 ,
97 807 160 902 fg,
251 798 359 880 gentio
388 819 459 861 cum
482 798 609 861 illorum
631 799 772 862 omnium
795 799 984 882 cupiditate,
1005 805 1111 862 vestra
1132 796 1296 879 integritas
1318 817 1391 860 cum
1413 793 1500 858 illius
1521 817 1578 881 pe·

227 891 362 966 ocunia,
390 891 518 956 testium
547 892 725 956 constantia
746 913 817 954 cum
840 892 926 955 illius
947 899 1154 975 patronorum
1177 890 1272 954 minis
1293 897 1390 975 atque
1412 889 1576 990 potentia}

252 993 317 1049 tum
340 986 466 1049 demum
488 984 543 1048 illa
565 987 672 1049 omnia
690 986 774 1049 victa
788 986 994 1062 videbuntur,
1017 1005 1089 1048 cum
1103 985 1136 1048 in
1151 985 1390 1048 contentionem
1404 989 1578 1048 certamen-

251 1099 315 1161 que
336 1081 491 1142 venerint.
533 1076 564 1142 l.
593 1081 715 1144 Absens
746 1080 772 1143 si
803 1080 863 1142 iste
885 1087 970 1142 esset
991 1079 1174 1152 damnatus,
1202 1099 1266 1142 non
1291 1085 1356 1142 tam
1378 1077 1439 1142 sibi
1463 1097 1577 1143 consu-

251 1172 368 1246 luisse,
401 1193 495 1256 quam
527 1174 681 1238 invidisse
712 1183 834 1240 vestrae
857 1174 944 1236 laudi
966 1173 1138 1235 videretur.
1182 1173 1221 1236 11.
1248 1174 1361 1258 Neque
1383 1175 1468 1238 enim
1491 1174 1576 1237 salus

250 1264 316 1328 ulla
337 1267 383 1330 rei
404 1266 549 1350 publicae
570 1268 672 1330 maior
692 1267 754 1330 hoc
776 1267 918 1352 tempere
940 1267 1073 1351 reperiri
1092 1275 1212 1349 potest,
1235 1289 1330 1352 quam
1346 1267 1501 1353 populum
1515 1267 1578 1329 llo·

214 1378 378 1426 romanum
393 1360 569 1444 intelligere
584 1362 752 1444 diligenter
765 1361 892 1426 reiectis
907 1363 946 1424 ab
961 1368 1145 1424 accusatore
1163 1361 1321 1426 iudicibus
1337 1363 1458 1436 socios,
1480 1359 1576 1442 leges,

250 1472 316 1515 rem
338 1453 497 1536 publicam
519 1457 679 1518 senatorio
703 1455 838 1519 consilio
853 1456 990 1518 maxime
1011 1474 1107 1538 posse
1122 1454 1268 1531 delendi3
1290 1475 1396 1540 noque
1410 1463 1499 1519 tanta
1512 1455 1578 1519 lor·

250 1547 335 1610 tuuis
357 1550 498 1611 omnium
518 1549 677 1632 pernicies
699 1558 805 1633 potest
825 1549 987 1623 accidere,
1015 1568 1111 1634 quam
1133 1550 1287 1632 opinione
1308 1549 1420 1633 populi
1443 1550 1577 1613 Romani

249 1642 405 1705 rationem
425 1644 583 1720 veritatis,
606 1645 814 1728 integritatis,
837 1641 926 1717 tidei,
949 1643 1114 1727 religionis
1131 1643 1170 1706 ab
1187 1642 1249 1706 hoc
1264 1645 1376 1707 ordine
1390 1644 1576 1710 abiudicari.

249 1732 280 1797 5.
310 1735 420 1819 ltaque
450 1736 526 1799 mihi
556 1737 681 1813 videor,
715 1738 855 1813 iudices,
887 1757 1033 1820 magnam
1061 1744 1094 1801 et
1114 1737 1252 1801 maxime
1274 1757 1400 1821 aegram
1424 1745 1456 1801 et
1475 1757 1577 1822 prope

213 1849 240 1895 ⁴5
250 1829 427 1913 depositam
447 1832 494 1895 rei
516 1831 663 1915 publicae
683 1839 804 1916 partem
820 1833 1015 1915 suscepisse,
1037 1851 1144 1915 neque
1160 1831 1193 1894 in
1208 1851 1246 1894 eo
1262 1832 1361 1915 magis
1376 1851 1466 1896 meae
1481 1851 1585 1916 quam·

82 1946 108 2014 J
248 1933 371 2012 vestrae
392 1926 479 1988 laudi
501 1925 796 2010 existimationique
818 1927 963 1989 servisse.
1000 1925 1127 1988 Accessi
1151 1924 1236 1988 enirn
1257 1925 1298 1988 ad
1321 1926 1473 1990 invidiam
1495 1925 1576 1988 iudi-

249 2017 370 2081 ciorum
398 2018 564 2082 levandam
586 2020 917 2104 vituperationemque
946 2019 1137 2094 tollendam,
1171 2025 1222 2094 ut,
1253 2039 1324 2082 cum
1346 2019 1425 2083 haec
1445 2040 1497 2084 res
1518 2038 1576 2103 pro

250 2112 413 2176 voluntate
434 2113 547 2196 populi
568 2114 704 2176 Romani
726 2122 811 2176 esset
832 2113 987 2186 iudicata,
1017 2112 1126 2196 aliqua
1148 2133 1190 2176 ex
1210 2119 1298 2196 parte
1321 2133 1392 2176 moa
1413 2112 1578 2196 diligentia

250 2207 422 2271 constituta
442 2207 614 2271 auctoritas
636 2207 826 2270 iudiciorum
847 2207 1023 2281 videretur;
1046 2213 1223 2290 postremo,
1245 2214 1318 2271 utut
1339 2215 1425 2270 esset
1447 2207 1509 2271 boc
1530 2207 1577 2270 iu-

210 2318 239 2366 20
250 2302 399 2378 dicatum,
415 2309 451 2366 ut
466 2297 544 2364 linis·
552 2299 726 2384 aliquando
741 2302 924 2365 iudiciariae
937 2301 1174 2364 controversiae
1190 2303 1444 2365 constitueretur.
1460 2300 1490 2363 6.
1504 2300 1577 2363 Ete-

249 2397 315 2460 nim
344 2396 414 2460 sine
445 2393 559 2470 dubio,
591 2395 728 2470 iudices,
762 2397 793 2459 iu
818 2395 879 2458 bac
901 2413 997 2456 causa
1018 2413 1056 2456 ea
1078 2413 1129 2456 res
1150 2394 1184 2456 in
1208 2394 1378 2458 discrimen
1400 2394 1576 2458 adducitur.

248 2491 334 2554 Reus
357 2495 406 2554 est
427 2489 511 2552 enim
533 2489 796 2564 nocentissimum
820 2489 875 2573 qui
898 2488 925 2551 si
940 2487 1185 2562 condemnatur,
1207 2489 1355 2552 desinent
1367 2487 1515 2552 homines
1530 2487 1578 2551 di·
1793 2540 1797 2551 .

250 2603 321 2647 cere
349 2583 399 2648 bis
428 2583 554 2646 iudiciis
583 2584 750 2666 pecuniam
772 2582 945 2666 plurimum
967 2601 1078 2666 posse;
1106 2582 1156 2644 sin
1178 2582 1369 2657 absolvitur,
1396 2582 1577 2645 desinemus
1794 2576 1802 2597 ’

249 2698 309 2742 nos
343 2676 383 2742 de
414 2676 542 2741 iudiciis
575 2676 801 2741 transferendis
830 2696 988 2740 recusare.
1031 2677 1168 2740 Tametsi
1199 2677 1238 2740 de
1261 2675 1462 2740 absolutione
1484 2675 1576 2738 istius
1791 2666 1803 2734 l

212 2784 355 2856 seneque
376 2773 446 2856 ipse
468 2771 531 2835 iam
553 2778 660 2855 sperat
681 2792 740 2835 nec
761 2771 900 2855 populus
916 2772 1076 2834 Romanus
1092 2771 1220 2834 metuit:
1244 2770 1284 2833 de
1299 2769 1497 2853 impudentia
1512 2767 1577 2831 sin·

249 2867 367 2950 gulari,
391 2867 477 2951 quod
499 2866 606 2943 adest,
628 2868 715 2952 quod
737 2866 925 2950 respondet,
947 2871 1021 2928 sunt
1035 2863 1092 2947 qui
1111 2865 1282 2941 mirentur;
1305 2863 1383 2948 mihi
1398 2882 1456 2946 pro
1473 2869 1577 2946 cetera

249 2961 318 3024 cius
347 2960 480 3025 audacia
507 2968 603 3044 atque
632 2961 770 3025 amentia
799 2981 840 3022 ne
861 2960 923 3022 hoc
946 2959 1075 3043 quidem
1098 2959 1277 3022 mirandum
1299 2959 1434 3022 videtur.
1477 2956 1576 3020 blulta

249 3053 334 3116 enim
356 3061 389 3117 et
408 3055 441 3116 in
463 3054 540 3117 deos
562 3061 594 3118 et
615 3055 649 3117 in
670 3054 816 3117 homines
838 3054 936 3139 impie
957 3053 1144 3138 nefarieque
1160 3053 1333 3129 commisit,
1357 3071 1493 3136 quorum
1508 3071 1576 3114 sce·

248 3147 350 3210 lerum
379 3148 493 3234 poenis
515 3148 653 3232 agitatur
675 3157 707 3213 et
731 3169 751 3212 a
773 3156 877 3211 mente
901 3147 1099 3232 consilioque
1122 3147 1300 3211 deducitur.
1342 3147 1397 3210 lll.
1419 3143 1449 3208 7.
1471 3147 1577 3229 Agunt

210 3257 320 3304 aueum
347 3242 553 3326 praecipitem
582 3264 706 3326 poenae
733 3243 849 3306 civium
880 3243 1109 3316 Romanorum,
1139 3261 1221 3326 quos
1243 3240 1357 3325 partim
1380 3238 1484 3303 securi
1505 3259 1576 3322 per·

248 3335 362 3410 cussit,
392 3337 506 3419 partim
530 3336 563 3416 ip
586 3338 721 3400 vinculis
742 3338 883 3410 necavit,
906 3335 1020 3418 partim
1042 3335 1250 3419 implorantes
1273 3335 1343 3399 iura
1364 3333 1521 3427 libertatis
1545 3340 1576 3397 et

248 3429 384 3492 civitatis
405 3429 439 3493 in
461 3450 587 3494 crucem
609 3431 746 3494 sustulit.
781 3430 920 3513 ltapiunt
936 3449 1008 3491 eum
1022 3419 1063 3491 ⁸ad
1084 3429 1275 3512 supplicium
1299 3429 1331 3490 di
1354 3429 1463 3512 patrii,
1487 3427 1575 3512 quod

247 3523 307 3586 iste
329 3545 412 3586 unus
433 3525 580 3587 inventus
603 3533 667 3599 est,
689 3525 744 3608 qui
768 3546 785 3587 e
808 3524 977 3606 complexu
999 3532 1166 3604 parentum
1190 3523 1339 3606 abreptos
1361 3519 1444 3586 filios
1459 3521 1499 3585 ad
1520 3541 1575 3584 ne·

248 3637 316 3680 cem
338 3617 470 3681 duceret
491 3626 522 3681 et
543 3625 690 3700 parentes
712 3619 850 3701 pretium
873 3637 930 3700 pro
953 3618 1116 3700 sepultura
1138 3618 1272 3681 liberum
1293 3625 1449 3702 posceret.
1464 3604 1575 3710 [Reli-

311 3927 337 3977 t.
361 3925 421 3976 ussit
441 3922 467 3975 l.
487 3951 514 3962 -
541 3923 565 3975 l.
583 3924 710 3974 bominum
728 3926 772 3974 Gt.
794 3951 814 3962 -
849 3924 915 3974 illitu
935 3927 1038 3988 Gltg:
1066 3925 1137 3976 istim
1157 3926 1182 3976 S.
1202 3925 1250 3976 dtt.
1270 3927 1300 3976 0.
1319 3951 1347 3962 -
1373 3928 1398 3977 5.
1417 3927 1488 3978 istius
1500 3933 1573 3991 potr.

247 4004 275 4054 L.
296 4029 323 4038 -
351 4002 375 4052 6.
402 4001 487 4052 onmia
512 3999 598 4061 (ἕης
615 4001 692 4063 egee.
712 3998 762 4050 ul.:
789 4013 842 4049 om.
867 3999 914 4050 dtt.
934 4002 963 4050 0.
989 4028 1016 4037 -
1040 4002 1065 4050 t.
1089 4006 1149 4051 essct
1171 4001 1215 4051 istc
1232 4001 1267 4050 Gt
1286 4001 1354 4064 Lgtb
1372 4003 1400 4052 1..
1421 4029 1448 4038 -
1475 4001 1573 4052 utica

247 4079 308 4140 ng.
327 4080 433 4142 praeter
450 4073 498 4126 te:
517 4075 568 4137 ipse
583 4075 629 4124 sibi
646 4073 694 4124 dtt.
713 4075 742 4124 0.
763 4101 789 4110 υ
810 4075 833 4124 8.
852 4077 917 4125 enirn
934 4089 988 4126 oui.
1007 4075 1051 4127 G3.
1073 4104 1100 4112 -
1120 4077 1160 4128 tn.
1176 4081 1256 4140 potest
1269 4089 1342 4139 pom.
1362 4079 1394 4128 ct
1408 4091 1414 4138 ;
1430 4091 1502 4141 pem.
1521 4079 1575 4129 utto

243 4158 323 4214 petest
339 4153 364 4202 S.
385 4173 413 4188 ··
432 4151 544 4202 occidere
560 4151 629 4202 coni.
643 4152 727 4200 litun:
747 4152 862 4199 accedero
875 4151 952 4201 codd.
972 4151 1095 4202 Similiter
1109 4154 1249 4216 peccatum
1262 4151 1328 4201 intra
1341 4151 1364 4214 5.
1375 4151 1416 4202 39.
1432 4179 1459 4188 -
1478 4153 1518 4204 ta.
1531 4154 1575 4203 ab·

246 4229 359 4278 iudicurc
376 4229 471 4287 Gttf.
491 4253 519 4264 -
543 4225 583 4277 tl.
607 4226 700 4276 iudicor
722 4227 788 4276 Non.
807 4239 833 4288 p.
852 4225 917 4275 eto:
945 4238 998 4276 om.
1018 4227 1096 4278 codd.
1117 4255 1145 4264 -
1164 4232 1280 4289 etpropc
1295 4226 1374 4277 codd.
1393 4229 1419 4278 S.
1446 4227 1521 4279 Serv.
1539 4229 1575 4280 ad

246 4307 312 4354 Aen.
331 4304 384 4354 llil.
403 4301 459 4354 393.
478 4303 544 4352 Non.
562 4299 580 4352 l.
593 4300 626 4351 l.:
651 4315 682 4350 oc
698 4314 778 4363 propo
794 4300 867 4350 Klotz
884 4314 916 4350 ex
934 4305 994 4352 Asc.
1015 4329 1042 4338 -
1062 4303 1102 4353 te.
1120 4307 1176 4352 utut
1191 4308 1252 4354 esset
1268 4303 1336 4354 coni.
1354 4304 1448 4354 bturet.
1467 4306 1496 4354 et
1511 4307 1575 4356 Gui-

246 4375 326 4428 lielm.
345 4379 463 4438 Quaestt.
476 4376 569 4427 Pleuit.
587 4378 613 4426 in
631 4378 711 4427 Poen.
730 4389 754 4427 c.
773 4378 805 4426 t:
826 4382 854 4426 ut
871 4382 930 4426 essct
947 4376 1024 4428 codd.
1039 4377 1073 4436 03
1097 4377 1139 4426 ubi
1156 4381 1215 4426 essct
1231 4377 1322 4427 nescio
1340 4377 1415 4428 cuius
1433 4377 1517 4438 coni.;
1536 4379 1574 4428 ita

245 4457 305 4503 essct
321 4453 389 4502 coni.
408 4453 483 4510 Eru.;
501 4453 625 4513 iudicata,
642 4453 700 4516 flate
715 4451 776 4514 aliq.
794 4453 847 4502 tud.
865 4458 945 4502 contr.
958 4453 1162 4512 constituentem
1178 4457 1318 4514 nostrane,
1336 4457 1364 4502 ut
1379 4465 1437 4502 mem
1452 4456 1511 4502 essct
1528 4451 1574 4504 boc

245 4527 393 4586 indicatum,
405 4527 493 4588 aliqua
503 4540 536 4577 ea
542 4540 570 4590 p.
580 4553 615 4565 -·
623 4528 750 4577 videretur
761 4528 789 4577 t..
808 4529 899 4590 Neque
912 4529 1001 4578 tumen
1013 4527 1057 4578 hie
1069 4525 1142 4577 locus
1154 4526 1248 4577 Mureti
1261 4527 1413 4578 coniectura
1424 4538 1535 4591 prorsus
1546 4527 1572 4579 iu

135 4637 136 4642 κ
246 4604 377 4667 integrum
396 4604 531 4654 restitutus
548 4603 661 4654 videtur.
683 4603 796 4654 Otlendit
813 4603 883 4652 enim
899 4608 1023 4665 postrccm
1039 4604 1065 4653 in
1083 4601 1166 4652 altero
1181 4601 1303 4652 membro
1315 4599 1481 4664 collocatum,
1501 4602 1573 4666 quod

245 4679 317 4729 bnud
340 4679 395 4731 scio
412 4691 444 4728 sn
462 4689 594 4742 nusquam
611 4677 672 4728 alibi
689 4678 846 4742 reperiatur.
871 4679 962 4742 ltaque
974 4680 1034 4727 ante
1049 4681 1174 4740 pertram
1185 4673 1308 4727 laconum
1321 4688 1381 4728 esse
1392 4677 1522 4742 suspicor.
1542 4707 1570 4716 -

244 4753 298 4818 boc]
315 4753 410 4802 iteca.
426 4780 453 4790 -
472 4753 513 4804 tt.
530 4754 596 4815 reus]
608 4753 724 4803 benicet:
742 4757 846 4802 rcusest
862 4753 927 4802 enim
938 4753 1009 4802 bomo
1020 4754 1048 4803 L.
1064 4779 1091 4789 ·-
1110 4750 1151 4802 et.
1165 4751 1208 4801 ctsi
1220 4753 1271 4812 (ἰὴ
1291 4763 1344 4801 om.
1357 4751 1405 4802 Ld.
1421 4754 1574 4818 -tdpro

242 4833 300 4890 pter
316 4829 368 4877 otus
384 4829 519 4877 camelum
535 4833 610 4890 atque
625 4828 761 4877 amentiam
774 4830 834 4890 ng.
854 4841 925 4878 orno.
945 4831 972 4878 et
988 4827 1021 4878 ul.
1041 4827 1088 4878 dtt.
1110 4853 1137 4864 —
1157 4827 1197 4878 33.
1215 4839 1281 4876 ones
1297 4826 1378 4877 Prisc.
1391 4827 1412 4878 l.
1424 4841 1451 4891 p.
1464 4829 1521 4880 307.
1541 4831 1570 4880 ll.

246 4915 272 4966 p.
292 4902 354 4952 46οι
376 4915 429 4952 om.
449 4901 527 4952 codd.
548 4928 576 4939 -
599 4903 735 4964 ccconspl.
754 4903 835 4954 Prisc.
854 4905 873 4954 l.
892 4917 919 4969 p.
937 4905 999 4964 307;
1021 4909 1045 4954 ct
1067 4917 1084 4954 o
1106 4904 1193 4967 cornpt.
1218 4903 1299 4954 Prisc.
1317 4903 1348 4953 ll.
1372 4915 1399 4967 p.
1419 4904 1491 4964 too.;
1517 4910 1572 4957 cto

244 4977 332 5040 coepi.
352 4977 420 5028 coni.
439 4980 526 5029 Garat.
545 4977 690 5028 admodum
707 4976 887 5042 probabiliter.
916 4979 957 5028 Sic
974 4978 1040 5028 intre
1059 4977 1082 5042 5.
1097 4979 1136 5029 tl.
1156 4979 1195 5030 tt.
1213 4983 1237 5029 ct
1253 4979 1314 5027 ante
1332 4989 1365 5028 co
1380 4976 1407 5027 in
1424 4976 1502 5029 codd.
1515 4993 1569 5033 om.

248 5079 275 5090 —
301 5051 340 5103 Sl.
360 5051 465 5103 tionum
481 5051 562 5103 Prisc.
580 5049 606 5103 ll.
625 5049 651 5102 ll.
670 5052 737 5102 Non.
755 5065 781 5118 p.
800 5053 857 5104 363,
876 5052 939 5104 dit:
958 5065 1012 5104 om.
1030 5054 1091 5104 cte
1108 5051 1141 5106 al.
