3648 5888
501 447 653 515 omno
673 446 753 515 nno
774 448 816 514 ιι.
838 445 986 514 mano
1015 443 1072 531 ti·
1095 443 1201 512 ι-ι.

186 628 395 710 posteaquam
415 641 482 686 non
501 620 597 685 modo
619 617 784 684 adniessas
807 625 856 685 est
875 618 925 700 sir
945 618 1130 703 primarius,
1162 618 1198 680 Ι..
1217 616 1386 710 Quinctiae
1408 662 1416 680 .
1439 661 1447 679 .
1471 613 1512 681 .“

186 949 794 971 ....................
824 904 1024 978 laborabam,
1056 910 1109 978 ut,
1140 903 1228 987 quod
1258 902 1445 986 arguebam,
1479 850 1512 963 id

185 1001 304 1066 iactum
326 1021 396 1066 esse
417 1000 635 1078 ostenderem
658 1019 743 1063 nuno
764 999 798 1062 in
821 1018 859 1061 eo
882 995 1098 1062 consumenda
1119 1004 1168 1060 est
1190 996 1308 1072 oratio,
1337 1003 1375 1061 ut
1395 1017 1436 1060 ne
1458 996 1514 1060 ad·
1536 1012 1551 1063 o

187 1095 335 1172 sessani,
364 1096 452 1181 quod
482 1091 610 1160 infitiari
636 1094 725 1159 nullo
747 1094 843 1156 modo
865 1097 1056 1177 potuerunt,
1088 1112 1160 1182 oum
1183 1093 1319 1156 maxime
1342 1095 1512 1175 cuperent,

187 1191 314 1257 ideam
336 1191 475 1254 confessi
497 1197 586 1265 sunt,
609 1188 740 1252 meliore
762 1187 835 1250 looo
857 1207 927 1251 esse
949 1186 1125 1249 videantur.
1188 1181 1195 1188 '

271 1267 435 1370 Piltaque
457 1291 524 1349 tum
544 1290 684 1350 vestrum
707 1277 869 1344 difficilius
892 1280 1062 1353 iudicium,
1085 1298 1155 1344 mea
1168 1278 1271 1344 facilis
1286 1279 1430 1346 defensio
1444 1277 1513 1344 lore

181 1375 381 1467 'videbaturm
404 1381 473 1464 Ego
496 1379 582 1443 enim
604 1377 711 1442 omnia
733 1375 915 1441 intestibus
940 1418 1513 1440 ...................
1603 1423 1621 1436 .

189 1707 800 1732 ....................
822 1661 901 1745 quid
929 1667 978 1724 est
1006 1659 1150 1735 facilius,
1184 1679 1281 1744 quam
1309 1659 1348 1724 de
1369 1679 1425 1734 eo,
1458 1658 1515 1743 qui

129 1795 132 1804 v
190 1758 376 1836 confltetur,
399 1758 563 1822 iudicaret
596 1757 675 1821 Mihi
697 1764 802 1820 autem
824 1752 952 1820 difficile
975 1762 1024 1819 est
1045 1755 1121 1818 satis
1144 1755 1275 1862 eopiosa
1291 1756 1331 1818 de
1346 1773 1384 1816 eo
1401 1753 1515 1827 dicere,

191 1854 278 1942 quod
299 1875 359 1919 nee
382 1853 521 1918 atrocius
543 1853 647 1917 verbis
670 1851 878 1915 demonstrari
900 1857 1021 1933 potest,
1051 1868 1147 1933 quam
1168 1870 1203 1912 re
1225 1849 1296 1932 ipsa
1317 1855 1382 1924 est,
1410 1867 1516 1930 nequa

189 1949 333 2034 apertius
356 1947 499 2012 oratione
521 1967 591 2012 mea
611 1943 698 2022 lieri,
722 1965 817 2032 quam
838 1945 982 2028 ipsorum
1005 1943 1206 2008 confessione
1227 1942 1345 2006 factum
1367 1949 1424 2008 est.
1525 1959 1553 2010 ta

209 2039 305 2156 3
330 2041 442 2107 Cum
431 2063 467 2104 ιιι
487 2041 547 2106 bae
569 2061 620 2117 re,
643 2060 738 2125 quam
760 2039 1019 2115 obmmemorari,
1041 2038 1119 2102 mibi
1141 2038 1293 2102 mumnda
1310 2037 1393 2102 ratio
1408 2033 1517 2099 delen

190 2423 295 2490 minus
317 2420 485 2503 diligenter
505 2421 591 2484 illius
614 2421 899 2494 existimationem,
930 2437 1026 2501 quam
1046 2437 1113 2482 rem
1133 2419 1176 2480 M.
1199 2416 1295 2480 Tullii
1316 2415 1441 2481 viderer
1463 2416 1554 2482 demo

190 2515 330 2582 tendere.
366 2515 456 2578 Nune
479 2516 630 2599 quoniam
654 2514 824 2591 Quinctius
846 2514 886 2576 ad
910 2532 1038 2576 causam
1058 2513 1218 2597 pertinere
1238 2512 1378 2596 putavit,
1401 2531 1451 2575 res
1473 2511 1518 2577 iia

191 2608 322 2682 multas,
344 2605 440 2672 falsas
460 2611 648 2693 praesertim
671 2616 703 2672 et
723 2609 834 2694 inique
850 2604 1016 2684 coniicias,
1039 2607 1181 2690 prolerre
1196 2608 1236 2671 de
1250 2608 1316 2671 rita
1329 2613 1361 2670 et
1375 2603 1521 2674 morbus*

191 2711 222 2768 et
244 2701 479 2768 existimatione
500 2705 543 2768 bl.
566 2704 681 2780 Tullii,
715 2703 822 2768 multis
852 2703 891 2765 de
913 2702 1018 2766 causis
1040 2702 1118 2766 mibi
1140 2703 1256 2766 Fabius
1278 2702 1406 2766 debebit
1427 2701 1518 2784 igno·

189 2817 293 2872 acere,
317 2796 344 2860 si
364 2797 471 2861 minus
487 2799 556 2862 eius
569 2798 673 2863 lamae
695 2819 825 2883 parcere
840 2797 990 2872 videbor,
1013 2815 1108 2882 quam
1124 2803 1219 2864 antea
1233 2795 1389 2862 consului.
1421 2791 1450 2858 l.
1466 2795 1517 2858 Pri

256 3218 280 3269 l.
301 3217 438 3282 Quinctios]
462 3219 524 3269 Post
541 3218 618 3269 huius
635 3220 711 3270 vocis
728 3221 842 3285 primam
859 3219 989 3283 syllabam
1007 3221 1104 3272 desunt
1119 3235 1214 3273 versus
1231 3234 1277 3272 sex
1295 3223 1451 3272 octonarum
1469 3220 1519 3271 de-

190 3305 284 3344 narum
302 3293 357 3343 iere
374 3292 531 3345 litterarum.
558 3297 622 3356 Pars
639 3297 711 3346 enim
728 3297 806 3360 primi
823 3294 875 3348 lolii
886 3297 1067 3356 laurinensis,
1087 3297 1159 3360 quod
1177 3299 1302 3362 quattuor
1312 3295 1442 3349 columnis
1454 3311 1519 3348 ooo·
1570 3314 1574 3328 ·

190 3372 256 3429 atat,
281 3368 366 3420 cultro
386 3369 494 3420 desecta
518 3373 570 3432 est,
597 3371 668 3422 uode
692 3372 760 3424 haee
778 3375 805 3424 et
820 3375 875 3422 ires
892 3371 1036 3434 sequentes
1053 3368 1163 3422 lacunae
1181 3373 1255 3422 ortae
1273 3375 1343 3422 suot.
1371 3371 1517 3436 Qnin[otins,

189 3459 278 3496 nemim
294 3444 369 3495 etiam
385 3445 438 3495 dns
453 3450 523 3496 testes
536 3448 687 3511 profitentur
702 3448 871 3510 apertissime,
894 3445 964 3494 video
987 3446 1064 3495 oliam
1084 3447 1145 3494 mdti
1167 3445 1312 3509 defendente
1327 3446 1396 3495 aiam
1412 3460 1462 3497 esse
1478 3447 1519 3496 ia-

190 3523 308 3572 eandam.
334 3520 414 3571 Antea
430 3523 496 3572 enim
511 3523 538 3572 in
555 3537 583 3574 eo
599 3523 755 3589 lalbarabam
772 3525 800 3583 P,
819 3520 957 3585 animatas
974 3520 1113 3584 (Quinctios
1123 3520 1143 3570 Τ
1155 3518 1179 3584 5.
1194 3520 1218 3570 3.
1231 3519 1272 3570 37.
1293 3522 1436 3582 Quintiasli
1456 3523 1479 3587 S.
1493 3523 1518 3574 a.

191 3599 211 3648 T
229 3597 253 3661 3.
266 3595 307 3646 35.
326 3597 353 3645 et
369 3595 530 3660 (tabique),
548 3599 590 3649 sed
606 3600 658 3661 ipse
668 3601 695 3650 P.
707 3599 799 3652 Fabius
811 3611 861 3647 non
872 3595 994 3646 dubitavit
1004 3596 1062 3658 iae,
1081 3597 1147 3658 qnod
1158 3596 1288 3660 arpnitnr,
1307 3597 1430 3662 amfleat,
1448 3597 1520 3662 inape

191 3674 245 3725 alia
261 3672 360 3722 ratione
371 3673 406 3721 ad
422 3674 545 3736 eamdam
562 3687 665 3725 cansam
679 3677 764 3739 aenio,
783 3679 858 3736 atque
874 3673 944 3722 initio
959 3685 1085 3722 veneram.
1116 3672 1176 3722 ram
1193 3672 1258 3723 enim
1274 3673 1303 3724 de
1320 3687 1347 3724 eo
1364 3673 1520 3739 lanorabom

190 3750 253 3810 ΒΟ,
273 3746 425 3811 (intumas,
443 3749 486 3798 sed
502 3751 525 3798 et
542 3751 626 3800 meari
642 3751 689 3801 iae
705 3751 855 3814 confessione
870 3761 974 3797 damam
990 3759 1063 3796 snam
1077 3747 1192 3809 putauit,
1217 3747 1288 3797 video
1305 3747 1383 3797 minen
1398 3747 1458 3797 mdi
1475 3749 1519 3797 de-

190 3823 309 3891 tensionis
323 3823 392 3871 viam
408 3835 458 3874 esse
474 3824 617 3876 ineundam.
643 3826 723 3877 Antea
738 3825 846 3876 enimin
862 3837 891 3874 eo
908 3822 1064 3886 ioiborabam
1082 3823 1103 3873 ii
1121 3823 1146 3871 in
1159 3821 1327 3873 adnotatione
1340 3821 1398 3874 coll.
1411 3836 1437 3888 p.
1452 3823 1521 3874 Cae·

192 3899 251 3950 eina
268 3899 293 3960 b,
312 3895 336 3948 l.
356 3897 445 3949 «Cani.
465 3897 538 3950 Plinii
556 3901 602 3965 Ep.
618 3901 657 3952 iv.
672 3901 704 3951 9:
721 3904 781 3952 Pan
797 3900 956 3964 manifestam
972 3899 1077 3963 testitiari
1094 3899 1207 3962 anpeniis
1223 3903 1278 3950 erat
1294 3897 1400 3960 crimen,
1417 3913 1468 3949 aon
1484 3899 1521 3948 di·

192 3973 305 4024 inentis.»
317 3973 393 4023 ilaus.
408 3999 434 4011 ··
456 3975 481 4024 i.
494 3987 616 4027 sonasset
627 3977 655 4027 Τ.
671 4005 697 4014 -
716 3977 741 4028 8.
753 3989 863 4026 nrrrren
878 3978 882 4034 Ι
897 3984 1082 4025 sresnrrorcrru
1092 3973 1121 4023 Τ.
1137 3999 1164 4009 -
1178 3972 1202 4023 9.
1215 3971 1406 4024 Desiderantur
1416 3975 1520 4038 septem

192 4061 295 4110 versus,
315 4061 455 4112 equorum
472 4049 559 4116 primo
572 4049 673 4116 syllaba
690 4063 736 4102 res
753 4052 858 4102 servata
870 4051 919 4100 est.
938 4049 996 4100 Vid.
1010 4048 1044 4100 ad
1056 4062 1081 4098 v.
1096 4049 1118 4099 i.
1138 4047 1247 4113 sesamae
1260 4049 1395 4111 ponebam,
1414 4063 1521 4112 quornm

191 4126 242 4188 ipse
264 4137 394 4173 consessas
414 4125 487 4186 attasi
510 4129 631 4191 conflatas
651 4127 779 4177 indicandi
800 4125 983 4176 moramentis
999 4123 1131 4175 inliciebat.
1157 4123 1189 4175 At
1204 4124 1322 4190 consessio
1339 4125 1478 4174 adversmi
1494 4125 1521 4176 in

191 4212 231 4249 me
246 4199 283 4248 rei
300 4197 470 4262 dimendtatem
486 4201 623 4251 transtulit.
640 4201 738 4251 litmim
754 4201 814 4264 qaid
830 4203 859 4262 P,
877 4199 985 4264 tes[tibns
997 4199 1121 4263 ponebam
1138 4203 1226 4262 antea,
1246 4213 1313 4250 nano
1328 4199 1356 4248 in
1371 4199 1521 4265 confessione

192 4273 351 4324 massarii:
369 4273 440 4323 enias
456 4274 483 4324 in
498 4276 523 4324 oi
539 4276 678 4336 andaciae,
696 4277 723 4325 in
739 4276 831 4327 indicio
847 4277 1014 4339 irnpadentioe
1031 4275 1211 4326 obsisteremus
1227 4276 1307 4326 nostri
1322 4275 1428 4340 inponit,
1445 4275 1521 4326 nestri

192 4349 283 4399 aneiiii
299 4353 342 4399 est.
368 4348 444 4415 Nam]
462 4351 522 4412 qaia
537 4352 602 4414 ΒΟ,
621 4349 729 4416 tes[tibm
745 4364 801 4402 eam
814 4365 946 4415 paneam,
963 4351 1038 4416 [aede
1054 4356 1143 4402 eastra
1158 4351 1305 4416 infitiantem
1317 4351 1428 4401 danaus
1439 4363 1519 4412 mom,

190 4437 234 4476 eos
250 4424 276 4474 in
291 4423 348 4486 ipsa
363 4425 511 4489 infitiatione
527 4425 671 4477 adversarii
686 4426 782 4490 aliquid
797 4428 909 4492 smnpali
925 4427 1049 4477 inventori
1066 4427 1161 4477 eratis:
1180 4441 1247 4476 nane
1263 4431 1352 4477 eontra
1367 4424 1443 4491 vodis]
1461 4427 1521 4490 qnid

191 4499 293 4562 Kayser
313 4499 340 4548 in
361 4499 468 4551 lleidelb.
486 4500 587 4552 labrbb.
614 4502 686 4552 ⁴85⁴.
711 4514 737 4567 p.
757 4502 815 4554 678.
835 4531 862 4539 -
887 4501 926 4552 id.
945 4503 1047 4553 Desunt
1068 4503 1172 4566 septem
1189 4513 1292 4553 versus.
1321 4500 1380 4552 Vid.
1399 4501 1433 4552 ad
1449 4514 1476 4552 v.
1495 4502 1518 4551 i.

191 4573 349 4638 defessionis,
368 4571 430 4637 [inm
447 4589 508 4640 eran
523 4577 550 4626 P.
570 4577 675 4626 Fabium
688 4577 767 4640 panto
782 4577 956 4628 remittendam
972 4581 1007 4626 est
1023 4577 1053 4626 de
1069 4575 1114 4625 illa
1125 4577 1238 4639 bellate,
1257 4589 1309 4638 aaa
1321 4578 1409 4638 peiere
1424 4577 1522 4628 actione

192 4649 278 4699 omnia
293 4660 341 4696 sua
357 4651 428 4699 tonte
445 4650 580 4701 stadiensi
596 4652 812 4702 dissimulaveram
826 4651 866 4702 eei
882 4663 1074 4713 manerem,
1096 4655 1124 4700 ai
1144 4649 1202 4716 non]
1219 4652 1302 4701 minas
1318 4653 1349 4714 P,
1377 4652 1521 4716 defensionis

192 4722 251 4788 lest,
269 4727 321 4772 tam
338 4721 526 4775 obliviscendam
540 4738 680 4790 pammper
695 4728 722 4778 in
738 4729 764 4778 P.
784 4726 859 4777 Fabio
876 4726 943 4775 illim
959 4726 1067 4775 lenitatis
1082 4739 1166 4788 meae,
1185 4740 1236 4789 qna
1248 4739 1307 4776 asra
1322 4727 1408 4789 prim
1424 4727 1522 4777 actione

191 4800 305 4850 animam
326 4813 343 4850 a
365 4799 483 4849 laedendo
499 4813 648 4852 rmeearam
663 4803 715 4866 ipse
731 4808 754 4853 et
769 4805 934 4868 repteaeram,
959 4805 987 4850 nt
1003 4801 1062 4864 non]
1084 4801 1167 4851 minas
1183 4801 1246 4861 ΒΟ,
1272 4800 1430 4865 detminata,
1458 4802 1520 4864 [inm

191 4890 253 4941 erpa
269 4877 295 4926 P.
309 4875 414 4926 Fabiam
426 4876 505 4938 panto
521 4881 683 4942 temperanda
699 4884 734 4930 est
749 4879 830 4928 nimia
846 4876 891 4926 illa
908 4875 1010 4938 anuas,
1029 4881 1172 4938 ermenteo
1187 4875 1286 4940 samam
1302 4875 1368 4925 illins
1383 4879 1452 4924 tanto
1462 4887 1520 4925 eam

190 4950 326 5001 stadiensi
342 4949 519 5000 dissimulando
534 4952 573 5001 oei
589 4955 730 5004 metuende
745 4953 874 5016 foveram,
899 4955 928 5000 nt
942 4949 1001 5015 non]
1018 4951 1101 5001 minas
1116 4951 1138 5002 H
1156 4951 1252 5002 eadem
1269 4963 1321 5016 qua
1340 4953 1359 5001 P
1376 4950 1517 5014 sententia,

190 5039 259 5091 quae
277 5025 341 5078 setis
359 5029 432 5076 certa
450 5027 503 5086 osi,
522 5027 571 5078 sed
588 5041 712 5081 sermone
729 5029 814 5092 magis
831 5027 920 5078 latino.
935 5054 962 5064 -
981 5026 1023 5076 ao.
1042 5039 1118 5090 qnam
1135 5041 1216 5092 supra
1233 5039 1344 5077 versum
1355 5024 1437 5075 habet
1447 5025 1475 5076 Τ.
1489 5051 1517 5064 -

189 5102 231 5154 20:
243 5099 285 5152 2³.
306 5101 367 5152 lidii
384 5100 529 5151 TPBHll.
545 5130 573 5140 -
590 5103 631 5155 ai.
651 5106 768 5157 «Desunt
783 5115 878 5155 versus
895 5115 942 5153 sex
960 5101 1021 5165 (vid.
1034 5103 1068 5153 ad
1085 5117 1112 5154 v.
1126 5103 1159 5168 i.)
1178 5116 1240 5154 eum
1260 5100 1307 5152 sos
1326 5100 1432 5151 circiter
1448 5098 1519 5152 litte-

189 5177 241 5239 ris‚
258 5177 398 5244 praeterea
414 5178 514 5242 quante
531 5177 559 5228 in
575 5176 683 5244 singulis
699 5178 867 5232 ambrosiani
884 5177 985 5232 codicis
1007 5175 1074 5233 toliis
1090 5177 1239 5234 litterarum
1256 5187 1384 5235 numerus
1402 5174 1518 5243 (enorme
