3684 5862
560 406 912 474 anuum-xm.
939 401 1215 490 §prae-lar.
1504 407 1545 474 es

153 637 159 649 .
227 579 300 644 Sex.
321 579 428 644 Roscii
448 577 567 642 mederi
588 578 734 656 debeam,
756 579 919 644 reduviam
942 599 1058 643 curem.
1093 577 1164 642 Non
1186 576 1271 640 enim
1292 575 1414 642 laborat
1428 575 1467 640 dc
1489 599 1546 662 pe-

226 675 337 749 cunia,
366 694 432 738 non
458 674 554 738 ullius
582 676 736 738 rationem
764 674 813 738 sui
835 673 991 737 commodi
1014 673 1118 738 ducit:
1146 671 1241 736 facile
1264 677 1434 755 egestatem
1456 693 1545 738 suam
1639 741 1646 750 ,

227 789 261 832 se
287 769 424 834 laturum
453 776 558 852 putat,
592 770 620 832 si
645 769 705 857 ipae
733 767 863 851 indigna
891 767 1072 851 suspicione
1095 775 1127 831 et
1147 763 1219 830 licto
1243 766 1373 830 erimine
1395 765 1545 831 liberatus
1644 761 1647 776 '

227 863 276 926 sit
320 859 391 927 429.
413 865 530 927 Verum
552 882 671 948 quaeso
694 884 713 927 a
733 863 836 938 vohis,
859 861 995 936 iudices,
1017 870 1053 926 ut
1072 862 1151 925 haec
1173 881 1289 945 pauca,
1312 879 1394 945 quae
1416 867 1545 936 restant,

226 957 270 1021 ita
291 957 443 1032 audiatis,
464 966 500 1022 ut
521 958 634 1041 partim
656 978 706 1021 me
728 956 831 1021 dicere
852 977 911 1040 pro
933 976 983 1019 me
1004 957 1074 1039 ipso
1096 958 1228 1039 putetis,
1255 958 1368 1039 partim
1389 975 1448 1038 pro
1471 957 1582 1021 Sem

225 1053 349 1116 Roscio.
394 1052 484 1128 Quae
506 1053 591 1115 enim
613 1052 771 1136 mihiipsi
793 1051 925 1134 indigna
947 1057 978 1114 et
998 1049 1209 1114 intolerabilia
1229 1050 1377 1113 videntur
1397 1069 1545 1158 quaeque

225 1144 265 1210 ad
288 1167 412 1222 omnes,
435 1146 497 1210 nisi
518 1145 739 1230 providemus,
761 1146 894 1210 arbitror
915 1146 1091 1228 pertinere,
1114 1165 1151 1208 ea
1170 1164 1229 1228 pro
1243 1165 1294 1207 me
1308 1145 1380 1226 ipso
1395 1163 1435 1207 ex
1449 1143 1546 1206 animi

225 1239 287 1302 mei
310 1261 405 1305 sensu
427 1260 464 1305 ac
486 1240 596 1305 dolore
618 1241 809 1324 pronuntio:
840 1260 923 1324 quae
944 1240 985 1304 ad
1006 1239 1100 1302 huius
1122 1240 1205 1303 vitae
1227 1259 1334 1302 casum
1356 1257 1546 1321 causamque

224 1336 418 1417 pertineant,
450 1343 482 1399 et
511 1335 588 1419 quid
616 1334 668 1398 hic
694 1355 752 1418 pro
781 1355 815 1399 se
847 1335 910 1398 dici
933 1334 1009 1397 velit
1031 1340 1062 1396 et
1083 1353 1147 1416 qua
1169 1332 1356 1396 condicione
1379 1339 1546 1396 contentus

225 1428 283 1503 sit,
305 1430 423 1493 iamin
446 1437 587 1494 extrema
608 1428 748 1492 oratione
770 1436 893 1503 nostra,
914 1428 1056 1502 iudices,
1078 1427 1223 1491 audietis.
1266 1427 1362 1490 XLV.
1385 1422 1456 1490 t30.
1478 1427 1583 1510 Egere

223 1519 302 1584 baec
330 1543 349 1588 a
378 1523 582 1608 Chrysogono
611 1543 681 1586 mea
710 1529 822 1607 sponte
852 1529 973 1585 remoto
996 1521 1069 1584 Sex.
1093 1521 1206 1584 Roscio
1229 1539 1368 1604 quaero:
1398 1523 1545 1605 primurn,

225 1635 323 1700 quere
345 1619 423 1682 ciris
445 1618 556 1701 optimi
577 1617 662 1680 bona
683 1617 855 1694 venierint3
877 1615 1009 1692 deinde,
1033 1635 1132 1700 quare
1154 1615 1292 1678 hominis
1315 1615 1400 1691 eius,
1423 1616 1478 1699 qui
1496 1633 1546 1678 rre-

224 1729 280 1792 qatc
295 1714 485 1794 proscriptus
506 1732 611 1795 neque
633 1711 718 1794 apud
740 1710 936 1776 adversarios
957 1713 1081 1776 occisus
1096 1720 1159 1789 est,
1182 1712 1267 1776 bena
1279 1711 1452 1788 venierint,
1475 1731 1546 1776 cum

224 1805 258 1866 in
282 1825 337 1869 eos
360 1806 445 1870 solos
466 1807 519 1871 lex
541 1807 658 1889 scripta
679 1806 735 1883 sit3
757 1804 888 1883 deinde,
912 1827 1009 1891 quare
1031 1807 1195 1892 aliquanto
1217 1813 1291 1888 post
1310 1826 1380 1870 eam
1395 1806 1479 1870 diem
1493 1827 1547 1870 ve-

225 1899 361 1974 nierint,
385 1921 465 1985 quae
487 1901 554 1965 dies
576 1903 610 1963 in
631 1900 701 1984 lege
722 1897 888 1983 praefinita
909 1909 972 1978 est;
1003 1901 1136 1977 deinde,
1160 1921 1215 1964 cur
1236 1899 1358 1963 tantulo
1379 1900 1584 1968 venierintrt

228 1992 319 2068 Quae
341 1996 447 2060 omnia
468 1995 513 2072 si,
535 1993 802 2080 quemadmodum
825 1995 928 2059 solent
948 1994 1053 2060 liberti
1075 2014 1214 2080 nequam
1237 2002 1269 2058 et
1282 1994 1419 2076 improbi
1431 1993 1547 2070 facere,

226 2087 262 2150 in
283 2095 451 2170 patronum
473 2110 563 2154 suum
584 2088 722 2153 voluerit
744 2089 902 2166 conferre,
932 2089 1012 2153 nihil
1042 2091 1150 2175 egerit.
1192 2091 1293 2154 Nemo
1316 2097 1364 2153 est
1384 2091 1469 2153 enirn
1492 2091 1547 2175 qui

225 2182 361 2257 nesciat,
383 2193 511 2267 propter
531 2183 779 2265 magnitudinem
800 2203 906 2246 rerum
928 2183 1027 2248 multa
1047 2185 1180 2262 multos,
1210 2183 1325 2267 partim
1346 2184 1547 2268 imprudente

225 2275 261 2338 L.
284 2277 385 2353 Sulla,
407 2279 611 2342 commisisse.
649 2271 720 2339 t3i.
742 2277 848 2341 Placet
868 2277 964 2360 igitur
977 2278 1011 2339 in
1024 2277 1076 2342 his
1090 2278 1184 2343 rebus
1198 2278 1241 2341 ali
1289 2276 1321 2341 id
1336 2278 1549 2361 imprudentia

225 2373 409 2456 praeteriri?
429 2375 501 2436 Non
515 2372 769 2456 placetiudices,
784 2372 838 2434 sed
852 2391 984 2435 necesse
997 2381 1053 2435 est.
1075 2372 1201 2436 Etenim
1216 2297 1398 2458 sidldppiter
1409 2372 1547 2456 optimus
1556 2392 1585 2440 so

178 2487 181 2494 ·
224 2467 396 2544 maximus,
419 2468 508 2530 cuius
530 2473 609 2529 nutu
630 2474 662 2530 et
681 2466 809 2530 arbitrio
825 2466 958 2541 caelum,
979 2473 1063 2530 terra
1084 2467 1247 2551 mariaque
1268 2463 1436 2576 reguptqr)
1452 2487 1547 2551 saepe
1632 2481 1719 2528 Λ

222 2563 324 2646 veniis
352 2560 640 2626 vehementioribus
666 2567 721 2623 aut
741 2560 955 2625 immoderatis
977 2561 1216 2644 tempestatibus
1238 2568 1292 2625 aut
1320 2559 1418 2625 nimio
1442 2561 1548 2626 calore

224 2663 279 2720 aut
299 2656 491 2720 intolerabili
511 2655 628 2764 frigore
649 2653 830 2717 hominibus
852 2653 978 2731 nocuit,
999 2655 1094 2720 urbes
1116 2654 1251 2732 delevit,
1272 2655 1379 2738 fruges
1400 2654 1549 2740 perdidit,

224 2770 360 2835 quorum
380 2750 461 2814 nihil
483 2749 617 2833 pernicii
640 2768 735 2812 causa
757 2747 866 2813 divino
887 2749 1039 2827 consilio,
1061 2750 1118 2814 sed
1139 2751 1172 2814 vi
1194 2749 1265 2834 ipsa
1287 2756 1319 2814 et
1332 2750 1548 2834 magnitudine

222 2863 328 2907 rerum
349 2843 467 2909 lactum
489 2851 653 2927 putamus,
683 2849 846 2907 utcontra
867 2843 1048 2921 commoda,
1073 2844 1190 2927 quibus
1211 2844 1347 2920 utimur,
1369 2844 1587 2930 lucemque,ss

224 2956 288 3021 qua
308 2938 459 3015 fruimur,
482 2939 709 3022 spiritumque,
732 2956 827 3022 quern
850 2936 1013 3014 ducimus,
1043 2937 1082 3002 ab
1106 2959 1144 3002 eo
1166 2938 1258 3002 nobis
1281 2936 1349 3002 dari
1372 2947 1467 3024 atque
1489 2939 1549 3002 irn-

222 3033 333 3114 pertiri
354 3033 519 3097 videmus:
542 3031 619 3116 quid
641 3032 793 3096 miramur
812 3032 848 3094 L.
867 3032 1004 3108 Sullam,
1028 3052 1100 3095 cum
1121 3032 1209 3096 solus
1230 3052 1297 3095 rem
1318 3031 1478 3115 publicam
1500 3053 1550 3096 re-

223 3133 312 3208 geret
333 3126 506 3211 orbemque
527 3135 680 3192 terrarum
696 3127 886 3210 gubernaret
893 3126 1090 3210 imperiique
1105 3126 1320 3202 maiestatem,
1342 3146 1439 3209 quam
1454 3127 1549 3190 armis

222 3228 401 3305 receperat,
423 3221 545 3306 legibus
569 3218 785 3296 confirmaret,
807 3221 914 3303 aliqua
936 3219 1186 3285 animadvertere
1209 3238 1275 3284 non
1295 3220 1465 3303 potuisset
1487 3221 1550 3285 nisi

289 3480 315 3531 4.
331 3479 463 3531 redactam
479 3481 534 3542 iit,
556 3479 627 3542 soh..
646 3483 706 3532 Par.
724 3480 760 3544 is,
780 3495 812 3533 e:
840 3479 905 3531 redii
920 3479 990 3530 viam
1006 3479 1094 3538 oiim
1120 3479 1244 3530 reditatum
1260 3479 1320 3543 La,
1346 3482 1425 3534 codd.
1443 3484 1549 3537 Hotom.

224 3553 262 3620 (ut
278 3555 350 3621 apud
361 3556 468 3606 Festum
484 3569 511 3621 p.
523 3556 581 3608 207.
599 3554 686 3607 bineli.
704 3569 756 3607 vox
773 3555 921 3619 scribitur);
939 3568 993 3607 rem
1008 3555 1122 3605 diuinam
1138 3555 1192 3606 Tv.
1209 3582 1237 3592 —
1255 3569 1341 3608 oron
1356 3560 1473 3611 iivac:
1492 3575 1552 3612 eree

223 3631 258 3692 (4,
280 3631 401 3692 4Ριιιι.;
427 3644 504 3681 carce
525 3631 578 3692 εχ.
599 3655 627 3668 -
646 3630 670 3682 6.
688 3631 736 3694 ipsi
757 3644 811 3684 om.
830 3634 885 3683 Gv.
905 3657 934 3668 -
953 3631 978 3682 4.
1001 3631 1082 3681 omnis
1107 3630 1219 3682 (iiieo.
1239 3633 1500 3696 -prootdccouou
1521 3665 1549 3674 -

221 3705 247 3756 7.
264 3717 299 3758 ere
314 3706 394 3756 cebri
410 3705 453 3758 ed.
471 3707 570 3756 iianut.
583 3703 668 3756 itit:
688 3709 711 3756 et
727 3707 807 3758 αιιίιιιί
823 3707 1031 3772 4444χψιιιο,
1049 3707 1134 3767 Pari,
1156 3705 1250 3758 Franc.
1270 3733 1298 3743 —
1321 3709 1346 3760 8.
1365 3710 1405 3776 oc]
1431 3717 1455 3763 ct
1470 3715 1501 3765 G.
1521 3741 1549 3752 -

221 3793 311 3834 emeca
326 3782 486 3848 commate]
504 3783 636 3834 dammae
657 3795 792 3845 omenque
808 3783 830 3832 G
850 3780 892 3846 (cl.
910 3795 966 3833 ver.
987 3779 1047 3833 lect.
1067 3781 1102 3832 ad
1120 3793 1159 3831 or.
1178 3794 1204 3847 p.
1223 3782 1291 3834 sest.
1311 3782 1335 3847 5.
1354 3784 1419 3849 444.);
1447 3801 1552 3840 coccam

223 3858 292 3909 coni.
310 3857 414 3910 Ruhnk.
433 3857 468 3909 ad
483 3857 561 3910 itutii.
579 3859 684 3924 Lupum
700 3859 720 3909 1.
740 3859 790 3921 to,
814 3858 857 3908 eui
873 3871 960 3908 coeca
976 3870 1009 3909 er
1026 3868 1081 3908 var.
1100 3854 1162 3908 leot.
1181 3857 1321 3923 irrepsisse
1338 3861 1457 3927 videtur,
1479 3865 1551 3930 quod

221 3931 299 3985 vaide
323 3931 463 4000 probabile
487 3935 536 3985 est.
557 3961 584 3972 -
611 3933 652 3985 40.
671 3932 732 3999 iera]
750 3947 781 3985 ea
797 3934 825 3985 L.
847 3960 874 3970 -
900 3939 989 3986 amira
1011 3935 1124 3985 oratiom
1140 3935 1170 3984 G.
1191 3961 1219 3971 -
1246 3936 1286 3987 44.
1304 3935 1373 4003 boec]
1391 3939 1457 3989 cutm
1471 3953 1500 4000 χ.
1521 3967 1549 3977 -

220 4010 349 4073 primos.
370 4035 398 4045 -
421 4009 462 4060 44.
485 4009 621 4061 bmscom.
641 4011 670 4060 G.
690 4031 718 4046 ·-
746 4009 833 4061 carm
853 4022 1002 4072 quorsom.
1021 4012 1057 4071 G;
1082 4009 1239 4062 wodeom.
1259 4011 1324 4072 cr;
1350 4012 1552 4064 demde--oe-

222 4084 315 4136 rtertot
330 4097 383 4137 om.
403 4083 481 4147 sud..
499 4098 527 4146 x.
547 4110 575 4120 —
594 4097 673 4148 aeque
684 4085 842 4148 proscriptio
858 4085 1038 4137 Hotomanus:
1062 4097 1115 4137 om.
1139 4083 1217 4136 codd.
1238 4098 1341 4138 omnes.
1362 4110 1390 4124 -
1410 4087 1450 4138 43.
1467 4088 1552 4138 omia

222 4165 284 4211 mest
298 4161 361 4222 iia,
380 4171 434 4211 orn.
453 4162 482 4211 (4.
504 4187 532 4197 -
549 4173 608 4210 cum
625 4161 713 4210 tiva:
738 4161 799 4223 peto
815 4160 906 4212 iisii.
931 4161 1032 4227 (sedin
1048 4160 1089 4212 444
1107 4161 1228 4224 quonlam
1244 4173 1303 4226 sup.
1321 4160 1377 4226 lin.)
1396 4189 1423 4198 —
1443 4163 1482 4214 it.
1501 4163 1553 4214 dies

222 4234 274 4300 ispe
290 4248 338 4288 ac.
358 4262 387 4274 -
405 4235 491 4287 4444444
506 4234 562 4302 cur]
580 4234 639 4286 iort.
658 4234 763 4298 danique
778 4248 833 4286 ear.
853 4261 881 4271 —
905 4236 946 4287 47.
964 4237 1031 4287 erio
1046 4248 1101 4287 orn.
1120 4236 1214 4288 Franc.
1236 4263 1264 4273 -
1283 4237 1324 4288 48.
1341 4237 1437 4301 partim
1452 4239 1552 4300 topra-

221 4311 293 4362 deae
308 4310 434 4363 codices:
449 4311 548 4374 partim
563 4311 708 4361 consumta
720 4310 818 4373 partim
833 4310 988 4374 tospmdorte
1004 4323 1044 4362 ac
1061 4311 1123 4374 (non
1139 4311 1205 4362 item
1221 4310 1260 4376 ι),
1283 4314 1356 4376 qnod
1377 4312 1552 4379 supplemen-

221 4387 279 4437 tum
296 4386 386 4439 nescio
404 4385 480 4438 cuins
496 4385 612 4438 editores
623 4397 695 4436 rece.
708 4383 880 4450 expulerunt;
898 4385 1062 4451 probabilius
1075 4388 1116 4438 est
1129 4385 1341 4451 Madvigianum:
1356 4389 1454 4452 partim
1464 4389 1551 4450 incito,

108 4469 112 4478 ’
218 4461 316 4526 partim
330 4462 421 4526 ὑφῆς
440 4463 533 4514 conus
549 4463 610 4512 Ger.
629 4459 698 4511 coni.
713 4459 836 4525 94444444
848 4461 873 4524 (i.
887 4473 912 4512 e.
926 4473 974 4514 sue
985 4461 1088 4527 sponte)
1100 4462 1268 4524 imprudentem
1287 4463 1551 4528 nevius111.p.io.):

218 4549 267 4601 per
282 4548 308 4588 ae
322 4537 397 4600 irrspr.
423 4537 473 4587 Vix
497 4535 595 4589 suiiieit
621 4533 826 4600 freudenbergii
852 4549 879 4601 p.
898 4536 929 4587 iti
946 4549 987 4602 sq.
1006 4537 1188 4602 interpretatio
1204 4536 1342 4601 vulgatae:
1368 4539 1449 4590 mutto
1463 4537 1554 4588 mattos

220 4609 382 4673 comuisisee,
396 4615 498 4675 parrer·
514 4623 600 4662 correo
615 4609 770 4673 opacae
785 4611 814 4661 1..
832 4611 917 4673 Salio,
937 4612 1008 4677 quod
1025 4612 1048 4664 si
1066 4612 1121 4664 Cic.
1141 4611 1262 4675 dixisset,
1281 4611 1417 4664 dictatoris
1433 4613 1552 4663 animum

221 4685 398 4737 vehementer
413 4682 546 4738 violasset.
566 4711 595 4722 -
615 4685 655 4735 49.
675 4684 763 4748 clipea
778 4686 829 4737 444.
852 4711 881 4724 -·
898 4687 939 4738 40.
955 4687 1092 4750 praeteriri
1106 4701 1157 4738 ooo
1170 4685 1254 4750 piacet
1269 4699 1324 4739 om.
1341 4701 1368 4739 r.
1388 4713 1416 4724 -
1434 4687 1475 4739 44.
1491 4700 1553 4750 per-

222 4760 284 4811 nicii
299 4773 316 4812 c
331 4773 394 4812 enm
412 4758 492 4812 Gellio
510 4759 548 4824 (N.
567 4761 597 4810 Α.
610 4760 653 4811 444.
673 4757 724 4823 44.)
742 4763 769 4811 st
785 4761 869 4812 Nonio
882 4761 916 4826 (p.
929 4759 977 4814 ise
989 4763 1081 4828 iiere.)
1095 4777 1102 4813 t
1115 4765 1226 4828 pernicie
1242 4765 1328 4828 Gra,
1346 4767 1430 4826 Paro,
1449 4763 1550 4824 60qu

220 4834 328 4900 pernitie
344 4836 386 4896 ii;
401 4834 530 4900 penisos
545 4832 624 4895 Pall.;
640 4834 761 4898 passast
777 4835 884 4896 Franc.;
900 4837 1024 4899 postca
1040 4838 1174 4892 Charisius
1185 4853 1213 4905 p.
1227 4839 1259 4891 38
1272 4839 1347 4892 Lind.
1363 4867 1391 4878 -
1404 4839 1550 4902 comparo.

224 4909 324 4962 Nonius
340 4909 358 4961 i.
377 4922 401 4962 c.
421 4934 449 4944 -
467 4909 508 4960 so.
526 4908 621 4973 {mima
637 4922 692 4962 om.
710 4912 740 4961 G.
761 4936 789 4946 -
807 4911 937 4961 commoda
953 4913 1045 4965 iiac:
1062 4916 1197 4967 commosis
1213 4917 1274 4978 (iv,
1292 4916 1383 4966 5011.
1403 4940 1431 4950 -
1449 4914 1553 4976 scapi·

223 4985 303 5036 maro
319 4997 391 5048 quera
408 4997 440 5047 ος
458 4984 575 5048 mittero
591 4997 710 5049 quaeqae
727 4987 762 5046 Gi
780 4987 944 5049 spiritumque
960 4988 1011 5039 i'v.
1032 5016 1060 5027 -
1077 4990 1207 5054 asperim
1221 5003 1272 5041 vc.
1293 5016 1321 5027 -
1338 4990 1380 5041 27.
1399 4988 1459 5050 qued
1473 4989 1551 5039 miro·

223 5058 290 5125 narr]
308 5057 383 5112 addit
398 5059 459 5110 Seli.
476 5059 577 5111 indiam
598 5086 626 5098 -·
644 5061 685 5116 29.
701 5061 838 5126 receperat]
855 5061 1013 5125 reciperarat
1029 5064 1226 5117 commendavit
1242 5063 1334 5116 Lamb.
1348 5077 1381 5114 ex
1392 5060 1425 5113 al.
1439 5061 1551 5132 (ceddi)

225 5136 253 5188 in
269 5134 449 5189 adnotatione.
468 5160 497 5174 ··
515 5135 608 5202 aptae
623 5137 1423 5206 iio:amteptoesccs1p,sranc.;uttepttrarxva.

267 5227 352 5282 uem
369 5227 438 5283 nu
1321 5232 1342 5297 5
