3642 5868
424 488 493 552 Lrs.
515 487 570 551 lIl.
602 480 1238 569 cir.xxVI-xxv11.§§.63-tti.
1431 477 1494 548 267

170 662 334 720 accusatos
356 665 389 721 et
408 665 513 722 vestra
534 662 566 720 et
594 657 794 740 superiorum
815 655 967 719 memoria
989 653 1073 718 scitis
1097 675 1181 719 esse:
1204 673 1337 738 ecquem
1358 653 1495 728 vidistis,

170 769 303 835 ecquem
326 751 460 815 audistis
481 754 515 815 in
537 751 633 816 tantis
654 751 766 827 furtis,
788 752 823 814 in
844 759 908 813 tam
930 749 1047 832 apertis
1064 756 1150 828 tanta
1164 749 1313 824 audacia,
1336 754 1422 820 tanta
1437 749 1496 810 im·
1583 763 1604 835 3
1793 814 1800 839 ω

170 845 324 927 pudentia
346 866 416 910 esse
437 849 618 910 versatum?
661 843 712 908 65.
734 845 895 929 Apronius
917 845 1085 926 stipatores
1099 844 1251 907 Venerios
1273 863 1380 906 secum
1399 842 1496 906 habe-
1792 850 1800 909 t

170 937 239 1001 hat:
268 939 403 1002 ducebat
429 960 483 1003 eos
511 941 630 1002 circum
652 939 813 1003 civitates:
846 938 973 1021 publice
996 938 1056 1000 sibi
1078 938 1224 1002 coudria
1244 936 1366 1020 parari,
1399 935 1497 1000 sterni
1794 948 1798 957 ·

171 1030 310 1094 triclinia
332 1041 364 1095 et
385 1033 420 1095 in
441 1033 511 1097 loro
535 1035 631 1097 sterni
653 1034 798 1097 iubebat:
822 1053 858 1096 eo
873 1031 980 1096 vocari
993 1031 1138 1095 homines
1152 1031 1409 1105 honestissimos,
1432 1041 1521 1093 nont
1795 1073 1800 1128 3

170 1125 273 1188 solum
296 1125 437 1203 Siculos,
471 1127 528 1190 sed
556 1128 651 1190 etiam
678 1128 802 1211 equites
830 1128 1004 1201 Romanos,
1035 1133 1088 1201 ut,
1122 1127 1250 1209 quicum
1275 1126 1381 1189 virere
1403 1143 1497 1188 nemo
1798 1129 1800 1208 i

169 1239 320 1303 umquam
342 1220 404 1283 nisi
427 1223 529 1304 turpis
552 1221 761 1307 impurusque
783 1223 954 1297 voluisset,
980 1222 1020 1285 ad
1043 1224 1111 1286 eius
1134 1221 1311 1285 convivium
1334 1221 1499 1303 spectatis·
1798 1231 1800 1238 ’

170 1314 241 1377 simi
271 1323 367 1399 atque
395 1315 609 1379 honestissimi
640 1318 699 1380 viri
729 1325 920 1381 tenerentur.
964 1317 1051 1379 llaec
1079 1324 1130 1391 tu,
1157 1317 1296 1379 omnium
1318 1313 1497 1376 mortalium

169 1408 425 1491 profligatissime
447 1430 484 1473 ac
506 1410 733 1492 perditissime,
762 1433 832 1475 cum
855 1413 969 1485 seinse,
999 1431 1070 1473 eum
1092 1410 1218 1474 audires
1240 1408 1398 1493 quotidie,
1426 1426 1499 1469 cum

169 1499 314 1564 rideres:
337 1501 364 1564 si
388 1503 457 1565 sine
474 1493 535 1566 'tuo
559 1513 692 1588 quaestu
707 1505 846 1568 maximo
860 1505 989 1580 fierent,
1012 1525 1083 1568 eum
1100 1511 1187 1567 tanto
1203 1510 1258 1565 tuo
1274 1501 1416 1584 periculo
1431 1497 1498 1564 lieri
1509 1514 1536 1560 to

171 1602 316 1676 paterere
339 1603 436 1681 atque
459 1597 673 1660 concederes?
689 1581 841 1674 (Tantum
865 1598 949 1682 apud
975 1607 1006 1662 te
1029 1603 1180 1684 quaestus
1201 1595 1349 1678 Apronii,
1378 1602 1500 1658 tantum
1564 1589 1657 1666 1,...6
1665 1578 1748 1690 cipli

172 1689 240 1752 eius
263 1711 367 1754 sermo
389 1691 665 1775 inquinatissimus
688 1699 720 1754 et
748 1693 921 1757 blanditiae
943 1693 1119 1776 flagitiosae
1139 1693 1321 1772 valuerunt,
1349 1696 1386 1752 ut
1410 1709 1501 1752 num·
1588 1667 1675 1754 ff

171 1803 267 1866 quam
301 1785 441 1847 animum
474 1794 563 1848 tuum
593 1807 668 1849 cura
700 1787 898 1851 fortunarum
929 1796 1055 1850 tuarum
1089 1786 1303 1869 cogitatioque
1332 1765 1508 1876 1666666616
1598 1835 1608 1852 .

171 1874 222 1938 66.
249 1878 400 1954 Cernitis,
423 1880 560 1955 iudices,
584 1882 670 1965 quod
693 1890 724 1944 et
746 1889 899 1964 quantum
920 1880 1104 1944 incendium
1119 1880 1367 1942 decumanorum
1381 1878 1502 1959 impetu

171 1989 236 2033 non
259 1972 361 2035 solum
383 1993 442 2056 per
464 1993 573 2056 agros,
596 1974 653 2037 sed
675 1975 770 2038 etiam
791 1994 849 2057 per
870 1975 1010 2058 reliquas
1032 1974 1176 2037 fortunas
1198 1979 1374 2046 aratorum,
1397 1989 1501 2053 neque
1511 1986 1539 2034 ta

172 2064 275 2128 solum
305 2087 362 2148 per
392 2067 493 2141 hona,
524 2067 579 2131 sed
602 2068 696 2131 etiam
717 2089 775 2151 per
795 2070 865 2131 iura
887 2069 1039 2132 libertatis
1063 2076 1094 2131 et
1116 2067 1251 2130 civitatis
1272 2067 1334 2129 isto
1356 2070 1502 2146 praetore

170 2163 355 2239 pervaserit.
392 2160 513 2224 Videtis
535 2163 674 2244 pendere
696 2162 776 2226 alios
799 2183 839 2225 ex
860 2163 990 2238 arbore,
1012 2162 1131 2245 pulsari
1154 2168 1260 2223 autem
1282 2159 1363 2222 alios
1386 2166 1418 2222 et
1431 2177 1502 2222 ver-

169 2251 290 2328 berari;
312 2273 408 2336 porro
431 2255 511 2318 alios
532 2256 566 2318 in
587 2256 715 2337 publico
738 2255 907 2331 custodiri,
934 2255 1063 2319 destitui
1085 2255 1164 2319 alios
1185 2256 1218 2317 in
1241 2252 1404 2327 convivio,
1428 2272 1502 2315 con-

170 2345 312 2410 demnari
333 2348 414 2412 alios
435 2368 455 2411 a
474 2349 598 2412 medico
620 2355 653 2413 et
673 2369 831 2432 praecone
853 2351 1019 2432 praetoris,
1041 2349 1125 2412 bona
1140 2355 1246 2411 tamen
1261 2348 1382 2410 interea
1402 2347 1501 2410 nihilo

170 2439 274 2504 minus
297 2460 406 2504 eorum
429 2443 569 2506 omnium
592 2462 632 2505 ex
654 2445 736 2526 agris
758 2443 876 2507 auferri
897 2463 934 2506 ac
957 2443 1064 2526 diripi.
1107 2440 1192 2518 Quid
1215 2448 1264 2504 est
1284 2441 1368 2504 hoel
1391 2441 1501 2526 populi
1511 2457 1540 2506 ao

169 2532 302 2597 Romani
325 2535 516 2618 imperium?
537 2536 649 2619 populi
671 2537 804 2600 Romani
827 2537 937 2620 leges‘l
958 2536 1098 2601 iudicia?
1120 2535 1198 2600 socii
1218 2535 1352 2600 fideles?
1373 2537 1502 2620 provin-

171 2625 221 2689 cia
242 2627 444 2692 suburbana?
477 2631 589 2692 Nonne
612 2631 718 2693 omnia
738 2631 845 2714 potius
869 2632 937 2694 eius
960 2631 1063 2705 modi,
1087 2650 1188 2715 quae,
1211 2631 1238 2693 si
1252 2631 1389 2694 Athenio
1411 2631 1503 2694 vicis-

173 2726 237 2794 set,
259 2722 293 2784 in
316 2722 422 2785 Sicilia
443 2743 507 2785 non
529 2723 679 2787 lecisset?
712 2727 798 2799 Non,
828 2727 975 2808 inquam,
997 2725 1133 2800 iudices,
1157 2733 1241 2788 esset
1261 2724 1358 2787 ullam
1380 2730 1501 2806 partem

171 2813 261 2876 istius
282 2815 443 2899 nequitiae
465 2817 671 2900 lugitivorum
693 2819 864 2882 insolentia
885 2827 1066 2883 consecuta.

256 2908 384 2972 xxvll.
406 2911 554 2973 Privatim
575 2910 636 2974 hoc
659 2913 770 2976 modo:
795 2913 896 2996 quid‘t
919 2914 1046 2997 publice
1069 2915 1212 2977 civitates
1235 2918 1384 2976 tractatae
1408 2927 1539 2994 quemao

171 3001 211 3064 66
233 3001 359 3065 modum
383 3007 479 3066 sunt‘t
504 3004 644 3069 Audistis
667 3007 833 3088 permulta,
855 3006 991 3082 iudices,
1013 3007 1195 3071 testimonia
1216 3007 1378 3070 civitatum
1400 3013 1432 3068 et
1453 3025 1503 3068 re·

170 3096 328 3180 liquatum
351 3098 498 3162 audietis.
543 3095 594 3160 67.
615 3101 661 3163 Ac
684 3100 820 3182 primum
836 3102 875 3163 de
890 3103 1080 3185 Agyrinensi
1102 3101 1222 3185 populo
1238 3097 1324 3164 fideli
1340 3106 1371 3162 et
1386 3099 1502 3164 illustri

169 3188 305 3254 breviter
337 3194 528 3275 cognoscite.
572 3193 778 3276 Agyrinensis
808 3201 857 3257 est
882 3196 1047 3276 inprimis
1074 3195 1210 3258 honesta
1231 3195 1340 3258 civitas
1365 3193 1501 3268 Siciliae,

169 3281 333 3348 hominum
355 3294 428 3349 ante
442 3286 528 3349 hunc
543 3294 722 3369 praetorem
737 3287 944 3370 locupletium
956 3308 1219 3372 ¹summorumque
1234 3294 1402 3351 aratorum.
1423 3286 1501 3350 Eius

170 3379 237 3462 agri
258 3379 408 3443 decumas
431 3400 503 3443 cum
525 3383 654 3444 emisset
674 3380 759 3443 idem
779 3381 956 3464 Apronius,
978 3383 1129 3466 Agyrium
1151 3383 1248 3445 venit.
1285 3379 1347 3455 Qui
1368 3401 1440 3444 cunr
1463 3397 1538 3443 eoao

235 3622 260 3673 2.
279 3635 379 3686 ecquem
395 3626 457 3674 ante
475 3623 580 3674 66616116
595 3635 648 3675 om.
663 3624 741 3688 1612.
760 3622 865 3688 [fallitur
881 3624 1038 3689 Zumptlus.]
1057 3652 1085 3662 -
1105 3623 1148 3690 [16]
1166 3629 1237 3675 tanta
1255 3625 1365 3676 6666616
1376 3625 1405 3676 0.
1424 3626 1502 3676 Prae·

169 3697 346 3762 positionem,
366 3711 435 3763 6666
453 3701 540 3750 exstat
556 3699 582 3750 in
600 3699 689 3760 codd..
708 3703 782 3751 recte
799 3701 938 3752 Sohtitzius
955 3699 1061 3751 delevit.
1081 3699 1157 3765 Cis.
1171 3700 1228 3752 166.
1246 3701 1340 3751 crim
1355 3704 1441 3750 166166
1457 3713 1503 3749 66-

169 3773 269 3837 ductos,
296 3779 382 3825 166166
405 3774 581 3838 impudentiae.
606 3774 964 3840 5.163,166666611616661
985 3775 1091 3839 1661661.
1112 3803 1139 3812 -
1163 3776 1191 3826 16
1213 3781 1287 3826 tanta
1302 3775 1456 3839 1616666616
1472 3775 1499 3825 F.

171 3847 255 3908 [Nieb.
275 3860 383 3913 666666
400 3851 427 3900 16
444 3852 506 3901 6616
523 3855 596 3901 mota
613 3850 727 3913 addidit,
753 3851 802 3902 sed
820 3849 890 3902 nullo
908 3851 1007 3904 codicis
1024 3854 1069 3902 aut
1089 3851 1210 3902 editionis
1228 3864 1340 3903 numero
1357 3851 1499 3916 adscripto,

170 3933 223 3985 666
246 3935 276 3974 re
297 3924 460 3988 significasse
482 3924 589 3976 videtur
610 3939 624 3976 a
642 3928 749 3990 Legem.
768 3925 803 3976 ad
819 3925 961 3978 lectionem
977 3927 1005 3977 16
1021 3931 1095 3976 16616
1111 3923 1210 3977 nullam
1227 3927 1385 3977 varietatem
1400 3927 1503 3977 emori·

170 3996 245 4058 ptam
261 3997 343 4063 6666]
363 4026 391 4036 -
410 3999 434 4049 3.
452 4005 643 4051 6666666166
660 4012 714 4053 om.
728 4000 805 4064 1619.
821 4028 848 4038 -
867 4002 892 4052 5.
911 4006 934 4052 6
949 4002 977 4052 16
990 4002 1048 4066 soro
1063 4002 1140 4053 66661
1156 4000 1225 4066 1619
1237 4003 1271 4052 F:
1290 4005 1313 4053 at
1329 4004 1409 4066 atque
1425 4001 1502 4052 6661

171 4082 225 4122 om.
243 4071 308 4124 dett.
327 4076 434 4141 practer
450 4076 556 4139 16669,
575 4075 700 4140 aquibus
716 4089 800 4128 unum
818 4082 841 4128 st
857 4076 941 4128 abest.
957 4103 985 4113 -
1004 4091 1032 4129 ao
1042 4077 1137 4143 666666
1155 4079 1255 4128 euocari
1271 4075 1350 4129 6666.
1364 4075 1499 4143 plerique;

169 4145 276 4211 vulgata
287 4151 329 4200 est
340 4162 355 4199 a
366 4151 490 4202 victorio.
510 4150 619 4216 [hahent
635 4153 761 4202 conorari
778 4151 846 4216 egla
859 4152 932 4217 616]
946 4177 973 4188 -
994 4153 1019 4203 6.
1037 4153 1137 4216 6616661
1150 4150 1301 4216 aglano:
1320 4163 1427 4214 quocum
1442 4148 1500 4200 rell.

171 4217 210 4270 Cl.
229 4234 278 4274 nos
295 4223 330 4274 ad
347 4237 386 4275 or.
399 4239 426 4290 p.
440 4227 553 4277 Caecina
571 4241 597 4293 p.
612 4226 658 4278 110
670 4239 711 4291 sq.
726 4252 755 4265 -
772 4226 855 4276 616666
871 4225 939 4290 1619
951 4242 991 4289 cp:
1009 4227 1075 4277 taire
1090 4227 1230 4277 6666161666
1247 4229 1278 4288 N,
1296 4224 1353 4277 rell.
1367 4226 1396 4277 0.
1412 4251 1439 4260 -
1459 4225 1499 4275 10.

169 4301 275 4356 quauta
289 4311 361 4351 6666.
374 4298 403 4350 l:
421 4313 493 4351 6166.
507 4303 586 4364 6611.
600 4303 661 4352 0.-
675 4306 718 4352 166
732 4301 844 4366 peremto
855 4299 939 4365 egla:
954 4315 1010 4365 per.
1023 4308 1066 4353 tao
1077 4304 1123 4352 ott.
1136 4303 1197 4352 0.·-
1217 4303 1258 4352 11.
1272 4303 1386 4364 Taetrum]
1397 4301 1431 4352 Et
1445 4305 1503 4350 166

169 4369 282 4422 1666611.
295 4373 357 4424 0.-
376 4375 416 4425 te.
429 4376 721 4441 16166166161661619.-
741 4377 781 4428 13.
800 4382 871 4427 tuam
887 4377 1078 4429 6616661166.
1091 4391 1118 4442 p.
1131 4375 1179 4428 108
1196 4376 1286 4441 ibique
1298 4378 1379 4429 llere.
1394 4400 1422 4413 -
1441 4375 1500 4438 sort.

169 4448 274 4496 1666666
290 4445 375 4511 egla:
403 4454 506 4502 tuarum
527 4447 587 4516 sort.
607 4453 652 4502 ctt.
670 4454 736 4503 Non.
756 4449 774 4517 l,
793 4465 816 4504 c.
835 4453 865 4503 0.
894 4477 921 4487 -
949 4453 989 4503 16.
1010 4465 1089 4516 66666
1105 4451 1174 4516 1611
1185 4453 1255 4515 Arp:
1279 4466 1329 4503 noo
1346 4447 1402 4502 rell.
1422 4449 1451 4500 0.
1472 4475 1499 4484 -

170 4519 210 4571 tr.
230 4525 315 4572 autem
331 4523 495 4589 611661619ε
522 4527 586 4578 altos
607 4531 691 4578 66166
707 4528 786 4591 Legg.
803 4527 861 4579 rell.
879 4529 929 4579 AB
940 4529 977 4589 C;
1005 4529 1067 4580 otios
1083 4533 1129 4578 661
1145 4527 1220 4578 611666
1237 4528 1329 4578 Franc.
1351 4551 1379 4561 -
1397 4523 1439 4574 20.
1457 4523 1502 4573 hoe

166 4598 255 4657 pretor
270 4596 404 4658 mapalium
420 4599 498 4663 1619.
509 4626 537 4638 -
556 4603 598 4652 rt.
614 4603 689 4653 sotios
703 4602 865 4666 6661661619
884 4602 927 4667 [66
940 4617 993 4668 666
1004 4602 1076 4668 apud
1087 4606 1115 4654 Ζ.
1128 4602 1270 4667 erratum];
1286 4599 1365 4666 666116
1375 4597 1502 4662 1619111

170 4670 306 4722 umescit.
322 4673 404 4723 -91,
423 4675 542 4725 61666661
558 4673 644 4738 Lali:
662 4677 782 4727 61666661
798 4681 912 4729 6666611.
926 4680 955 4729 0.
971 4705 999 4716 —-
1016 4679 1152 4730 Achonroen
1167 4692 1216 4729 666
1230 4676 1394 4742 sophicorum
1408 4673 1504 4724 6161666

170 4742 258 4808 1611;
277 4743 392 4809 glossam
406 4749 443 4814 [9]
461 4763 509 4800 666
524 4749 597 4814 sapit.
615 4746 698 4800 habet
715 4753 795 4804 etiam
811 4755 842 4804 N.
862 4780 890 4789 -
909 4752 950 4804 il.
969 4753 1236 4818 66666616--616616
1251 4757 1275 4803 te
1291 4751 1316 4816 5.
1329 4751 1371 4804 90.
1389 4763 1414 4800 v.
1427 4749 1501 4800 23.-

171 4817 328 4871 16666111.-
340 4823 382 4874 26.
395 4829 520 4876 66616166
532 4826 672 4888 6666666.
685 4827 708 4876 V
719 4830 746 4877 et
758 4826 787 4878 i:
801 4827 1008 4890 quernadosodum
1020 4832 1093 4878 tract.
1107 4827 1164 4880 rell.
1178 4828 1241 4879 0.-
1253 4826 1295 4877 ih.
1307 4825 1356 4875 6161
1366 4825 1415 4875 AB
1425 4823 1502 4887 ngas.

174 4919 201 4930 -
212 4897 398 4958 6666116666
414 4900 483 4950 coni.
501 4899 626 4950 tamn·
640 4900 804 4953 iudiccsAV:
822 4901 1118 4967 16666169911,6111;
1136 4903 1231 4954 1661616
1241 4907 1264 4954 et
1275 4899 1355 4952 codd.
1367 4897 1503 4964 pleriqu03

172 4970 267 5022 1661616
282 4978 307 5024 at
321 4971 364 5024 alil
381 4977 409 5026 et
419 4974 448 5026 0.
459 5001 487 5012 -
505 4976 547 5027 27.
564 4975 665 5026 1616661
682 4973 749 5040 (syll.
762 4977 789 5026 16
800 4989 881 5040 supra
892 4978 1009 5039 versum)
1021 4977 1052 5028 V.
1067 5001 1096 5014 -
1106 4978 1148 5029 98.
1166 4974 1390 5039 6616661616-
1403 4972 1505 5023 Siciliae

173 5045 240 5096 ciutt.
253 5048 442 5114 18111699.-
455 5051 497 5102 29.
508 5057 572 5114 pret.
585 5050 733 5115 incepturus
740 5051 771 5101 V.
785 5051 823 5103 cl.
834 5051 921 5114 Reisig
935 5051 1024 5103 Vorlss.
1035 5064 1062 5116 p.
1072 5051 1113 5105 91.
1124 5056 1179 5104 661.
1190 5053 1263 5103 82-
1273 5049 1504 5112 smownmlgta

173 5119 247 5171 l8.—
265 5121 306 5172 39.
320 5124 590 5188 061--66616611661
599 5137 658 5176 666
668 5137 759 5189 appar.
773 5133 903 5176 eostam
916 5128 921 5185 Ι
935 5127 1045 5192 nominis
1054 5127 1157 5179 6661666
1168 5127 1252 5192 (deest
1262 5127 1288 5176 61
1298 5127 1326 5176 16
1338 5123 1390 5175 666
1402 5123 1505 5186 versus)

173 5193 208 5256 Vt
221 5196 952 5267 66166666666666666166616166611661111619
965 5198 1358 5269 strenuosissimus,
1371 5197 1506 5264 61616666

217 5285 391 5343 uenena.
1037 5308 1039 5313 ·
1249 5291 1290 5359 67
