3610 5860
299 435 362 502 eac
613 437 766 506 eramo
786 438 840 503 na
862 437 1029 504 manare
1053 437 1113 504 on.
1135 407 1303 504 romanu

299 609 376 683 tuti,
396 607 476 672 haec
498 613 603 672 autem
625 615 781 683 extrema,
803 627 886 693 quaa
907 627 1010 691 nuper
1030 607 1229 682 acciderunt,
1252 628 1318 671 non
1333 607 1463 692 culpae,
1487 609 1546 674 sed
1561 609 1651 674 for·

299 711 394 768 tunae
414 702 581 766 tribuenda
602 723 672 769 essa
692 702 867 766 videantur.
900 699 963 765 Sed
985 701 1026 764 da
1046 702 1177 768 Lucullo
1201 703 1303 766 dicam
1325 701 1388 765 alio
1411 703 1501 778 loco,
1524 710 1559 766 et
1583 704 1647 768 ita

300 797 417 872 dicam,
446 797 599 873 Quirites,
629 805 666 862 ut
692 817 797 880 neque
818 817 892 863 vera
921 796 990 860 laus
1017 797 1047 860 ei
1078 796 1220 860 detracta
1249 797 1390 860 oratione
1418 816 1490 862 msa
1515 817 1643 882 neque

299 888 378 954 lalaa
405 889 510 954 afficta
537 910 607 956 esse
627 891 788 956 videatur.
822 885 873 954 44.
895 890 935 952 de
956 891 1085 954 vestri
1075 890 1199 974 rmperii
1223 889 1373 974 dignitate
1395 899 1490 975 atque
1512 892 1640 1002 gloria,

277 985 502 1074 aequoniam
478 984 505 1046 is
517 991 582 1065 je
609 1005 741 1048 exorsus
766 985 919 1048 orationis
948 1003 1054 1058 meaa,
1087 984 1209 1059 videta,
1243 1003 1337 1068 quem
1365 984 1455 1049 vobis
1482 987 1639 1052 animum

115 1083 150 1164 μ’)
130 1044 220 1158 ...i
302 1055 538 1160 suscipiendum
560 1080 688 1164 putatis.

385 1173 422 1234 V.
451 1174 586 1250 Maiores
614 1174 714 1238 nostri
736 1191 831 1258 saepe
852 1173 1081 1238 mercatoribus
1104 1179 1159 1236 ant
1179 1173 1383 1236 naviculariis
1403 1177 1550 1239 nostris'
1539 1176 1640 1238 miu-

300 1267 416 1330 riosius
436 1268 575 1331 tractatis
595 1266 681 1331 halla
701 1273 901 1356 gesserunt:
906 1288 963 1332 vos
984 1275 1032 1331 tot
1052 1269 1180 1331 milibus
1198 1267 1315 1330 civium
1330 1269 1542 1332 Romanorum
1557 1289 1636 1332 uno

209 1341 226 1422 4
301 1359 413 1424 nuntio
435 1368 532 1445 atque
552 1382 618 1425 uno
640 1369 782 1444 tempore
805 1337 925 1426 necatis
947 1382 1012 1445 quo
1034 1360 1163 1426 taudem
1184 1361 1290 1424 auimo
1311 1381 1381 1426 esse
1395 1363 1542 1426 dehetis?
1528 1364 1637 1424 lLe-

94 1507 116 1537 ‚
176 1491 191 1532 ,a
265 1457 364 1564 togati
380 1456 467 1538 quod
482 1463 572 1518 erant
592 1454 741 1539 appellati
764 1457 941 1540 superbius,
964 1456 1151 1550 Corinthum
1171 1463 1275 1538 patres
1295 1457 1392 1520 vestri
1414 1456 1511 1519 totius
1528 1457 1636 1520 Grae-

94 1513 133 1612 4
149 1546 167 1608 (a
211 1525 244 1592 -”
301 1550 368 1612 oiae
389 1549 496 1657 lumen
518 1551 707 1614 exstinctum
729 1571 799 1614 esse
820 1553 1010 1616 voluerunt.
1032 1541 1088 1615 vos
1100 1539 1184 1614 eum
1206 1571 1312 1632 rogem
1333 1551 1468 1614 inultum
1484 1571 1553 1614 esee
1569 1571 1635 1634 pa-

301 1630 442 1716 demini,
467 1633 527 1727 qui
548 1643 688 1726 legatum
712 1645 824 1728 populi
845 1645 978 1709 Romani
1001 1645 1200 1710 consularem
1223 1644 1357 1709 vinculis
1380 1663 1417 1708 ao
1437 1643 1631 1708 verberibus

301 1743 398 1846 atque
427 1737 512 1801 omni
542 1737 701 1820 supplicio
731 1741 944 1804 excruciatum
971 1740 1117 1804 necarit?
1149 1738 1199 1802 Illi
1228 1739 1404 1802 libertatem
1427 1739 1632 1803 imminutam

302 1831 417 1895 civium
445 1832 658 1895 Romanorum
686 1853 753 1896 non
780 1834 940 1898 tulerunt:
971 1855 1029 1898 voa
1056 1840 1195 1916 eropum
1223 1833 1319 1896 vitam
1348 1833 1537 1915 negligetis?
1570 1834 1632 1896 Ius

265 1925 471 2008 relegationis
493 1926 589 1990 verbo
609 1926 760 1991 violatum
782 1929 829 1990 illi
852 1929 1010 2009 persecuti
1030 1935 1120 1991 sunt:
1141 1948 1199 1990 vos
1214 1926 1353 2009 legatum
1367 1927 1453 1989 omni
1468 1927 1631 2010 supplicio

302 2019 502 2082 interfectum
524 2020 736 2105 relinquetis?
780 2017 831 2085 ld.
853 2019 964 2087 Videte
986 2041 1042 2095 ue,
1068 2027 1103 2084 ut
1123 2020 1186 2082 illis
1209 2019 1453 2103 pulcherrimum
1473 2019 1534 2083 luit
1554 2029 1634 2084 tan·-

302 2121 367 2177 tam
388 2114 479 2178 vohis
507 2115 634 2197 imperii
657 2115 789 2198 gloriam
811 2115 950 2191 tradere,
979 2117 1025 2180 sio
1046 2117 1136 2179 vobis
1157 2115 1375 2198 turpissimum
1398 2115 1453 2188 sit,
1480 2113 1514 2176 id
1535 2116 1632 2197 quod

303 2207 469 2291 accepistis
490 2209 573 2272 tueri
595 2215 627 2272 et
648 2230 835 2274 conservare
856 2231 921 2273 non
942 2230 1050 2295 posse.

388 2301 489 2377 Quid,
511 2303 598 2387 quod
621 2303 706 2368 salus
728 2305 886 2368 sociorum
908 2325 1063 2368 summum
1085 2305 1118 2368 in
1140 2303 1314 2387 periculum
1333 2323 1370 2366 ao
1384 2302 1554 2366 discrimen
1569 2323 1632 2366 vo-

265 2403 407 2470 nostor,
435 2416 500 2480 quo
529 2396 655 2460 tandem
684 2399 789 2461 animo
817 2398 900 2462 ferre
921 2397 1069 2462 debetis?
1101 2400 1210 2480 Regno
1234 2405 1282 2461 est
1303 2393 1456 2481 expulsus
1476 2397 1631 2460 Ariobar-

154 2467 180 2554 4
302 2509 398 2554 zanes
420 2509 493 2576 ιιι,
516 2490 622 2576 socius
643 2491 756 2575 populi
777 2493 911 2557 Romani
933 2500 1029 2577 atque
1043 2492 1181 2566 amious3
1202 2492 1368 2554 imminent
1382 2491 1445 2554 duo
1460 2511 1550 2573 reges
1564 2491 1630 2554 toti

302 2583 414 2656 Asiae,
436 2602 501 2646 non
523 2584 626 2648 solum
647 2585 738 2648 vohis
760 2586 987 2662 inimicissimi,
1011 2586 1068 2649 sad
1090 2585 1185 2648 etiam
1199 2586 1311 2648 vestris
1327 2586 1422 2648 sociis
1436 2592 1532 2668 atque
1546 2583 1630 2646 ami·-

303 2677 348 2742 cis
358 2661 530 2752 dotantes
552 2683 659 2741 autem
680 2699 789 2742 omnes
812 2687 926 2744 cuncta
947 2681 1023 2744 Asia
1043 2688 1139 2762 atque
1161 2665 1448 2760 Graeciaivestrum
1462 2677 1627 2769 (auxilium

52 2765 178 2904 ›AY-4:
303 2767 638 2855 exspectarelpropter
650 2773 783 2856 periculi
802 2775 1052 2857 magnitudinem
1060 2769 1245 2884 (cogunturl
1264 2773 1486 2856 imperatorem
1500 2791 1519 2834 a
1534 2769 1626 2832 vobis

266 2870 424 2930 etcertum
455 2863 644 2948 deposcere,
675 2885 746 2929 oum
776 2871 961 2952 praesertim
988 2888 1046 2931 vos
1068 2869 1165 2931 alium
1186 2866 1351 2941 miseritis,
1381 2884 1487 2949 nequa
1508 2863 1627 2926 audent

303 2977 409 3042 neque
432 2979 466 3022 se
486 2959 521 3022 id
542 2958 648 3024 iacere
678 2961 748 3025 sine
769 2983 892 3026 summo
915 2962 1055 3046 periculo
1071 2982 1171 3071 'posse
1193 2961 1393 3024 arbitrantur.
1437 2953 1488 3019 43.
1509 2957 1625 3020 Vident

303 3061 336 3117 et
357 3053 499 3117 sentiunt
519 3053 580 3116 hoe
602 3052 705 3130 idem,
728 3055 816 3138 quod
837 3076 911 3132 vos,
933 3077 1031 3120 uuum
1047 3058 1148 3120 uirum
1171 3075 1265 3129 esso,
1279 3055 1312 3118 in
1334 3074 1398 3138 quo
1420 3072 1541 3117 summa
1562 3053 1625 3116 sint

303 3147 426 3222 omnia,
459 3155 491 3211 et
513 3167 586 3210 aum
607 3157 737 3232 propter
759 3169 844 3224 esse,
874 3170 939 3234 quo
960 3153 1054 3213 etiam
1078 3158 1185 3212 carent
1205 3150 1347 3232 aegrius:
1376 3150 1466 3211 ouius
1488 3146 1624 3212 adventu

302 3243 374 3325 ipso
402 3249 499 3326 atque
528 3244 675 3318 nomine,
706 3245 829 3307 tametsi
857 3245 910 3306 ille
939 3243 979 3306 ad
1001 3245 1191 3308 maritimum
1212 3243 1332 3306 ballum
1353 3243 1491 3318 venerit,
1520 3249 1624 3306 tamen

239 3355 240 3358 ’
264 3338 439 3420 aoimpetue
461 3337 601 3400 hostium
623 3357 786 3421 repressos
808 3359 878 3403 esse
900 3339 1083 3421 intelligunt
1102 3357 1139 3401 ac
1161 3337 1346 3402 retardatos.
1380 3335 1420 3400 Hi
1442 3355 1513 3412 vos,
1545 3355 1625 3419 quo-

303 3431 388 3494 niam
409 3429 508 3494 libere
530 3430 622 3514 loqui
643 3452 707 3495 nou
728 3430 817 3508 licet,
847 3434 940 3496 tacite
962 3439 1091 3515 rogant,
1120 3439 1157 3495 ut
1177 3451 1211 3495 ιι
1233 3452 1378 3515 quoque,
1404 3430 1486 3494 sicut
1507 3437 1625 3494 cetera·

367 3730 391 3781 3.
410 3729 518 3792 Quirites
533 3741 587 3780 om.
605 3725 637 3792 43.
658 3755 685 3765 -
705 3729 1169 3793 oratione1oetioneerroretypogr.
1188 3727 1217 3779 0.
1238 3753 1264 3764 —
1285 3739 1342 3776 naec
1358 3726 1424 3777 EV:
1442 3732 1530 3777 nostra
1545 3727 1623 3778 lati.

191 3845 193 3850 .
302 3805 390 3862 20.-
409 3803 434 3855 4.
447 3804 712 3869 ocfletaoexadttotc)
727 3805 872 3856 EVFBA.
886 3831 913 3840 -
927 3800 1245 3866 moestrtWChElloz
1263 3803 1427 3862 denoetrtV;
1446 3803 1621 3865 sedeostrtB;

301 3883 343 3932 sed
356 3893 405 3943 pro
420 3880 499 3929 nostra·
515 3880 547 3939 Ἐς
565 3881 607 3929 aad
620 3893 670 3942 pro
684 3880 760 3929 castrt
775 3877 861 3933 ΛΗ.
882 3908 909 3918 -
928 3881 952 3930 6.
970 3881 992 3930 ta
1008 3885 1043 3930 est
1059 3885 1082 3930 et
1098 3893 1169 3929 orsus
1185 3880 1221 3938 E3
1240 3883 1263 3927 et
1278 3879 1301 3927 ts
1316 3882 1351 3928 art
1369 3889 1441 3927 oreas
1456 3877 1487 3926 V.
1506 3877 1544 3928 Cl.
1558 3878 1582 3942 ἓ.
1595 3878 1619 3928 2.

303 3981 330 3993 -
349 3955 374 4005 7.
391 3956 471 4004 nestri
486 3953 594 4014 WCE,
613 3952 710 4013 schol..
728 3954 762 4003 A:
781 3954 856 4003 uestri
871 3953 1038 4008 VFBLEO.
1058 3981 1085 3990 -
1117 3961 1162 4004 cut
1178 3949 1304 4014 EV‘llL:
1323 3966 1354 4002 co
1370 3951 1510 4006 leaeo.
1529 3978 1556 3988 -
1574 3966 1622 4002 eo-

300 4030 430 4082 ctculortts
445 4031 480 4082 W
498 4030 574 4092 (teste
585 4029 721 4091 Lambiuol
740 4029 803 4091 EV,
823 4027 920 4088 sohel..
939 4041 991 4092 urg.
1005 4028 1034 4088 l,
1053 4030 1088 4079 0:
1105 4027 1319 4078 navtwtotortbes
1335 4027 1380 4078 FB
1389 4029 1410 4076 Α
1419 4029 1438 4077 l.
1447 4026 1473 4081 6.
1488 4053 1517 4064 -
1535 4028 1621 4078 caseo

302 4107 338 4157 E:
357 4103 446 4154 uestra
462 4103 499 4162 V;
524 4116 578 4153 orn.
596 4104 701 4158 RALV
713 4105 742 4154 0.
763 4131 789 4141 -
815 4105 839 4155 8.
857 4104 956 4154 mittem
970 4104 1062 4154 eiciam
1078 4105 1246 4153 Rornanorum
1263 4103 1326 4152 EV:
1349 4103 1440 4151 aidum
1456 4103 1620 4152 Romanorum

301 4177 400 4230 milibus
416 4175 601 4230 alueo-
620 4178 661 4228 40.
679 4184 752 4229 eram
763 4179 828 4241 quod
845 4180 873 4230 B.
888 4205 915 4214 -
934 4179 1047 4241 superius
1058 4179 1092 4237 E;
1110 4177 1228 4240 moerens
1238 4177 1269 4227 V.
1282 4203 1310 4211 -
1330 4177 1369 4226 44.
1382 4178 1517 4227 enatandum
1528 4177 1618 4238 EVM

301 4255 438 4306 extinctam
454 4250 486 4314 ll.
507 4277 534 4286 -
552 4253 660 4302 inulla-m
676 4254 768 4317 Ell'r.)
781 4254 816 4310 V;
835 4254 884 4305 sed
901 4255 927 4303 in
941 4255 993 4303 Va
1013 4266 1068 4304 seo.
1088 4265 1124 4304 m.
1144 4254 1293 4303 correctum
1310 4253 1359 4301 est.
1373 4277 1400 4286 -
1420 4252 1460 4302 ti.
1476 4252 1562 4314 ροριιὶι·
1576 4253 1621 4301 llo-

301 4332 372 4379 mant
389 4339 441 4377 om.
461 4323 500 4388 ll,
519 4329 587 4377 testa
605 4328 749 4378 Torrentio.
764 4354 793 4365 -
812 4329 852 4378 43.
871 4329 1007 4380 libertatem
1024 4341 1076 4378 om.
1088 4330 1119 4379 V.
1135 4352 1162 4366 -
1181 4328 1339 4378 imminutam
1355 4327 1445 4376 civium
1457 4327 1622 4376 Romanorum

302 4406 340 4456 E:
358 4405 385 4453 io
401 4404 525 4452 minatum
542 4402 638 4452 ciuium
656 4404 823 4453 Rmnuoorcm
839 4403 862 4453 V
878 4418 918 4468 pr.
937 4417 988 4457 m.;
1005 4405 1126 4454 intortam
1141 4418 1163 4452 o.
1182 4403 1245 4454 nv
1262 4414 1316 4452 seo.
1329 4413 1382 4458 m.;
1399 4401 1446 4450 etv.
1464 4403 1492 4451 R.
1511 4402 1622 4451 imminu-

302 4487 355 4532 tam
370 4477 515 4532 RALVO.
543 4477 727 4541 (immitam,
750 4479 777 4530 iu
797 4492 880 4542 marg.
901 4479 949 4530 sal.
967 4481 1139 4530 imminutam·
1158 4479 1195 4541 F.)
1217 4503 1246 4515 -
1274 4477 1314 4528 44.
1333 4482 1443 4540 waplam
1462 4477 1541 4525 vitam
1556 4476 1619 4526 EV:

299 4557 379 4605 vitam
399 4558 510 4616 ereptcm
530 4552 675 4606 RALVO.
695 4580 722 4590 -
745 4555 869 4618 negltgtlts
885 4555 944 4606 EV.
970 4581 993 4593 -
1023 4556 1063 4605 45.
1085 4553 1202 4617 egotam]
1223 4553 1332 4617 legatum
1350 4551 1438 4615 populi
1454 4552 1482 4600 ll.
1502 4563 1563 4600 cum
1580 4550 1619 4602 ed.

302 4628 474 4680 Cratandrina
492 4626 546 4682 LV.
566 4653 594 4664 -
623 4630 662 4680 46.
685 4629 828 4692 relinquetis
848 4630 998 4681 EVFBO:
1025 4629 1131 4678 inultam
1149 4628 1292 4690 relinquetis
1308 4627 1393 4681 ΑΗ.
1413 4653 1439 4661 -
1468 4627 1508 4676 47.
1526 4627 1622 4678 tradere

301 4705 366 4762 EV,
384 4717 410 4754 v.
429 4717 451 4752 c.
471 4704 497 4754 in
514 4715 567 4768 mg.
587 4701 622 4757 ἵε
640 4704 779 4767 relinquere
795 4705 938 4760 RALVO.
960 4733 986 4741 -
1005 4707 1032 4755 id
1049 4701 1257 4765 EVlBFBLO:
1276 4703 1337 4752 illud
1353 4701 1409 4757 443.
1425 4727 1451 4738 -
1471 4703 1511 4753 48.
1530 4715 1622 4752 coum

300 4779 358 4829 acri
375 4779 407 4836 F;
429 4791 531 4828 seuere
548 4776 579 4841 ll.
601 4807 628 4816 -
652 4781 693 4830 20.
713 4794 761 4842 quo
784 4783 883 4832 medem
906 4782 990 4832 animo
1006 4781 1072 4845 serre
1089 4778 1177 4828 debetis
1192 4779 1257 4828 EV:
1285 4791 1338 4830 om.
1357 4776 1499 4832 ΜΗΘ.
1526 4776 1564 4828 Cl.
1582 4791 1618 4827 or.

302 4851 377 4904 Catil.
395 4853 415 4902 1.
435 4851 458 4916 g.
473 4853 513 4903 46.
528 4877 556 4889 -
575 4857 611 4903 est
626 4854 745 4916 ιιιριιὶιιιι
761 4855 826 4905 EV:
844 4859 961 4920 exputms
977 4863 1012 4908 est
1027 4858 1075 4907 lla
1087 4853 1171 4907 Leo.
1186 4881 1213 4890 -
1232 4855 1273 4905 22.
1291 4852 1508 4904 nobis--nostris
1523 4853 1579 4902 ΡΑ.
1592 4879 1617 4888 -

300 4927 341 4978 23.
361 4925 488 4976 armillum
505 4931 618 4977 nostrum
635 4927 665 4978 V.
680 4953 707 4964 —
726 4928 767 4979 at.
784 4933 980 4993 magadedtnem
994 4930 1099 4992 periculi
1114 4927 1147 4990 ll.
1165 4957 1191 4966 -
1211 4929 1252 4980 66.
1270 4930 1323 4980 stne
1337 4941 1433 4979 mmme
1449 4927 1511 4977 EV:
1529 4941 1619 4978 marma

300 5002 351 5051 stes
367 4999 511 5054 RALVO.
533 5028 560 5039 -
578 5003 619 5054 l‘l.
639 5002 704 5064 quod
719 5007 802 5053 atnoe
819 5005 853 5064 ¹33
872 5008 937 5068 qnod
953 5011 976 5055 et
991 5018 1035 5055 vos
1050 5002 1134 5056 Alit.
1156 5031 1182 5040 -
1200 5005 1284 5054 etrum
1300 5017 1354 5054 om.
1367 5001 1399 5064 ll.
1413 5029 1440 5040 ·—
1459 5015 1617 5054 ιιιηιιιιαοιιι.

301 5076 349 5126 Ch.
372 5103 397 5112 -
417 5081 474 5126 sant
489 5078 516 5128 F.
536 5104 563 5114 -
588 5079 629 5129 48.
648 5082 753 5141 propter
775 5080 919 5130 ChEVB:
942 5081 1085 5142 pompeam
1105 5076 1141 5140 ᾞς
1164 5092 1244 5142 prope
1265 5077 1405 5132 astae.
1433 5077 1470 5128 Cl.
1490 5077 1513 5141 5.
1533 5079 1573 5129 46.
1592 5105 1616 5119 -

300 5150 340 5204 ²9.
358 5151 523 5222 modrimem]
540 5157 671 5204 mantuam
687 5154 723 5214 B;
742 5155 882 5208 amantium
898 5156 925 5209 V.
945 5174 972 5196 ψ
991 5155 1031 5206 30.
1050 5155 1089 5228 oc]
1107 5159 1182 5220 atque
1199 5157 1256 5206 Fa.
1276 5181 1303 5191 -
1322 5154 1361 5225 fla]
1381 5154 1401 5204 st
1419 5155 1483 5206 mim
1498 5153 1530 5206 V.
