3642 5868
121 1587 167 1694 ό

168 3551 193 3592 l

274 427 337 496 454
648 429 691 495 lN
712 427 880 496 VERREM
900 428 1023 496 AC'l'IO
1046 428 1231 498 SECUNDA

274 623 347 668 cum
367 599 484 668 virtute
506 605 538 663 et
558 597 723 666 nobilitate
739 601 825 667 domi
847 621 940 678 suae,
962 607 1029 666 tum
1051 601 1148 666 etiam
1168 603 1306 686 pecunia
1327 606 1484 690 princeps.
1519 606 1607 672 lluie

272 696 413 774 homini,
435 693 575 770 iudices,
596 694 840 761 honestissimae
863 696 1000 760 civitatis
1022 696 1247 762 honestissimo
1261 719 1327 766 non
1341 700 1437 764 modo
1452 699 1606 764 frumenti

273 793 402 867 scitote,
431 790 488 853 sed
509 789 594 854 ritae
616 797 649 854 et
677 791 841 874 sanguinis
863 798 985 854 4334333
1006 791 1153 856 relictum
1174 811 1260 867 esse,
1292 803 1447 877 quantum
1467 794 1606 878 Apronii

273 885 374 950 libido
396 884 479 949 tulit.
522 886 602 948 Nam
622 885 671 962 vi,
693 885 792 960 malo,
814 886 916 969 plagis
939 885 1096 950 adductus
1111 894 1175 962 est,
1197 895 1233 952 ut
1247 888 1397 952 frumenti
1413 889 1517 964 daret,
1538 909 1607 952 non

249 987 429 1066 equantum
456 979 601 1055 deberet,
629 980 686 1044 sed
716 987 870 1064 quantum
898 987 1074 1063 cogeretur.
1118 979 1169 1042 57.
1192 983 1354 1048 Sostratus
1376 991 1409 1048 et
1429 984 1606 1048 Numenius

274 1083 306 1139 et
333 1073 578 1161 Nymphodorus
609 1075 752 1138 eiusdem
782 1075 917 1139 civitatis
949 1096 1021 1138 cum
1050 1095 1092 1139 ex
1114 1075 1199 1158 agris
1220 1083 1284 1140 tros
1305 1076 1418 1140 iratres
1440 1086 1607 1142 consortes

273 1170 505 1256 profugissent,
536 1169 623 1252 quod
646 1169 686 1232 iis
708 1169 780 1252 plus
801 1169 953 1234 frumenti
974 1170 1208 1253 imperabatur,
1236 1191 1332 1254 qnam
1354 1178 1508 1256 quantum
1530 1191 1609 1238 exa·-

273 1273 395 1340 rerant,
416 1263 600 1328 hominibus
623 1265 741 1328 coactis
764 1265 798 1328 in
820 1284 931 1329 eorum
951 1266 1110 1330 arationes
1131 1266 1293 1349 Apronius
1315 1266 1418 1340 venit,
1440 1286 1535 1331 omne
1556 1267 1609 1330 in·

274 1368 483 1426 shumentum
510 1357 659 1441 diripuit,
688 1358 841 1422 familiam
871 1359 1021 1434 obduxit,
1055 1379 1152 1442 pecus
1174 1359 1290 1442 abegit.
1333 1361 1448 1424 Postea
1469 1379 1542 1425 cnm
1563 1359 1608 1422 ad

236 1473 347 1520 seeum
368 1452 614 1538 Nymphodorus
636 1453 778 1516 venisset
791 1455 926 1518 Aetnam
947 1460 980 1516 et
1002 1461 1123 1528 oraret,
1144 1460 1182 1516 ut
1202 1454 1262 1516 sibi
1278 1472 1337 1518 sua
1350 1455 1606 1528 restituerentur,

272 1549 434 1614 hominem
456 1546 573 1629 corripi
597 1566 634 1610 ac
656 1546 809 1631 suspendi
830 1548 923 1611 iussit
943 1549 977 1612 in
999 1547 1143 1624 oleastro
1160 1547 1316 1631 quodam,
1339 1555 1487 1631 quaeest
1500 1548 1607 1621 arbor,

273 1644 406 1719 iudices,
428 1644 548 1706 Aetnae
570 1640 605 1703 in
626 1640 707 1704 loro.
729 1627 829 1726 (Tam
849 1641 904 1705 diu
926 1642 1078 1725 pepon-ebt
1100 1642 1133 1705 in
1154 1642 1266 1706 arbore
1290 1645 1397 1708 socius
1418 1641 1606 1724 amicusque

273 1737 384 1824 populi
414 1713 615 1840 Romani)in
644 1735 805 1800 sociorum
832 1736 913 1837 urbe
941 1755 978 1800 ac
1006 1737 1094 1812 roro,
1127 1736 1262 1801 colonus
1291 1733 1460 1822 aratorque
1482 1743 1606 1809 vester,

273 1853 369 1919 quam
391 1833 445 1895 diu
467 1829 616 1894 voluntas
637 1829 772 1912 Apronii
794 1830 887 1903 tulit}

235 1945 264 1992 43
356 1926 408 1991 58.
431 1927 555 1990 Genera
573 1923 636 1987 iam
652 1923 772 1988 dudum
788 1915 1067 1989 innumerabilium
1083 1925 1287 2001 iniuriarum,
1308 1925 1449 2000 iudices,
1472 1922 1606 2006 singulis

272 2024 454 2091 nominibus
475 2019 622 2104 protero,
643 2016 801 2082 infinitam
823 2020 1059 2084 multitudinem
1079 2019 1265 2084 iniuriarum
1288 2019 1517 2102 praetermitto.
1539 2017 1606 2082 Vos

271 2129 345 2186 ante
376 2117 487 2183 oculos
519 2114 707 2196 animosque
736 2120 859 2178 vestros
886 2121 951 2176 tota
973 2113 1083 2178 Sicilia
1105 2113 1353 2178 decumanorum
1373 2113 1434 2176 hos
1456 2111 1606 2193 impetus,

271 2223 431 2280 aratorum
454 2208 667 2292 direptiones,
688 2205 785 2270 huius
807 2207 1099 2290 importunitatem,
1120 2209 1254 2291 Apronii
1274 2227 1407 2289 regnum
1422 2206 1605 2290 proponite.

272 2305 471 2391 Contempsit
499 2303 641 2366 Siculosz
675 2321 740 2365 non
769 2301 863 2364 duxit
889 2301 1050 2367 hourines:
1081 2321 1140 2366 nec
1169 2302 1257 2384 ipsos
1285 2301 1326 2364 ad
1348 2300 1606 2387 persequendum

233 2403 474 2468 archanenses
496 2396 565 2462 lore
589 2403 620 2458 et
634 2416 692 2459 vos
716 2395 848 2460 iniurias
869 2415 979 2460 eorum
995 2396 1105 2460 leviter
1120 2396 1241 2459 laturos
1256 2395 1458 2460 existimarit.
1489 2395 1604 2458 xxw.

270 2495 322 2560 59.
344 2497 439 2562 Esto:
468 2493 580 2557 falsam
602 2491 642 2554 de
670 2490 735 2554 illis
765 2490 879 2554 habuit
907 2491 1110 2573 opinionem,
1138 2490 1254 2554 malam
1281 2490 1321 2554 de
1352 2490 1461 2566 vobis3
1493 2509 1604 2554 rerum

270 2599 376 2656 tamen
399 2609 470 2654 cum
493 2586 533 2649 de
556 2584 672 2649 Siculis
694 2584 777 2648 male
798 2592 989 2659 mereretur,
1011 2584 1097 2648 cives
1119 2585 1279 2648 Romanos
1302 2584 1415 2659 coluit,
1438 2586 1477 2648 iis
1498 2583 1605 2648 indul·

270 2689 327 2762 sit,
358 2705 468 2749 eorum
498 2679 654 2744 voluntati
684 2686 716 2740 et
740 2681 860 2761 gratiae
882 2677 1009 2742 deditus
1031 2679 1100 2742 fuit.
1144 2679 1207 2742 Iste
1230 2679 1315 2742 eires
1337 2681 1519 2744 Romanos?
1561 2679 1604 2742 At

268 2783 367 2848 nullis
389 2777 550 2844 inimicior
571 2780 627 2839 aut
647 2774 794 2838 infestior
814 2773 883 2837 tuit
927 2774 1017 2836 Mitto
1040 2771 1161 2848 vinclo,
1192 2774 1281 2836 mitto
1305 2791 1481 2847 carcerem,
1512 2771 1602 2836 mitto

231 2877 419 2949 torerbera,
458 2871 548 2934 mitto
588 2888 737 2943 secures,
775 2885 901 2931 crucem
938 2867 1077 2951 denique
1109 2866 1197 2931 illam
1230 2867 1471 2951 praetermitto,
1506 2885 1602 2952 qnam

269 2973 330 3038 iste
362 2967 484 3033 civibus
508 2963 660 3028 ltomauis
689 2969 802 3026 testem
829 2960 1035 3024 humanitatis
1063 2962 1174 3026 ineos
1199 2981 1236 3024 ac
1259 2961 1503 3025 benevolentiae
1526 2978 1602 3024 suae

268 3063 373 3130 voluit
399 3081 486 3138 esse;
518 3060 624 3134 mitto,
655 3058 804 3143 inquam,
831 3055 911 3118 haec
941 3055 1047 3118 omnia
1078 3063 1175 3140 atque
1203 3055 1237 3118 in
1265 3054 1353 3118 aliud
1376 3054 1502 3117 dicendi
1523 3061 1603 3116 tem·

269 3181 330 3245 pus
358 3157 485 3222 reiicio:
514 3156 555 3219 de
584 3151 745 3227 decumis,
773 3151 813 3215 de
836 3149 953 3214 civium
974 3150 1189 3213 Romanorum
1219 3149 1406 3212 condicione
1431 3147 1465 3210 in
1487 3144 1604 3210 aratio·

270 3256 364 3320 nibus
399 3251 545 3335 disputo;
578 3247 634 3333 qui
665 3267 760 3332 quem
794 3245 834 3308 ad
866 3245 997 3309 modum
1029 3252 1135 3309 essent
1166 3243 1309 3326 accepti,
1341 3242 1479 3317 iudices,
1512 3239 1603 3305 audi-

233 3350 328 3414 sostis
359 3367 399 3411 ex
428 3347 526 3429 ipsis:
556 3344 642 3407 bona
671 3341 731 3404 sibi
760 3346 870 3422 erepta
891 3359 961 3402 esse
987 3339 1147 3402 dixerunt
1191 3335 1242 3400 60.
1265 3338 1384 3400 Verum
1404 3335 1499 3410 haec,
1522 3353 1604 3417 quo·

271 3443 357 3507 niam
379 3439 551 3506 eiusmodi
573 3455 669 3501 causa
689 3435 759 3510 fuit,
782 3432 914 3498 ferenda
935 3440 1025 3496 sunt:
1047 3431 1129 3495 nibil
1142 3431 1281 3496 voluisse
1295 3431 1499 3517 aequitatem,
1522 3429 1603 3494 nihil

338 3668 362 3718 t.
378 3663 498 3729 33333433
508 3662 540 3712 V.
555 3688 582 3698 -
601 3661 626 3711 4.
638 3659 730 3710 bosut.
743 3657 810 3709 34344.
823 3671 876 3710 om.
890 3657 921 3708 V.
936 3685 963 3694 -
977 3657 1001 3708 3.
1013 3657 1056 3706 scd
1065 3655 1141 3708 344333
1152 3655 1221 3721 4344
1233 3669 1271 3718 qs:
1289 3653 1434 3720 sedlettom]
1446 3655 1475 3706 0.
1488 3652 1602 3706 414433-

271 3743 317 3795 riis
334 3743 411 3794 ettam
426 3741 462 3790 ita
479 3750 532 3789 non
548 3749 609 3787 raro
626 3734 747 3785 adiicitur
763 3732 804 3784 vel
823 3733 849 3784 in
865 3733 972 3797 optimis
989 3731 1067 3782 codd.
1087 3732 1120 3782 cl.
1139 3731 1164 3795 5.
1183 3733 1206 3782 4.
1225 3731 1280 3790 44.;
1302 3730 1378 3782 deest
1393 3733 1471 3783 344334
1487 3732 1513 3782 43
1525 3731 1556 3781 V.
1572 3755 1600 3768 -

271 3832 322 3870 3333
332 3831 387 3870 om.
399 3815 508 3880 4344-
522 3811 547 3864 4.
558 3811 654 3874 Aproni
664 3809 747 3858 lubido
756 3807 819 3858 V.-
831 3810 857 3858 34
871 3819 1004 3872 superscr.
1017 3808 1044 3858 in
1055 3808 1119 3858 V.-
1132 3809 1156 3857 4.
1170 3807 1265 3857 deberet
1276 3805 1291 3858 4
1303 3805 1344 3868 (cl.
1359 3805 1383 3869 g.
1394 3807 1435 3858 64.
1448 3807 1515 3870 6843
1532 3805 1603 3856 sedet

270 3894 307 3956 V;
324 3893 425 3944 43343334
435 3890 482 3941 dtt.
495 3889 526 3942 0.
544 3887 603 3950 43333
613 3889 736 3949 canotum
746 3883 817 3934 334434
827 3895 963 3947 superscr.
976 3884 1001 3934 ln
1013 3883 1055 3944 V.)
1071 3909 1099 3920 -
1118 3883 1160 3934 sed
1170 3895 1195 3944 3.
1209 3893 1263 3944 cop.
1277 3893 1331 3932 om.
1345 3880 1423 3944 4349.
1439 3907 1466 3918 -
1480 3884 1603 3942 quomam

271 3971 401 4022 3333334333
410 3967 442 4016 V.
456 3991 485 4004 -
504 3965 528 4015 l.
541 3963 580 4028 443]
597 3963 634 4012 443
645 3961 676 4010 V.
688 3986 716 3996 -
729 3973 807 4022 quom
817 3970 953 4023 superser.
967 3959 993 4008 43
1004 3959 1034 4007 V.
1047 3985 1075 3996 -
1088 3963 1226 4010 3333333334
1242 3957 1320 4020 4344.
1332 3979 1361 3993 -
1381 3957 1405 4007 8.
1418 3967 1515 4006 3333333
1526 3956 1557 4005 V.
1573 3979 1601 3992 -

271 4045 296 4096 9.
309 4041 598 4108 manustram-
610 4051 667 4088 cum
677 4034 790 4099 4344444
809 4048 886 4098 quom
897 4033 986 4086 rell.-
1001 4035 1040 4084 40.
1053 4034 1153 4084 suosV.
1166 4059 1193 4070 -
1205 4033 1299 4083 Etcum
1310 4031 1337 4080 h.
1350 4029 1368 4082 l.
1382 4030 1445 4080 V.-
1458 4030 1498 4080 44.
1511 4029 1604 4080 Aetnae

270 4119 371 4181 l,llV:
391 4131 444 4169 om.
457 4116 538 4167 dtt.-
552 4114 592 4164 43.
604 4117 687 4163 noster
699 4110 808 4174 4344-
823 4109 863 4162 44.
875 4110 999 4160 uoluntas
1008 4111 1102 4172 Aproni
1113 4109 1175 4159 41.-
1189 4109 1230 4159 lb.
1242 4105 1343 4171 333333]
1355 4118 1479 4156 mmmm
1490 4105 1601 4168 4344.-

272 4195 311 4247 48.
329 4196 422 4258 433334.
434 4192 530 4256 Aproni
540 4189 569 4239 V.
584 4215 611 4226 -
630 4186 671 4238 49.
685 4185 911 4248 8433433134333433
921 4183 999 4248 4344.
1019 4185 1052 4235 cl.
1065 4183 1100 4234 ad
1111 4183 1135 4246 fi.
1147 4183 1171 4233 e.
1184 4209 1211 4222 -
1225 4183 1266 4234 40.
1278 4181 1425 4232 vehementis
1435 4179 1518 4242 4344,
1534 4179 1604 4230 uebe·

269 4271 376 4324 33334433
386 4270 418 4320 V.
430 4295 459 4305 -
476 4267 542 4330 sores
551 4265 615 4314 V.-
628 4262 706 4312 intur.
719 4261 850 4312 eommV:
863 4274 950 4312 eorum
960 4261 1036 4310 intur.
1051 4262 1097 4310 344.
1110 4261 1172 4310 0.-
1185 4259 1272 4309 lentur
1283 4257 1393 4321 4344-
1406 4257 1447 4306 44.
1459 4255 1528 4320 [otro
1538 4255 1601 4305 V.-

270 4349 312 4399 44.
323 4349 434 4397 mestar
445 4343 508 4406 [non
519 4337 631 4404 mereret]
644 4335 847 4400 4344-3434344
857 4337 884 4386 34
892 4333 1003 4398 4344-
1013 4334 1083 4396 tisV,
1091 4334 1179 4386 sedis:
1193 4334 1253 4398 (huc
1265 4333 1337 4384 reter
1348 4331 1477 4384 mendum
1488 4331 1515 4380 in
1521 4330 1599 4393 4344.

270 4421 376 4473 33434433
393 4421 455 4482 [non
468 4417 557 4476 3334433,
575 4417 605 4465 34
616 4413 658 4464 334
669 4411 741 4476 apud
752 4410 790 4475 Ζ.]
803 4423 851 4474 pro
863 4411 939 4460 334344
948 4411 1002 4473 443);
1020 4407 1124 4460 43433314.
1138 4410 1166 4460 0.
1180 4435 1208 4444 -
1226 4407 1267 4458 43.
1279 4407 1409 4457 3343334344
1421 4405 1451 4456 V.
1466 4429 1494 4442 -·
1513 4409 1537 4454 et
1546 4404 1603 4467 pto·

269 4499 326 4548 3433
336 4495 416 4547 dtt.—-
434 4493 496 4544 34343
506 4492 541 4552 V;
559 4488 661 4539 3343343
673 4487 728 4549 (sic)
741 4485 819 4550 4344.
835 4513 863 4522 -
877 4490 904 4535 34
913 4486 989 4536 nodis
1000 4485 1070 4549 43444
1080 4484 1113 4536 44
1124 4485 1143 4534 B
1153 4486 1175 4534 N
1190 4482 1248 4546 [sed
1259 4482 1306 4534 li:
1323 4495 1343 4532 3
1352 4478 1450 4545 33444313
1469 4493 1503 4530 no
1514 4479 1559 4529 ulli
1570 4479 1600 4538 V;

271 4579 300 4624 34
314 4572 398 4622 nudus
414 4571 460 4620 344.
479 4567 512 4619 cl.
531 4564 608 4618 Hand
624 4564 700 4614 Turs.
712 4563 732 4612 l.
750 4574 777 4626 p.
789 4559 847 4611 434.
861 4559 990 4611 33144344,
1006 4586 1032 4597 -
1051 4558 1092 4611 44.
1105 4559 1175 4609 mitto
1190 4557 1275 4608 343343
1288 4569 1323 4606 m.
1335 4569 1403 4607 carc.
1417 4569 1471 4608 om.
1485 4555 1561 4620 4344.
1573 4580 1601 4592 -

270 4659 372 4699 currere
382 4655 517 4710 superscr.
526 4655 553 4691 m
563 4640 627 4692 V.-
640 4639 682 4689 44.
692 4641 812 4699 preterm.
823 4635 885 4686 V.-
899 4635 940 4686 46.
952 4635 999 4686 iste
1009 4648 1062 4685 om.
1075 4636 1103 4686 4.
1115 4632 1279 4686 malsonus
1291 4631 1402 4682 codd.-
1415 4643 1511 4682 33333.
1523 4628 1600 4693 4344.

273 4751 301 4762 ·-
319 4721 423 4774 bmteol.
438 4720 461 4768 V
478 4722 506 4770 et
522 4719 600 4781 4333.
616 4740 643 4750 -
656 4726 700 4764 sue
708 4712 740 4762 V.
755 4737 783 4750 -·
797 4713 838 4764 44.
857 4711 920 4762 ctist
936 4713 961 4762 d.
980 4716 997 4760 t.
1015 4710 1092 4760 reieto
1102 4709 1133 4760 V.
1149 4735 1176 4746 -
1197 4709 1238 4760 49.
1257 4708 1301 4769 out
1311 4720 1364 4757 om.
1378 4705 1456 4770 4349.
1471 4731 1498 4744 ··
1510 4705 1603 4756 3334443

270 4799 353 4851 ldem.
367 4825 394 4836 -
407 4797 449 4848 30.
465 4806 515 4846 erse
526 4803 580 4842 om.
592 4789 624 4840 V.
638 4815 665 4826 -
686 4787 806 4838 3443333334
816 4784 884 4849 4344
896 4786 931 4834 V:
951 4786 1039 4836 343333
1050 4785 1096 4836 344.
1109 4785 1138 4834 0.
1154 4811 1181 4822 -
1200 4795 1288 4834 ceum
1298 4794 1352 4832 om.
1365 4783 1427 4844 433.
1441 4782 1548 4844 praeter
1558 4779 1600 4831 44.

272 4901 300 4916 -
316 4874 357 4926 34.
375 4870 494 4924 3433333334
506 4866 574 4932 4344
585 4863 648 4916 FV:
666 4863 805 4915 huiusmodi
816 4861 865 4912 AB
883 4859 933 4910 dtt.
948 4885 976 4894 -
994 4872 1073 4910 cassu
1088 4858 1137 4921 suit
1147 4857 1216 4922 4344
1227 4858 1259 4907 F:
1277 4869 1352 4906 33333
1366 4855 1447 4918 futtV
1460 4855 1486 4918 (i.
1500 4868 1525 4906 e.
1539 4867 1603 4919 quo·

270 4951 342 5001 niem
362 4947 459 4999 realta
477 4941 585 4993 accidit:
610 4951 643 4990 ne
664 4938 733 4988 haec
753 4935 863 5001 quidem
886 4935 1017 4986 sententia
1037 4932 1071 4983 ab
1089 4931 1216 4983 hocloco
1234 4928 1400 4992 334344333);
1426 4941 1501 4980 cosas
1522 4929 1604 4992 3343344

270 5023 398 5089 meae
416 5021 465 5072 dtt.
496 5011 676 5070 llemorebilis
694 5015 735 5064 est
751 5012 786 5064 od
803 5013 830 5062 h.
848 5009 865 5062 l.
884 5008 1003 5062 Lambini
1021 5008 1156 5059 adnotatio
1173 5007 1208 5058 do
1226 5005 1279 5058 fide
1296 5005 1430 5055 variarum
1447 5003 1601 5066 lectionum,

271 5111 338 5165 quas
355 5111 389 5149 ex
405 5094 485 5147 codd.
503 5089 678 5158 deprompsit.
706 5089 759 5138 «Ao
775 5100 809 5137 ne
827 5086 922 5137 trustra
938 5083 1068 5136 lectorem
1086 5097 1188 5145 morer,
1207 5083 1304 5146 inquit,
1323 5079 1388 5130 dum
1405 5076 1523 5142 34333433
1540 5078 1603 5129 3334-

270 5177 362 5242 pturas
379 5185 396 5225 a
411 5169 516 5237 vulgata
531 5167 646 5221 lectione
664 5162 827 5216 ditlerentels
844 5161 1000 5214 auctoritate
1017 5158 1142 5212 codicum
1151 5161 1274 5211 veterum
1291 5154 1436 5216 confirmo,
1454 5151 1547 5206 4334334
1562 5165 1605 5206 as=
