3610 5860
614 471 686 537 on.
707 469 904 537 x1v-·xv.
929 467 986 554 §t-
1007 465 1153 534 aa-sa.
1461 463 1522 532 aaa

204 663 262 707 uos
291 641 342 706 usi
371 659 495 714 sumus,
522 640 708 705 constituta:
738 661 776 704 ea
807 640 835 703 si
863 640 944 704 nihil
971 641 1055 704 valet
1082 647 1134 704 aut
1161 639 1187 702 si
1208 639 1248 702 ad
1268 637 1349 702 hanc
1370 658 1437 701 rem
1458 657 1522 700 non

204 737 350 821 pertinet,
373 734 450 818 quid
470 734 678 817 negligentius
700 743 756 800 aut
777 735 855 819 quid
877 735 1002 798 stultius
1017 733 1186 798 maioribus
1200 734 1316 797 nostris
1332 732 1394 796 dici
1409 739 1523 816 potest,

205 831 260 914 qui
281 836 335 893 aut
355 835 459 916 tantae
481 828 527 892 rei
548 829 814 912 praetermiserint
834 830 987 892 actionem
1009 835 1063 892 aut
1085 847 1154 890 eam
1176 827 1411 902 constituerint,
1441 846 1523 912 quae

204 943 405 1008 nequaquam
426 923 502 986 satis
523 923 627 986 verbis
648 941 774 986 causam
797 931 828 986 et
849 923 1002 987 rationem
1024 923 1099 986 iuris
1115 921 1372 1006 amplecteretur?
1394 922 1462 986 Hoc
1477 929 1525 986 est

204 1016 429 1101 periculosum,
452 1015 580 1080 dissolvi
602 1015 662 1080 hcc
684 1016 894 1090 interdictum,
917 1024 965 1080 est
985 1015 1159 1099 captiosum
1182 1015 1324 1078 omnibus
1346 1037 1411 1080 rem
1426 1015 1547 1079 ullams

210 1112 359 1176 constitui
381 1111 450 1174 eius
472 1110 568 1186 modi,
590 1131 681 1195 quae,
704 1131 775 1174 cum
796 1113 890 1174 armis
910 1121 997 1194 gesta
1019 1111 1068 1185 sit,
1090 1109 1226 1173 rescindi
1247 1111 1314 1174 iure
1328 1129 1392 1173 non
1407 1109 1523 1194 possit:

205 1226 314 1270 verum
335 1212 440 1268 tamen
461 1204 542 1267 illud
563 1211 611 1268 est
632 1205 863 1288 turpissimum,
885 1212 991 1269 tantae
1013 1204 1164 1268 stultitiae
1183 1204 1445 1286 prudentissimos
1466 1203 1525 1266 ho·

205 1301 305 1363 mines
329 1299 543 1374 condemnari,
563 1307 600 1362 ut
620 1319 676 1362 vos
698 1299 844 1363 iudicetis
865 1299 959 1363 huius
979 1300 1025 1363 rei
1046 1300 1094 1362 ius
1113 1305 1207 1382 atque
1222 1299 1376 1362 actionem
1390 1298 1423 1360 in
1438 1318 1525 1362 meu·

206 1401 269 1456 tem
290 1392 460 1456 maioribus
482 1393 600 1456 nostris
622 1412 686 1454 non
706 1393 841 1456 venisse.

297 1482 348 1550 44.
382 1485 574 1562 Queramnr‚
602 1486 720 1569 inquit,
746 1486 836 1562 licet,
864 1494 968 1548 tamen
997 1487 1057 1550 hoc
1083 1486 1249 1550 interdicto
1279 1487 1430 1552 Aebutius
1460 1507 1561 1556 nonio

207 1589 337 1647 tenetsu.
372 1580 454 1656 Quid
476 1580 541 1643 itai
575 1579 667 1656 Quod
690 1581 737 1643 vis
754 1581 906 1644 Caecinae
927 1580 1009 1644 facta
1030 1586 1175 1644 nonest.
1207 1580 1274 1643 Dici
1296 1582 1330 1645 in
1351 1583 1409 1647 hac
1432 1603 1525 1646 causa

206 1684 327 1761 potest,
354 1675 409 1738 ubi
431 1693 519 1738 arma
538 1674 671 1748 iruerint,
700 1675 753 1736 ubi
775 1683 881 1738 coacta
908 1674 1072 1738 hominum
1093 1674 1278 1749 multitudo,
1307 1676 1362 1739 ubi
1384 1676 1525 1740 instructi

208 1779 241 1835 et
261 1771 354 1836 certis
375 1769 451 1833 locis
474 1789 545 1832 cum
566 1768 649 1832 ferro
670 1769 814 1832 homines
836 1769 989 1843 collocati,
1011 1769 1065 1832 uhi
1087 1769 1202 1843 minae,
1223 1770 1363 1852 pericula
1377 1779 1526 1834 terrores·

207 1887 270 1951 quc
291 1864 416 1936 mortis,
437 1863 482 1928 ihi
505 1863 568 1925 vim
589 1882 653 1926 non
673 1861 792 1925 luisse?
834 1864 952 1936 Nemo,
973 1864 1094 1947 inquit,
1117 1863 1238 1928 occisus
1260 1872 1308 1927 est
1328 1884 1433 1949 neque
1455 1885 1526 1929 sau·

207 1962 283 2024 cius.
334 1958 418 2033 Quid
448 1957 516 2020 aisi
553 1977 623 2019 cum
655 1956 694 2020 de
723 1956 935 2041 possessionis
963 1957 1176 2020 controversia
1204 1965 1236 2020 et
1265 1956 1304 2022 de
1333 1960 1526 2041 privatorum
1535 1979 1563 2026 44

206 2053 369 2117 hominum
391 2051 590 2117 contentione
612 2052 688 2114 iuris
710 2051 898 2135 loquamur,
921 2058 955 2114 tu
977 2051 1040 2114 vim
1061 2051 1191 2135 negabis
1211 2051 1390 2132 iactam,(si
1413 2055 1525 2118 caedes

208 2156 238 2210 et
260 2146 376 2210 occisio
396 2145 565 2238 iacta-non
587 2131 669 2229 erit)
698 2146 765 2227 Ego
787 2145 945 2208 exercitus
967 2145 1120 2209 maximos
1142 2165 1237 2230 saepe
1258 2147 1365 2230 pulsos
1387 2156 1419 2212 et
1438 2147 1527 2231 iuga·
1619 2141 1701 2221 ad*

207 2247 257 2304 tos
280 2261 348 2304 esse
372 2238 442 2303 dico
463 2248 582 2303 terrore
604 2239 674 2321 ipso
696 2239 878 2322 impetuque
899 2237 1048 2314 hostium,
1070 2239 1138 2304 siue
1153 2241 1339 2325 cuiusquam
1354 2261 1419 2304 non
1433 2240 1526 2308 modo

207 2344 325 2408 morte,
353 2354 463 2398 verum
484 2333 579 2397 etiam
600 2333 741 2398 vulnere.
783 2333 852 2396 XV.
884 2328 935 2395 lu.
957 2333 1097 2409 Etenim,
1126 2341 1379 2418 recuperatores,
1401 2355 1467 2399 non
1489 2355 1527 2400 ea
1676 2355 1702 2436 4

207 2427 274 2492 sola
294 2428 343 2492 vis
364 2435 422 2502 est,
444 2447 526 2512 quae
547 2427 586 2489 ad
609 2448 722 2510 corpus
744 2434 886 2514 110st
899 2427 1060 2511 vitamque
1075 2429 1227 2510 pervenit,
1248 2429 1305 2492 sed
1320 2429 1414 2494 etiam
1428 2428 1564 2500 mulleio
1665 2479 1683 2506 .,

207 2522 307 2586 maior
332 2543 386 2609 ea,
421 2543 504 2606 quae
531 2523 671 2604 periculo
702 2521 811 2587 mortis
839 2521 955 2584 iniecto
977 2520 1144 2586 formidine
1166 2523 1305 2588 animum
1326 2524 1526 2607 perterritum
1674 2512 1684 2541 ²

206 2616 279 2680 loco
307 2636 402 2698 saepe
429 2623 461 2679 et
489 2621 574 2679 certo
604 2615 643 2678 de
671 2623 751 2680 statu
783 2615 939 2679 demovet.
982 2616 1092 2698 Itaque
1121 2617 1218 2680 saucii
1247 2637 1342 2700 saepe
1371 2618 1526 2699 homines,

207 2730 279 2774 oum
302 2728 433 2792 corpore
455 2709 668 2784 debilitantur,
690 2709 795 2774 animo
810 2717 915 2773 tamen
928 2728 994 2773 non
1009 2708 1125 2772 cedunt
1138 2729 1244 2794 neque
1258 2732 1329 2775 eum
1343 2712 1528 2795 relinquunt

206 2804 322 2877 locum,
345 2825 440 2889 quem
462 2810 637 2869 statuerunt
659 2802 845 2878 detendere3
867 2813 899 2868 at
919 2803 974 2867 alii
996 2803 1306 2888 pellunturintegrit
1327 2814 1449 2870 utnon
1470 2805 1527 2868 du·

206 2897 294 2962 bium
323 2898 381 2973 sit,
409 2900 487 2984 quin
516 2899 617 2962 maior
642 2897 782 2962 adhibita
809 2899 856 2962 vis
879 2897 908 2959 ei
930 2899 986 2972 sit,
1017 2897 1106 2960 cuius
1128 2898 1252 2962 animus
1274 2899 1316 2963 sit
1336 2900 1565 2982 perterritusse

210 3013 305 3077 quam
327 2993 391 3069 illi,
414 2995 503 3058 cuius
525 3013 638 3077 corpus
660 2983 858 3058 vulneratum
880 2993 929 3056 sit.
972 2987 1023 3054 43.
1045 2991 1140 3068 Quod
1162 2995 1189 3056 si
1212 2994 1242 3057 vi
1264 2994 1373 3077 pulsos
1396 2993 1529 3058 dicimus

210 3090 367 3150 exercitus
390 3108 459 3152 esse
482 3107 548 3161 eos,
571 3089 626 3170 qui
648 3095 733 3150 metu
754 3106 790 3151 ac
811 3087 898 3150 tenui
918 3105 1012 3170 saepe
1029 3087 1210 3170 suspicione
1225 3088 1358 3171 periculi
1370 3088 1528 3171 fugerunt,

210 3189 242 3243 et
263 3182 290 3243 si
311 3200 375 3244 non
397 3182 500 3245 solum
521 3181 659 3264 impulsu
681 3188 841 3244 scutorum
862 3200 966 3264 neque
989 3180 1137 3244 conflictu
1158 3201 1323 3264 corporum
1344 3202 1450 3266 neque
1464 3182 1530 3244 ictu

210 3275 383 3337 comminus
404 3294 510 3358 neque
532 3275 726 3338 coniectione
748 3274 898 3345 telorum,
928 3270 986 3336 sed
1016 3292 1110 3356 saepe
1139 3274 1275 3338 clamore
1303 3277 1374 3358 ipso
1395 3277 1529 3341 militum

210 3375 264 3431 aut
290 3368 497 3431 instructione
524 3367 741 3450 adspectuque
770 3367 929 3448 signorum
960 3384 1087 3447 magnas
1119 3367 1225 3449 copias
1256 3367 1362 3453 pulsas
1395 3392 1464 3436 ease
1498 3379 1565 3440 eta

213 3461 349 3526 vidimus
372 3471 403 3526 et
423 3461 617 3525 audivimus:
644 3480 725 3548 quae
747 3462 795 3524 vis
817 3460 851 3522 in
871 3459 956 3523 hello
978 3459 1167 3542 appellatur,
1190 3481 1237 3546 ea
1249 3463 1282 3524 in
1304 3464 1368 3527 otio
1389 3484 1453 3529 noa
1474 3485 1529 3550 ap·
1653 3459 1677 3534 st

1686 2577 1712 2634 44

277 3679 301 3730 l.
318 3683 364 3730 aaa
380 3678 401 3728 a·
418 3677 459 3742 aa]
478 3681 500 3727 4
516 3678 537 3728 a·
553 3683 577 3728 et
591 3678 619 3728 τ.
639 3703 667 3714 -
685 3678 711 3729 a.
730 3677 786 3740 444]
804 3676 867 3728 caes
882 3678 910 3727 Ρ.
930 3701 959 3714 -
976 3675 1001 3727 4.
1019 3677 1212 3739 mascarum
1227 3680 1255 3729 7.
1275 3707 1304 3718 -
1321 3679 1366 3732 too
1381 3674 1530 3746 aa'parsm·

211 3754 290 3806 444444
306 3757 337 3805 P:
356 3753 523 3817 4444444444
539 3752 686 3817 (periodum
702 3753 730 3815 Gt
749 3758 783 3803 est
799 3749 941 3804 444490.
956 3779 984 3789 -
997 3754 1021 3802 3.
1040 3757 1075 3804 est
1090 3753 1228 3816 captiosam
1244 3752 1266 3807 94
1284 3754 1398 3820 (praeter
1414 3756 1472 3822 (43)
1489 3761 1528 3809 A:

211 3830 348 3893 captiosum
365 3829 425 3890 (om.
439 3828 484 3893 aet)
500 3827 534 3890 β;
554 3827 605 3893 [est]
621 3829 759 3891 captionem
769 3829 804 3887 0;
822 3829 959 3891 captiosam
974 3833 1010 3878 est
1021 3830 1050 3889 G,
1067 3826 1172 3890 Aldina,
1192 3827 1249 3881 Lss.
1263 3857 1291 3866 -
1305 3831 1329 3881 7.
1346 3833 1408 3884 illud
1423 3838 1458 3884 est
1473 3840 1531 3885 tar·

206 3905 337 3968 4444444444
358 3903 420 3954 ET:
447 3908 482 3954 est
500 3904 670 3967 mesmes
687 3903 749 3954 44444
767 3904 788 3954 a
809 3903 898 3968 (etiam
917 3906 946 3966 P,
964 3903 986 3954 si
1006 3903 1072 3956 tides
1093 3907 1135 3955 est
1152 3907 1266 3968 Peyroni
1285 3904 1396 3970 silentio)
1414 3906 1528 3962 4430.

212 4004 240 4015 -
258 3979 283 4030 8.
303 3976 349 4030 «al.
368 3979 544 4030 4444444444»
564 3992 616 4044 mg.
635 3975 660 4032 a.
681 4006 708 4016 -
726 3979 764 4029 rei
779 3981 818 4028 tas
834 3983 909 4041 atque
924 3980 1047 4030 actionem
1062 3977 1127 4031 ET:
1153 3982 1191 4031 rei
1213 3985 1287 4046 44444
1304 3983 1425 4034 actionem
1440 3986 1529 4037 Gam

209 4058 313 4119 pqta;
331 4054 369 4105 444
383 4055 437 4104 aim
453 4058 527 4117 atqua
544 4055 665 4104 actionem
681 4055 713 4114 kt
731 4055 769 4104 rei
784 4053 943 4105 4444νά444444
959 4059 1034 4116 atque
1050 4056 1172 4106 44444444
1189 4059 1207 4107 P
1229 4057 1259 4121 (si
1275 4055 1342 4108 fides
1359 4060 1401 4110 est
1416 4060 1529 4123 Peyroni

210 4127 320 4191 silentio)
339 4127 381 4178 eh
390 4124 541 4190 detti&
562 4128 635 4179 tuias
649 4129 687 4179 rei
703 4133 778 4190 atpae
794 4128 898 4179 44444444
915 4142 977 4180 cum
993 4131 1035 4182 ed.
1054 4132 1155 4183 Veneta
1171 4146 1196 4184 a.
1215 4133 1287 4185 4479.
1307 4134 1337 4184 0.
1356 4133 1394 4185 Cl.
1408 4133 1432 4198 fi.
1445 4134 1485 4186 32.
1500 4162 1527 4172 -

211 4203 251 4252 40.
270 4217 423 4266 pascamur
433 4205 461 4255 T.
476 4231 503 4241 -
519 4205 559 4254 44.
579 4203 649 4265 Quod
663 4202 708 4267 ets]
728 4203 794 4266 (4444
809 4203 847 4254 uis
863 4199 916 4256 Li.
930 4231 958 4240 -
972 4205 1012 4258 43.
1031 4205 1118 4258 llalim
1127 4208 1237 4272 4444444.
1256 4206 1528 4263 cameleonis.

213 4304 240 4313 -
250 4275 290 4328 44.
308 4278 350 4344 tta]
367 4278 409 4328 444
425 4276 524 4340 sitiet
533 4278 562 4329 l.
575 4305 602 4315 -
615 4279 743 4328 4444444444
753 4279 898 4330 Ernestius.
919 4278 1000 4330 tNihil
1018 4295 1092 4346 opus.
1111 4284 1154 4335 Sic
1169 4285 1253 4336 4444444
1267 4283 1360 4335 civim
1375 4298 1408 4335 ea·
1423 4291 1531 4346 4444444

206 4357 282 4415 pora
298 4354 402 4416 4444444,
428 4355 512 4404 madiis
534 4355 619 4405 4444444
634 4355 717 4404 Varro
734 4367 777 4419 ap.
795 4353 908 4404 Nouium
926 4368 951 4419 p.
970 4355 1026 4407 398.
1045 4358 1142 4409 llere.»
1168 4361 1212 4410 On.
1232 4387 1260 4397 -
1279 4359 1318 4410 46.
1335 4360 1430 4423 sociam
1446 4361 1466 4412 Ε
1477 4361 1498 4411 T
1510 4361 1531 4412 G

211 4425 520 4492 eekmpqtadetlz
543 4442 592 4480 esse
611 4429 705 4493 [444444
721 4423 869 4480 4444440.
896 4429 934 4480 Ci.
953 4429 977 4494 ἕ.
996 4429 1037 4484 44.
1056 4431 1097 4484 49.
1117 4461 1145 4472 -
1164 4435 1204 4486 47.
1222 4440 1245 4484 et
1266 4435 1354 4485 4444444
1370 4441 1393 4486 ct
1408 4437 1532 4488 4444444444

210 4503 337 4552 maximas
351 4503 421 4567 sacta
436 4520 487 4557 444
503 4505 569 4557 pit?
590 4505 766 4570 8444444444
780 4507 813 4566 Ε;
840 4510 863 4556 at
879 4506 968 4558 occisio
990 4507 1113 4560 44444444
1132 4509 1258 4560 mammos
1276 4511 1346 4573 sacta
1360 4525 1411 4562 444
1427 4513 1475 4562 crit
1489 4525 1532 4576 spe

211 4590 256 4626 uos
268 4577 354 4639 pulsos
369 4579 402 4640 T;
430 4585 453 4632 et
469 4595 519 4632 occ.
537 4581 607 4645 tacta
622 4596 672 4632 444
688 4583 737 4632 erit
753 4587 776 4631 et
792 4579 847 4646 (epo
864 4595 932 4633 corr.
951 4583 969 4646 4)
991 4585 1114 4634 accrate:
1128 4585 1256 4635 maaimm
1277 4585 1409 4648 4444444444
1424 4587 1532 4636 alma

213 4654 240 4702 et
255 4665 324 4702 corr.
343 4654 388 4716 qt]
409 4667 483 4719 saepe
501 4657 585 4720 prasos
605 4657 845 4722 Gackmpqta.
870 4684 898 4694 —
924 4662 947 4706 et
966 4659 1086 4721 eptapatos
1107 4659 1136 4710 E.
1157 4685 1186 4696 -
1203 4660 1243 4710 49.
1268 4659 1532 4712 secem-damaso

213 4725 317 4788 Quintil.
335 4726 388 4778 Vll.
408 4729 432 4792 3,
451 4731 491 4782 47.
505 4760 532 4768 -
542 4731 751 4795 reciperatores:
769 4731 795 4780 et
806 4728 954 4791 Quintiliani
966 4730 1073 4783 codices
1085 4732 1188 4797 optimi3
1205 4732 1258 4783 vid.
1271 4735 1384 4800 Zumptii
1394 4732 1529 4799 supplem.

213 4801 255 4854 ed.
275 4801 360 4867 Spald.
379 4816 405 4868 p.
424 4804 481 4856 366.
504 4806 542 4856 Cl.
561 4805 585 4870 ἓ.
603 4807 627 4857 6,
642 4833 669 4842 -
688 4806 742 4856 sola
758 4819 789 4857 eo
806 4806 835 4856 Τ.
855 4832 883 4841 -
902 4806 942 4855 al.
960 4804 1056 4874 4444444]
1075 4807 1157 4858 «Fert.
1176 4807 1261 4858 4444444
1278 4819 1332 4871 mg.
1351 4804 1376 4859 3.
1396 4835 1422 4843 -
1442 4807 1482 4858 73.
1502 4807 1532 4858 de

213 4889 267 4927 om.
285 4876 464 4937 Quintilianus.
485 4879 523 4931 Cl.
542 4879 565 4943 5.
584 4879 625 4932 49.
638 4885 756 4931 -444444
772 4881 800 4931 T.
812 4906 839 4916 -
851 4881 963 4961 danaae(
975 4879 1155 4944 Quintilianus,
1173 4882 1230 4944 ET,
1249 4877 1335 4933 LTO:
1354 4882 1529 4933 4444444444.

213 4977 241 4986 -
260 4963 316 5014 cepa
336 4951 364 5002 T.
386 4980 410 4991 -
432 4955 472 5005 23.
496 4955 634 5018 rataqaeoa
650 4955 751 5007 ETGa
762 4957 857 5020 epqt.
877 4981 906 4992 -
924 4953 965 5005 il.
989 4959 1128 5006 4444444444
1147 4957 1167 5006 Ε
1186 4957 1227 5020 (de
1246 4957 1265 5006 T
1282 4955 1430 5007 Harlessius
1448 4953 1528 5019 siletl:

213 5027 344 5077 4444444444
365 5025 509 5081 nanto,
530 5057 557 5067 -
574 5031 616 5081 37.
634 5043 684 5082 aare
700 5043 753 5082 om.
772 5031 800 5081 T.
815 5059 843 5067 —
861 5030 902 5080 28.
919 5031 941 5097 ri
957 5042 1010 5080 om.
1029 5029 1057 5080 T.
1069 5058 1096 5068 -
1109 5031 1149 5081 29.
1168 5031 1305 5082 conminus
1320 5023 1403 5080 Eli:
1421 5029 1531 5080 cominus

213 5101 234 5151 a
252 5101 294 5166 (de
311 5102 330 5153 T
344 5103 493 5156 Harlessius
511 5103 576 5169 silet)
588 5107 610 5156 a
620 5106 649 5157 0.
661 5133 689 5143 -
699 5105 875 5158 4444444444
885 5105 914 5157 T.
925 5131 953 5142 -
964 5103 1004 5156 344.
1018 5111 1166 5170 captamque
1176 5107 1205 5160 E.
1217 5132 1244 5143 -
1255 5105 1296 5158 34.
1309 5117 1374 5168 puae
1388 5104 1426 5156 ais
1433 5129 1469 5144 -·
1479 5121 1531 5157 444

213 5175 379 5240 appellabitur
396 5177 500 5240 Quintil.
517 5181 571 5236 vu.
589 5180 614 5249 3,
631 5180 672 5236 29.
693 5209 722 5222 -
738 5181 792 5233 ocio
807 5179 836 5232 T.
