<?xml version="1.0" encoding="UTF-8"?>
<!DOCTYPE html PUBLIC "-//W3C//DTD XHTML 1.0 Transitional//EN"
    "http://www.w3.org/TR/xhtml1/DTD/xhtml1-transitional.dtd">
<html xmlns="http://www.w3.org/1999/xhtml" xml:lang="en" lang="en">
 <head>
  <title>
</title>
<meta http-equiv="Content-Type" content="text/html;charset=utf-8" />
  <meta name='ocr-system' content='tesseract 3.04.00' />
  <meta name='ocr-capabilities' content='ocr_page ocr_carea ocr_par ocr_line ocrx_word'/>
</head>
<body>
  <div class='ocr_page' id='page_1' title='image "./mtulliiciceroni00baitgoog_0183.png"; bbox 0 0 3648 5888; ppageno 0'>
   <div class='ocr_carea' id='block_1_1' title="bbox 442 425 1533 516">
    <p class='ocr_par' dir='ltr' id='par_1_1' title="bbox 442 425 1533 516">
     <span class='ocr_line' id='line_1_1' title="bbox 442 425 1533 516; baseline -0.001 -22"><span class='ocrx_word' id='word_1_1' title='bbox 442 431 513 498; x_wconf 77' lang='lat' dir='ltr'><strong>nn.</strong></span> <span class='ocrx_word' id='word_1_2' title='bbox 535 431 559 494; x_wconf 93' lang='lat'><strong>1.</strong></span> <span class='ocrx_word' id='word_1_3' title='bbox 589 429 664 497; x_wconf 72' lang='lat' dir='ltr'><strong>cn.</strong></span> <span class='ocrx_word' id='word_1_4' title='bbox 685 429 1022 498; x_wconf 71' lang='lat' dir='ltr'><strong>xxxo-xxxva.</strong></span> <span class='ocrx_word' id='word_1_5' title='bbox 1052 427 1109 516; x_wconf 67' lang='lat' dir='ltr'><strong>§a</strong></span> <span class='ocrx_word' id='word_1_6' title='bbox 1130 425 1279 495; x_wconf 81' lang='lat' dir='ltr'><strong>es-et.</strong></span> <span class='ocrx_word' id='word_1_7' title='bbox 1470 426 1533 494; x_wconf 81' lang='lat' dir='ltr'><strong>aar</strong></span> 
     </span>
    </p>
   </div>
   <div class='ocr_carea' id='block_1_2' title="bbox 207 600 1686 1062">
    <p class='ocr_par' dir='ltr' id='par_1_2' title="bbox 210 600 1532 688">
     <span class='ocr_line' id='line_1_2' title="bbox 210 600 1532 688; baseline 0.002 -24"><span class='ocrx_word' id='word_1_8' title='bbox 210 601 249 664; x_wconf 89' lang='lat' dir='ltr'><strong>de</strong></span> <span class='ocrx_word' id='word_1_9' title='bbox 272 601 373 664; x_wconf 90' lang='lat' dir='ltr'><strong>classe</strong></span> <span class='ocrx_word' id='word_1_10' title='bbox 393 602 505 686; x_wconf 93' lang='lat' dir='ltr'><strong>populi</strong></span> <span class='ocrx_word' id='word_1_11' title='bbox 525 603 675 677; x_wconf 84' lang='lat' dir='ltr'><strong>Romani,</strong></span> <span class='ocrx_word' id='word_1_12' title='bbox 708 621 803 688; x_wconf 91' lang='lat' dir='ltr'><strong>quam</strong></span> <span class='ocrx_word' id='word_1_13' title='bbox 832 601 889 665; x_wconf 93' lang='lat' dir='ltr'><strong>tibi</strong></span> <span class='ocrx_word' id='word_1_14' title='bbox 911 600 1035 667; x_wconf 91' lang='lat' dir='ltr'><strong>Milesia</strong></span> <span class='ocrx_word' id='word_1_15' title='bbox 1056 600 1183 676; x_wconf 76' lang='lat' dir='ltr'><strong>civitas,</strong></span> <span class='ocrx_word' id='word_1_16' title='bbox 1211 606 1248 664; x_wconf 91' lang='lat' dir='ltr'><strong>ut</strong></span> <span class='ocrx_word' id='word_1_17' title='bbox 1268 606 1301 664; x_wconf 91' lang='lat' dir='ltr'><strong>te</strong></span> <span class='ocrx_word' id='word_1_18' title='bbox 1322 619 1532 686; x_wconf 88' lang='lat' dir='ltr'><strong>prosequere·</strong></span> 
     </span>
    </p>

    <p class='ocr_par' dir='ltr' id='par_1_3' title="bbox 208 685 1532 780">
     <span class='ocr_line' id='line_1_3' title="bbox 208 685 1532 780; baseline -0.001 -21"><span class='ocrx_word' id='word_1_19' title='bbox 208 703 272 771; x_wconf 92' lang='lat' dir='ltr'><strong>tur,</strong></span> <span class='ocrx_word' id='word_1_20' title='bbox 302 696 459 772; x_wconf 87' lang='lat' dir='ltr'><strong>dedisset,</strong></span> <span class='ocrx_word' id='word_1_21' title='bbox 486 717 582 760; x_wconf 90' lang='lat' dir='ltr'><strong>ausus</strong></span> <span class='ocrx_word' id='word_1_22' title='bbox 604 717 639 762; x_wconf 89' lang='lat' dir='ltr'><strong>es</strong></span> <span class='ocrx_word' id='word_1_23' title='bbox 660 698 823 761; x_wconf 79' lang='lat' dir='ltr'><strong>venderet</strong></span> <span class='ocrx_word' id='word_1_24' title='bbox 848 685 901 764; x_wconf 79' lang='lat' dir='ltr'><strong>(Si</strong></span> <span class='ocrx_word' id='word_1_25' title='bbox 923 702 954 760; x_wconf 89' lang='lat' dir='ltr'><strong>te</strong></span> <span class='ocrx_word' id='word_1_26' title='bbox 976 696 1160 780; x_wconf 76' lang='lat' dir='ltr'><strong>magnitudo</strong></span> <span class='ocrx_word' id='word_1_27' title='bbox 1182 692 1347 772; x_wconf 87' lang='lat' dir='ltr'><strong>maleficii,</strong></span> <span class='ocrx_word' id='word_1_28' title='bbox 1378 695 1405 759; x_wconf 88' lang='lat' dir='ltr'><strong>si</strong></span> <span class='ocrx_word' id='word_1_29' title='bbox 1427 695 1532 758; x_wconf 88' lang='lat' dir='ltr'><strong>bomi-</strong></span> 
     </span>
    </p>

    <p class='ocr_par' dir='ltr' id='par_1_4' title="bbox 207 785 1686 1062">
     <span class='ocr_line' id='line_1_4' title="bbox 207 785 1686 878; baseline 0.001 -25"><span class='ocrx_word' id='word_1_30' title='bbox 207 811 284 853; x_wconf 89' lang='lat' dir='ltr'><strong>num</strong></span> <span class='ocrx_word' id='word_1_31' title='bbox 306 791 497 854; x_wconf 80' lang='lat' dir='ltr'><strong>existimatio</strong></span> <span class='ocrx_word' id='word_1_32' title='bbox 520 811 585 854; x_wconf 92' lang='lat' dir='ltr'><strong>non</strong></span> <span class='ocrx_word' id='word_1_33' title='bbox 607 792 773 878; x_wconf 84' lang='lat' dir='ltr'><strong>movebat,</strong></span> <span class='ocrx_word' id='word_1_34' title='bbox 795 810 835 855; x_wconf 87' lang='lat' dir='ltr'><strong>ne</strong></span> <span class='ocrx_word' id='word_1_35' title='bbox 857 789 938 854; x_wconf 92' lang='lat' dir='ltr'><strong>illud</strong></span> <span class='ocrx_word' id='word_1_36' title='bbox 954 791 1082 873; x_wconf 91' lang='lat' dir='ltr'><strong>quidem</strong></span> <span class='ocrx_word' id='word_1_37' title='bbox 1102 787 1280 874; x_wconf 60' lang='lat' dir='ltr'><strong>copulant</strong></span> <span class='ocrx_word' id='word_1_38' title='bbox 1301 790 1398 854; x_wconf 90' lang='lat' dir='ltr'><strong>huius</strong></span> <span class='ocrx_word' id='word_1_39' title='bbox 1413 791 1532 874; x_wconf 93' lang='lat' dir='ltr'><strong>impro-</strong></span> <span class='ocrx_word' id='word_1_40' title='bbox 1611 785 1686 871; x_wconf 49' lang='lat' dir='ltr'><strong>xp&amp;</strong></span> 
     </span>
     <span class='ocr_line' id='line_1_5' title="bbox 207 884 1531 968; baseline 0 -20"><span class='ocrx_word' id='word_1_41' title='bbox 207 885 331 949; x_wconf 90' lang='lat' dir='ltr'><strong>bissimi</strong></span> <span class='ocrx_word' id='word_1_42' title='bbox 359 884 436 948; x_wconf 81' lang='lat' dir='ltr'><strong>furti</strong></span> <span class='ocrx_word' id='word_1_43' title='bbox 463 886 529 950; x_wconf 89' lang='lat' dir='ltr'><strong>sive</strong></span> <span class='ocrx_word' id='word_1_44' title='bbox 559 885 640 948; x_wconf 91' lang='lat' dir='ltr'><strong>adeo</strong></span> <span class='ocrx_word' id='word_1_45' title='bbox 662 885 801 948; x_wconf 83' lang='lat' dir='ltr'><strong>nefariae</strong></span> <span class='ocrx_word' id='word_1_46' title='bbox 823 885 959 968; x_wconf 82' lang='lat' dir='ltr'>praedae</span> <span class='ocrx_word' id='word_1_47' title='bbox 980 891 1046 948; x_wconf 92' lang='lat' dir='ltr'><strong>tam</strong></span> <span class='ocrx_word' id='word_1_48' title='bbox 1067 884 1223 949; x_wconf 79' lang='lat' dir='ltr'><strong>illustrem</strong></span> <span class='ocrx_word' id='word_1_49' title='bbox 1245 905 1282 948; x_wconf 90' lang='lat' dir='ltr'><strong>ac</strong></span> <span class='ocrx_word' id='word_1_50' title='bbox 1305 893 1369 949; x_wconf 91' lang='lat' dir='ltr'><strong>tam</strong></span> <span class='ocrx_word' id='word_1_51' title='bbox 1390 885 1531 948; x_wconf 89' lang='lat' dir='ltr'><strong>nobilem</strong></span> 
     </span>
     <span class='ocr_line' id='line_1_6' title="bbox 208 971 1569 1062; baseline 0.003 -19"><span class='ocrx_word' id='word_1_52' title='bbox 208 980 367 1044; x_wconf 82' lang='lat' dir='ltr'><strong>civitatem</strong></span> <span class='ocrx_word' id='word_1_53' title='bbox 389 971 501 1042; x_wconf 87' lang='lat' dir='ltr'><strong>testem</strong></span> <span class='ocrx_word' id='word_1_54' title='bbox 520 979 686 1044; x_wconf 75' lang='lat' dir='ltr'><strong>futuram?</strong></span> <span class='ocrx_word' id='word_1_55' title='bbox 729 976 779 1040; x_wconf 87' lang='lat'><strong>88.</strong></span> <span class='ocrx_word' id='word_1_56' title='bbox 802 979 850 1042; x_wconf 80' lang='lat' dir='ltr'><strong>An</strong></span> <span class='ocrx_word' id='word_1_57' title='bbox 873 979 949 1061; x_wconf 93' lang='lat' dir='ltr'><strong>quia</strong></span> <span class='ocrx_word' id='word_1_58' title='bbox 971 986 1038 1040; x_wconf 92' lang='lat' dir='ltr'><strong>tum</strong></span> <span class='ocrx_word' id='word_1_59' title='bbox 1061 978 1116 1042; x_wconf 88' lang='lat' dir='ltr'><strong>Cn.</strong></span> <span class='ocrx_word' id='word_1_60' title='bbox 1131 978 1297 1042; x_wconf 80' lang='lat' dir='ltr'><strong>Dolabella</strong></span> <span class='ocrx_word' id='word_1_61' title='bbox 1313 980 1347 1042; x_wconf 94' lang='lat' dir='ltr'><strong>in</strong></span> <span class='ocrx_word' id='word_1_62' title='bbox 1363 999 1452 1054; x_wconf 91' lang='lat' dir='ltr'><strong>eum,</strong></span> <span class='ocrx_word' id='word_1_63' title='bbox 1475 979 1569 1062; x_wconf 77' lang='lat' dir='ltr'><strong>quit</strong></span> 
     </span>
    </p>
   </div>
   <div class='ocr_carea' id='block_1_3' title="bbox 99 1072 1691 4367">
    <p class='ocr_par' dir='ltr' id='par_1_5' title="bbox 204 1072 1691 3428">
     <span class='ocr_line' id='line_1_7' title="bbox 208 1072 1532 1158; baseline -0.003 -19"><span class='ocrx_word' id='word_1_64' title='bbox 208 1077 238 1140; x_wconf 87' lang='lat' dir='ltr'><strong>ei</strong></span> <span class='ocrx_word' id='word_1_65' title='bbox 265 1074 451 1158; x_wconf 78' lang='lat' dir='ltr'><strong>myoparoni</strong></span> <span class='ocrx_word' id='word_1_66' title='bbox 477 1073 658 1156; x_wconf 68' lang='lat' dir='ltr'><strong>praefuerat</strong></span> <span class='ocrx_word' id='word_1_67' title='bbox 685 1072 883 1156; x_wconf 87' lang='lat' dir='ltr'><strong>Milesiisque</strong></span> <span class='ocrx_word' id='word_1_68' title='bbox 911 1091 978 1135; x_wconf 89' lang='lat' dir='ltr'><strong>rem</strong></span> <span class='ocrx_word' id='word_1_69' title='bbox 1007 1079 1127 1155; x_wconf 89' lang='lat' dir='ltr'><strong>gestam</strong></span> <span class='ocrx_word' id='word_1_70' title='bbox 1148 1073 1359 1149; x_wconf 90' lang='lat' dir='ltr'><strong>renuntiarat,</strong></span> <span class='ocrx_word' id='word_1_71' title='bbox 1390 1073 1532 1138; x_wconf 86' lang='lat' dir='ltr'><strong>animad-</strong></span> 
     </span>
     <span class='ocr_line' id='line_1_8' title="bbox 207 1166 1533 1252; baseline -0.003 -18"><span class='ocrx_word' id='word_1_72' title='bbox 207 1175 330 1234; x_wconf 84' lang='lat' dir='ltr'><strong>vertere</strong></span> <span class='ocrx_word' id='word_1_73' title='bbox 362 1175 418 1231; x_wconf 94' lang='lat' dir='ltr'><strong>tuo</strong></span> <span class='ocrx_word' id='word_1_74' title='bbox 451 1175 564 1250; x_wconf 89' lang='lat' dir='ltr'><strong>rogatu</strong></span> <span class='ocrx_word' id='word_1_75' title='bbox 591 1176 722 1231; x_wconf 91' lang='lat' dir='ltr'><strong>conatus</strong></span> <span class='ocrx_word' id='word_1_76' title='bbox 752 1172 801 1229; x_wconf 91' lang='lat' dir='ltr'><strong>est</strong></span> <span class='ocrx_word' id='word_1_77' title='bbox 830 1166 1162 1251; x_wconf 85' lang='lat' dir='ltr'><strong>renuntiationemque</strong></span> <span class='ocrx_word' id='word_1_78' title='bbox 1191 1169 1276 1243; x_wconf 92' lang='lat' dir='ltr'><strong>eius,</strong></span> <span class='ocrx_word' id='word_1_79' title='bbox 1304 1189 1387 1252; x_wconf 91' lang='lat' dir='ltr'><strong>quae</strong></span> <span class='ocrx_word' id='word_1_80' title='bbox 1410 1175 1479 1232; x_wconf 91' lang='lat' dir='ltr'><strong>erat</strong></span> <span class='ocrx_word' id='word_1_81' title='bbox 1499 1169 1533 1230; x_wconf 94' lang='lat' dir='ltr'><strong>in</strong></span> 
     </span>
     <span class='ocr_line' id='line_1_9' title="bbox 206 1260 1531 1348; baseline 0 -22"><span class='ocrx_word' id='word_1_82' title='bbox 206 1264 351 1348; x_wconf 90' lang='lat' dir='ltr'><strong>publicas</strong></span> <span class='ocrx_word' id='word_1_83' title='bbox 372 1261 492 1326; x_wconf 89' lang='lat' dir='ltr'><strong>litteras</strong></span> <span class='ocrx_word' id='word_1_84' title='bbox 515 1263 614 1326; x_wconf 90' lang='lat' dir='ltr'><strong>relata</strong></span> <span class='ocrx_word' id='word_1_85' title='bbox 634 1261 763 1324; x_wconf 91' lang='lat' dir='ltr'><strong>illorum</strong></span> <span class='ocrx_word' id='word_1_86' title='bbox 784 1260 924 1343; x_wconf 88' lang='lat' dir='ltr'><strong>legibus,</strong></span> <span class='ocrx_word' id='word_1_87' title='bbox 947 1260 1018 1323; x_wconf 90' lang='lat' dir='ltr'><strong>tolli</strong></span> <span class='ocrx_word' id='word_1_88' title='bbox 1037 1261 1190 1337; x_wconf 89' lang='lat' dir='ltr'><strong>iusserat,</strong></span> <span class='ocrx_word' id='word_1_89' title='bbox 1212 1262 1330 1326; x_wconf 90' lang='lat' dir='ltr'><strong>idcirco</strong></span> <span class='ocrx_word' id='word_1_90' title='bbox 1354 1271 1385 1327; x_wconf 90' lang='lat' dir='ltr'><strong>tc</strong></span> <span class='ocrx_word' id='word_1_91' title='bbox 1407 1284 1449 1327; x_wconf 83' lang='lat' dir='ltr'><strong>ex</strong></span> <span class='ocrx_word' id='word_1_92' title='bbox 1467 1262 1531 1326; x_wconf 90' lang='lat' dir='ltr'><strong>boc</strong></span> 
     </span>
     <span class='ocr_line' id='line_1_10' title="bbox 209 1355 1534 1440; baseline -0.001 -19"><span class='ocrx_word' id='word_1_93' title='bbox 209 1357 339 1421; x_wconf 76' lang='lat' dir='ltr'><strong>ariadne</strong></span> <span class='ocrx_word' id='word_1_94' title='bbox 361 1356 505 1439; x_wconf 90' lang='lat' dir='ltr'><strong>elapsum</strong></span> <span class='ocrx_word' id='word_1_95' title='bbox 528 1376 597 1420; x_wconf 89' lang='lat' dir='ltr'><strong>esse</strong></span> <span class='ocrx_word' id='word_1_96' title='bbox 620 1355 839 1418; x_wconf 70' lang='lat' dir='ltr'><strong>arbitrabare?</strong></span> <span class='ocrx_word' id='word_1_97' title='bbox 882 1355 1014 1417; x_wconf 83' lang='lat' dir='ltr'><strong>XXXV.</strong></span> <span class='ocrx_word' id='word_1_98' title='bbox 1037 1355 1172 1419; x_wconf 89' lang='lat' dir='ltr'><strong>Multum</strong></span> <span class='ocrx_word' id='word_1_99' title='bbox 1193 1363 1225 1419; x_wconf 86' lang='lat' dir='ltr'><strong>te</strong></span> <span class='ocrx_word' id='word_1_100' title='bbox 1247 1357 1308 1420; x_wconf 87' lang='lat' dir='ltr'><strong>ista</strong></span> <span class='ocrx_word' id='word_1_101' title='bbox 1327 1355 1443 1420; x_wconf 80' lang='lat' dir='ltr'><strong>fefellit</strong></span> <span class='ocrx_word' id='word_1_102' title='bbox 1464 1357 1534 1440; x_wconf 90' lang='lat' dir='ltr'><strong>opi-</strong></span> 
     </span>
     <span class='ocr_line' id='line_1_11' title="bbox 207 1448 1571 1534; baseline 0.001 -19"><span class='ocrx_word' id='word_1_103' title='bbox 207 1453 282 1527; x_wconf 91' lang='lat' dir='ltr'><strong>nio,</strong></span> <span class='ocrx_word' id='word_1_104' title='bbox 304 1458 336 1514; x_wconf 91' lang='lat' dir='ltr'><strong>et</strong></span> <span class='ocrx_word' id='word_1_105' title='bbox 359 1451 489 1534; x_wconf 91' lang='lat' dir='ltr'><strong>quidem</strong></span> <span class='ocrx_word' id='word_1_106' title='bbox 510 1448 619 1512; x_wconf 89' lang='lat' dir='ltr'><strong>multis</strong></span> <span class='ocrx_word' id='word_1_107' title='bbox 641 1448 675 1511; x_wconf 92' lang='lat' dir='ltr'><strong>in</strong></span> <span class='ocrx_word' id='word_1_108' title='bbox 696 1448 785 1511; x_wconf 87' lang='lat' dir='ltr'><strong>locis.</strong></span> <span class='ocrx_word' id='word_1_109' title='bbox 830 1449 962 1532; x_wconf 87' lang='lat' dir='ltr'><strong>Semper</strong></span> <span class='ocrx_word' id='word_1_110' title='bbox 983 1448 1068 1512; x_wconf 88' lang='lat' dir='ltr'><strong>enim</strong></span> <span class='ocrx_word' id='word_1_111' title='bbox 1091 1451 1280 1514; x_wconf 83' lang='lat' dir='ltr'><strong>existlmasti</strong></span> <span class='ocrx_word' id='word_1_112' title='bbox 1303 1459 1335 1515; x_wconf 89' lang='lat' dir='ltr'><strong>et</strong></span> <span class='ocrx_word' id='word_1_113' title='bbox 1347 1453 1485 1515; x_wconf 85' lang='lat' dir='ltr'><strong>maxime</strong></span> <span class='ocrx_word' id='word_1_114' title='bbox 1499 1452 1533 1515; x_wconf 91' lang='lat' dir='ltr'><strong>in</strong></span> <span class='ocrx_word' id='word_1_115' title='bbox 1543 1472 1571 1519; x_wconf 80' lang='lat' dir='ltr'><strong>su</strong></span> 
     </span>
     <span class='ocr_line' id='line_1_12' title="bbox 209 1542 1532 1629; baseline 0 -21"><span class='ocrx_word' id='word_1_116' title='bbox 209 1545 317 1609; x_wconf 85' lang='lat' dir='ltr'><strong>Sicilia</strong></span> <span class='ocrx_word' id='word_1_117' title='bbox 345 1545 422 1608; x_wconf 91' lang='lat' dir='ltr'><strong>satis</strong></span> <span class='ocrx_word' id='word_1_118' title='bbox 444 1549 571 1607; x_wconf 88' lang='lat' dir='ltr'><strong>cautum</strong></span> <span class='ocrx_word' id='word_1_119' title='bbox 593 1542 651 1605; x_wconf 84' lang='lat' dir='ltr'><strong>tibi</strong></span> <span class='ocrx_word' id='word_1_120' title='bbox 673 1542 713 1604; x_wconf 90' lang='lat' dir='ltr'><strong>ad</strong></span> <span class='ocrx_word' id='word_1_121' title='bbox 735 1542 951 1606; x_wconf 80' lang='lat' dir='ltr'><strong>defensionem</strong></span> <span class='ocrx_word' id='word_1_122' title='bbox 972 1542 1058 1618; x_wconf 84' lang='lat' dir='ltr'><strong>fore,</strong></span> <span class='ocrx_word' id='word_1_123' title='bbox 1089 1545 1116 1607; x_wconf 90' lang='lat' dir='ltr'><strong>si</strong></span> <span class='ocrx_word' id='word_1_124' title='bbox 1142 1551 1198 1608; x_wconf 91' lang='lat' dir='ltr'><strong>aut</strong></span> <span class='ocrx_word' id='word_1_125' title='bbox 1217 1543 1329 1608; x_wconf 82' lang='lat' dir='ltr'><strong>referri</strong></span> <span class='ocrx_word' id='word_1_126' title='bbox 1353 1544 1478 1629; x_wconf 91' lang='lat' dir='ltr'><strong>aliquid</strong></span> <span class='ocrx_word' id='word_1_127' title='bbox 1499 1546 1532 1608; x_wconf 91' lang='lat' dir='ltr'><strong>in</strong></span> 
     </span>
     <span class='ocr_line' id='line_1_13' title="bbox 208 1636 1534 1723; baseline 0 -21"><span class='ocrx_word' id='word_1_128' title='bbox 208 1639 329 1704; x_wconf 89' lang='lat' dir='ltr'><strong>litteras</strong></span> <span class='ocrx_word' id='word_1_129' title='bbox 351 1638 496 1723; x_wconf 90' lang='lat' dir='ltr'><strong>publicas</strong></span> <span class='ocrx_word' id='word_1_130' title='bbox 517 1638 673 1701; x_wconf 87' lang='lat' dir='ltr'><strong>vetuisses</strong></span> <span class='ocrx_word' id='word_1_131' title='bbox 696 1643 766 1710; x_wconf 92' lang='lat' dir='ltr'><strong>aut,</strong></span> <span class='ocrx_word' id='word_1_132' title='bbox 790 1636 875 1720; x_wconf 92' lang='lat' dir='ltr'><strong>quod</strong></span> <span class='ocrx_word' id='word_1_133' title='bbox 898 1636 1031 1699; x_wconf 91' lang='lat' dir='ltr'><strong>relatum</strong></span> <span class='ocrx_word' id='word_1_134' title='bbox 1046 1645 1147 1712; x_wconf 89' lang='lat' dir='ltr'><strong>essct,</strong></span> <span class='ocrx_word' id='word_1_135' title='bbox 1170 1637 1240 1701; x_wconf 94' lang='lat' dir='ltr'><strong>tolli</strong></span> <span class='ocrx_word' id='word_1_136' title='bbox 1263 1639 1432 1722; x_wconf 70' lang='lat' dir='ltr'><strong>coegisses.</strong></span> <span class='ocrx_word' id='word_1_137' title='bbox 1464 1639 1534 1703; x_wconf 86' lang='lat' dir='ltr'><strong>Hoc</strong></span> 
     </span>
     <span class='ocr_line' id='line_1_14' title="bbox 209 1730 1535 1818; baseline 0 -21"><span class='ocrx_word' id='word_1_138' title='bbox 209 1755 304 1818; x_wconf 91' lang='lat' dir='ltr'><strong>quam</strong></span> <span class='ocrx_word' id='word_1_139' title='bbox 326 1732 408 1796; x_wconf 88' lang='lat' dir='ltr'><strong>nibil</strong></span> <span class='ocrx_word' id='word_1_140' title='bbox 429 1733 485 1807; x_wconf 90' lang='lat' dir='ltr'><strong>sit,</strong></span> <span class='ocrx_word' id='word_1_141' title='bbox 507 1731 632 1795; x_wconf 88' lang='lat' dir='ltr'><strong>tametsi</strong></span> <span class='ocrx_word' id='word_1_142' title='bbox 655 1751 694 1794; x_wconf 85' lang='lat' dir='ltr'><strong>ex</strong></span> <span class='ocrx_word' id='word_1_143' title='bbox 716 1731 823 1794; x_wconf 91' lang='lat' dir='ltr'><strong>multis</strong></span> <span class='ocrx_word' id='word_1_144' title='bbox 846 1730 974 1793; x_wconf 84' lang='lat' dir='ltr'><strong>Siciliae</strong></span> <span class='ocrx_word' id='word_1_145' title='bbox 997 1731 1177 1795; x_wconf 83' lang='lat' dir='ltr'><strong>civitatibus</strong></span> <span class='ocrx_word' id='word_1_146' title='bbox 1192 1733 1299 1815; x_wconf 89' lang='lat' dir='ltr'><strong>priore</strong></span> <span class='ocrx_word' id='word_1_147' title='bbox 1313 1735 1438 1797; x_wconf 89' lang='lat' dir='ltr'><strong>actione</strong></span> <span class='ocrx_word' id='word_1_148' title='bbox 1453 1734 1535 1797; x_wconf 88' lang='lat' dir='ltr'><strong>didi-</strong></span> 
     </span>
     <span class='ocr_line' id='line_1_15' title="bbox 209 1825 1533 1911; baseline 0 -19"><span class='ocrx_word' id='word_1_149' title='bbox 209 1830 298 1903; x_wconf 88' lang='lat' dir='ltr'><strong>cisti,</strong></span> <span class='ocrx_word' id='word_1_150' title='bbox 319 1835 426 1891; x_wconf 89' lang='lat' dir='ltr'><strong>tamen</strong></span> <span class='ocrx_word' id='word_1_151' title='bbox 448 1827 544 1890; x_wconf 89' lang='lat' dir='ltr'><strong>etiam</strong></span> <span class='ocrx_word' id='word_1_152' title='bbox 566 1827 598 1888; x_wconf 91' lang='lat' dir='ltr'><strong>in</strong></span> <span class='ocrx_word' id='word_1_153' title='bbox 619 1825 679 1888; x_wconf 88' lang='lat' dir='ltr'><strong>bae</strong></span> <span class='ocrx_word' id='word_1_154' title='bbox 701 1825 772 1908; x_wconf 90' lang='lat' dir='ltr'><strong>ipsa</strong></span> <span class='ocrx_word' id='word_1_155' title='bbox 792 1825 918 1888; x_wconf 80' lang='lat' dir='ltr'><strong>civitate</strong></span> <span class='ocrx_word' id='word_1_156' title='bbox 941 1845 1108 1907; x_wconf 86' lang='lat' dir='ltr'><strong>cognosce.</strong></span> <span class='ocrx_word' id='word_1_157' title='bbox 1143 1827 1224 1890; x_wconf 90' lang='lat' dir='ltr'><strong>Sunt</strong></span> <span class='ocrx_word' id='word_1_158' title='bbox 1237 1826 1286 1890; x_wconf 93' lang='lat' dir='ltr'><strong>illi</strong></span> <span class='ocrx_word' id='word_1_159' title='bbox 1301 1827 1432 1911; x_wconf 91' lang='lat' dir='ltr'><strong>quidem</strong></span> <span class='ocrx_word' id='word_1_160' title='bbox 1447 1828 1533 1892; x_wconf 90' lang='lat' dir='ltr'><strong>dicto</strong></span> 
     </span>
     <span class='ocr_line' id='line_1_16' title="bbox 209 1919 1573 2005; baseline 0.001 -18"><span class='ocrx_word' id='word_1_161' title='bbox 209 1924 391 1996; x_wconf 88' lang='lat' dir='ltr'><strong>audientes,</strong></span> <span class='ocrx_word' id='word_1_162' title='bbox 415 1941 510 2005; x_wconf 58' lang='lat' dir='ltr'><strong>wem</strong></span> <span class='ocrx_word' id='word_1_163' title='bbox 526 1921 581 1982; x_wconf 93' lang='lat' dir='ltr'><strong>diu</strong></span> <span class='ocrx_word' id='word_1_164' title='bbox 597 1920 713 1982; x_wconf 87' lang='lat' dir='ltr'><strong>adsunt</strong></span> <span class='ocrx_word' id='word_1_165' title='bbox 733 1919 773 1994; x_wconf 92' lang='lat' dir='ltr'><strong>ii,</strong></span> <span class='ocrx_word' id='word_1_166' title='bbox 795 1921 851 2003; x_wconf 94' lang='lat' dir='ltr'><strong>qui</strong></span> <span class='ocrx_word' id='word_1_167' title='bbox 866 1920 1042 2002; x_wconf 82' lang='lat' dir='ltr'><strong>imperant:</strong></span> <span class='ocrx_word' id='word_1_168' title='bbox 1065 1919 1199 1984; x_wconf 88' lang='lat' dir='ltr'><strong>simulac</strong></span> <span class='ocrx_word' id='word_1_169' title='bbox 1214 1921 1446 1996; x_wconf 89' lang='lat' dir='ltr'><strong>discesserunt,</strong></span> <span class='ocrx_word' id='word_1_170' title='bbox 1468 1943 1573 1990; x_wconf 78' lang='lat' dir='ltr'><strong>nouat</strong></span> 
     </span>
     <span class='ocr_line' id='line_1_17' title="bbox 209 2013 1534 2098; baseline 0.001 -17"><span class='ocrx_word' id='word_1_171' title='bbox 209 2017 313 2081; x_wconf 91' lang='lat' dir='ltr'><strong>solum</strong></span> <span class='ocrx_word' id='word_1_172' title='bbox 340 2016 421 2078; x_wconf 93' lang='lat' dir='ltr'><strong>illud</strong></span> <span class='ocrx_word' id='word_1_173' title='bbox 448 2014 663 2098; x_wconf 87' lang='lat' dir='ltr'><strong>perscribunt,</strong></span> <span class='ocrx_word' id='word_1_174' title='bbox 697 2015 784 2098; x_wconf 95' lang='lat' dir='ltr'><strong>quod</strong></span> <span class='ocrx_word' id='word_1_175' title='bbox 811 2020 878 2076; x_wconf 90' lang='lat' dir='ltr'><strong>tum</strong></span> <span class='ocrx_word' id='word_1_176' title='bbox 906 2013 1059 2095; x_wconf 87' lang='lat' dir='ltr'><strong>prohibiti</strong></span> <span class='ocrx_word' id='word_1_177' title='bbox 1086 2021 1176 2089; x_wconf 91' lang='lat' dir='ltr'><strong>sunt,</strong></span> <span class='ocrx_word' id='word_1_178' title='bbox 1210 2013 1385 2078; x_wconf 88' lang='lat' dir='ltr'><strong>sedetiam</strong></span> <span class='ocrx_word' id='word_1_179' title='bbox 1407 2035 1534 2082; x_wconf 86' lang='lat' dir='ltr'><strong>causam</strong></span> 
     </span>
     <span class='ocr_line' id='line_1_18' title="bbox 208 2105 1535 2185; baseline 0 -11"><span class='ocrx_word' id='word_1_180' title='bbox 208 2110 408 2185; x_wconf 88' lang='lat' dir='ltr'><strong>adscribunt,</strong></span> <span class='ocrx_word' id='word_1_181' title='bbox 430 2129 487 2172; x_wconf 91' lang='lat' dir='ltr'><strong>cur</strong></span> <span class='ocrx_word' id='word_1_182' title='bbox 507 2127 572 2172; x_wconf 94' lang='lat' dir='ltr'><strong>non</strong></span> <span class='ocrx_word' id='word_1_183' title='bbox 594 2115 660 2171; x_wconf 91' lang='lat' dir='ltr'><strong>tum</strong></span> <span class='ocrx_word' id='word_1_184' title='bbox 683 2108 716 2170; x_wconf 91' lang='lat' dir='ltr'><strong>in</strong></span> <span class='ocrx_word' id='word_1_185' title='bbox 739 2108 859 2171; x_wconf 90' lang='lat' dir='ltr'><strong>litteras</strong></span> <span class='ocrx_word' id='word_1_186' title='bbox 874 2106 1008 2170; x_wconf 92' lang='lat' dir='ltr'><strong>relatum</strong></span> <span class='ocrx_word' id='word_1_187' title='bbox 1030 2106 1080 2170; x_wconf 87' lang='lat' dir='ltr'><strong>sit</strong></span> <span class='ocrx_word' id='word_1_188' title='bbox 1124 2105 1176 2170; x_wconf 89' lang='grc'><strong>89.</strong></span> <span class='ocrx_word' id='word_1_189' title='bbox 1199 2110 1329 2174; x_wconf 89' lang='lat' dir='ltr'><strong>Manent</strong></span> <span class='ocrx_word' id='word_1_190' title='bbox 1349 2109 1429 2174; x_wconf 88' lang='lat' dir='ltr'><strong>istae</strong></span> <span class='ocrx_word' id='word_1_191' title='bbox 1450 2111 1535 2174; x_wconf 90' lang='lat' dir='ltr'><strong>litte·</strong></span> 
     </span>
     <span class='ocr_line' id='line_1_19' title="bbox 208 2201 1534 2280; baseline 0 -12"><span class='ocrx_word' id='word_1_192' title='bbox 208 2225 262 2270; x_wconf 89' lang='lat' dir='ltr'><strong>rae</strong></span> <span class='ocrx_word' id='word_1_193' title='bbox 284 2204 400 2280; x_wconf 90' lang='lat' dir='ltr'><strong>Mileti,</strong></span> <span class='ocrx_word' id='word_1_194' title='bbox 429 2209 560 2267; x_wconf 90' lang='lat' dir='ltr'><strong>manent</strong></span> <span class='ocrx_word' id='word_1_195' title='bbox 593 2208 641 2278; x_wconf 90' lang='lat' dir='ltr'><strong>et,</strong></span> <span class='ocrx_word' id='word_1_196' title='bbox 670 2201 746 2265; x_wconf 93' lang='lat' dir='ltr'><strong>dum</strong></span> <span class='ocrx_word' id='word_1_197' title='bbox 768 2202 828 2265; x_wconf 91' lang='lat' dir='ltr'><strong>erit</strong></span> <span class='ocrx_word' id='word_1_198' title='bbox 854 2201 910 2264; x_wconf 91' lang='lat' dir='ltr'><strong>illa</strong></span> <span class='ocrx_word' id='word_1_199' title='bbox 931 2201 1061 2277; x_wconf 85' lang='lat' dir='ltr'><strong>civitas,</strong></span> <span class='ocrx_word' id='word_1_200' title='bbox 1084 2203 1265 2267; x_wconf 88' lang='lat' dir='ltr'><strong>manebunt.</strong></span> <span class='ocrx_word' id='word_1_201' title='bbox 1309 2205 1426 2268; x_wconf 83' lang='lat' dir='ltr'><strong>Decem</strong></span> <span class='ocrx_word' id='word_1_202' title='bbox 1449 2205 1534 2268; x_wconf 90' lang='lat' dir='ltr'><strong>enim</strong></span> 
     </span>
     <span class='ocr_line' id='line_1_20' title="bbox 208 2294 1533 2383; baseline -0.002 -20"><span class='ocrx_word' id='word_1_203' title='bbox 208 2321 306 2364; x_wconf 86' lang='lat' dir='ltr'><strong>naves</strong></span> <span class='ocrx_word' id='word_1_204' title='bbox 336 2298 424 2362; x_wconf 84' lang='lat' dir='ltr'><strong>iussu</strong></span> <span class='ocrx_word' id='word_1_205' title='bbox 451 2298 487 2359; x_wconf 90' lang='lat' dir='ltr'><strong>L.</strong></span> <span class='ocrx_word' id='word_1_206' title='bbox 507 2298 659 2360; x_wconf 90' lang='lat' dir='ltr'><strong>Murenae</strong></span> <span class='ocrx_word' id='word_1_207' title='bbox 686 2296 825 2380; x_wconf 86' lang='lat' dir='ltr'><strong>populus</strong></span> <span class='ocrx_word' id='word_1_208' title='bbox 853 2294 997 2360; x_wconf 85' lang='lat' dir='ltr'><strong>Milesius</strong></span> <span class='ocrx_word' id='word_1_209' title='bbox 1019 2314 1060 2357; x_wconf 82' lang='lat' dir='ltr'><strong>ex</strong></span> <span class='ocrx_word' id='word_1_210' title='bbox 1085 2297 1221 2379; x_wconf 90' lang='lat' dir='ltr'><strong>pecunia</strong></span> <span class='ocrx_word' id='word_1_211' title='bbox 1242 2299 1388 2382; x_wconf 89' lang='lat' dir='ltr'><strong>vectigali</strong></span> <span class='ocrx_word' id='word_1_212' title='bbox 1409 2298 1533 2383; x_wconf 89' lang='lat' dir='ltr'><strong>populo</strong></span> 
     </span>
     <span class='ocr_line' id='line_1_21' title="bbox 208 2390 1572 2474; baseline 0 -18"><span class='ocrx_word' id='word_1_213' title='bbox 208 2395 350 2457; x_wconf 85' lang='lat' dir='ltr'><strong>Romano</strong></span> <span class='ocrx_word' id='word_1_214' title='bbox 380 2391 514 2466; x_wconf 84' lang='lat' dir='ltr'><strong>fecerat,</strong></span> <span class='ocrx_word' id='word_1_215' title='bbox 549 2393 631 2455; x_wconf 86' lang='lat' dir='ltr'><strong>sicut</strong></span> <span class='ocrx_word' id='word_1_216' title='bbox 658 2411 717 2474; x_wconf 93' lang='lat' dir='ltr'><strong>pro</strong></span> <span class='ocrx_word' id='word_1_217' title='bbox 747 2409 805 2454; x_wconf 91' lang='lat' dir='ltr'><strong>sua</strong></span> <span class='ocrx_word' id='word_1_218' title='bbox 828 2409 975 2474; x_wconf 88' lang='lat' dir='ltr'><strong>quaeque</strong></span> <span class='ocrx_word' id='word_1_219' title='bbox 1004 2397 1093 2472; x_wconf 90' lang='lat' dir='ltr'><strong>parte</strong></span> <span class='ocrx_word' id='word_1_220' title='bbox 1116 2390 1210 2455; x_wconf 80' lang='lat' dir='ltr'><strong>Asiae</strong></span> <span class='ocrx_word' id='word_1_221' title='bbox 1231 2399 1357 2456; x_wconf 86' lang='lat' dir='ltr'><strong>ceterae</strong></span> <span class='ocrx_word' id='word_1_222' title='bbox 1379 2393 1572 2467; x_wconf 72' lang='lat' dir='ltr'><strong>civitatense</strong></span> 
     </span>
     <span class='ocr_line' id='line_1_22' title="bbox 210 2484 1534 2568; baseline 0.002 -18"><span class='ocrx_word' id='word_1_223' title='bbox 210 2487 421 2564; x_wconf 86' lang='lat' dir='ltr'><strong>Quamobrem</strong></span> <span class='ocrx_word' id='word_1_224' title='bbox 443 2505 538 2549; x_wconf 91' lang='lat' dir='ltr'><strong>unam</strong></span> <span class='ocrx_word' id='word_1_225' title='bbox 561 2506 602 2548; x_wconf 80' lang='lat' dir='ltr'><strong>ex</strong></span> <span class='ocrx_word' id='word_1_226' title='bbox 622 2487 732 2549; x_wconf 88' lang='lat' dir='ltr'><strong>decem</strong></span> <span class='ocrx_word' id='word_1_227' title='bbox 753 2504 819 2548; x_wconf 91' lang='lat' dir='ltr'><strong>non</strong></span> <span class='ocrx_word' id='word_1_228' title='bbox 841 2484 1039 2567; x_wconf 90' lang='lat' dir='ltr'><strong>praedonum</strong></span> <span class='ocrx_word' id='word_1_229' title='bbox 1056 2485 1225 2568; x_wconf 90' lang='lat' dir='ltr'><strong>repentino</strong></span> <span class='ocrx_word' id='word_1_230' title='bbox 1246 2488 1394 2562; x_wconf 77' lang='lat' dir='ltr'><strong>adventu,</strong></span> <span class='ocrx_word' id='word_1_231' title='bbox 1417 2487 1473 2550; x_wconf 89' lang='lat' dir='ltr'><strong>sed</strong></span> <span class='ocrx_word' id='word_1_232' title='bbox 1487 2487 1534 2552; x_wconf 90' lang='lat' dir='ltr'><strong>le-</strong></span> 
     </span>
     <span class='ocr_line' id='line_1_23' title="bbox 209 2573 1541 2669; baseline -0.002 -23"><span class='ocrx_word' id='word_1_233' title='bbox 209 2582 273 2666; x_wconf 89' lang='lat' dir='ltr'><strong>gati</strong></span> <span class='ocrx_word' id='word_1_234' title='bbox 295 2580 472 2656; x_wconf 90' lang='lat' dir='ltr'><strong>latrocinio,</strong></span> <span class='ocrx_word' id='word_1_235' title='bbox 494 2599 560 2643; x_wconf 93' lang='lat' dir='ltr'><strong>non</strong></span> <span class='ocrx_word' id='word_1_236' title='bbox 577 2581 609 2644; x_wconf 86' lang='lat' dir='ltr'><strong>vi</strong></span> <span class='ocrx_word' id='word_1_237' title='bbox 632 2579 838 2663; x_wconf 88' lang='lat' dir='ltr'><strong>tempestatis,</strong></span> <span class='ocrx_word' id='word_1_238' title='bbox 861 2578 918 2641; x_wconf 90' lang='lat' dir='ltr'><strong>sed</strong></span> <span class='ocrx_word' id='word_1_239' title='bbox 932 2577 992 2669; x_wconf 89' lang='lat' dir='ltr'><strong>bac</strong></span> <span class='ocrx_word' id='word_1_240' title='bbox 1006 2579 1153 2650; x_wconf 90' lang='lat' dir='ltr'><strong>horribili</strong></span> <span class='ocrx_word' id='word_1_241' title='bbox 1167 2587 1357 2664; x_wconf 89' lang='lat' dir='ltr'><strong>tempestate</strong></span> <span class='ocrx_word' id='word_1_242' title='bbox 1371 2573 1541 2644; x_wconf 46' lang='lat' dir='ltr'><strong>sociorum*</strong></span> 
     </span>
     <span class='ocr_line' id='line_1_24' title="bbox 209 2671 1534 2758; baseline 0 -19"><span class='ocrx_word' id='word_1_243' title='bbox 209 2677 356 2740; x_wconf 91' lang='lat' dir='ltr'><strong>amissam</strong></span> <span class='ocrx_word' id='word_1_244' title='bbox 378 2675 411 2736; x_wconf 94' lang='lat' dir='ltr'><strong>in</strong></span> <span class='ocrx_word' id='word_1_245' title='bbox 432 2674 554 2738; x_wconf 88' lang='lat' dir='ltr'><strong>litteras</strong></span> <span class='ocrx_word' id='word_1_246' title='bbox 576 2675 719 2758; x_wconf 85' lang='lat' dir='ltr'><strong>publicas</strong></span> <span class='ocrx_word' id='word_1_247' title='bbox 740 2673 939 2736; x_wconf 85' lang='lat' dir='ltr'><strong>rettulerunt</strong></span> <span class='ocrx_word' id='word_1_248' title='bbox 973 2671 1024 2735; x_wconf 87' lang='grc'><strong>90.</strong></span> <span class='ocrx_word' id='word_1_249' title='bbox 1049 2674 1129 2737; x_wconf 93' lang='lat' dir='ltr'><strong>Sunt</strong></span> <span class='ocrx_word' id='word_1_250' title='bbox 1148 2674 1269 2738; x_wconf 86' lang='lat' dir='ltr'><strong>Romae</strong></span> <span class='ocrx_word' id='word_1_251' title='bbox 1289 2676 1386 2758; x_wconf 89' lang='lat' dir='ltr'><strong>legati</strong></span> <span class='ocrx_word' id='word_1_252' title='bbox 1408 2675 1534 2752; x_wconf 86' lang='lat' dir='ltr'><strong>Milesii,</strong></span> 
     </span>
     <span class='ocr_line' id='line_1_25' title="bbox 207 2765 1535 2853; baseline 0 -19"><span class='ocrx_word' id='word_1_253' title='bbox 207 2769 351 2834; x_wconf 88' lang='lat' dir='ltr'><strong>homines</strong></span> <span class='ocrx_word' id='word_1_254' title='bbox 372 2765 565 2831; x_wconf 87' lang='lat' dir='ltr'><strong>nobilissimi</strong></span> <span class='ocrx_word' id='word_1_255' title='bbox 587 2789 624 2832; x_wconf 92' lang='lat' dir='ltr'><strong>ac</strong></span> <span class='ocrx_word' id='word_1_256' title='bbox 645 2769 806 2852; x_wconf 89' lang='lat' dir='ltr'><strong>principes</strong></span> <span class='ocrx_word' id='word_1_257' title='bbox 828 2768 980 2844; x_wconf 90' lang='lat' dir='ltr'><strong>civitatis,</strong></span> <span class='ocrx_word' id='word_1_258' title='bbox 1004 2769 1076 2853; x_wconf 92' lang='lat' dir='ltr'><strong>qui,</strong></span> <span class='ocrx_word' id='word_1_259' title='bbox 1098 2770 1224 2834; x_wconf 87' lang='lat' dir='ltr'><strong>tametsi</strong></span> <span class='ocrx_word' id='word_1_260' title='bbox 1240 2789 1382 2834; x_wconf 89' lang='lat' dir='ltr'><strong>mensem</strong></span> <span class='ocrx_word' id='word_1_261' title='bbox 1397 2769 1535 2834; x_wconf 86' lang='lat' dir='ltr'><strong>Februa-</strong></span> 
     </span>
     <span class='ocr_line' id='line_1_26' title="bbox 206 2863 1574 2946; baseline 0.001 -20"><span class='ocrx_word' id='word_1_262' title='bbox 206 2865 286 2927; x_wconf 91' lang='lat' dir='ltr'><strong>rium</strong></span> <span class='ocrx_word' id='word_1_263' title='bbox 315 2870 348 2927; x_wconf 91' lang='lat' dir='ltr'><strong>et</strong></span> <span class='ocrx_word' id='word_1_264' title='bbox 375 2863 542 2926; x_wconf 88' lang='lat' dir='ltr'><strong>consulum</strong></span> <span class='ocrx_word' id='word_1_265' title='bbox 570 2863 807 2946; x_wconf 89' lang='lat' dir='ltr'><strong>designatorum</strong></span> <span class='ocrx_word' id='word_1_266' title='bbox 828 2882 946 2925; x_wconf 89' lang='lat' dir='ltr'><strong>nomen</strong></span> <span class='ocrx_word' id='word_1_267' title='bbox 968 2871 1171 2946; x_wconf 80' lang='lat' dir='ltr'><strong>exspectant,</strong></span> <span class='ocrx_word' id='word_1_268' title='bbox 1199 2872 1306 2929; x_wconf 88' lang='lat' dir='ltr'><strong>tamen</strong></span> <span class='ocrx_word' id='word_1_269' title='bbox 1327 2866 1390 2929; x_wconf 88' lang='lat' dir='ltr'><strong>boo</strong></span> <span class='ocrx_word' id='word_1_270' title='bbox 1411 2873 1574 2938; x_wconf 66' lang='lat' dir='ltr'><strong>tantumne</strong></span> 
     </span>
     <span class='ocr_line' id='line_1_27' title="bbox 204 2956 1534 3044; baseline 0.002 -24"><span class='ocrx_word' id='word_1_271' title='bbox 204 2957 328 3022; x_wconf 80' lang='lat' dir='ltr'><strong>facinus</strong></span> <span class='ocrx_word' id='word_1_272' title='bbox 356 2976 422 3020; x_wconf 93' lang='lat' dir='ltr'><strong>non</strong></span> <span class='ocrx_word' id='word_1_273' title='bbox 451 2957 547 3020; x_wconf 94' lang='lat' dir='ltr'><strong>modo</strong></span> <span class='ocrx_word' id='word_1_274' title='bbox 568 2977 684 3040; x_wconf 88' lang='lat' dir='ltr'><strong>negare</strong></span> <span class='ocrx_word' id='word_1_275' title='bbox 706 2956 912 3040; x_wconf 89' lang='lat' dir='ltr'><strong>interrogati,</strong></span> <span class='ocrx_word' id='word_1_276' title='bbox 939 2956 1057 3020; x_wconf 89' lang='lat' dir='ltr'><strong>sedne</strong></span> <span class='ocrx_word' id='word_1_277' title='bbox 1079 2959 1226 3041; x_wconf 88' lang='lat' dir='ltr'><strong>producti</strong></span> <span class='ocrx_word' id='word_1_278' title='bbox 1249 2960 1380 3044; x_wconf 89' lang='lat' dir='ltr'><strong>quidem</strong></span> <span class='ocrx_word' id='word_1_279' title='bbox 1402 2959 1534 3022; x_wconf 89' lang='lat' dir='ltr'><strong>reticere</strong></span> 
     </span>
     <span class='ocr_line' id='line_1_28' title="bbox 205 3049 1535 3138; baseline 0 -22"><span class='ocrx_word' id='word_1_280' title='bbox 205 3059 371 3136; x_wconf 88' lang='lat' dir='ltr'><strong>poterunt:</strong></span> <span class='ocrx_word' id='word_1_281' title='bbox 402 3051 524 3127; x_wconf 84' lang='lat' dir='ltr'><strong>dicent,</strong></span> <span class='ocrx_word' id='word_1_282' title='bbox 545 3052 693 3134; x_wconf 91' lang='lat' dir='ltr'><strong>inquam,</strong></span> <span class='ocrx_word' id='word_1_283' title='bbox 723 3058 755 3114; x_wconf 93' lang='lat' dir='ltr'><strong>et</strong></span> <span class='ocrx_word' id='word_1_284' title='bbox 775 3049 931 3133; x_wconf 91' lang='lat' dir='ltr'><strong>religione</strong></span> <span class='ocrx_word' id='word_1_285' title='bbox 954 3053 1083 3116; x_wconf 91' lang='lat' dir='ltr'><strong>adducti</strong></span> <span class='ocrx_word' id='word_1_286' title='bbox 1105 3060 1139 3117; x_wconf 88' lang='lat' dir='ltr'><strong>et</strong></span> <span class='ocrx_word' id='word_1_287' title='bbox 1159 3054 1406 3118; x_wconf 87' lang='lat' dir='ltr'><strong>domesticarum</strong></span> <span class='ocrx_word' id='word_1_288' title='bbox 1428 3054 1535 3138; x_wconf 86' lang='lat' dir='ltr'><strong>legum</strong></span> 
     </span>
     <span class='ocr_line' id='line_1_29' title="bbox 206 3144 1535 3232; baseline 0.002 -22"><span class='ocrx_word' id='word_1_289' title='bbox 206 3154 309 3222; x_wconf 92' lang='lat' dir='ltr'><strong>metu,</strong></span> <span class='ocrx_word' id='word_1_290' title='bbox 333 3144 412 3232; x_wconf 94' lang='lat' dir='ltr'><strong>quid</strong></span> <span class='ocrx_word' id='word_1_291' title='bbox 433 3145 488 3208; x_wconf 94' lang='lat' dir='ltr'><strong>illo</strong></span> <span class='ocrx_word' id='word_1_292' title='bbox 511 3165 707 3231; x_wconf 76' lang='lat' dir='ltr'><strong>myoparone</strong></span> <span class='ocrx_word' id='word_1_293' title='bbox 726 3144 844 3208; x_wconf 84' lang='lat' dir='ltr'><strong>factum</strong></span> <span class='ocrx_word' id='word_1_294' title='bbox 859 3145 915 3208; x_wconf 87' lang='lat' dir='ltr'><strong>sit:</strong></span> <span class='ocrx_word' id='word_1_295' title='bbox 939 3148 1109 3212; x_wconf 89' lang='lat' dir='ltr'><strong>ostendent</strong></span> <span class='ocrx_word' id='word_1_296' title='bbox 1125 3148 1158 3212; x_wconf 87' lang='lat' dir='ltr'><strong>C.</strong></span> <span class='ocrx_word' id='word_1_297' title='bbox 1173 3150 1302 3212; x_wconf 87' lang='lat' dir='ltr'><strong>Verrem</strong></span> <span class='ocrx_word' id='word_1_298' title='bbox 1318 3149 1352 3210; x_wconf 90' lang='lat' dir='ltr'><strong>in</strong></span> <span class='ocrx_word' id='word_1_299' title='bbox 1368 3148 1535 3224; x_wconf 84' lang='lat' dir='ltr'><strong>caelasse,</strong></span> 
     </span>
     <span class='ocr_line' id='line_1_30' title="bbox 206 3237 1514 3327; baseline 0.001 -21"><span class='ocrx_word' id='word_1_300' title='bbox 206 3261 289 3327; x_wconf 94' lang='lat' dir='ltr'><strong>quae</strong></span> <span class='ocrx_word' id='word_1_301' title='bbox 312 3247 422 3306; x_wconf 89' lang='lat' dir='ltr'><strong>contra</strong></span> <span class='ocrx_word' id='word_1_302' title='bbox 442 3241 561 3324; x_wconf 90' lang='lat' dir='ltr'><strong>piratas</strong></span> <span class='ocrx_word' id='word_1_303' title='bbox 583 3237 748 3304; x_wconf 85' lang='lat' dir='ltr'><strong>aedificata</strong></span> <span class='ocrx_word' id='word_1_304' title='bbox 769 3238 825 3314; x_wconf 91' lang='lat' dir='ltr'><strong>sit,</strong></span> <span class='ocrx_word' id='word_1_305' title='bbox 847 3240 983 3322; x_wconf 91' lang='lat' dir='ltr'><strong>piratam</strong></span> <span class='ocrx_word' id='word_1_306' title='bbox 1004 3242 1111 3325; x_wconf 88' lang='lat' dir='ltr'><strong>ipsum</strong></span> <span class='ocrx_word' id='word_1_307' title='bbox 1132 3242 1383 3308; x_wconf 87' lang='lat' dir='ltr'><strong>consceleratum</strong></span> <span class='ocrx_word' id='word_1_308' title='bbox 1404 3241 1514 3307; x_wconf 77' lang='lat' dir='ltr'><strong>finisse</strong></span> 
     </span>
     <span class='ocr_line' id='line_1_31' title="bbox 291 3333 1691 3428; baseline -0.001 -30"><span class='ocrx_word' id='word_1_309' title='bbox 291 3333 437 3398; x_wconf 84' lang='lat' dir='ltr'><strong>XXXVI.</strong></span> <span class='ocrx_word' id='word_1_310' title='bbox 473 3334 505 3398; x_wconf 87' lang='lat' dir='ltr'><strong>C.</strong></span> <span class='ocrx_word' id='word_1_311' title='bbox 535 3335 701 3410; x_wconf 87' lang='lat' dir='ltr'><strong>Malleolo,</strong></span> <span class='ocrx_word' id='word_1_312' title='bbox 732 3340 903 3428; x_wconf 79' lang='lat' dir='ltr'><strong>quaestore</strong></span> <span class='ocrx_word' id='word_1_313' title='bbox 930 3335 986 3399; x_wconf 87' lang='lat' dir='ltr'><strong>Cn.</strong></span> <span class='ocrx_word' id='word_1_314' title='bbox 1008 3336 1208 3413; x_wconf 87' lang='lat' dir='ltr'><strong>Dolabellae,</strong></span> <span class='ocrx_word' id='word_1_315' title='bbox 1238 3337 1344 3401; x_wconf 89' lang='lat' dir='ltr'><strong>occiso</strong></span> <span class='ocrx_word' id='word_1_316' title='bbox 1372 3337 1452 3400; x_wconf 91' lang='lat' dir='ltr'><strong>duas</strong></span> <span class='ocrx_word' id='word_1_317' title='bbox 1475 3337 1574 3407; x_wconf 79' lang='lat' dir='ltr'><strong>sibiae</strong></span> <span class='ocrx_word' id='word_1_318' title='bbox 1680 3381 1691 3397; x_wconf 84' lang='lat'><strong>.</strong></span> 
     </span>
    </p>

    <p class='ocr_par' dir='ltr' id='par_1_6' title="bbox 206 3429 1672 3608">
     <span class='ocr_line' id='line_1_32' title="bbox 206 3429 1672 3525; baseline 0.002 -32"><span class='ocrx_word' id='word_1_319' title='bbox 206 3429 399 3518; x_wconf 62' lang='lat' dir='ltr'><strong>hereditates</strong></span> <span class='ocrx_word' id='word_1_320' title='bbox 421 3431 546 3494; x_wconf 81' lang='lat' dir='ltr'><strong>venisse</strong></span> <span class='ocrx_word' id='word_1_321' title='bbox 569 3429 738 3494; x_wconf 88' lang='lat' dir='ltr'><strong>arbitratus</strong></span> <span class='ocrx_word' id='word_1_322' title='bbox 761 3436 825 3504; x_wconf 88' lang='lat' dir='ltr'><strong>est,</strong></span> <span class='ocrx_word' id='word_1_323' title='bbox 848 3447 945 3492; x_wconf 91' lang='lat' dir='ltr'><strong>unam</strong></span> <span class='ocrx_word' id='word_1_324' title='bbox 967 3431 1169 3514; x_wconf 88' lang='lat' dir='ltr'><strong>quaestoriae</strong></span> <span class='ocrx_word' id='word_1_325' title='bbox 1189 3431 1441 3515; x_wconf 86' lang='lat' dir='ltr'><strong>procurationis;</strong></span> <span class='ocrx_word' id='word_1_326' title='bbox 1463 3451 1536 3496; x_wconf 92' lang='lat' dir='ltr'><strong>nam</strong></span> <span class='ocrx_word' id='word_1_327' title='bbox 1644 3455 1672 3525; x_wconf 81' lang='lat'><strong>.·‘</strong></span> 
     </span>
     <span class='ocr_line' id='line_1_33' title="bbox 208 3523 1537 3608; baseline 0.002 -20"><span class='ocrx_word' id='word_1_328' title='bbox 208 3545 228 3588; x_wconf 91' lang='lat' dir='ltr'><strong>a</strong></span> <span class='ocrx_word' id='word_1_329' title='bbox 248 3523 414 3587; x_wconf 88' lang='lat' dir='ltr'><strong>Dolabella</strong></span> <span class='ocrx_word' id='word_1_330' title='bbox 435 3525 542 3588; x_wconf 90' lang='lat' dir='ltr'><strong>statim</strong></span> <span class='ocrx_word' id='word_1_331' title='bbox 562 3543 621 3608; x_wconf 89' lang='lat' dir='ltr'><strong>pro</strong></span> <span class='ocrx_word' id='word_1_332' title='bbox 644 3529 813 3607; x_wconf 87' lang='lat' dir='ltr'><strong>quaestore</strong></span> <span class='ocrx_word' id='word_1_333' title='bbox 835 3523 940 3586; x_wconf 90' lang='lat' dir='ltr'><strong>iussus</strong></span> <span class='ocrx_word' id='word_1_334' title='bbox 962 3529 1010 3586; x_wconf 89' lang='lat' dir='ltr'><strong>est</strong></span> <span class='ocrx_word' id='word_1_335' title='bbox 1029 3543 1120 3587; x_wconf 85' lang='lat' dir='ltr'><strong>esse:</strong></span> <span class='ocrx_word' id='word_1_336' title='bbox 1142 3525 1274 3588; x_wconf 88' lang='lat' dir='ltr'><strong>alteram</strong></span> <span class='ocrx_word' id='word_1_337' title='bbox 1292 3526 1410 3592; x_wconf 85' lang='lat' dir='ltr'><strong>tutelae</strong></span> <span class='ocrx_word' id='word_1_338' title='bbox 1427 3549 1436 3605; x_wconf 91' lang='lat'>;</span> <span class='ocrx_word' id='word_1_339' title='bbox 1462 3547 1537 3590; x_wconf 90' lang='lat' dir='ltr'><strong>nam</strong></span> 
     </span>
    </p>

    <p class='ocr_par' dir='ltr' id='par_1_7' title="bbox 99 3607 1678 4367">
     <span class='ocr_line' id='line_1_34' title="bbox 99 3607 1535 3703; baseline 0.001 -21"><span class='ocrx_word' id='word_1_340' title='bbox 99 3699 101 3703; x_wconf 23' lang='grc' dir='ltr'>Ι</span> <span class='ocrx_word' id='word_1_341' title='bbox 209 3638 282 3682; x_wconf 90' lang='lat' dir='ltr'><strong>cum</strong></span> <span class='ocrx_word' id='word_1_342' title='bbox 302 3617 417 3701; x_wconf 93' lang='lat' dir='ltr'><strong>pupilli</strong></span> <span class='ocrx_word' id='word_1_343' title='bbox 439 3617 579 3682; x_wconf 92' lang='lat' dir='ltr'><strong>Malleoli</strong></span> <span class='ocrx_word' id='word_1_344' title='bbox 602 3624 809 3692; x_wconf 86' lang='lat' dir='ltr'><strong>tutoreseet,</strong></span> <span class='ocrx_word' id='word_1_345' title='bbox 831 3618 865 3680; x_wconf 94' lang='lat' dir='ltr'><strong>in</strong></span> <span class='ocrx_word' id='word_1_346' title='bbox 885 3617 972 3681; x_wconf 89' lang='lat' dir='ltr'><strong>bona</strong></span> <span class='ocrx_word' id='word_1_347' title='bbox 993 3618 1062 3681; x_wconf 85' lang='lat' dir='ltr'><strong>eius</strong></span> <span class='ocrx_word' id='word_1_348' title='bbox 1083 3607 1240 3703; x_wconf 81' lang='lat' dir='ltr'><strong>impetum</strong></span> <span class='ocrx_word' id='word_1_349' title='bbox 1259 3618 1345 3683; x_wconf 83' lang='lat' dir='ltr'><strong>lecit.</strong></span> <span class='ocrx_word' id='word_1_350' title='bbox 1389 3616 1440 3684; x_wconf 89' lang='grc'><strong>94.</strong></span> <span class='ocrx_word' id='word_1_351' title='bbox 1456 3623 1535 3685; x_wconf 82' lang='lat' dir='ltr'><strong>llam</strong></span> 
     </span>
     <span class='ocr_line' id='line_1_35' title="bbox 208 3711 1537 3800; baseline -0.001 -21"><span class='ocrx_word' id='word_1_352' title='bbox 208 3713 376 3779; x_wconf 88' lang='lat' dir='ltr'><strong>Malleolus</strong></span> <span class='ocrx_word' id='word_1_353' title='bbox 403 3713 438 3776; x_wconf 93' lang='lat' dir='ltr'><strong>in</strong></span> <span class='ocrx_word' id='word_1_354' title='bbox 467 3714 663 3796; x_wconf 86' lang='lat' dir='ltr'><strong>provinciam</strong></span> <span class='ocrx_word' id='word_1_355' title='bbox 692 3713 737 3776; x_wconf 88' lang='lat' dir='ltr'><strong>sio</strong></span> <span class='ocrx_word' id='word_1_356' title='bbox 765 3712 894 3795; x_wconf 85' lang='lat' dir='ltr'><strong>copiose</strong></span> <span class='ocrx_word' id='word_1_357' title='bbox 922 3711 1083 3796; x_wconf 82' lang='lat' dir='ltr'><strong>profectus</strong></span> <span class='ocrx_word' id='word_1_358' title='bbox 1113 3721 1197 3790; x_wconf 90' lang='lat' dir='ltr'><strong>erat,</strong></span> <span class='ocrx_word' id='word_1_359' title='bbox 1229 3721 1266 3777; x_wconf 94' lang='lat' dir='ltr'><strong>ut</strong></span> <span class='ocrx_word' id='word_1_360' title='bbox 1294 3715 1381 3778; x_wconf 92' lang='lat' dir='ltr'><strong>domi</strong></span> <span class='ocrx_word' id='word_1_361' title='bbox 1406 3735 1537 3800; x_wconf 82' lang='lat' dir='ltr'><strong>prorsus</strong></span> 
     </span>
     <span class='ocr_line' id='line_1_36' title="bbox 208 3807 1576 3896; baseline 0.005 -24"><span class='ocrx_word' id='word_1_362' title='bbox 208 3809 289 3872; x_wconf 93' lang='lat' dir='ltr'><strong>nibil</strong></span> <span class='ocrx_word' id='word_1_363' title='bbox 310 3808 526 3893; x_wconf 87' lang='lat' dir='ltr'><strong>relinqueret:</strong></span> <span class='ocrx_word' id='word_1_364' title='bbox 548 3816 713 3892; x_wconf 88' lang='lat' dir='ltr'><strong>practerea</strong></span> <span class='ocrx_word' id='word_1_365' title='bbox 733 3807 885 3891; x_wconf 87' lang='lat' dir='ltr'><strong>pecunias</strong></span> <span class='ocrx_word' id='word_1_366' title='bbox 909 3815 1087 3890; x_wconf 88' lang='lat' dir='ltr'><strong>occuparat·</strong></span> <span class='ocrx_word' id='word_1_367' title='bbox 1100 3808 1187 3896; x_wconf 79' lang='lat' dir='ltr'><strong>apud</strong></span> <span class='ocrx_word' id='word_1_368' title='bbox 1209 3809 1347 3894; x_wconf 90' lang='lat' dir='ltr'><strong>populos</strong></span> <span class='ocrx_word' id='word_1_369' title='bbox 1363 3818 1395 3874; x_wconf 88' lang='lat' dir='ltr'><strong>et</strong></span> <span class='ocrx_word' id='word_1_370' title='bbox 1409 3830 1576 3896; x_wconf 55' lang='lat' dir='ltr'><strong>spuma-³5</strong></span> 
     </span>
     <span class='ocr_line' id='line_1_37' title="bbox 208 3900 1538 3988; baseline 0.002 -22"><span class='ocrx_word' id='word_1_371' title='bbox 208 3904 288 3987; x_wconf 91' lang='lat' dir='ltr'><strong>phas</strong></span> <span class='ocrx_word' id='word_1_372' title='bbox 307 3903 445 3968; x_wconf 82' lang='lat' dir='ltr'><strong>fecerat:</strong></span> <span class='ocrx_word' id='word_1_373' title='bbox 467 3903 589 3986; x_wconf 90' lang='lat' dir='ltr'><strong>argenti</strong></span> <span class='ocrx_word' id='word_1_374' title='bbox 612 3901 723 3986; x_wconf 92' lang='lat' dir='ltr'><strong>optimi</strong></span> <span class='ocrx_word' id='word_1_375' title='bbox 747 3900 860 3965; x_wconf 88' lang='lat' dir='ltr'><strong>caelati</strong></span> <span class='ocrx_word' id='word_1_376' title='bbox 881 3902 1000 3982; x_wconf 88' lang='lat' dir='ltr'><strong>grande</strong></span> <span class='ocrx_word' id='word_1_377' title='bbox 1021 3903 1149 3984; x_wconf 91' lang='lat' dir='ltr'><strong>pondus</strong></span> <span class='ocrx_word' id='word_1_378' title='bbox 1165 3923 1273 3966; x_wconf 89' lang='lat' dir='ltr'><strong>secum</strong></span> <span class='ocrx_word' id='word_1_379' title='bbox 1293 3905 1430 3968; x_wconf 88' lang='lat' dir='ltr'><strong>tulerat:</strong></span> <span class='ocrx_word' id='word_1_380' title='bbox 1454 3903 1538 3988; x_wconf 87' lang='lat' dir='ltr'><strong>(nam</strong></span> 
     </span>
     <span class='ocr_line' id='line_1_38' title="bbox 209 3993 1678 4084; baseline -0.001 -24"><span class='ocrx_word' id='word_1_381' title='bbox 209 3998 264 4061; x_wconf 91' lang='lat' dir='ltr'><strong>ille</strong></span> <span class='ocrx_word' id='word_1_382' title='bbox 285 4017 416 4083; x_wconf 91' lang='lat' dir='ltr'><strong>quoque</strong></span> <span class='ocrx_word' id='word_1_383' title='bbox 438 3997 557 4061; x_wconf 92' lang='lat' dir='ltr'><strong>sodalis</strong></span> <span class='ocrx_word' id='word_1_384' title='bbox 578 3997 671 4060; x_wconf 88' lang='lat' dir='ltr'><strong>istius</strong></span> <span class='ocrx_word' id='word_1_385' title='bbox 693 4002 762 4060; x_wconf 89' lang='lat' dir='ltr'><strong>erat</strong></span> <span class='ocrx_word' id='word_1_386' title='bbox 781 3994 816 4057; x_wconf 91' lang='lat' dir='ltr'><strong>in</strong></span> <span class='ocrx_word' id='word_1_387' title='bbox 837 3993 899 4084; x_wconf 78' lang='lat' dir='ltr'><strong>boc</strong></span> <span class='ocrx_word' id='word_1_388' title='bbox 921 3996 1032 4059; x_wconf 91' lang='lat' dir='ltr'><strong>morbo</strong></span> <span class='ocrx_word' id='word_1_389' title='bbox 1049 4004 1081 4061; x_wconf 89' lang='lat' dir='ltr'><strong>ct</strong></span> <span class='ocrx_word' id='word_1_390' title='bbox 1097 3998 1272 4080; x_wconf 90' lang='lat' dir='ltr'><strong>cupiditate</strong></span> <span class='ocrx_word' id='word_1_391' title='bbox 1280 3996 1300 4082; x_wconf 67' lang='grc' dir='ltr'><strong>ς)</strong></span> <span class='ocrx_word' id='word_1_392' title='bbox 1323 4000 1441 4083; x_wconf 81' lang='lat' dir='ltr'><strong>grande</strong></span> <span class='ocrx_word' id='word_1_393' title='bbox 1458 4019 1539 4082; x_wconf 90' lang='lat' dir='ltr'><strong>pon·</strong></span> <span class='ocrx_word' id='word_1_394' title='bbox 1663 4006 1678 4058; x_wconf 78' lang='lat'><strong>.‘</strong></span> 
     </span>
     <span class='ocr_line' id='line_1_39' title="bbox 209 4088 1539 4176; baseline 0 -20"><span class='ocrx_word' id='word_1_395' title='bbox 209 4094 268 4156; x_wconf 91' lang='lat' dir='ltr'><strong>dus</strong></span> <span class='ocrx_word' id='word_1_396' title='bbox 290 4092 430 4176; x_wconf 88' lang='lat' dir='ltr'><strong>argenti,</strong></span> <span class='ocrx_word' id='word_1_397' title='bbox 451 4091 604 4156; x_wconf 82' lang='lat' dir='ltr'><strong>familiam</strong></span> <span class='ocrx_word' id='word_1_398' title='bbox 626 4109 792 4174; x_wconf 86' lang='lat' dir='ltr'><strong>magnam,</strong></span> <span class='ocrx_word' id='word_1_399' title='bbox 814 4089 931 4152; x_wconf 90' lang='lat' dir='ltr'><strong>multos</strong></span> <span class='ocrx_word' id='word_1_400' title='bbox 953 4088 1106 4165; x_wconf 87' lang='lat' dir='ltr'><strong>artifices,</strong></span> <span class='ocrx_word' id='word_1_401' title='bbox 1129 4092 1247 4155; x_wconf 90' lang='lat' dir='ltr'><strong>multos</strong></span> <span class='ocrx_word' id='word_1_402' title='bbox 1264 4091 1422 4158; x_wconf 80' lang='lat' dir='ltr'><strong>formosos</strong></span> <span class='ocrx_word' id='word_1_403' title='bbox 1435 4092 1539 4157; x_wconf 90' lang='lat' dir='ltr'><strong>borni·</strong></span> 
     </span>
     <span class='ocr_line' id='line_1_40' title="bbox 209 4179 1538 4272; baseline 0.001 -23"><span class='ocrx_word' id='word_1_404' title='bbox 209 4207 266 4251; x_wconf 88' lang='lat' dir='ltr'><strong>nes</strong></span> <span class='ocrx_word' id='word_1_405' title='bbox 286 4187 425 4272; x_wconf 90' lang='lat' dir='ltr'><strong>reliquit.</strong></span> <span class='ocrx_word' id='word_1_406' title='bbox 467 4185 656 4272; x_wconf 88' lang='lat' dir='ltr'><strong>Iste,&#39;quod</strong></span> <span class='ocrx_word' id='word_1_407' title='bbox 678 4183 801 4268; x_wconf 89' lang='lat' dir='ltr'><strong>argenti</strong></span> <span class='ocrx_word' id='word_1_408' title='bbox 824 4183 960 4265; x_wconf 88' lang='lat' dir='ltr'><strong>placuit,</strong></span> <span class='ocrx_word' id='word_1_409' title='bbox 982 4185 1117 4264; x_wconf 83' lang='lat' dir='ltr'><strong>invasit:</strong></span> <span class='ocrx_word' id='word_1_410' title='bbox 1141 4205 1225 4270; x_wconf 87' lang='lat' dir='ltr'><strong>quae</strong></span> <span class='ocrx_word' id='word_1_411' title='bbox 1247 4179 1406 4270; x_wconf 87' lang='lat' dir='ltr'><strong>mancipia</strong></span> <span class='ocrx_word' id='word_1_412' title='bbox 1425 4187 1538 4262; x_wconf 88' lang='lat' dir='ltr'><strong>voluit,</strong></span> 
     </span>
     <span class='ocr_line' id='line_1_41' title="bbox 209 4277 1577 4367; baseline -0.001 -21"><span class='ocrx_word' id='word_1_413' title='bbox 209 4281 357 4346; x_wconf 77' lang='lat' dir='ltr'><strong>abduxita</strong></span> <span class='ocrx_word' id='word_1_414' title='bbox 380 4282 454 4348; x_wconf 84' lang='lat' dir='ltr'><strong>rina</strong></span> <span class='ocrx_word' id='word_1_415' title='bbox 476 4289 663 4365; x_wconf 89' lang='lat' dir='ltr'><strong>ceteraque,</strong></span> <span class='ocrx_word' id='word_1_416' title='bbox 686 4298 769 4364; x_wconf 87' lang='lat' dir='ltr'><strong>quae</strong></span> <span class='ocrx_word' id='word_1_417' title='bbox 790 4277 824 4341; x_wconf 93' lang='lat' dir='ltr'><strong>in</strong></span> <span class='ocrx_word' id='word_1_418' title='bbox 845 4277 922 4342; x_wconf 77' lang='lat' dir='ltr'><strong>Asia</strong></span> <span class='ocrx_word' id='word_1_419' title='bbox 942 4277 1094 4344; x_wconf 87' lang='lat' dir='ltr'><strong>facillime</strong></span> <span class='ocrx_word' id='word_1_420' title='bbox 1115 4285 1357 4364; x_wconf 90' lang='lat' dir='ltr'><strong>comparantur,</strong></span> <span class='ocrx_word' id='word_1_421' title='bbox 1379 4301 1461 4367; x_wconf 88' lang='lat' dir='ltr'><strong>qnae</strong></span> <span class='ocrx_word' id='word_1_422' title='bbox 1482 4279 1577 4354; x_wconf 69' lang='lat' dir='ltr'><strong>illcac</strong></span> 
     </span>
    </p>
   </div>
   <div class='ocr_carea' id='block_1_4' title="bbox 208 4555 1539 5228">
    <p class='ocr_par' dir='ltr' id='par_1_8' title="bbox 208 4555 1539 5228">
     <span class='ocr_line' id='line_1_42' title="bbox 274 4555 1536 4624; baseline -0.002 -12"><span class='ocrx_word' id='word_1_423' title='bbox 274 4561 299 4612; x_wconf 69' lang='grc' dir='ltr'><strong>Ξ.</strong></span> <span class='ocrx_word' id='word_1_424' title='bbox 318 4562 339 4612; x_wconf 85' lang='lat' dir='ltr'><strong>sl</strong></span> <span class='ocrx_word' id='word_1_425' title='bbox 354 4560 419 4612; x_wconf 82' lang='lat' dir='ltr'><strong>bom.</strong></span> <span class='ocrx_word' id='word_1_426' title='bbox 438 4560 470 4610; x_wconf 84' lang='lat' dir='ltr'><strong>Gt</strong></span> <span class='ocrx_word' id='word_1_427' title='bbox 483 4559 610 4624; x_wconf 65' lang='lat' dir='ltr'><strong>matti,</strong></span> <span class='ocrx_word' id='word_1_428' title='bbox 628 4556 715 4610; x_wconf 88' lang='lat' dir='ltr'><strong>Madv.</strong></span> <span class='ocrx_word' id='word_1_429' title='bbox 735 4555 768 4608; x_wconf 91' lang='lat' dir='ltr'><strong>de</strong></span> <span class='ocrx_word' id='word_1_430' title='bbox 785 4558 846 4608; x_wconf 80' lang='lat' dir='ltr'><strong>Asc.</strong></span> <span class='ocrx_word' id='word_1_431' title='bbox 864 4559 932 4622; x_wconf 76' lang='lat' dir='ltr'><strong>App.</strong></span> <span class='ocrx_word' id='word_1_432' title='bbox 950 4569 977 4621; x_wconf 92' lang='lat' dir='ltr'><strong>p.</strong></span> <span class='ocrx_word' id='word_1_433' title='bbox 996 4555 1044 4608; x_wconf 82' lang='lat'><strong>33:</strong></span> <span class='ocrx_word' id='word_1_434' title='bbox 1066 4557 1087 4606; x_wconf 81' lang='lat' dir='ltr'><strong>at</strong></span> <span class='ocrx_word' id='word_1_435' title='bbox 1105 4561 1128 4608; x_wconf 81' lang='lat' dir='ltr'><strong>te</strong></span> <span class='ocrx_word' id='word_1_436' title='bbox 1144 4557 1209 4608; x_wconf 80' lang='lat' dir='ltr'><strong>born.</strong></span> <span class='ocrx_word' id='word_1_437' title='bbox 1229 4557 1277 4609; x_wconf 88' lang='lat' dir='ltr'><strong>dtt.</strong></span> <span class='ocrx_word' id='word_1_438' title='bbox 1295 4559 1325 4610; x_wconf 91' lang='lat'><strong>0.</strong></span> <span class='ocrx_word' id='word_1_439' title='bbox 1346 4585 1374 4597; x_wconf 92' lang='lat'>-</span> <span class='ocrx_word' id='word_1_440' title='bbox 1401 4560 1425 4610; x_wconf 87' lang='grc'><strong>6.</strong></span> <span class='ocrx_word' id='word_1_441' title='bbox 1444 4560 1467 4610; x_wconf 82' lang='lat' dir='ltr'><strong>ct</strong></span> <span class='ocrx_word' id='word_1_442' title='bbox 1483 4571 1536 4610; x_wconf 90' lang='lat' dir='ltr'><strong>om.</strong></span> 
     </span>
     <span class='ocr_line' id='line_1_43' title="bbox 211 4629 1537 4700; baseline -0.004 -12"><span class='ocrx_word' id='word_1_443' title='bbox 211 4637 258 4688; x_wconf 86' lang='lat' dir='ltr'><strong>dtt.</strong></span> <span class='ocrx_word' id='word_1_444' title='bbox 279 4665 306 4673; x_wconf 97' lang='lat'>-</span> <span class='ocrx_word' id='word_1_445' title='bbox 325 4637 349 4686; x_wconf 81' lang='lat'><strong>7.</strong></span> <span class='ocrx_word' id='word_1_446' title='bbox 369 4648 434 4700; x_wconf 80' lang='lat' dir='ltr'><strong>quoe</strong></span> <span class='ocrx_word' id='word_1_447' title='bbox 450 4636 525 4686; x_wconf 76' lang='lat' dir='ltr'><strong>ettam</strong></span> <span class='ocrx_word' id='word_1_448' title='bbox 540 4639 597 4684; x_wconf 69' lang='lat' dir='ltr'><strong>out</strong></span> <span class='ocrx_word' id='word_1_449' title='bbox 613 4633 659 4684; x_wconf 87' lang='lat' dir='ltr'><strong>Gl.</strong></span> <span class='ocrx_word' id='word_1_450' title='bbox 675 4659 702 4668; x_wconf 86' lang='lat'><em>-</em></span> <span class='ocrx_word' id='word_1_451' title='bbox 721 4631 746 4682; x_wconf 84' lang='lat'><strong>9.</strong></span> <span class='ocrx_word' id='word_1_452' title='bbox 764 4631 924 4682; x_wconf 71' lang='lat' dir='ltr'><strong>arbitrabere</strong></span> <span class='ocrx_word' id='word_1_453' title='bbox 939 4629 1018 4682; x_wconf 87' lang='lat' dir='ltr'><strong>codd.</strong></span> <span class='ocrx_word' id='word_1_454' title='bbox 1037 4632 1144 4695; x_wconf 87' lang='lat' dir='ltr'><strong>praeter</strong></span> <span class='ocrx_word' id='word_1_455' title='bbox 1160 4633 1211 4693; x_wconf 86' lang='lat' dir='ltr'><strong>Gl,</strong></span> <span class='ocrx_word' id='word_1_456' title='bbox 1233 4633 1261 4682; x_wconf 90' lang='lat' dir='ltr'><strong>in</strong></span> <span class='ocrx_word' id='word_1_457' title='bbox 1278 4645 1331 4697; x_wconf 91' lang='lat' dir='ltr'><strong>quo</strong></span> <span class='ocrx_word' id='word_1_458' title='bbox 1343 4635 1386 4685; x_wconf 87' lang='lat' dir='ltr'><strong>est</strong></span> <span class='ocrx_word' id='word_1_459' title='bbox 1402 4633 1537 4696; x_wconf 67' lang='lat' dir='ltr'><strong>urbium-e,</strong></span> 
     </span>
     <span class='ocr_line' id='line_1_44' title="bbox 210 4705 1539 4776; baseline -0.003 -14"><span class='ocrx_word' id='word_1_460' title='bbox 210 4713 240 4762; x_wconf 90' lang='lat' dir='ltr'><strong>ul</strong></span> <span class='ocrx_word' id='word_1_461' title='bbox 256 4711 281 4776; x_wconf 70' lang='lat' dir='ltr'><strong>S.</strong></span> <span class='ocrx_word' id='word_1_462' title='bbox 295 4709 352 4761; x_wconf 73' lang='lat' dir='ltr'><strong>toi.</strong></span> <span class='ocrx_word' id='word_1_463' title='bbox 371 4709 405 4760; x_wconf 89' lang='lat' dir='ltr'><strong>cl.</strong></span> <span class='ocrx_word' id='word_1_464' title='bbox 417 4709 521 4774; x_wconf 89' lang='lat' dir='ltr'><strong>Zumpt.</strong></span> <span class='ocrx_word' id='word_1_465' title='bbox 534 4707 568 4758; x_wconf 93' lang='lat' dir='ltr'><strong>ad</strong></span> <span class='ocrx_word' id='word_1_466' title='bbox 579 4709 621 4758; x_wconf 92' lang='lat' dir='ltr'><strong>lll.</strong></span> <span class='ocrx_word' id='word_1_467' title='bbox 641 4707 666 4772; x_wconf 68' lang='lat' dir='ltr'><strong>S.</strong></span> <span class='ocrx_word' id='word_1_468' title='bbox 679 4706 720 4758; x_wconf 76' lang='grc'><strong>42.</strong></span> <span class='ocrx_word' id='word_1_469' title='bbox 736 4733 763 4742; x_wconf 95' lang='grc'><strong>-</strong></span> <span class='ocrx_word' id='word_1_470' title='bbox 784 4707 823 4757; x_wconf 95' lang='grc'><strong>44.</strong></span> <span class='ocrx_word' id='word_1_471' title='bbox 836 4711 939 4757; x_wconf 83' lang='lat' dir='ltr'><strong>acutum</strong></span> <span class='ocrx_word' id='word_1_472' title='bbox 953 4707 993 4758; x_wconf 82' lang='lat' dir='ltr'><strong>uel</strong></span> <span class='ocrx_word' id='word_1_473' title='bbox 1008 4711 1062 4758; x_wconf 87' lang='lat' dir='ltr'><strong>tum</strong></span> <span class='ocrx_word' id='word_1_474' title='bbox 1072 4707 1118 4757; x_wconf 81' lang='lat' dir='ltr'><strong>(ll.</strong></span> <span class='ocrx_word' id='word_1_475' title='bbox 1135 4733 1162 4743; x_wconf 88' lang='lat'>-</span> <span class='ocrx_word' id='word_1_476' title='bbox 1181 4705 1222 4757; x_wconf 84' lang='grc'><strong>43.</strong></span> <span class='ocrx_word' id='word_1_477' title='bbox 1238 4707 1322 4769; x_wconf 66' lang='lat' dir='ltr'><strong>puers</strong></span> <span class='ocrx_word' id='word_1_478' title='bbox 1337 4721 1363 4770; x_wconf 78' lang='grc' dir='ltr'><strong>ς.</strong></span> <span class='ocrx_word' id='word_1_479' title='bbox 1378 4733 1406 4745; x_wconf 97' lang='grc'><strong>-</strong></span> <span class='ocrx_word' id='word_1_480' title='bbox 1426 4707 1466 4759; x_wconf 81' lang='lat' dir='ltr'><strong>lo.</strong></span> <span class='ocrx_word' id='word_1_481' title='bbox 1479 4721 1539 4758; x_wconf 84' lang='lat' dir='ltr'><strong>cuu-</strong></span> 
     </span>
     <span class='ocr_line' id='line_1_45' title="bbox 210 4779 1538 4850; baseline -0.005 -13"><span class='ocrx_word' id='word_1_482' title='bbox 210 4799 252 4837; x_wconf 84' lang='lat' dir='ltr'><strong>sea</strong></span> <span class='ocrx_word' id='word_1_483' title='bbox 268 4783 350 4850; x_wconf 76' lang='lat' dir='ltr'><strong>agae,</strong></span> <span class='ocrx_word' id='word_1_484' title='bbox 369 4797 422 4835; x_wconf 91' lang='lat' dir='ltr'><strong>om.</strong></span> <span class='ocrx_word' id='word_1_485' title='bbox 441 4785 487 4834; x_wconf 87' lang='lat' dir='ltr'><strong>Gl.</strong></span> <span class='ocrx_word' id='word_1_486' title='bbox 507 4809 535 4820; x_wconf 86' lang='lat'><em>-</em></span> <span class='ocrx_word' id='word_1_487' title='bbox 554 4783 594 4834; x_wconf 83' lang='grc'><strong>49.</strong></span> <span class='ocrx_word' id='word_1_488' title='bbox 609 4781 703 4846; x_wconf 81' lang='lat' dir='ltr'><strong>populo</strong></span> <span class='ocrx_word' id='word_1_489' title='bbox 719 4783 764 4833; x_wconf 85' lang='lat' dir='ltr'><strong>lto.</strong></span> <span class='ocrx_word' id='word_1_490' title='bbox 783 4782 844 4834; x_wconf 76' lang='lat' dir='ltr'><strong>Gla</strong></span> <span class='ocrx_word' id='word_1_491' title='bbox 860 4779 923 4833; x_wconf 84' lang='lat' dir='ltr'><strong>Pell.</strong></span> <span class='ocrx_word' id='word_1_492' title='bbox 941 4789 982 4846; x_wconf 77' lang='grc' dir='ltr'><strong>ψτ</strong></span> <span class='ocrx_word' id='word_1_493' title='bbox 1001 4783 1028 4832; x_wconf 85' lang='grc' dir='ltr'><strong>Ρ.</strong></span> <span class='ocrx_word' id='word_1_494' title='bbox 1046 4782 1074 4833; x_wconf 82' lang='lat' dir='ltr'><strong>a.</strong></span> <span class='ocrx_word' id='word_1_495' title='bbox 1093 4795 1116 4834; x_wconf 88' lang='lat' dir='ltr'><strong>s.</strong></span> <span class='ocrx_word' id='word_1_496' title='bbox 1133 4782 1175 4832; x_wconf 86' lang='lat' dir='ltr'><strong>Po.</strong></span> <span class='ocrx_word' id='word_1_497' title='bbox 1191 4783 1237 4833; x_wconf 85' lang='lat' dir='ltr'><strong>lto.</strong></span> <span class='ocrx_word' id='word_1_498' title='bbox 1256 4783 1316 4844; x_wconf 91' lang='lat' dir='ltr'><strong>ctt.;</strong></span> <span class='ocrx_word' id='word_1_499' title='bbox 1332 4783 1420 4846; x_wconf 75' lang='lat' dir='ltr'><strong>populi</strong></span> <span class='ocrx_word' id='word_1_500' title='bbox 1433 4781 1538 4832; x_wconf 70' lang='lat' dir='ltr'><strong>limi</strong></span> 
     </span>
     <span class='ocr_line' id='line_1_46' title="bbox 210 4853 1536 4924; baseline -0.006 -10"><span class='ocrx_word' id='word_1_501' title='bbox 210 4863 239 4914; x_wconf 95' lang='lat'><strong>0.</strong></span> <span class='ocrx_word' id='word_1_502' title='bbox 259 4888 287 4899; x_wconf 91' lang='lat'><strong>·-</strong></span> <span class='ocrx_word' id='word_1_503' title='bbox 306 4862 347 4914; x_wconf 74' lang='lat'><strong>20.</strong></span> <span class='ocrx_word' id='word_1_504' title='bbox 366 4872 463 4924; x_wconf 80' lang='lat' dir='ltr'><strong>quoque</strong></span> <span class='ocrx_word' id='word_1_505' title='bbox 479 4859 524 4910; x_wconf 76' lang='grc'><strong>63.</strong></span> <span class='ocrx_word' id='word_1_506' title='bbox 545 4883 572 4895; x_wconf 93' lang='grc'>-</span> <span class='ocrx_word' id='word_1_507' title='bbox 591 4857 633 4908; x_wconf 68' lang='lat' dir='ltr'><strong>al.</strong></span> <span class='ocrx_word' id='word_1_508' title='bbox 651 4858 759 4908; x_wconf 68' lang='lat' dir='ltr'><strong>corruta</strong></span> <span class='ocrx_word' id='word_1_509' title='bbox 775 4869 829 4908; x_wconf 88' lang='lat' dir='ltr'><strong>orn.</strong></span> <span class='ocrx_word' id='word_1_510' title='bbox 848 4855 940 4908; x_wconf 72' lang='lat' dir='ltr'><strong>etad.</strong></span> <span class='ocrx_word' id='word_1_511' title='bbox 956 4884 984 4893; x_wconf 93' lang='lat'>-</span> <span class='ocrx_word' id='word_1_512' title='bbox 1002 4857 1044 4908; x_wconf 68' lang='lat' dir='ltr'><strong>tt.</strong></span> <span class='ocrx_word' id='word_1_513' title='bbox 1063 4858 1214 4923; x_wconf 58' lang='lat' dir='ltr'><strong>maecum]</strong></span> <span class='ocrx_word' id='word_1_514' title='bbox 1232 4858 1395 4910; x_wconf 68' lang='lat' dir='ltr'><strong>eutletamut</strong></span> <span class='ocrx_word' id='word_1_515' title='bbox 1405 4869 1461 4907; x_wconf 84' lang='lat' dir='ltr'><strong>var.</strong></span> <span class='ocrx_word' id='word_1_516' title='bbox 1474 4853 1536 4907; x_wconf 89' lang='lat' dir='ltr'><strong>leot.</strong></span> 
     </span>
     <span class='ocr_line' id='line_1_47' title="bbox 210 4929 1535 5004; baseline -0.006 -16"><span class='ocrx_word' id='word_1_517' title='bbox 210 4951 253 5004; x_wconf 90' lang='lat' dir='ltr'><strong>ap.</strong></span> <span class='ocrx_word' id='word_1_518' title='bbox 264 4939 335 5002; x_wconf 77' lang='lat' dir='ltr'><strong>Aac,</strong></span> <span class='ocrx_word' id='word_1_519' title='bbox 353 4935 415 4988; x_wconf 86' lang='lat' dir='ltr'><strong>inde</strong></span> <span class='ocrx_word' id='word_1_520' title='bbox 428 4935 534 4986; x_wconf 89' lang='lat' dir='ltr'><strong>lletom.</strong></span> <span class='ocrx_word' id='word_1_521' title='bbox 548 4933 627 4986; x_wconf 81' lang='lat' dir='ltr'><strong>coni:</strong></span> <span class='ocrx_word' id='word_1_522' title='bbox 645 4934 811 4985; x_wconf 81' lang='lat' dir='ltr'><strong>Februcrtacn</strong></span> <span class='ocrx_word' id='word_1_523' title='bbox 821 4937 966 4995; x_wconf 76' lang='lat' dir='ltr'><strong>exspectent</strong></span> <span class='ocrx_word' id='word_1_524' title='bbox 981 4937 1004 4983; x_wconf 83' lang='lat' dir='ltr'><strong>at</strong></span> <span class='ocrx_word' id='word_1_525' title='bbox 1015 4945 1036 4982; x_wconf 90' lang='lat' dir='ltr'><strong>e.</strong></span> <span class='ocrx_word' id='word_1_526' title='bbox 1048 4933 1072 4983; x_wconf 93' lang='lat' dir='ltr'><strong>d.</strong></span> <span class='ocrx_word' id='word_1_527' title='bbox 1085 4945 1112 4982; x_wconf 80' lang='lat' dir='ltr'><strong>a.</strong></span> <span class='ocrx_word' id='word_1_528' title='bbox 1123 4933 1295 4984; x_wconf 74' lang='lat' dir='ltr'><strong>octimeeutat.</strong></span> <span class='ocrx_word' id='word_1_529' title='bbox 1310 4961 1338 4970; x_wconf 95' lang='lat'><em>-</em></span> <span class='ocrx_word' id='word_1_530' title='bbox 1356 4935 1397 4986; x_wconf 75' lang='lat'><strong>27.</strong></span> <span class='ocrx_word' id='word_1_531' title='bbox 1410 4933 1476 4982; x_wconf 71' lang='lat' dir='ltr'><strong>doru</strong></span> <span class='ocrx_word' id='word_1_532' title='bbox 1488 4929 1535 4996; x_wconf 76' lang='lat' dir='ltr'><strong>leg.</strong></span> 
     </span>
     <span class='ocr_line' id='line_1_48' title="bbox 210 5005 1538 5077; baseline -0.005 -14"><span class='ocrx_word' id='word_1_533' title='bbox 210 5015 242 5064; x_wconf 87' lang='lat' dir='ltr'><strong>Gl</strong></span> <span class='ocrx_word' id='word_1_534' title='bbox 255 5012 421 5077; x_wconf 63' lang='lat' dir='ltr'><strong>agmen:</strong></span> <span class='ocrx_word' id='word_1_535' title='bbox 439 5011 486 5076; x_wconf 80' lang='lat' dir='ltr'><strong>leg.</strong></span> <span class='ocrx_word' id='word_1_536' title='bbox 504 5010 569 5060; x_wconf 77' lang='lat' dir='ltr'><strong>dota.</strong></span> <span class='ocrx_word' id='word_1_537' title='bbox 589 5009 636 5060; x_wconf 90' lang='lat' dir='ltr'><strong>dtt.</strong></span> <span class='ocrx_word' id='word_1_538' title='bbox 655 5011 684 5060; x_wconf 93' lang='lat'><strong>0.</strong></span> <span class='ocrx_word' id='word_1_539' title='bbox 705 5037 732 5048; x_wconf 89' lang='lat'><em>-</em></span> <span class='ocrx_word' id='word_1_540' title='bbox 751 5009 793 5061; x_wconf 68' lang='lat'><strong>28.</strong></span> <span class='ocrx_word' id='word_1_541' title='bbox 812 5009 841 5060; x_wconf 87' lang='lat' dir='ltr'><strong>de</strong></span> <span class='ocrx_word' id='word_1_542' title='bbox 856 5008 901 5059; x_wconf 81' lang='lat' dir='ltr'><strong>illo</strong></span> <span class='ocrx_word' id='word_1_543' title='bbox 918 5007 965 5058; x_wconf 89' lang='lat' dir='ltr'><strong>dtt.</strong></span> <span class='ocrx_word' id='word_1_544' title='bbox 984 5019 1065 5058; x_wconf 89' lang='lat' dir='ltr'><strong>nona.</strong></span> <span class='ocrx_word' id='word_1_545' title='bbox 1082 5033 1111 5044; x_wconf 92' lang='lat'>-</span> <span class='ocrx_word' id='word_1_546' title='bbox 1129 5008 1171 5059; x_wconf 77' lang='lat'><strong>29.</strong></span> <span class='ocrx_word' id='word_1_547' title='bbox 1190 5008 1324 5074; x_wconf 68' lang='lat' dir='ltr'><strong>Mdtfleutu</strong></span> <span class='ocrx_word' id='word_1_548' title='bbox 1339 5009 1379 5074; x_wconf 82' lang='lat' dir='ltr'><strong>att]</strong></span> <span class='ocrx_word' id='word_1_549' title='bbox 1392 5005 1538 5072; x_wconf 69' lang='lat' dir='ltr'><strong>poetatur</strong></span> 
     </span>
     <span class='ocr_line' id='line_1_49' title="bbox 209 5081 1537 5150; baseline -0.005 -10"><span class='ocrx_word' id='word_1_550' title='bbox 209 5087 258 5140; x_wconf 89' lang='lat' dir='ltr'><strong>dtt.</strong></span> <span class='ocrx_word' id='word_1_551' title='bbox 279 5117 306 5128; x_wconf 86' lang='lat'><em>-</em></span> <span class='ocrx_word' id='word_1_552' title='bbox 325 5089 366 5140; x_wconf 79' lang='lat'><strong>37.</strong></span> <span class='ocrx_word' id='word_1_553' title='bbox 384 5087 514 5138; x_wconf 66' lang='lat' dir='ltr'><strong>sodalem</strong></span> <span class='ocrx_word' id='word_1_554' title='bbox 531 5085 607 5148; x_wconf 56' lang='lat' dir='ltr'><strong>ow</strong></span> <span class='ocrx_word' id='word_1_555' title='bbox 634 5085 744 5136; x_wconf 69' lang='lat' dir='ltr'><strong>sodellis</strong></span> <span class='ocrx_word' id='word_1_556' title='bbox 760 5089 806 5138; x_wconf 81' lang='lat' dir='ltr'><strong>Gt.</strong></span> <span class='ocrx_word' id='word_1_557' title='bbox 827 5113 855 5124; x_wconf 91' lang='lat'>-</span> <span class='ocrx_word' id='word_1_558' title='bbox 872 5085 914 5137; x_wconf 83' lang='lat' dir='ltr'><strong>lo.</strong></span> <span class='ocrx_word' id='word_1_559' title='bbox 933 5087 995 5136; x_wconf 72' lang='lat' dir='ltr'><strong>Mac</strong></span> <span class='ocrx_word' id='word_1_560' title='bbox 1011 5085 1110 5137; x_wconf 79' lang='lat' dir='ltr'><strong>Graeca</strong></span> <span class='ocrx_word' id='word_1_561' title='bbox 1126 5091 1269 5150; x_wconf 78' lang='lat' dir='ltr'><strong>ceteroque,</strong></span> <span class='ocrx_word' id='word_1_562' title='bbox 1288 5097 1353 5148; x_wconf 81' lang='lat' dir='ltr'><strong>quoe</strong></span> <span class='ocrx_word' id='word_1_563' title='bbox 1369 5096 1402 5134; x_wconf 79' lang='lat' dir='ltr'><strong>cu</strong></span> <span class='ocrx_word' id='word_1_564' title='bbox 1417 5081 1478 5134; x_wconf 75' lang='lat' dir='ltr'><strong>Ario</strong></span> <span class='ocrx_word' id='word_1_565' title='bbox 1492 5081 1508 5146; x_wconf 71' lang='grc' dir='ltr'><em>Ι</em></span> <span class='ocrx_word' id='word_1_566' title='bbox 1523 5106 1537 5120; x_wconf 87' lang='grc'>·</span> 
     </span>
     <span class='ocr_line' id='line_1_50' title="bbox 208 5157 1394 5228; baseline -0.005 -12"><span class='ocrx_word' id='word_1_567' title='bbox 208 5163 298 5218; x_wconf 70' lang='lat' dir='ltr'><strong>adime</strong></span> <span class='ocrx_word' id='word_1_568' title='bbox 312 5167 502 5228; x_wconf 79' lang='lat' dir='ltr'><strong>comportantur</strong></span> <span class='ocrx_word' id='word_1_569' title='bbox 517 5160 660 5216; x_wconf 82' lang='lat' dir='ltr'><strong>cledonius</strong></span> <span class='ocrx_word' id='word_1_570' title='bbox 675 5175 703 5228; x_wconf 88' lang='lat' dir='ltr'><strong>p.</strong></span> <span class='ocrx_word' id='word_1_571' title='bbox 721 5161 796 5214; x_wconf 83' lang='grc'><strong>4898.</strong></span> <span class='ocrx_word' id='word_1_572' title='bbox 813 5161 842 5214; x_wconf 84' lang='grc' dir='ltr'><strong>Ρ.</strong></span> <span class='ocrx_word' id='word_1_573' title='bbox 863 5186 890 5197; x_wconf 93' lang='lat'><strong>-·</strong></span> <span class='ocrx_word' id='word_1_574' title='bbox 907 5161 982 5226; x_wconf 71' lang='lat' dir='ltr'><strong>tuelle</strong></span> <span class='ocrx_word' id='word_1_575' title='bbox 997 5162 1070 5215; x_wconf 82' lang='lat' dir='ltr'><strong>Serv.</strong></span> <span class='ocrx_word' id='word_1_576' title='bbox 1089 5161 1124 5215; x_wconf 91' lang='lat' dir='ltr'><strong>ad</strong></span> <span class='ocrx_word' id='word_1_577' title='bbox 1139 5163 1212 5227; x_wconf 76' lang='lat' dir='ltr'><strong>virg.</strong></span> <span class='ocrx_word' id='word_1_578' title='bbox 1229 5158 1283 5216; x_wconf 86' lang='lat' dir='ltr'><strong>Eol.</strong></span> <span class='ocrx_word' id='word_1_579' title='bbox 1305 5160 1334 5214; x_wconf 84' lang='lat' dir='ltr'><strong>V.</strong></span> <span class='ocrx_word' id='word_1_580' title='bbox 1352 5157 1394 5212; x_wconf 78' lang='grc'><strong>34.</strong></span> 
     </span>
    </p>
   </div>
   <div class='ocr_carea' id='block_1_5' title="bbox 1822 4635 1824 5624">
    <p class='ocr_par' dir='ltr' id='par_1_9' title="bbox 1822 4635 1824 5624">
     <span class='ocr_line' id='line_1_51' title="bbox 1822 4635 1824 5624; baseline 0 0"><span class='ocrx_word' id='word_1_581' title='bbox 1822 4635 1824 5624; x_wconf 95' lang='lat' dir='ltr'><strong> </strong></span> 
     </span>
    </p>
   </div>
   <div class='ocr_carea' id='block_1_6' title="bbox 0 0 1828 5888">
    <p class='ocr_par' dir='ltr' id='par_1_10' title="bbox 0 0 1828 5888">
     <span class='ocr_line' id='line_1_52' title="bbox 0 0 1828 5888; baseline 0 0"><span class='ocrx_word' id='word_1_582' title='bbox 0 0 1828 5888; x_wconf 95' lang='lat' dir='ltr'><strong> </strong></span> 
     </span>
    </p>
   </div>
  </div>
 </body>
</html>
