3578 5862
360 446 423 516 626
727 451 781 517 DE
803 451 908 518 LEGE
929 452 1108 520 AGRARIA
1129 453 1248 520 LIBER
1268 456 1307 521 11.

443 618 494 685 59.
516 620 580 686 Vix
601 621 664 686 iam
685 621 808 688 videtur
829 623 915 688 locus
938 644 1023 701 esse,
1045 626 1100 711 qui
1122 634 1226 692 tantos
1247 646 1375 691 acervos
1397 625 1580 710 pecuniae
1599 629 1700 710 capiat
1738 606 1749 713 l*

357 717 476 799 Auget,
499 715 604 791 addit,
626 718 821 782 accumulat:
844 739 967 794 amru,
989 739 1157 784 aneenrru
1176 741 1220 785 nx
1233 739 1374 797 carens,
1395 741 1438 785 rx
1456 739 1647 797 mamus,
1666 741 1701 784 ιι
1739 743 1741 822 q

359 829 550 888 conoaanro,
580 831 622 874 an
650 829 856 887 oroscruovn
885 833 1041 878 annuum
1077 835 1180 890 reove
1203 836 1350 881 ιιιιτιιι
1378 837 1437 880 rar
1471 835 1514 880 ιιι
1549 837 1701 882 mum

357 923 463 979 ruore
485 925 518 969 ιιι
539 923 732 970 somaro
756 925 981 984 corsvurrvu,
1003 909 1035 972 id
1056 911 1198 992 profiteri
1219 911 1303 994 apud
1319 911 1531 975 decemviros
1550 910 1701 974 etadeos

335 999 476 1063 creterra
503 999 599 1063 iuhet.
639 1000 708 1063 Hoc
735 1001 836 1083 capite
859 1001 953 1066 etiam
976 1005 1194 1086 quaestionem
1225 1004 1265 1068 de
1294 1005 1483 1068 clarissimis
1522 1005 1628 1079 viris,
1655 1006 1701 1089 qul

358 1094 467 1177 populi
489 1095 622 1158 Romani
643 1095 728 1159 bella
748 1103 931 1177 gesserunt,
961 1096 1179 1181 iudiciumque
1209 1097 1249 1162 de
1271 1099 1414 1182 pecuniis
1435 1097 1651 1184 repetundis
1669 1097 1701 1160 al

358 1188 550 1252 decemviros
565 1189 752 1253 translatum
766 1188 889 1253 ridetis.
919 1189 1039 1253 Horum
1055 1191 1114 1254 erit
1133 1211 1218 1255 nunc
1240 1191 1402 1267 iudicium,
1426 1200 1590 1277 quantae
1607 1194 1700 1256 cuins·

358 1303 422 1368 que
435 1283 603 1348 manubiae
620 1282 749 1358 fuerint,
771 1283 848 1366 quid
862 1282 1003 1358 relatum,
1027 1283 1104 1368 quid
1119 1285 1278 1349 residuum
1296 1288 1345 1349 sit.
1377 1287 1413 1348 ln
1430 1295 1621 1371 posterum
1634 1306 1700 1350 vero

357 1378 412 1442 lex
437 1379 516 1444 haec
546 1377 783 1462 imperatoribus
806 1379 918 1441 vestris
942 1378 1156 1455 constituitur,
1186 1389 1222 1444 ut
1242 1381 1434 1464 quicumque
1458 1381 1509 1445 de
1537 1381 1699 1465 provincia

319 1482 347 1529 ⁴0
357 1473 528 1538 decesserit
548 1470 633 1556 apud
655 1471 784 1536 eosdem
801 1472 1013 1546 decemviros,
1036 1480 1186 1555 quantum
1209 1473 1324 1538 haheat
1344 1475 1508 1558 praedae,
1536 1475 1700 1540 manuhic

355 1587 440 1642 rum,
462 1567 530 1631 auri
552 1565 723 1640 coronarii,
745 1563 936 1649 profiteatur.
980 1563 1031 1628 60.
1046 1566 1107 1630 llic
1128 1574 1233 1630 tamen
1255 1568 1303 1630 vir
1324 1569 1460 1652 optimus
1478 1589 1587 1646 eum,
1611 1589 1697 1654 quen

354 1668 454 1737 amat,
484 1660 616 1744 excipit,
646 1659 701 1722 Cn.
732 1660 927 1743 Pompeium.
963 1660 1050 1724 Unde
1074 1660 1132 1724 iste
1155 1681 1242 1724 amor
1262 1668 1326 1726 tam
1348 1662 1556 1746 improvisus
1582 1683 1622 1727 ac
1642 1670 1697 1724 tam

353 1745 561 1840 repentinus?
596 1754 658 1831 Qui
678 1745 800 1818 hono'r'e
815 1753 1046 1818 decemviratus
1061 1752 1239 1818 excluditur
1252 1775 1349 1838 prope
1365 1756 1589 1830 nominatim,
1613 1757 1695 1820 cuim

334 1831 507 1926 (iudicium
529 1848 699 1931 legumque
721 1837 829 1934 datio)
854 1850 1306 1932 captorum·'agrorum'‚ipsius
1327 1851 1440 1913 virtute
1455 1852 1624 1935 (cognitio
1646 1847 1696 1910 tol

318 1935 446 2052 atii-tur)
466 1943 554 2007 euius
576 1961 642 2004 non
664 1942 697 2003 in
716 1943 925 2024 provinciam,
947 1941 1052 2004 sedin
1072 1943 1139 2025 ipsa
1154 1950 1255 2007 castra
1270 1943 1438 2008 decemviri
1453 1965 1536 2009 cum
1554 1943 1691 2028 imperio.

354 2037 479 2102 infinita
503 2035 655 2120 pecunia,
684 2036 820 2099 maxima
846 2042 1001 2121 potestate
1023 2043 1054 2099 et
1079 2036 1196 2099 iudicio
1217 2057 1323 2102 rerum
1345 2040 1488 2103 omnium
1516 2042 1692 2108 mittuntur.

355 2132 406 2196 cui
432 2131 483 2195 ius
511 2129 765 2214 imperatorium,
795 2131 881 2214 quod
908 2149 1033 2214 semper
1054 2130 1199 2194 omnibus
1221 2132 1460 2216 imperatoribus
1485 2141 1546 2198 est
1570 2151 1690 2196 consor

354 2233 476 2300 votum,
509 2225 570 2290 soli
603 2225 750 2308 eripitru:
785 2225 812 2288 is
844 2227 998 2309 excipitur
1025 2245 1124 2300 unus,
1152 2246 1193 2289 ne
1221 2228 1385 2292 manubias
1416 2227 1546 2293 referre
1573 2227 1689 2290 debeat

355 2321 465 2384 Utrum
486 2317 613 2384 tandem
635 2319 697 2384 hoc
720 2319 822 2402 capite
843 2320 946 2384 honos
960 2320 1070 2384 haberi
1084 2319 1205 2384 homini
1220 2341 1260 2384 an
1275 2321 1396 2386 invidia
1409 2325 1528 2406 quaeri
1547 2319 1687 2386 vidourt

317 2415 473 2480 aolleIl.
496 2410 547 2477 6l.
569 2414 711 2478 Remittit
735 2412 798 2476 hoc
827 2414 921 2477 llullo
951 2413 1006 2476 Cn.
1029 2415 1216 2496 Pompeius3
1244 2413 1396 2479 beneficio
1417 2417 1481 2480 isto
1506 2417 1615 2500 legis,
1643 2413 1687 2474 he·

354 2510 507 2593 nignitate
530 2506 731 2572 decemvirali
753 2507 832 2570 nihil
853 2508 960 2571 utitur.
1004 2509 1083 2571 Nam
1112 2508 1138 2570 si
1160 2515 1209 2572 est
1229 2529 1366 2593 aequum
1387 2509 1547 2595 praedam
1570 2529 1609 2573 ac
1630 2523 1685 2570 naa·

354 2603 467 2668 nuhias
488 2622 561 2666 sues
583 2603 789 2687 imperatores
811 2621 876 2664 non
898 2602 931 2663 in
953 2611 1158 2667 monumenta
1179 2604 1309 2667 deorum
1331 2604 1566 2670 immortalium
1589 2619 1684 2685 neque

354 2699 388 2761 in
415 2697 501 2760 urhis
520 2689 714 2760 'ornamenta
742 2694 899 2770 conferre,
925 2694 982 2758 sed
1011 2695 1051 2758 ad
1074 2697 1268 2760 decemviros
1292 2705 1449 2781 tamquam
1471 2698 1515 2761 ad
1542 2697 1682 2761 dominos

354 2799 532 2876 reportare,
554 2789 635 2852 nihil
656 2789 717 2852 sihi
739 2789 860 2873 appetit
880 2791 1040 2874 praecipui
1066 2791 1252 2874 Pompeius,
1275 2790 1374 2853 nihil:
1397 2790 1464 2854 vult
1485 2813 1525 2856 se
1549 2795 1587 2856 in
1610 2809 1683 2854 conr

316 2888 444 2950 remuni
465 2893 560 2968 atque
581 2884 615 2946 in
637 2882 749 2946 eodem
772 2902 834 2966 que
856 2885 952 2946 ceteri
972 2885 1041 2947 iure
1056 2887 1184 2948 versari.
1208 2885 1264 2948 Sin
1279 2891 1327 2948 est
1348 2885 1510 2968 iniquum,
1538 2885 1679 2962 Quirites,

354 2981 382 3044 si
403 2987 511 3064 turpe,
538 2980 564 3043 si
592 2976 842 3052 intolerandum,
869 2977 928 3040 hos
956 2976 1151 3042 decemviros
1181 2979 1349 3063 portitores
1371 2979 1520 3042 omnihus
1546 2979 1679 3044 omniun

353 3075 499 3160 pecuniis
524 3073 685 3148 constitui,
715 3073 769 3157 qui
799 3092 862 3135 non
893 3071 986 3137 modo
1009 3093 1098 3156 reges
1121 3079 1217 3156 atque
1239 3079 1417 3135 exterarum
1440 3071 1611 3137 nationum
1630 3069 1678 3132 ho·

352 3170 470 3245 mines,
499 3167 556 3232 sed
585 3169 679 3231 etiam
701 3168 902 3251 imperatores
924 3175 1045 3231 vestros
1068 3167 1247 3240 excutiant,
1270 3185 1336 3228 non
1356 3165 1431 3229 mihi
1454 3164 1611 3231 videntur
1629 3165 1678 3227 ho-

352 3265 440 3328 noris
462 3283 557 3328 causa
579 3264 724 3347 excipere
746 3262 947 3346 Pompeium,
976 3261 1033 3324 sed
1060 3269 1201 3324 metuere
1223 3278 1264 3322 nc
1287 3258 1341 3322 illc
1364 3259 1496 3324 eandem
1519 3267 1676 3326 centone

219 3432 223 3442 1
315 3357 429 3422 oliam
451 3378 545 3443 quam
567 3357 663 3420 ceteri
684 3357 766 3420 serre
788 3375 853 3419 non
875 3357 983 3440 possit.
1028 3353 1078 3418 62.
1094 3354 1264 3437 Pompeius
1286 3359 1391 3416 autem
1412 3353 1474 3416 hoc
1494 3359 1607 3420 auimo
1628 3355 1675 3422 est

352 3460 402 3527 ut,
431 3449 588 3537 quidquid
616 3451 707 3515 vohis
735 3451 875 3534 placeat,
903 3449 963 3513 sihi
993 3449 1157 3514 ferendum
1179 3454 1285 3530 putet,
1321 3445 1407 3530 quod
1430 3468 1487 3512 vos
1507 3449 1598 3514 terre
1619 3461 1672 3510 nor

351 3547 511 3630 poteritis,
543 3545 575 3608 id
603 3545 745 3630 prolecto
771 3539 913 3629 perficiat
939 3563 979 3606 ne
1002 3542 1120 3606 diutius
1141 3541 1233 3604 inviti
1255 3540 1337 3604 ferre
1359 3543 1526 3624 cogamini.
1567 3547 1673 3608 Veron

352 3648 458 3704 tamen
480 3647 568 3705 cavet
588 3645 641 3716 ut,
664 3639 691 3702 si
714 3657 778 3722 qua
799 3639 936 3722 pecunia
956 3645 1029 3720 post
1049 3656 1110 3701 nos
1125 3635 1274 3700 consules
1296 3655 1337 3698 er
1358 3635 1450 3698 novis
1471 3633 1673 3720 vectigalibus

351 3735 539 3816 recipiatur,
569 3751 608 3796 ea
635 3731 806 3796 decemviri
834 3737 973 3795 utantur.
1015 3733 1102 3796 Nora
1128 3751 1223 3816 porro
1245 3729 1411 3811 vectigalia
1430 3729 1519 3794 ridet
1541 3751 1582 3796 ea
1603 3727 1672 3796 fore,

314 3841 435 3912 ecquae
457 3827 623 3912 Pompeius
645 3826 842 3890 adiunxerit:
864 3825 909 3892 ita
930 3826 1068 3892 remissis
1090 3826 1246 3893 manubiis
1260 3825 1465 3910 vectigalibus
1479 3828 1550 3893 elur
1565 3825 1672 3893 vicet

351 3921 451 4006 partis
475 3941 510 3986 se
524 3919 585 3985 hui
608 3927 697 4004 putat
718 3928 875 4005 oportere.

416 4270 439 4318 t.
454 4267 577 4331 porciae
593 4278 646 4318 om.
663 4267 694 4318 Ε.
716 4293 742 4302 -
762 4271 845 4330 cuper.
864 4268 949 4329 capiat
965 4271 995 4322 E.
1016 4295 1043 4306 -
1062 4270 1087 4319 2.
1104 4269 1219 4320 mcoihte
1235 4269 1268 4331 E,
1287 4268 1337 4321 scd
1353 4283 1369 4320 a
1385 4282 1441 4321 sec.
1459 4282 1496 4321 m.
1515 4265 1664 4321 comeciam·

352 4369 379 4380 -
399 4343 487 4394 «Fert.
505 4357 539 4395 cc
561 4355 626 4393 acro
646 4341 795 4392 ceccano»
813 4354 867 4406 mg.
885 4338 911 4392 6.
933 4369 961 4379 -
984 4342 1008 4393 3.
1027 4345 1197 4408 qmdcomqoo
1213 4345 1325 4396 EFPA.
1352 4344 1509 4397 Emendavit
1530 4339 1666 4407 Naugerius

351 4419 378 4469 in
395 4419 441 4471 ed.
457 4417 558 4470 Aldina.
579 4417 648 4480 (quos
663 4416 691 4467 u
706 4428 811 4477 comem
830 4415 944 4468 Klotzius
962 4417 1004 4469 ed.
1023 4418 1075 4483 alt)
1095 4447 1122 4456 -
1140 4420 1165 4472 l.
1183 4422 1332 4471 mostarolo
1349 4420 1465 4484 (ubique)
1482 4421 1518 4482 ἲς
1534 4425 1667 4472 mom*

349 4499 401 4544 turn
419 4496 447 4544 G.
471 4494 510 4545 Ct.
529 4496 548 4544 1.
567 4493 592 4556 g.
611 4492 651 4543 ⁴2.
672 4519 699 4530 ·-
721 4493 843 4556 mortun]
860 4493 935 4556 foto-i
952 4494 980 4544 E.
1000 4519 1027 4530 -
1052 4495 1076 4545 7.
1094 4509 1160 4546 camo
1176 4496 1295 4546 indiction
1311 4496 1496 4548 Lauredenos:
1521 4495 1617 4546 eadm
1629 4490 1665 4538 la·

348 4569 441 4620 ἀᾶοίωιι
461 4569 583 4629 ΕΡΑΟς
608 4568 718 4618 colonen
738 4567 857 4617 iudicium
877 4568 1179 4642 L31tllodiudiciom&
1197 4585 1263 4621 coac
1278 4571 1341 4620 illud
1356 4571 1476 4622 tudiclrm
1492 4567 1625 4622 Gehherdl
1637 4563 1663 4614 ll.

348 4657 374 4709 p.
386 4645 486 4708 36].-
503 4645 544 4694 40.
556 4642 744 4694 homi.-
764 4643 803 4692 tl.
816 4642 870 4707 liic]
881 4643 938 4692 cicc
948 4643 1011 4694 T.—
1031 4645 1071 4695 lt.
1084 4645 1272 4696 oecidttEFP.
1295 4645 1334 4696 Ct.
1347 4659 1373 4710 p.
1387 4647 1444 4698 tlt.
1456 4646 1565 4699 646-
1577 4649 1661 4698 acon·

347 4719 376 4768 T.
393 4745 421 4756 -
435 4719 475 4772 tl.
488 4718 596 4784 caprilla
606 4731 660 4768 om.
672 4718 735 4768 E.-
749 4718 790 4769 43.
802 4731 853 4769 ooo
864 4719 891 4767 in
902 4717 922 4768 E
934 4721 1143 4785 superscriptum
1160 4722 1242 4772 eet-
1256 4721 1296 4771 ⁴7.
1309 4721 1359 4782 cao]
1371 4721 1437 4783 qood
1447 4721 1495 4772 EF
1503 4725 1522 4772 P
1539 4721 1582 4784 (ex
1597 4713 1662 4783 wl·

348 4817 376 4828 -
392 4793 431 4845 ⁴8.
445 4791 678 4858 dcbmqlahcotffl
691 4792 807 4843 luhcolw
818 4793 953 4844 Graevius.
967 4795 1044 4845 -2l.
1058 4789 1664 4858 prodamEFP2prasaasattlo,-tt.tr

344 4872 451 4928 peon
466 4869 527 4920 eo.
542 4893 569 4904 -
584 4867 718 4931 passm
734 4865 857 4919 orarius:
875 4867 1010 4932 pampus
1031 4871 1122 4920 cerea.
1137 4897 1164 4907 -
1177 4872 1219 4922 sc.
1237 4872 1258 4920 s
1274 4876 1347 4934 opo
1363 4883 1416 4922 om.
1435 4871 1519 4922 err.
1534 4898 1562 4908 -
1579 4858 1661 4923 carl

345 4945 382 4992 ert
396 4942 442 4993 iot.
461 4943 545 4994 EFP.
565 4965 593 4980 -
612 4943 653 4994 28.
671 4947 765 4993 vetros
781 4943 842 4993 Er:
867 4949 964 4995 nocem
980 4941 1081 4995 FALl
1092 4946 1121 4995 0.
1148 4973 1174 4980 —
1199 4946 1240 4997 29.
1258 4947 1441 5014 cootwmlicm]
1458 4947 1579 4997 inim
1593 4943 1619 4995 E.
1636 4959 1658 4974 ··

346 5015 388 5067 30.
406 5017 498 5083 mrtem]
516 5017 621 5070 micel..
636 5044 663 5054 -
681 5019 727 5069 hoc
742 5019 827 5070 cocco
844 5024 878 5069 cst
895 5019 1062 5070 Garatonius:
1081 5021 1126 5071 hoc
1143 5022 1227 5074 octos
1243 5023 1275 5074 alt
1290 5020 1436 5082 EFPA&
1454 5035 1512 5074 non
1526 5023 1572 5074 hoc
1587 5017 1659 5072 erim

347 5090 379 5139 sir
395 5103 458 5144 cum
470 5095 498 5144 Ρ.
517 5092 631 5144 umaro
648 5093 706 5145 Lo.
722 5119 750 5132 -
769 5093 809 5144 3⁴.
823 5093 897 5160 mod]
915 5095 1043 5158 mmqood
1054 5096 1082 5146 Ι..
1094 5123 1122 5134 -
1141 5097 1182 5150 ³2.
1195 5098 1307 5162 popolo
1318 5109 1381 5150 cnm
1392 5095 1436 5148 ed.
1447 5097 1548 5150 Veneta
1558 5109 1583 5149 a.
1595 5087 1658 5146 llil·

346 5163 405 5216 Lo.
425 5191 453 5205 -
472 5165 513 5219 33.
530 5172 684 5222 temonem
703 5169 733 5221 6.
752 5194 781 5209 -
800 5168 841 5223 36.
859 5171 1030 5236 meatui..
