3684 5862
241 630 338 717 pbum
360 629 582 719 Poggianum‚
603 645 647 692 ex
660 626 886 693 communibus
906 625 1077 711 utriusque
1098 621 1242 688 iamiiine
1263 617 1561 702 incunirapparet.

243 749 337 834 Quae
359 754 469 818 tumen
490 751 677 836 scripturae
698 750 732 814 in
754 747 806 814 bis
821 746 994 815 codicibus
1008 746 1204 835 vulgaribus
1224 742 1379 829 proditae
1392 741 1475 827 sint,
1495 736 1561 806 boc

239 871 369 961 quidem
400 875 438 938 ui
470 873 569 958 piene
597 872 758 962 cognosci
790 873 906 958 posset
939 870 1024 935 setis
1050 885 1131 934 cura
1156 870 1275 934 nostra
1297 864 1466 952 provisum
1489 864 1560 946 est;

239 1013 300 1061 sex
329 995 413 1059 enim
444 992 578 1062 codices
607 991 651 1059 ad
679 1011 796 1058 manus
817 994 929 1073 eruut,
945 991 1050 1056 'inter
1076 1008 1160 1076 quos
1180 991 1260 1056 sunt
1282 990 1440 1074 quattuor
1460 986 1563 1050 antea

240 1115 382 1184 nondum
410 1118 547 1206 cogniti.
590 1114 678 1182 liiud
708 1119 818 1182 autem
843 1133 963 1204 magno
987 1132 1089 1199 opere
1111 1112 1287 1179 dolendum
1309 1113 1362 1178 est
1384 1108 1472 1196 qnod
1492 1128 1560 1176 non

239 1239 425 1306 invenimus
454 1241 509 1324 qni
538 1239 657 1304 iterum
685 1237 882 1305 Vaticanum
912 1240 946 1303 in
976 1240 1125 1302 nostrum
1152 1255 1244 1302 usum
1273 1234 1462 1320 conterret3
1493 1249 1560 1298 non

241 1363 326 1428 enim
360 1365 513 1447 putamus
542 1360 640 1427 buius
669 1358 812 1446 codicis,
844 1362 899 1446 qul
926 1363 961 1424 in
987 1359 1050 1426 bac
1077 1359 1128 1426 sui
1156 1361 1254 1444 parte
1282 1356 1418 1424 saeculo
1440 1358 1564 1422 octavo

240 1487 387 1571 scriptus
408 1489 460 1551 est
481 1485 532 1557 (v.
553 1481 606 1549 ed.
627 1486 732 1547 nostr.
755 1500 787 1567 p.
810 1478 931 1554 1223)
959 1484 1022 1547 mm
1051 1499 1165 1546 omncs
1188 1479 1352 1546 lectiones
1376 1475 1565 1560 exscriptas

240 1625 325 1673 esse.
368 1606 463 1672 Haec
490 1605 593 1694 igliur
622 1605 797 1688 provincia
826 1603 918 1684 aliis,
949 1603 1066 1688 quibus
1093 1602 1238 1669 facultas
1259 1602 1323 1668 erit
1345 1596 1565 1668 bibliothecae

240 1730 426 1797 tabulariae
447 1728 633 1795 vaticanae
655 1723 846 1811 adeundae,
867 1727 986 1794 relicta
1008 1731 1071 1791 esi.

326 1973 366 2040 ln
396 1972 593 2037 oratione
620 1970 857 2037 Plancium
884 1972 968 2037 sutis
988 1969 1163 2037 babuimus
1184 1970 1363 2055 lectiones,
1391 1985 1476 2054 quae
1499 1983 1564 2032 ex-

241 2099 333 2164 stant
363 2095 396 2161 in
428 2095 590 2160 lemmatis
611 2091 863 2160 scholiastarum
887 2098 921 2158 et
949 2094 984 2157 in
1012 2090 1107 2160 codd.
1138 2090 1393 2158 Erfurtensi
1421 2091 1456 2154 et
1487 2086 1564 2152 'le-

240 2217 511 2306 gernseensi,
537 2216 769 2304 congessisse3
799 2215 853 2301 qui
882 2215 968 2280 enim
995 2211 1160 2280 Wunderi
1188 2217 1385 2299 apparatum
1414 2211 1565 2277 criticum

239 2340 288 2413 (in
310 2333 576 2421 etiamalio,
597 2335 648 2409 4.)
669 2338 871 2423 inspexerit,
891 2337 1019 2423 reliquo
1044 2339 1210 2421 apparatu
1228 2332 1441 2421 supersederi
1464 2347 1566 2419 possa

241 2459 340 2527 iacilc
363 2459 538 2550 intelliget.

323 2707 363 2773 in
393 2705 545 2770 oratione
574 2723 670 2791 quam
698 2699 818 2773 Cicero
849 2723 909 2791 pro
938 2704 975 2772 (l.
997 2704 1177 2772 Rabirio
1206 2705 1406 2772 Postumo
1433 2701 1564 2783 babuit,

238 2830 333 2896 cuius
354 2846 421 2894 non
445 2831 581 2894 exstare
602 2827 761 2894 videntur
782 2827 916 2896 codices
938 2829 1000 2894 nisi
1024 2847 1066 2896 ex
1086 2826 1283 2920 apographo
1303 2826 1481 2916 Poggiano
1501 2822 1564 2890 de-

241 2951 359 3035 rivati,
380 2948 446 3016 boc
467 2951 605 3035 primum
628 2952 757 3042 egimus
778 2954 815 3017 ui
837 2969 934 3038 quam
955 2969 1086 3038 quoque
1113 2951 1189 3018 loco
1211 2951 1410 3034 scripturam
1431 2945 1567 3016 codices

239 3077 272 3141 in
304 3073 368 3140 bac
392 3076 544 3141 oratione
575 3073 676 3142 foede
704 3078 854 3162 corrupti
881 3075 1024 3162 babent,
1052 3094 1095 3142 ex
1117 3076 1262 3162 quinque
1283 3092 1367 3162 quos
1392 3069 1566 3138 habuimus

239 3198 398 3264 accurate
419 3195 639 3285 referremus3
661 3195 782 3264 deinde
805 3199 912 3264 oratio
932 3201 1068 3265 avenis
1082 3199 1277 3266 commentis
1290 3195 1488 3282 Hotomani,
1509 3193 1563 3277 qui

241 3323 356 3386 nescio
381 3337 475 3405 quem
498 3318 646 3386 codicem
668 3323 899 3406 pervetustum
920 3321 1113 3406 repperisse
1135 3320 1197 3386 sibi
1212 3320 1307 3386 visus
1320 3321 1373 3384 est
1386 3320 1445 3382 aut
1460 3317 1565 3381 simu-

240 3443 335 3524 lavit,
366 3439 582 3530 repurganda
605 3443 695 3527 crat,
723 3460 788 3526 qua
810 3440 851 3508 de
873 3461 910 3508 re
940 3444 1076 3530 propria
1097 3446 1205 3510 actum
1228 3447 1282 3508 cst
1303 3442 1337 3506 in
1359 3443 1565 3507 commenta-

242 3565 332 3630 tione
353 3562 543 3630 academica
565 3565 614 3630 sic
636 3565 815 3648 irmcripta:
841 3563 952 3633 [leber
973 3561 1122 3632 Otcero’s
1143 3559 1565 3650 conservammus

242 3683 440 3754 Postumus.
484 3685 578 3752 Eine
606 3683 773 3754 murae
801 3683 1039 3775 Abborrdiunp
1066 3707 1134 3754 ιιοιι
1168 3685 1211 3754 K.
1237 3684 1347 3754 Halm
1376 3682 1564 3760 (Miincben

243 3807 364 3893 iata,
387 3808 448 3880 4.).
483 3809 636 3896 Denique
666 3808 699 3875 id
720 3813 965 3896 spectavimus,
989 3815 1146 3896 quantum
1168 3809 1297 3896 quidem
1326 3827 1387 3896 per
1408 3806 1568 3894 temporis

243 3933 438 3999 brevitatem
471 3932 585 4018 licuit,
615 3935 653 3998 ut
681 3935 939 4018 scripturarum,
971 3951 1056 4020 quae
1088 3932 1261 4002 codicibus
1291 3935 1438 4000 testatae
1470 3932 1567 4014 sunt,

241 4056 387 4142 vestigia
415 4056 523 4122 secuti
557 4055 684 4140 aliquot
714 4055 833 4122 saitem
863 4055 991 4124 mendis
1022 4058 1205 4123 orationem
1230 4058 1384 4144 graviter
1412 4057 1564 4122 villatam

241 4178 476 4263 liberaremus3
497 4175 586 4262 quod
608 4180 719 4244 tamen
742 4195 813 4244 eam
835 4183 930 4264 quasi
952 4197 1073 4245 novam
1095 4181 1130 4245 in
1152 4179 1297 4247 editione
1319 4182 1436 4246 nostra
1450 4178 1565 4246 odari-

240 4321 326 4387 mus,
350 4319 392 4367 ea
412 4319 479 4366 non
502 4304 553 4365 est
577 4302 693 4364 nostra
713 4299 804 4383 inus,
828 4299 890 4368 sed
911 4302 1094 4387 praecipua
1115 4301 1165 4367 io.
1186 4301 1259 4368 Nic.
1279 4299 1472 4384 Mnuvrsrr,
1494 4301 1566 4386 qai,

241 4443 313 4492 eum
337 4425 444 4490 oratio
467 4426 529 4490 mm
553 4423 645 4509 typis
666 4439 830 4506 expressa
852 4427 944 4507 erat,
974 4442 1047 4491 cum
1068 4423 1113 4490 ad
1133 4425 1219 4492 alias
1241 4426 1411 4492 orationes
1433 4429 1500 4490 tum
1523 4422 1566 4491 ad

242 4545 455 4613 Rabirianam
478 4547 606 4632 aliquot
628 4563 709 4610 suas
729 4545 980 4614 emendationes
1000 4548 1170 4616 nobiseum
1190 4548 1452 4616 communicavit.
1479 4547 1565 4628 Qui-

243 4670 305 4736 bus
334 4671 493 4754 perlectis
520 4687 593 4734 cum
624 4667 905 4736 intellexissemus
934 4689 1031 4756 quam
1060 4670 1144 4737 felix
1173 4670 1292 4737 luisset
1321 4668 1418 4736 bomo
1447 4671 1566 4736 mentls

241 4792 392 4860 acumine
414 4792 622 4876 praecellens
637 4793 670 4855 in
687 4793 838 4858 oratione
853 4791 1036 4858 Rabiriana
1052 4791 1268 4878 emendanda,
1285 4794 1397 4862 statim
1412 4794 1565 4877 exemplo

243 4931 352 4980 novae
374 4910 530 4979 editionis
551 4915 650 4979 misso
673 4933 745 4980 eam
773 4916 967 5004 rogavimus
989 4919 1026 4982 ut
1049 4918 1231 4984 orationem
1253 4917 1360 4983 nostri
1382 4918 1567 5000 apparatus

242 5037 348 5106 critici
378 5051 442 5122 ope
471 5037 533 5102 iam
563 5038 647 5104 satis
668 5035 875 5106 emendatam
902 5039 1057 5135 relegere
1078 5044 1113 5105 et
1135 5035 1165 5106 si
1188 5038 1265 5130 quid
1288 5040 1465 5128 practerea
1485 5038 1564 5104 novi
