3642 5868
251 332 314 400 440
622 341 665 404 ΙΝ
685 340 854 406 VERREM
874 339 998 406 ACTIO
1022 341 1207 408 SECUNDA

251 509 338 576 niam
359 516 444 586 tum,
465 529 538 576 eum
559 516 664 574 actum
686 516 751 586 est,
772 531 838 575 uua
857 511 1002 586 fuerunt,
1024 533 1109 576 nnnc
1131 533 1261 598 quoqne
1281 533 1347 578 una
1360 513 1480 593 adamo
1502 537 1577 582 cnm

250 605 545 688 interrogabantur,
571 605 752 688 obligentur
772 625 838 670 non
859 606 963 670 solum
984 608 1063 672 iuris
1077 609 1202 672 iurandi
1217 615 1315 693 atque
1329 609 1578 676 existimationis

250 691 412 782 periculo,
435 699 492 764 scd
514 699 609 764 etiam
632 700 792 764 communi
814 700 897 764 inter
918 721 952 764 se
978 703 1184 766 conscientia.
1227 698 1300 768 478.
1322 702 1508 787 Siphnum
1530 702 1577 780 fit,

250 792 313 857 hoc
334 792 396 870 ita,
418 793 569 877 quemad
589 795 720 858 modum
742 793 829 870 dico,
854 815 924 860 esse
944 795 1079 860 factum:
1103 816 1182 861 num
1202 797 1323 880 poteris
1346 797 1472 874 dicere,
1493 799 1578 862 Hor·

227 887 352 964 utensi,
373 887 454 952 nihil
475 889 510 952 in
531 888 601 953 istie
622 888 722 952 fuisse
743 887 872 964 litteris,
895 890 980 974 quod
1002 892 1132 954 Verrem
1153 890 1314 956 laederet?
1346 894 1418 956 Non
1432 891 1528 957 modo
1542 893 1576 958 id

251 1002 318 1046 non
339 982 440 1059 dices,
462 982 520 1047 sed
542 1003 582 1048 ne
602 981 683 1046 illud
703 982 833 1068 quidem
848 984 904 1048 tihi
920 985 1026 1048 dicere
1039 985 1164 1060 licebit,
1187 991 1325 1063 tantum,
1347 995 1502 1071 quantum
1516 1008 1576 1072 ego

123 1099 148 1202 p
251 1076 370 1151 dicam,
398 1097 465 1141 uon
493 1076 602 1140 fuisse.
645 1077 730 1159 Ergo
759 1076 820 1140 hoc
841 1085 948 1165 vestro
970 1079 1106 1144 consilio
1129 1087 1161 1144 et
1182 1081 1283 1163 potin
1303 1081 1501 1164 perfecistis,
1528 1089 1576 1157 ut,

122 1177 128 1191 '
251 1171 402 1257 quemad
424 1170 554 1235 modum
575 1170 673 1254 paulo
696 1178 769 1236 ants
792 1171 877 1249 dixi,
899 1173 977 1236 mihi
999 1193 1122 1237 summa
1142 1174 1276 1238 facultas
1298 1177 1338 1240 ad
1360 1175 1576 1240 accusandum

251 1268 394 1343 dmetur,
415 1265 514 1330 iudici
536 1265 636 1329 libero
655 1273 797 1349 potestas
819 1266 859 1330 ad
882 1266 1086 1332 credendum.
1129 1269 1273 1333 LXXIII.
1296 1265 1367 1333 479.
1389 1269 1484 1345 Quod
1503 1291 1574 1334 cum

214 1383 241 1430 to
250 1361 295 1424 ita
316 1361 373 1435 sit,
394 1361 475 1426 nihil
496 1357 612 1444 fingam
633 1367 751 1426 tamen.
793 1363 967 1426 Meminero
989 1382 1040 1424 me
1061 1382 1127 1425 non
1148 1365 1338 1446 sumpsisse,
1367 1384 1462 1448 quem
1483 1384 1576 1428 nocu-

249 1473 367 1530 sarem,
396 1454 452 1518 sed
484 1455 661 1538 recepisse,
683 1475 766 1539 quos
788 1454 1005 1520 defenderem:
1033 1476 1091 1520 vos
1113 1477 1155 1520 ex
1175 1476 1226 1520 me
1249 1478 1376 1523 causam
1397 1479 1464 1523 non
1486 1479 1505 1523 a
1525 1479 1576 1523 me

248 1548 419 1633 prolatam,
441 1549 498 1614 sed
520 1550 633 1614 adme
655 1549 791 1613 delatam
813 1550 924 1613 audire
946 1558 1111 1633 oportere:
1134 1571 1184 1615 me
1200 1553 1316 1616 Siculis
1339 1554 1414 1618 satis
1438 1574 1509 1618 esse
1529 1554 1575 1618 fa·

249 1651 390 1719 cturum,
417 1643 462 1720 si,
491 1665 574 1730 quae
603 1645 739 1728 cognovi
768 1645 803 1707 in
832 1644 956 1720 Sicilia,
986 1664 1069 1728 quae
1094 1646 1202 1728 accepi
1223 1645 1263 1708 ab
1285 1646 1378 1729 ipsis,
1408 1647 1576 1730 diligenter

248 1758 445 1823 exposuero:
467 1739 589 1823 populo
604 1741 757 1814 Romano,
775 1739 802 1802 si
817 1739 937 1802 nullius
952 1739 1025 1814 vim,
1040 1739 1161 1803 nullius
1175 1741 1351 1822 potentiam
1365 1742 1574 1824 pertimueros

211 1832 353 1907 savohis,
376 1834 404 1896 si
424 1832 609 1898 facultatem
630 1855 705 1898 vera
727 1841 822 1918 atque
843 1833 978 1898 honeste
1000 1832 1162 1897 iudicandi
1183 1831 1245 1897 iide
1267 1842 1299 1898 et
1319 1835 1484 1918 diligentia
1505 1857 1575 1902 mea

179 1935 194 2015 4
246 1926 369 1990 fecero:
391 1928 551 2004 mihimet,
574 1929 601 1992 si
623 1951 664 1993 ne
685 1929 851 1992 minimum
874 1928 1004 2012 quidem
1026 1926 1066 1990 de
1087 1947 1159 1990 meo
1181 1930 1340 2013 curriculo
1361 1930 1465 2006 ritae,
1488 1931 1574 2014 quod

166 2071 172 2098 .
247 2022 325 2088 mihi
358 2043 484 2107 semper
513 2025 713 2109 propositum
744 2022 822 2096 fuit,
855 2020 1033 2086 decessero.
1086 2015 1157 2083 l80.
1190 2021 1392 2106 Quapropter
1419 2023 1500 2087 nihil
1527 2031 1576 2088 est

247 2119 334 2202 quod
365 2127 504 2192 metuas,
537 2137 577 2181 ne
608 2118 687 2202 quid
719 2118 752 2180 in
780 2125 812 2179 te
841 2111 1036 2198 confingam:
1069 2115 1165 2178 stiam
1195 2116 1282 2200 quod
1310 2117 1429 2182 laetere
1465 2117 1574 2182 hahes.

245 2213 346 2278 Multa
367 2212 467 2287 enim,
497 2232 579 2296 quae
602 2213 669 2276 soio
691 2212 747 2276 ahs
769 2221 800 2274 te
823 2230 893 2274 esse
916 2210 1099 2284 commissa,
1129 2211 1216 2294 quod
1238 2220 1293 2275 aut
1313 2212 1447 2276 nimium
1469 2213 1576 2296 turpia

209 2313 303 2372 soaut
322 2327 435 2389 parum
457 2305 622 2370 credibilia
643 2313 732 2381 sunt,
755 2304 1021 2389 praetermittam:
1045 2312 1166 2368 tantum
1190 2325 1281 2388 agam
1304 2305 1343 2368 de
1358 2307 1419 2370 hoc
1433 2314 1502 2371 toto
1517 2327 1575 2370 no-

246 2399 331 2463 mine
354 2399 525 2462 societatis.
569 2399 609 2463 Ut
630 2401 693 2464 iam
715 2401 796 2464 scire
820 2401 942 2483 possis,
972 2418 1139 2483 quaeram,
1170 2399 1374 2464 decretumne
1396 2403 1459 2464 siti
1496 2400 1574 2465 Cum

245 2492 278 2556 id
299 2493 468 2568 invenero,
491 2512 656 2577 quaeram,
678 2501 860 2558 remotaene
882 2494 947 2556 sint
967 2492 1117 2556 litterae?
1154 2493 1232 2556 Cum
1255 2494 1288 2557 id
1304 2514 1434 2579 quoqne
1448 2503 1575 2560 consta-

244 2585 308 2661 hit,
330 2604 388 2649 vos
409 2585 472 2650 iam
494 2585 556 2651 hoc
577 2607 627 2651 me
648 2591 745 2654 tacito
767 2588 976 2670 intelligetiss
994 2589 1020 2652 si
1043 2586 1101 2662 illi,
1123 2588 1180 2671 qui
1201 2588 1264 2652 hoc
1286 2589 1381 2653 istius
1403 2610 1499 2654 causa
1520 2591 1574 2654 de·

121 2713 129 2753 ,1
246 2686 427 2756 creverunt,
450 2681 575 2772 equites
597 2683 741 2758 Romani,
764 2702 849 2745 nnnc
865 2681 962 2745 iidem
978 2682 1010 2745 in
1027 2702 1099 2745 eum
1118 2681 1241 2745 iudices
1258 2690 1372 2757 essent,
1394 2683 1490 2748 istum
1505 2686 1573 2749 sine

207 2771 345 2843 mduhio
368 2763 633 2851 condemnarent,
663 2775 702 2839 de
731 2795 796 2859 quo
822 2777 943 2840 litteras
967 2796 1034 2851 eas,
1064 2795 1145 2860 quae
1167 2777 1260 2841 istius
1281 2777 1366 2841 furta
1386 2777 1573 2853 indicerent,

246 2875 279 2932 et
304 2867 345 2932 ad
373 2889 407 2934 se
436 2869 549 2934 missas
577 2878 610 2934 et
637 2890 696 2934 suo
718 2869 847 2935 decreto
868 2879 1006 2936 remotas
1028 2869 1146 2934 scirent
1167 2891 1247 2936 esse.
1292 2873 1394 2948 Quem
1416 2873 1514 2956 igitur
1534 2873 1573 2936 ab

245 2964 285 3027 iis
307 2964 470 3049 equitibus
497 2965 663 3040 Romanis,
693 2966 762 3050 qui·
777 2966 870 3030 istius
892 2985 988 3028 causa
1009 2964 1144 3048 cupiunt
1165 2965 1286 3042 omnia,
1317 2968 1374 3051 qui
1397 2966 1435 3029 eh
1458 2986 1498 3030 eo
1519 2965 1574 3030 bc·

245 3061 430 3143 uiguissime
452 3063 576 3126 tractati
599 3069 689 3137 sunt,
712 3061 916 3126 condemnari
938 3079 1069 3123 necesse
1091 3067 1193 3124 esset:
1222 3062 1249 3124 is
1271 3081 1290 3125 a
1311 3061 1419 3135 vobis,
1441 3059 1572 3134 iudices,

244 3153 311 3218 nlla
331 3157 383 3220 via
405 3162 461 3220 aut
481 3155 604 3220 ratione
626 3156 748 3220 absolvi
769 3159 897 3240 potest?

205 3267 234 3313 so
328 3244 400 3312 484.
421 3252 467 3314 Ac
489 3271 530 3314 ne
550 3251 633 3315 forte
656 3272 710 3326 ea,
733 3271 817 3335 quae
838 3259 959 3314 remota
974 3249 1014 3312 de
1029 3249 1134 3314 medio
1148 3255 1245 3333 atque
1260 3256 1368 3334 erepta
1380 3249 1473 3313 nohis
1488 3256 1571 3326 sunt,

244 3345 352 3408 omnia
372 3347 417 3410 ita
438 3345 567 3411 condita
586 3346 685 3410 fuisse
708 3354 805 3429 atque
827 3347 871 3408 ita
889 3343 996 3406 abdite
1017 3345 1148 3408 latuisse
1163 3343 1347 3418 videantur,
1368 3349 1406 3406 nt
1424 3342 1504 3408 haec
1525 3343 1572 3407 di·

243 3437 389 3522 ligentia,
412 3461 509 3524 quam
530 3460 589 3524 ego
611 3461 630 3504 a
651 3461 702 3504 me
724 3439 904 3522 exspectari
925 3439 1061 3500 maxime
1082 3446 1175 3520 puto,
1205 3438 1285 3502 nihil
1312 3457 1421 3501 eorum
1442 3439 1573 3503 investi·

309 3636 332 3686 4,
351 3636 435 3686 adstat
450 3633 520 3700 4344
537 3649 563 3701 p.
577 3649 624 3688 m.:
643 3638 692 3687 siat
707 3633 917 3700 43494444ος
935 3637 992 3684 suot
1008 3632 1057 3684 dtt.
1076 3660 1104 3670 -
1123 3631 1148 3684 4.
1165 3646 1226 3683 acm
1244 3648 1285 3696 cp:
1303 3647 1382 3684 onam
1397 3633 1467 3698 4344
1482 3648 1509 3700 p.
1523 3647 1570 3694 m.;

241 3724 292 3760 ooo
309 3713 354 3762 ctt.
375 3737 403 3747 -
421 3711 446 3762 4.
464 3713 491 3761 td
507 3711 566 3776 ooo]
583 3726 633 3762 oon
651 3724 704 3762 om.
717 3711 855 3775 4399444.
877 3737 904 3746 -
924 3709 948 3760 8.
967 3709 1028 3759 mos
1044 3706 1113 3771 4344
1130 3721 1156 3772 p.
1171 3722 1218 3759 m.:
1237 3714 1260 3758 ct
1274 3709 1335 3758 mihi
1347 3711 1392 3760 ctt.
1407 3709 1436 3760 0.
1451 3735 1478 3746 —
1498 3709 1522 3760 9.
1534 3710 1573 3760 to·

242 3785 291 3835 dict
307 3784 376 3850 4344
393 3799 418 3850 p.
433 3799 480 3837 m.:
499 3791 522 3858 ct
537 3787 614 3836 iudici
630 3787 742 3849 4349Β;
761 3790 784 3835 ot
795 3784 915 3834 iudicibus
932 3785 978 3834 ott.
992 3785 1020 3834 0.
1037 3811 1064 3820 -
1082 3785 1233 3834 comendam
1248 3782 1317 3848 4344
1335 3797 1361 3847 p.
1375 3797 1411 3835 m.
1425 3798 1466 3845 φ;
1487 3785 1572 3836 decer-

241 3861 349 3911 nendum
366 3862 435 3912 coni.
447 3861 475 3914 L.
491 3889 518 3898 —
538 3861 579 3913 44.
599 3875 660 3925 poor
676 3860 762 3926 4344ι
780 3862 847 3922 qood
864 3861 908 3910 ott.
928 3859 1006 3910 codd.
1020 3859 1083 3910 noti.
1099 3887 1125 3896 -
1146 3857 1185 3910 44.
1204 3859 1297 3909 audito
1312 3860 1363 3909 vim
1379 3871 1433 3910 om.
1451 3859 1529 3924 4344.
1543 3890 1570 3900 -

238 3940 385 3998 potestatem
406 3935 475 4001 4344
492 3949 519 4002 p.
538 3949 575 3988 ιιι.
595 3963 623 3974 -
648 3937 688 3988 46.
706 3937 817 3986 mihimet
831 3937 853 3984 st
869 3933 979 3998 434944
992 3936 1065 3996 lior:
1088 3934 1149 3984 mur
1165 3935 1192 3984 to
1209 3949 1237 3984 eo
1253 3935 1274 3984 si
1291 3936 1336 3984 ott.
1364 3959 1391 3970 -
1416 3935 1447 3984 ds
1462 3949 1491 3985 co
1508 3937 1572 3987 c.0

243 4015 334 4061 contra
352 4010 430 4062 codd.
452 4038 479 4049 —
499 4011 539 4062 48.
557 4013 585 4061 io
602 4016 624 4062 te
640 4013 781 4076 contonam
797 4010 866 4074 4φι
884 4011 911 4060 io
928 4015 950 4060 tc
965 4011 1062 4074 stapam
1072 4011 1111 4068 N;
1129 4023 1226 4060 moerori
1240 4011 1337 4074 popam
1348 4008 1395 4060 dtt.
1411 4035 1439 4046 -
1458 4009 1499 4059 49.
1518 4023 1535 4060 ιι
1551 4015 1574 4061 ta

242 4083 311 4149 4344
328 4097 354 4150 p.
367 4098 404 4136 m.
420 4113 447 4122 -
465 4087 507 4138 40.
524 4087 632 4148 semim]
647 4087 751 4137 mimine
767 4087 836 4137 coni.
849 4086 919 4136 Bake
931 4083 997 4135 Bibl.
1012 4087 1069 4136 orit.
1083 4098 1144 4135 nov.
1156 4083 1213 4135 Vol.
1226 4085 1257 4134 V.
1271 4085 1298 4134 P.
1312 4085 1331 4134 1.
1350 4097 1376 4149 p.
1391 4084 1431 4135 46.
1447 4111 1474 4122 -
1492 4085 1535 4137 44.
1545 4092 1574 4136 ot

242 4163 295 4212 tom
311 4162 373 4213 scira
387 4161 465 4224 pocae
481 4159 550 4224 4344
562 4162 626 4213 Fu:
644 4165 673 4211 ut
687 4175 744 4212 eom
760 4162 823 4210 scire
835 4160 936 4223 possitis
952 4160 1008 4220 ett.;
1026 4164 1054 4210 ct
1070 4161 1123 4210 tom
1138 4171 1171 4209 ac.
1189 4159 1286 4221 possitis
1303 4160 1337 4219 03
1355 4163 1383 4208 ut
1398 4159 1493 4222 sactum
1509 4161 1573 4212 sciro

238 4236 338 4300 possitis
361 4235 430 4286 coni.
452 4237 523 4288 Baka
549 4240 577 4288 at
601 4241 693 4304 postea
714 4239 895 4301 commitem.
920 4233 999 4286 delet.
1027 4233 1059 4285 cf.
1077 4232 1165 4285 Madv.
1186 4234 1268 4298 Epist.
1287 4233 1322 4284 ad
1338 4233 1416 4286 orell.
1435 4248 1462 4300 p.
1482 4235 1522 4287 90.
1543 4263 1571 4272 —

242 4312 283 4364 43.
296 4311 350 4362 tom
364 4312 410 4362 hoc
426 4325 444 4362 a
459 4325 498 4364 me
509 4314 578 4378 4349
589 4315 609 4364 B
620 4328 626 4375 ;
644 4327 685 4364 mc
699 4315 752 4365 iam
768 4313 813 4364 hoc
823 4312 892 4378 4344
901 4315 934 4364 ll.
954 4310 1010 4376 [scd
1024 4323 1078 4361 om.
1090 4310 1117 4359 hi
1130 4311 1207 4374 44433.
1220 4309 1315 4374 tactu-J
1329 4337 1357 4347 —
1375 4309 1420 4360 hoc
1436 4322 1489 4361 om.
1503 4311 1573 4374 4349

242 4389 271 4438 Β.
293 4413 320 4425 -
338 4387 379 4436 46.
397 4391 421 4437 ct
436 4387 478 4453 od]
496 4393 519 4439 ct
535 4402 589 4440 om.
608 4387 677 4452 4344
700 4402 726 4453 p.
745 4402 782 4439 m.
803 4416 831 4426 —
856 4389 945 4438 missos
965 4399 1015 4436 erac
1037 4389 1060 4435 et
1081 4383 1150 4448 4344
1166 4397 1193 4449 p.
1212 4396 1248 4434 m.
1269 4411 1296 4420 —
1322 4385 1364 4435 47.
1381 4387 1501 4436 liomoois
1516 4398 1571 4437 om.

242 4459 312 4526 4344
328 4474 355 4527 p.
373 4474 410 4512 m.
429 4464 458 4512 ut
473 4461 518 4514 lib·
537 4464 557 4514 1.
577 4463 601 4528 5.
620 4464 661 4514 49.
686 4491 713 4500 -
739 4463 780 4514 49.
806 4464 850 4514 oio
866 4463 970 4514 Ernesti
987 4463 1013 4512 et
1029 4460 1098 4525 4349
1116 4459 1201 4524 (proh.
1220 4458 1395 4524 Wesenberg.
1413 4459 1430 4510 l.
1450 4459 1466 4511 4.
1484 4475 1511 4527 p.
1531 4461 1571 4512 46.

243 4535 302 4588 coll.
321 4537 352 4586 V.
372 4535 396 4600 5.
409 4535 490 4597 toci:
507 4535 533 4586 oi
550 4539 595 4588 ctt.
616 4538 748 4587 urernnst
763 4538 801 4588 oie
817 4537 852 4588 ed
869 4550 935 4602 opes
951 4536 1192 4588 adversariorum.»
1209 4537 1301 4586 Ζιιιιιι.
1321 4538 1369 4586 «st
1380 4534 1452 4586 aliud
1469 4537 1510 4588 est
1524 4537 1572 4597 ota,

243 4610 314 4663 eliud
331 4624 401 4674 opos,
426 4623 513 4674 neque
532 4611 577 4674 qui
594 4610 689 4676 opibus
706 4611 761 4662 suis
778 4613 824 4661 eut
840 4610 931 4682 alienis
947 4612 1059 4676 pugnat,
1083 4610 1155 4660 idem
1173 4611 1296 4660 continuo
1312 4610 1338 4658 ui
1354 4612 1466 4674 pugnat,
1485 4623 1572 4674 neque

243 4688 351 4739 omnino
372 4687 400 4738 h.
418 4685 435 4738 l.
454 4688 603 4750 quaeritur,
628 4688 700 4738 coires
714 4687 752 4737 rei
769 4701 814 4749 ope
830 4685 931 4737 absolvi
948 4686 1032 4750 possit
1047 4687 1158 4748 Verres,
1180 4684 1229 4737 sed
1246 4683 1309 4736 illud
1326 4683 1428 4744 solum,
1446 4698 1507 4735 aum
1522 4685 1573 4734 otto

242 4763 315 4814 modo
333 4761 447 4823 iudicas,
467 4761 511 4825 qni
523 4763 580 4812 tum
592 4765 681 4823 erent,
700 4760 838 4814 absolvere
851 4775 913 4812 eum
930 4761 1042 4827 possint,
1061 4774 1142 4825 quem
1160 4762 1263 4824 equites
1280 4761 1390 4812 Romani
1408 4759 1573 4810 condemna-

243 4839 295 4890 turi
312 4837 434 4890 fuerint·
452 4837 620 4888 Wessresro.
636 4865 663 4874 —
682 4836 722 4888 30.
740 4836 810 4888 uobis
820 4837 888 4901 4349
897 4835 928 4888 44
946 4850 972 4900 p.
986 4848 1021 4885 m.
1034 4837 1070 4886 B:
1096 4835 1164 4886 vobis
1180 4838 1227 4887 ott.
1245 4838 1274 4887 0.
1295 4863 1323 4872 -
1342 4835 1382 4886 34.
1401 4835 1488 4886 obdito
1503 4836 1573 4899 4349

243 4916 293 4966 ΑΒ
312 4913 354 4978 (cf.
372 4927 398 4978 p.
418 4913 447 4964 C.
466 4910 554 4963 Rabir.
574 4912 598 4977 5.
608 4913 636 4963 44
644 4913 675 4976 .):
694 4913 791 4963 obedire
806 4909 875 4976 4344
893 4926 919 4976 p.
932 4925 985 4972 m.;
1003 4911 1085 4961 obdito
1101 4911 1149 4961 dtt.
1168 4913 1197 4962 0.
1213 4939 1240 4948 —
1259 4911 1320 4961 hacc
1335 4909 1404 4974 4344
1421 4923 1448 4974 p.
1466 4923 1502 4961 m.
1523 4902 1572 4972 (vel

243 4989 331 5054 potius
346 4987 414 5049 leci:
432 4987 481 5037 hoc
497 4989 542 5038 ott.
561 4989 590 5038 0.
611 5016 638 5025 -
658 4988 698 5039 34.
717 5001 804 5039 amaon
820 4987 913 5038 codd:
931 4988 1020 5038 tionem
1036 4989 1065 5040 0.
1081 5013 1108 5024 -
1126 4989 1276 5055 mvmttpore
1290 4987 1359 5054 4349
1370 4989 1408 5040 Α;
1426 4987 1574 5055 iuvestipori

245 5066 290 5116 ctt.
309 5065 338 5118 0.
363 5063 396 5116 cf.
415 5065 528 5115 Gronov.
547 5062 675 5115 Observv.
693 5064 713 5114 1.
733 5065 773 5116 44.

1231 5177 1245 5210 N
