3642 5868
500 447 543 509 lu
563 443 734 510 VERREM
754 443 877 519 adulo
900 443 1085 510 SECUNDA
1105 445 1173 510 Lm.
1194 443 1234 509 Π.
1466 439 1528 507 i77

205 633 282 677 num
309 613 447 678 clamore
474 619 570 698 atque
600 615 738 678 convitio
765 615 968 690 restitissem,
997 635 1038 679 ex
1057 614 1117 678 bac
1140 614 1268 678 decuria
1288 617 1409 688 vestra,
1438 613 1527 676 cuius

205 707 282 770 mibi
309 709 434 790 copiam
464 727 559 792 quarn
583 709 789 792 largissimam
810 708 925 773 lacum
953 709 1134 793 oportebat,
1163 727 1244 793 quos
1273 708 1333 773 iste
1363 713 1527 781 annuerat,

203 801 238 864 in
259 821 352 866 suum
375 801 542 866 consilium
564 803 632 866 sine
654 821 750 866 causa
771 803 1029 867 subsortiebatur.

270 1037 294 1086 l.
311 1039 396 1086 outre
411 1035 510 1100 vigae
528 1034 570 1086 alii
587 1033 677 1086 multi:
696 1041 783 1087 nostra
799 1038 858 1088 ΑΟ.
880 1065 907 1074 -
925 1039 950 1088 i.
968 1038 1075 1104 cupium]
1091 1041 1235 1100 potestatem
1251 1039 1281 1088 Α.
1302 1065 1329 1075 -
1348 1051 1424 1102 quom
1440 1039 1530 1104 turpia·

203 1110 294 1160 umam
310 1110 333 1159 V
349 1109 409 1161 cod.
428 1112 500 1163 Urs:
518 1111 688 1174 lorqbsimom
703 1113 738 1172 l;
757 1125 834 1175 quum
850 1113 990 1177 turpissime
1006 1116 1052 1165 ctt.
1071 1114 1100 1164 0.
1121 1139 1148 1150 -
1165 1112 1268 1178 foetam]
1283 1115 1340 1177 fleri
1355 1117 1386 1165 A.
1407 1143 1434 1152 -
1453 1128 1530 1177 opor-

204 1186 270 1236 tebat
286 1185 341 1236 eV:
360 1185 500 1248 oportebat,
518 1191 605 1249 erepto
621 1193 680 1238 uret
695 1189 805 1252 facultas
820 1201 907 1238 eorum
924 1191 969 1239 cti.
983 1189 1012 1239 0.
1033 1215 1061 1224 —
1080 1201 1155 1250 quos,
1173 1201 1230 1238 mon
1245 1189 1290 1238 itte
1307 1187 1340 1239 de
1353 1190 1421 1240 coni.
1434 1189 1530 1254 Zumpt

204 1264 232 1312 et
248 1261 333 1312 lladv.
352 1259 386 1312 de
403 1266 463 1314 Asc.
482 1275 509 1327 p.
523 1263 579 1312 iii.
599 1262 641 1326 [cl.
661 1263 695 1312 de
712 1263 737 1313 b.
752 1261 769 1313 l.
789 1265 938 1314 Mommsen
955 1264 982 1314 in
997 1264 1125 1314 denoteris
1141 1265 1189 1314 Lit.
1207 1263 1265 1312 Zeti.
1284 1262 1358 1315 lali.
1376 1277 1403 1328 p.
1416 1263 1464 1314 260
1477 1265 1528 1329 sq]

205 1366 234 1375 -
252 1339 377 1389 adnuerat
392 1339 423 1388 V.
435 1365 464 1375 -
483 1339 511 1389 ln
529 1337 620 1389 codice
638 1339 764 1389 Vaticano
780 1337 934 1390 subiicitur:
952 1340 982 1388 la
998 1339 1025 1390 d.
1041 1339 1141 1390 Verrem
1157 1338 1258 1402 sopiret
1271 1338 1387 1403 [elidum
1406 1339 1432 1390 in
1449 1340 1528 1402 agae:

203 1413 239 1463 ll.
260 1413 331 1464 Trallii
348 1413 472 1465 Obsonia
486 1414 515 1463 ia
531 1414 558 1465 d.
580 1415 679 1465 Verrem
695 1414 757 1466 liber
773 1415 860 1464 tertiae
875 1414 986 1477 explicit.

672 1853 848 1912 ACTlONlS
870 1852 1064 1912 SECUNDAE

850 2006 884 2056 iri

464 2147 1276 2228 &VERREM

703 2323 812 2373 LIBER
834 2323 1034 2376 SECUNDUS

846 2462 885 2508 DE

596 2596 896 2661 IUlllSDlCTIONE
920 2597 1141 2661 SlClLlENSl.

394 2943 552 2996 nationes
570 2942 720 3006 canicies,
742 2943 839 3008 quibus
856 2944 923 2996 haec
940 2945 1023 2994 oratio
1040 2945 1203 3006 continetur,
1222 2947 1284 2996 sunt
1299 2943 1344 2995 bi:

205 3059 274 3124 igit
291 3072 318 3124 p.
337 3071 374 3108 in.
392 3075 421 3102 =
435 3055 676 3120 Lopmrursiaisaus
692 3069 732 3106 nr.
750 3054 802 3116 ia,
821 3056 1077 3120 praestantissimus,
1100 3057 1143 3118 qui
1162 3068 1224 3106 oum
1240 3055 1274 3107 ab
1291 3057 1363 3108 initio
1381 3071 1414 3110 ex
1431 3061 1530 3132 optimo

287 3132 432 3198 exemplari
449 3130 599 3196 descriptus
616 3133 701 3192 esset,
722 3134 815 3195 postea
833 3130 867 3181 ab
885 3130 991 3181 bomine
1008 3131 1130 3195 imperito
1147 3130 1182 3181 ad
1199 3129 1397 3185 similitudinem
1414 3134 1532 3188 deterio-

286 3222 347 3261 rum
369 3208 491 3259 codicum
512 3207 654 3270 corruptus
678 3207 727 3256 est.
762 3205 943 3266 Quamobrem
956 3205 1030 3267 prior
1045 3218 1136 3256 munus
1152 3208 1275 3257 accurate
1293 3206 1393 3272 ubique
1410 3223 1531 3264 comme-

287 3287 419 3345 moratur,
438 3283 536 3348 quippe
554 3295 622 3346 quae
640 3279 674 3331 ad
691 3294 786 3332 verum
803 3278 992 3331 inveniendum
1009 3280 1086 3330 unice
1105 3280 1244 3344 pertineat.

205 3359 224 3411 F
243 3377 272 3400 =
287 3357 459 3410 Fabi-iciunae.
489 3357 571 3408 lluius
595 3355 694 3407 codicis
713 3355 885 3407 vetustissimi
901 3355 1047 3419 scripturas
1068 3368 1083 3404 a
1105 3353 1210 3418 vulgata
1232 3354 1384 3408 differentes
1406 3358 1432 3408 in
1454 3357 1531 3411 libel-

286 3431 342 3485 lum
366 3432 462 3484 relatas
491 3430 525 3482 ed
546 3430 702 3483 Lambinum
723 3432 794 3482 misit
820 3431 861 3481 Fr.
884 3429 1019 3482 Fabricius
1044 3428 1261 3482 Marcoduranus.
1303 3431 1354 3482 Eas
1378 3433 1530 3487 conllrmeri

287 3507 392 3559 duobus
412 3505 550 3558 codicibus
572 3519 637 3558 mss.
657 3505 765 3557 Puteani
789 3505 868 3558 tradit
886 3505 1029 3556 Lambinus
1052 3505 1086 3555 ad
1108 3506 1210 3556 initium
1232 3507 1310 3557 buius
1333 3508 1466 3560 emtionis.
1494 3509 1527 3560 cl.

286 3583 354 3634 intra
375 3581 409 3634 ad
425 3583 467 3632 lll.
486 3580 511 3644 5.
529 3581 569 3633 60.
605 3582 744 3646 conspirat
765 3584 855 3632 autem
880 3581 924 3632 bic
948 3580 1033 3631 codex
1056 3581 1153 3631 mbum
1179 3583 1306 3644 quantum
1332 3596 1394 3634 cum
1414 3584 1484 3648 agia
1501 3599 1528 3649 p.

287 3672 338 3720 m..
360 3659 390 3708 ut
414 3669 461 3708 cos
485 3669 517 3707 ex
540 3655 638 3706 eodem
660 3655 751 3707 codice
775 3657 921 3721 archetypo
944 3655 1091 3721 descriptos
1113 3668 1174 3706 esse
1196 3653 1294 3720 liquido
1312 3661 1446 3723 appareat.
1482 3659 1530 3712 Ubi

286 3733 357 3799 apud
378 3730 470 3784 Lamb.
494 3729 535 3782 rel
557 3733 584 3782 ln
605 3731 678 3781 textu
698 3729 741 3782 vel
763 3731 790 3782 ln
816 3732 934 3795 margine
957 3730 1020 3782 edit.
1045 3732 1130 3796 repet.
1149 3731 1222 3784 issi.
1241 3729 1319 3782 lectio
1341 3735 1472 3798 reperitur
1493 3734 1528 3786 ab

288 3808 402 3860 editione
422 3820 447 3858 a.
465 3805 539 3858 loeo.
557 3805 724 3871 discrepans,
751 3819 814 3857 curn
835 3808 935 3872 optima
955 3805 1051 3858 familia
1074 3805 1211 3868 codicum,
1234 3806 1363 3870 imprimis
1381 3821 1444 3860 cum
1460 3809 1529 3874 ugia

286 3895 313 3949 p.
331 3873 379 3946 nu,
398 3881 580 3944 concordans,
605 3880 640 3932 ibi
662 3893 722 3932 eam
745 3895 779 3932 ex
794 3881 854 3932 cod.
873 3880 950 3932 Febr.
969 3881 1155 3946 depromptam
1171 3893 1231 3932 esse
1249 3883 1353 3932 certum
1369 3884 1418 3933 est.
1452 3883 1530 3935 Eius-

286 3958 360 4010 modi
376 3957 503 4010 lectlones
520 3955 725 4022 significavimus
736 3971 772 4019 φ,
791 3970 844 4021 quo
861 3956 1077 4009 discernerentur
1090 3955 1124 4007 ab
1136 3957 1176 4018 iis,
1195 3955 1293 4022 quibus
1304 3970 1319 4007 a
1331 3955 1458 4008 lambino
1467 3971 1493 4008 c.
1506 3972 1528 4010 c.

285 4035 304 4086 i.
317 4049 341 4086 e.
354 4034 452 4087 veteris
469 4032 568 4084 codicis
583 4031 728 4083 Fabriciani
739 4033 881 4083 auctoritas
892 4031 991 4082 diserte
1003 4031 1136 4096 adscripta
1147 4033 1195 4083 est.
1215 4030 1379 4096 Ubicumque
1390 4032 1416 4081 in
1427 4029 1486 4082 libr.
1496 4033 1528 4083 ll.

275 4112 314 4180 'et
328 4110 371 4161 iil.
390 4108 489 4160 codicis
509 4107 654 4159 Fabriciani
671 4106 710 4172 (F.
728 4119 750 4158 s.
768 4107 803 4172 φ)
820 4107 984 4159 mentionem
1001 4119 1055 4157 aon
1071 4105 1195 4170 lecimus,
1222 4105 1257 4157 ibi
1275 4105 1309 4158 de
1327 4107 1383 4159 eius
1399 4109 1529 4172 scriptura

286 4181 350 4236 nihil
367 4186 477 4236 constet.
512 4183 587 4234 ldem
602 4180 674 4233 valet
689 4181 723 4233 de
740 4180 888 4233 Metelliano
905 4183 933 4232 et
947 4181 1094 4232 Nannieno.

204 4257 231 4312 ii
246 4271 275 4294 =
287 4259 451 4321 aueum
469 4258 545 4310 cuius
561 4257 647 4310 varias
664 4255 791 4308 lectiones
808 4269 824 4308 a
841 4255 978 4308 Guilielmo
995 4257 1120 4322 acceptas
1132 4258 1258 4308 Grrrterus
1276 4255 1357 4308 dedit.
1380 4259 1428 4309 liic
1445 4257 1530 4312 codex

285 4332 321 4384 ita
343 4345 406 4386 oum
426 4331 581 4386 Fabriciano
603 4332 748 4393 consentit,
775 4334 805 4383 ut
826 4331 986 4396 quibusdam
1007 4344 1060 4382 non
1083 4331 1214 4383 immerito
1232 4332 1304 4384 idem
1322 4345 1382 4384 esse
1399 4331 1527 4384 videatur.

285 4407 319 4460 ci.
338 4409 440 4474 Zumpt.
459 4407 543 4460 Praei.
562 4421 589 4472 p.
607 4407 662 4458 iix.
688 4405 741 4456 Sed
758 4420 820 4458 cum
838 4407 895 4458 eius
906 4407 994 4457 variae
1011 4404 1138 4458 lectiones
1156 4408 1258 4458 tentum
1269 4405 1400 4471 usquead
1414 4405 1472 4458 libr.
1486 4410 1527 4459 lii.

287 4497 312 4534 c.
324 4484 365 4534 it.
383 4484 533 4548 pertineant
547 4485 626 4546 atque
644 4482 676 4533 iis
687 4479 752 4532 locis
764 4495 817 4532 non
828 4493 888 4532 raro
900 4484 1153 4542 commemorentur,
1171 4480 1217 4532 obi
1228 4495 1262 4532 ex
1273 4480 1436 4542 Fabriciano,
1455 4483 1529 4532 cuius

285 4571 371 4622 nsque
388 4557 520 4610 adfinem
537 4555 597 4608 libri
612 4557 655 4606 lil.
668 4557 768 4608 mentio
785 4555 826 4619 fit,
846 4554 909 4608 nibil
921 4559 1058 4618 epotetur,
1075 4558 1164 4622 potest
1174 4559 1265 4608 tamen
1275 4556 1430 4622 ambiguam
1442 4556 1529 4622 aliquo

285 4631 367 4684 modo
382 4631 482 4694 videri,
500 4631 607 4683 idemne
621 4632 658 4682 sit
675 4631 760 4684 codex
777 4643 811 4682 an
827 4629 975 4684 simillimus
987 4630 1149 4684 Fabriciano.
1176 4630 1357 4693 Quamobrem
1373 4632 1431 4684 eius
1441 4632 1529 4684 varias

286 4703 414 4759 lectiones
431 4704 563 4757 noluimus
580 4707 710 4758 omittere.

203 4783 271 4835 Νι
288 4781 450 4844 Naeuianus,
475 4781 707 4847 praestantissimis
729 4780 962 4845 adnumerandus,
989 4794 1022 4832 ex
1044 4795 1098 4847 quo
1121 4777 1225 4834 multas
1239 4782 1299 4846 (non
1315 4781 1417 4846 omues)
1440 4782 1528 4834 verius
1627 4803 1629 4810 ·

284 4853 411 4908 lectiones
433 4857 550 4909 enotavit
568 4857 639 4908 Patr.
656 4857 783 4908 Nannius.
817 4858 868 4909 Eas
891 4855 946 4908 lere
969 4868 1062 4909 omnes
1082 4857 1185 4922 recepit
1208 4857 1268 4909 Car.
1286 4858 1435 4924 stephanus
1457 4859 1485 4908 et
1499 4857 1528 4908 ln

283 4931 438 4998 appendice
453 4929 511 4983 Vol.
534 4931 566 4982 11.
583 4944 610 4995 p.
629 4930 685 4983 686.
704 4933 849 4998 separatim
864 4932 961 4998 posuit.

204 5005 273 5070 usae
289 5031 318 5057 τι
332 5006 573 5072 Lopoacarriatuaus
589 5019 630 5056 nr.
648 5006 689 5057 ²9.

204 5082 226 5133 A
241 5095 270 5122 =
285 5082 431 5135 menos
446 5095 487 5134 nr.
506 5081 579 5133 ieta.
598 5082 673 5132 Sacc.
691 5081 757 5132 xiil.

204 5157 224 5208 Β
240 5187 269 5222 =
284 5158 430 5210 aeuum
445 5170 487 5212 nr.
505 5157 580 5209 7776.
598 5157 673 5209 saec.
685 5155 751 5208 xiii.
778 5155 810 5209 lli
825 5159 879 5222 tres
896 5155 1015 5224 codices,
1034 5156 1096 5225 qui,
1113 5157 1143 5212 ut
1153 5154 1237 5222 Lati,
1255 5154 1454 5222 diligentissime
1465 5158 1527 5210 sunt

139 5233 143 5250 ‘
247 5249 419 5302 emona.
1269 5241 1310 5318 42
