3642 5862
570 665 620 722 ΑΙ)
642 663 783 722 LIBRUM
802 664 840 722 11.
861 662 1148 722 Accusnulouis.

267 807 327 858 pag.
346 795 403 846 448.
426 795 516 858 Incipit
537 795 598 846 liter
614 801 720 856 4444444
734 796 838 860 feliciter
854 795 900 853 49;
926 795 988 846 tiber
1007 796 1169 846 Vem'nmum
1184 793 1229 852 444
1253 795 1288 846 Μ.
1308 793 1381 844 444444
1396 793 1521 844 4744444444

202 878 392 929 demolientem
407 879 468 929 44444·
482 880 536 930 4444.
555 881 642 942 incipit
658 882 683 930 4.
700 881 724 930 d.
737 881 768 930 44
777 894 783 940 ;
803 881 829 930 in
845 879 953 944 reliquis
970 879 1048 930 deest
1063 879 1207 943 inscriptio.
1219 905 1254 918 -
1269 890 1295 928 4.
1313 879 1338 930 t.
1356 877 1448 928 iude'eee
1464 889 1518 928 om.

202 961 234 1014 44
246 976 273 1027 4.
284 990 319 1000 -
334 965 359 1014 e.
377 964 471 1026 4444444
487 965 553 1014 mim
569 977 672 1014 caueam
687 963 807 1027 reipubl.
821 963 987 1026 (omverbis
1003 965 1097 1026 4444444
1113 975 1218 1014 caueam
1234 967 1252 1012 t.
1264 963 1368 1024 4444444)
1379 961 1420 1012 44.
1439 962 1520 1012 Deest

202 1045 279 1098 lectio
296 1047 477 1099 memorabilis
494 1049 566 1112 apud
583 1050 610 1100 Z.
628 1075 662 1086 -
678 1050 703 1099 7.
720 1061 802 1111 poeeee
818 1048 848 1099 V.
866 1077 900 1086 -
915 1048 940 1100 8.
959 1061 991 1098 ec
1005 1050 1094 1112 444444
1103 1049 1135 1098 49
1146 1062 1173 1113 p.
1193 1048 1266 1111 (inv
1282 1049 1334 1097 tota
1352 1046 1447 1110 pagina
1464 1044 1519 1096 iere

202 1133 331 1183 4444444444
348 1134 401 1194 444,
420 1134 449 1182 ut
467 1146 518 1183 non
531 1133 618 1183 omnia
636 1133 777 1197 perspicue
795 1131 845 1197 4444
861 1133 982 1197 possint.)
993 1161 1027 1170 —
1043 1133 1136 1184 4444444
1152 1131 1183 1184 44
1196 1145 1222 1197 p.
1234 1157 1268 1168 -
1284 1132 1308 1182 9.
1327 1133 1379 1192 444,
1395 1129 1477 1180 habet
1487 1129 1518 1180 V.

201 1217 292 1268 -ro
309 1217 484 1282 4444444444444
499 1216 530 1266 V.
549 1245 581 1254 -
599 1218 639 1268 44.
658 1218 736 1276 adeo,
763 1216 834 1280 quod
851 1219 892 1267 444
908 1215 1076 1268 manifestum
1094 1215 1239 1280 glossema,
1258 1228 1307 1267 noe
1323 1213 1477 1266 inclusimus
1494 1214 1521 1262 et

202 1301 228 1351 in
245 1300 334 1352 adnot.
353 1302 537 1352 auctoritatem
555 1300 615 1352 cod.
634 1303 696 1366 444.
715 1301 759 1363 ti,
783 1313 852 1364 quae
874 1299 951 1351 deest
972 1300 1042 1366 apud
1059 1303 1098 1361 Ζ.,
1117 1299 1277 1352 addidimus.
1302 1298 1521 1351 Emendationem

203 1386 336 1448 egregiam
361 1400 376 1436 a
397 1386 456 1436 Vei.
476 1385 672 1450 suppeditatum
695 1386 775 1436 etiarn
791 1384 905 1436 Klotzius
922 1383 1044 1448 neglexit.
1074 1385 1120 1436 Eat
1135 1387 1226 1435 autern
1242 1389 1317 1444 44444
1334 1385 1453 1434 nostrum
1468 1382 1522 1432 und

201 1481 283 1520 44444.
301 1497 334 1506 -
351 1471 405 1520 dico
422 1470 460 1520 444
477 1469 533 1533 (sed
551 1483 577 1521 4.
590 1481 670 1534 supra
687 1469 720 1520 ad
738 1483 764 1520 4.
777 1469 811 1532 8.)
830 1473 857 1520 44
874 1469 953 1521 codd.
973 1469 1038 1520 dett.
1065 1470 1145 1520 Recte
1162 1470 1264 1533 recepit
1276 1468 1412 1532 Zumptius
1428 1467 1519 1526 4444444,

203 1554 251 1604 sed
269 1551 337 1605 maie
354 1567 404 1618 pro
421 1555 586 1605 coniunctivo
603 1555 750 1618 praesentis
768 1552 867 1604 habuit.
884 1582 917 1591 —
932 1555 974 1605 46.
991 1555 1112 1616 44444444]
1127 1554 1238 1618 prosecta
1254 1551 1286 1605 44
1302 1567 1346 1618 p.;
1362 1556 1471 1604 44444444
1488 1549 1521 1601 44

203 1651 257 1689 sco.
275 1651 313 1688 m.
331 1666 365 1676 -
379 1637 421 1688 43.
439 1639 602 1702 444444444444
618 1640 656 1688 444
673 1639 683 1688 4
706 1640 734 1688 et
750 1637 796 1698 444
815 1637 878 1688 item
895 1651 922 1702 p.
942 1639 998 1688 449.
1017 1639 1041 1688 4.

267 1737 328 1790 pag.
347 1723 403 1773 474.
422 1737 447 1772 v.
465 1723 504 1774 48.
521 1724 608 1785 444444
624 1723 695 1772 ittam
710 1724 745 1773 M.
759 1722 834 1783 Ceto,
852 1720 940 1773 deleto
957 1722 983 1772 in
1000 1721 1053 1773 fine
1070 1735 1129 1773 voc.
1142 1721 1256 1772 Siottiam
1272 1719 1444 1772 scribendum
1461 1731 1521 1770 4444

203 1809 295 1858 censet
310 1807 405 1858 44444444
422 1806 439 1858 l.
453 1819 476 1857 o.
490 1819 517 1871 p.
531 1807 578 1857 494
589 1819 631 1870 sq.
649 1806 774 1870 idemque
792 1805 864 1858 delet
876 1807 962 1857 Italico
973 1820 998 1857 v.
1010 1807 1052 1857 40.
1064 1833 1099 1844 —-
1116 1807 1155 1857 49,
1168 1811 1269 1857 uestrae
1278 1811 1386 1856 matrem
1400 1805 1523 1856 44444444

202 1890 235 1943 44
251 1904 279 1956 p.
291 1918 325 1930 -
340 1896 375 1942 eat
387 1891 562 1942 4444444αηί444
573 1890 605 1940 49
623 1903 658 1940 m.
677 1903 729 1955 pr..
748 1903 800 1940 non
818 1904 884 1951 sec..
902 1892 932 1940 ut
948 1890 984 1941 444
1000 1893 1102 1956 Zumpt.
1121 1905 1147 1955 p.
1160 1891 1233 1942 4644.

267 1988 327 2040 pag.
341 1975 398 2027 484.
416 1989 443 2027 4.
455 1976 496 2026 44.
515 1975 601 2025 totiena
614 1977 691 2038 Legg.
704 2002 737 2013 -
748 1975 789 2026 44.
802 1975 956 2038 criminaque
966 1977 1109 2026 uiderentur
1119 1974 1151 2026 44
1163 1989 1190 2039 p.
1202 2003 1237 2013 -
1246 1975 1288 2026 44.
1298 1975 1380 2038 pteris
1386 1974 1470 2037 pertis
1479 1973 1520 2024 49.

202 2087 235 2097 -
251 2058 292 2110 34.
310 2059 386 2109 satuti
398 2060 482 2122 patim
497 2058 529 2109 Η
540 2072 566 2124 p.
580 2061 637 2110 eine
654 2060 719 2110 euim
736 2060 798 2122 (om.
811 2059 848 2122 Ζ.)
867 2058 954 2110 Habet
969 2060 1063 2123 utique
1081 2058 1180 2124 aliquid
1197 2057 1301 2110 molesti
1317 2057 1445 2124 particula
1457 2057 1523 2108 euim

202 2143 277 2195 brevi
288 2140 423 2195 intervallo
435 2144 590 2208 repetita-
600 2157 699 2207 ecquem
710 2143 783 2196 solue
791 2145 868 2194 44-
878 2144 919 2194 36.
929 2144 1006 2194 tamis
1017 2146 1045 2194 et
1055 2149 1136 2205 44444,
1150 2144 1214 2195 item
1224 2155 1251 2195 v.
1262 2143 1302 2194 37.
1314 2143 1375 2193 mue
1387 2155 1441 2194 om.
1452 2141 1483 2194 Η
1494 2153 1521 2206 p.

267 2241 327 2292 pag.
347 2229 403 2279 484.
422 2241 447 2278 4.
466 2229 491 2278 4.
508 2242 562 2278 444
578 2242 631 2279 om.
652 2229 732 2278 etiarn
748 2229 789 2278 ee.
813 2255 846 2266 -
871 2229 895 2279 6.
914 2229 955 2279 444
971 2230 1123 2293 Zumptius:
1150 2229 1251 2279 «Nostri
1272 2227 1350 2278 codd.
1368 2239 1463 2278 omnes
1479 2227 1524 2277 de-

202 2317 312 2362 4444444
331 2313 439 2377 praeter
459 2313 521 2376 Lag.
540 2313 576 2374 6.,
598 2313 758 2364 decrevissem
773 2313 851 2378 pauci
868 2315 930 2376 Lag.
949 2312 990 2364 tt.
1009 2312 1050 2364 Η.
1069 2312 1127 2364 44.·
1151 2311 1218 2364 Totis
1235 2313 1348 2364 44444444
1365 2309 1435 2364 nulia
1452 2310 1524 2376 apud

202 2395 278 2448 Nieb.
297 2398 392 2457 444444,
412 2409 494 2460 quare
511 2409 590 2462 supra
608 2395 735 2448 lectiones
753 2398 850 2449 rectius
868 2397 1050 2449 indicavimus.
1079 2395 1154 2458 Quod
1171 2397 1207 2447 444
1222 2398 1250 2448 Ζ.
1262 2395 1297 2446 de
1313 2397 1375 2460 Lag.
1389 2397 1424 2458 6.,
1442 2394 1526 2446 habet

203 2477 244 2529 ille
261 2493 288 2531 4.
306 2481 331 2531 4.
350 2481 457 2531 dicerem
472 2493 522 2545 pro
539 2481 645 2541 dieerct;
664 2480 726 2532 nihii
744 2484 884 2546 praeterea
901 2496 934 2532 ex
952 2495 984 2532 eo
1002 2483 1165 2545 exscriptum
1181 2483 1231 2532 444.
1250 2507 1284 2518 -
1300 2480 1325 2531 6.
1342 2480 1476 2545 4444444444
1492 2481 1523 2531 49

203 2563 284 2616 44444.
297 2591 331 2602 -
347 2566 371 2615 7.
390 2566 498 2615 dicerent
515 2563 622 2616 644444.
636 2593 670 2602 -
686 2565 710 2615 9.
730 2567 904 2616 (4444444444
919 2579 960 2617 444
975 2567 1002 2616 44
1018 2565 1069 2630 (444
1084 2564 1189 2616 44444444
1199 2564 1279 2629 corr.)
1296 2565 1431 2628 4444444444
1446 2564 1478 2618 44
1496 2579 1522 2630 p.

203 2675 236 2684 -
252 2647 293 2700 44.
312 2649 403 2699 decreti
419 2663 472 2700 om.
486 2649 527 2699 49.
547 2648 632 2711 (deest
648 2647 726 2699 lectio
743 2650 814 2714 apud
831 2650 868 2713 Z.)
883 2677 918 2687 -
932 2651 974 2702 46.
993 2652 1060 2712 quad
1074 2663 1118 2714 444
1134 2651 1200 2700 idem
1215 2650 1242 2699 iu
1254 2648 1386 2712 pauceio
1399 2662 1425 2712 p.
1440 2649 1525 2714 (deest

203 2730 280 2783 lectio
297 2732 368 2798 apud
384 2734 426 2792 Ζ,;
446 2732 550 2783 videtur
566 2736 656 2784 eutem
673 2747 717 2797 444
734 2733 798 2784 44444
816 2748 847 2784 ex
863 2748 909 2798 444
925 2735 1024 2797 quidem
1039 2733 1081 2786 444
1098 2735 1210 2796 equidem
1226 2736 1379 2798 corruptum
1397 2733 1476 2802 4444.)

204 2817 245 2867 49.
264 2817 352 2878 acceia
368 2816 480 2878 habent,
499 2817 521 2867 si
537 2815 640 2868 silentio
657 2817 725 2870 fides
742 2821 795 2880 est,
813 2819 845 2869 49
862 2821 890 2869 44
906 2818 945 2869 444.

269 2913 329 2966 444,
348 2901 405 2952 484.
424 2915 450 2951 v.
469 2903 493 2952 4.
513 2902 556 2964 444
568 2902 732 2966 4444444444
748 2904 774 2952 44
791 2903 840 2952 Sic.
859 2902 890 2954 44
905 2916 933 2968 p.
951 2931 984 2940 -
1005 2905 1045 2954 40.
1063 2916 1119 2952 eum
1130 2908 1274 2966 4444444444
1289 2901 1321 2954 Η
1338 2916 1380 2967 p.:
1403 2903 1451 2952 eim
1463 2915 1526 2965 pcr-

204 2999 251 3035 eee.
270 2984 348 3036 codd.
366 2983 423 3036 4444.
443 2989 470 3036 44
487 2985 548 3036 edd.
580 2985 652 3036 ittam
670 2985 809 3038 tectionem
828 2999 843 3037 4
860 2989 888 3038 Ζ.
907 3001 959 3038 non
976 2986 1081 3038 alteiam
1099 3001 1146 3039 nos
1163 2986 1337 3038 restituimus.
1359 3013 1394 3023 -
1417 2987 1457 3036 46.
1475 2987 1527 3037 eive

206 3071 268 3120 ante
286 3083 391 3133 444444.
410 3083 464 3120 orn.
482 3069 523 3120 Η.
542 3098 575 3107 -
593 3071 633 3122 49.
651 3076 675 3120 44
691 3073 751 3136 post
767 3074 859 3123 iiomae
876 3085 930 3124 om.
949 3071 980 3123 44
992 3085 1019 3136 p.
1031 3099 1066 3109 -
1081 3072 1123 3124 44.
1142 3071 1246 3135 444444
1264 3072 1325 3134 (non
1340 3071 1427 3134 44444,
1446 3073 1475 3121 44
1490 3071 1526 3120 ait

203 3155 242 3217 Ζ.)
254 3153 338 3205 habet
349 3154 389 3204 49.
402 3182 436 3191 -
452 3155 493 3205 44.
507 3155 656 3216 4444444444
672 3154 753 3205 hebet
766 3156 844 3206 etiem
856 3155 887 3206 44
900 3170 926 3220 p.
939 3183 972 3192 -
988 3157 1030 3206 46.
1045 3156 1123 3218 poesie
1139 3167 1233 3207 omues
1244 3157 1323 3219 4444.
1337 3158 1443 3220 praetor
1452 3153 1485 3206 44
1496 3167 1525 3219 p.

204 3265 238 3274 —
254 3237 297 3288 34.
315 3238 467 3288 existumare
483 3237 524 3288 49.

267 3334 327 3386 pag.
346 3321 402 3372 483.
421 3334 447 3372 v.
466 3323 491 3371 4.
509 3319 651 3372 lectionem
669 3322 728 3372 cod.
747 3320 779 3372 44
796 3323 932 3386 Zumptius
949 3335 1002 3372 non
1018 3324 1142 3374 accurate
1160 3320 1267 3373 rettulit.
1291 3349 1325 3359 —-
1345 3322 1370 3374 3.
1390 3321 1417 3373 0.
1435 3321 1526 3373 44444444

203 3404 235 3456 44
251 3417 278 3468 p.
296 3433 330 3442 -
351 3406 376 3456 6.
391 3406 470 3468 444444
490 3405 522 3457 te
538 3419 565 3470 p.
583 3431 617 3444 -
642 3406 666 3456 7.
684 3405 891 3456 nobilissimorum
913 3417 1034 3466 44444444
1055 3404 1087 3456 44
1104 3419 1145 3470 p.:
1172 3405 1383 3456 mottieee'marum
1402 3419 1526 3468 44444444

203 3488 282 3540 codd.
295 3488 351 3540 reti.
364 3491 392 3540 44
403 3489 464 3540 edd.
490 3488 569 3550 titud,
588 3489 661 3555 quod
673 3491 700 3540 Z.
713 3502 767 3540 uon
783 3489 877 3550 hebet,
896 3503 945 3540 uos
961 3490 1122 3554 recepimus.
1141 3489 1215 3540 idern
1226 3490 1319 3540 uitium
1336 3502 1416 3554 supre
1432 3488 1490 3540 Lib.
1503 3491 1524 3540 1.

203 3573 228 3638 4.
246 3573 287 3624 48.
307 3587 333 3638 p.
348 3572 404 3636 446,
423 3575 464 3625 44.
483 3587 515 3626 ex
532 3574 628 3626 eodem
646 3574 707 3625 cod.
726 3573 915 3637 corrigendum
932 3577 998 3625 erat.
1011 3601 1044 3612 -
1060 3575 1085 3626 8.
1102 3575 1141 3624 444
1156 3575 1222 3624 caim
1232 3574 1252 3624 S
1263 3575 1293 3637 Q.
1310 3574 1417 3624 Diouem
1432 3575 1471 3624 444
1482 3572 1523 3624 44.

203 3683 237 3696 ·-
253 3659 295 3709 44.
317 3657 359 3710 ed
379 3656 521 3710 lectionem
541 3658 637 3710 Aueiae
656 3661 682 3710 P.
701 3659 777 3709 44444
797 3659 918 3708 condieris
937 3657 1006 3710 haee
1022 3659 1049 3710 in
1066 3671 1149 3722 marg.
1168 3657 1292 3710 adnotata
1309 3659 1387 3708 sunt:
1414 3658 1526 3708 «444444

203 3755 257 3794 om.
276 3742 308 3794 49
328 3743 355 3793 44
371 3742 416 3793 vu
436 3746 544 3808 praeter
563 3745 595 3794 44
621 3744 651 3807 (i.
670 3757 696 3796 4.
714 3743 793 3795 codd.
812 3745 836 3794 4.
855 3745 880 3794 ii.
899 3744 923 3794 6.
943 3742 983 3794 44.
1002 3741 1044 3794 44.
1062 3742 1127 3806 4844
1154 3743 1181 3793 0.
1203 3755 1254 3806 pro
1273 3743 1301 3792 P.
1323 3740 1425 3793 habent
1443 3741 1523 3792 iidem

202 3827 309 3892 praeter
325 3825 447 3878 codicem
464 3828 492 3888 6;
510 3828 632 3880 4444444444
646 3829 722 3880 deaii
737 3828 796 3878 49.»
815 3829 882 3880 Cum
899 3827 977 3892 igitur
993 3826 1156 3891 reliquorum
1173 3824 1252 3878 codd.
1265 3825 1384 3878 omnium
1396 3824 1523 3876 lectiones

200 3913 427 3966 commemoratae
452 3913 516 3974 4444,
541 3913 583 3963 444
609 3911 735 3964 credibile
756 3915 798 3964 444
821 3911 921 3964 codicis
938 3911 1030 3976 optimi
1048 3910 1095 3975 444)
1113 3909 1255 3962 lectionem
1272 3909 1405 3962 diversam
1421 3910 1523 3962 incuria

201 3997 328 4048 amimam
347 4009 418 4050 4444.
436 4023 469 4034 -
490 3998 530 4050 44.
553 3997 606 4062 litio
622 3996 654 4050 44
670 4011 697 4062 p.
715 4023 750 4036 -
770 3998 810 4050 44.
829 3994 992 4061 Reliquimus
1007 3994 1206 4046 adnotationem
1221 3993 1340 4056 terdeni,
1358 4006 1522 4058 quamquam

201 4079 336 4133 deiectum
353 4082 380 4133 in
397 4082 457 4134 eod.
476 4081 521 4144 44,
541 4094 623 4146 quem
639 4084 713 4132 44444
730 4081 867 4145 Zumptiue
883 4093 909 4144 p.
928 4079 1003 4131 4046.
1020 4078 1196 4141 indicaverat,
1214 4092 1268 4131 uon
1284 4079 1408 4130 accurate
1425 4075 1522 4129 retulit.

201 4164 288 4216 4444444
303 4167 394 4220 numm
410 4165 444 4220 44
462 4166 588 4230 (itemque
606 4166 629 4216 4.
648 4167 673 4216 4.
692 4167 716 4216 d.
734 4164 799 4227 toi:
824 4166 860 4217 44.
878 4164 966 4229 timei
985 4164 1095 4215 44444444
1116 4164 1143 4216 0.
1161 4163 1294 4214 Sacerdote
1307 4167 1439 4225 praetore,
1463 4163 1525 4224 4444

200 4247 278 4312 (cuod
294 4249 333 4313 444
352 4255 405 4303 uene
421 4251 456 4301 ad
475 4251 575 4301 i'eeuem
591 4249 647 4312 4444
662 4248 767 4300 deletu?
783 4248 879 4300 mediis
896 4249 1010 4300 omissis.
1037 4249 1104 4299 Cum
1121 4247 1224 4311 4444444
1241 4247 1525 4312 superiereSaeeedote

129 4394 135 4402 Ι
201 4331 236 4384 ad
253 4334 388 4398 posteriue
403 4333 502 4388 44444444
527 4333 562 4386 iili
585 4332 780 4396 aberraverint,
803 4335 831 4384 et
851 4332 932 4384 iidem
954 4333 1014 4394 quid
1033 4337 1098 4393 uem,
1122 4345 1174 4383 non
1191 4330 1304 4396 simplex
1320 4331 1380 4394 quid
1395 4330 1522 4393 44444444,

200 4416 345 4471 verisimile
371 4420 413 4470 444
440 4419 520 4470 etiam
544 4407 693 4483 posteriore
709 4416 769 4468 loco
787 4416 871 4480 ouidi
894 4421 947 4468 tum
963 4418 999 4466 ad
1016 4417 1116 4468 Verrem
1131 4417 1187 4478 4444
1203 4415 1310 4468 44444444
1334 4415 1360 4466 44
1377 4404 1523 4479 archetypo

200 4501 331 4566 scriptam
347 4501 437 4554 444444.
455 4531 490 4540 -
506 4502 547 4554 44.
566 4503 724 4554 mutuemur
739 4502 771 4552 49
788 4503 815 4552 44
831 4502 870 4554 444
886 4514 977 4567 saepe.
992 4527 1026 4538 —
1043 4502 1083 4552 47.
1102 4504 1186 4552 mmm
1197 4499 1306 4563 putabat
1316 4499 1349 4552 44
1359 4511 1402 4565 p.:
1417 4499 1525 4562 4444444

200 4591 284 4636 tumea
300 4585 380 4638 codd.
399 4585 457 4638 4444.
476 4588 504 4639 0.
532 4585 611 4650 lilud,
630 4587 702 4650 quod
718 4588 746 4637 Z.
764 4586 790 4638 iu
809 4585 871 4638 add.
889 4585 986 4647 habet,
1007 4598 1057 4638 uos
1073 4584 1246 4636 restituimus.
1264 4611 1299 4620 -
1314 4583 1355 4634 44.
1374 4583 1401 4634 0.
1419 4583 1489 4648 Sao]
1507 4597 1524 4634 a

200 4671 334 4724 Sauream
349 4671 381 4726 44
398 4685 425 4737 p.
448 4697 482 4708 -
502 4673 543 4723 45.
561 4673 608 4724 Per
623 4673 687 4722 4444
705 4670 848 4734 (Naevium)
865 4669 987 4720 4444444444
1010 4668 1138 4732 (Dionem)
1159 4667 1245 4720 Vener·
1261 4667 1379 4730 44444444,
1401 4668 1447 4718 eidi
1463 4681 1524 4720 cou-

200 4756 301 4808 demam
315 4755 409 4808 eoribit
423 4757 519 4808 44444444
535 4754 553 4806 l.
573 4770 598 4808 c.
616 4769 643 4821 p.
662 4757 719 4807 494.
736 4783 770 4793 -
786 4755 827 4807 46.
846 4767 864 4804 4
878 4753 971 4804 Dionia
986 4751 1019 4805 44
1035 4766 1062 4817 p.
1080 4779 1114 4790 -
1129 4752 1171 4803 48.
1189 4753 1287 4815 Pooepei
1302 4753 1343 4804 49.
1559 4796 1561 4800 ,

265 4853 326 4907 444.
344 4839 402 4894 eet.
420 4854 446 4892 v.
465 4841 491 4894 4.
508 4841 609 4892 Manilii
626 4838 667 4890 444
683 4839 774 4893 4444444
791 4850 885 4890 omnes
903 4839 982 4901 Legg.
994 4834 1156 4902 praeterii,
1175 4836 1221 4900 qui
1237 4835 1319 4886 habet
1329 4835 1432 4898 4144444,
1451 4839 1480 4886 ut
1490 4836 1521 4887 V.

199 4951 233 4966 -
249 4925 274 4978 3.
289 4927 416 4990 44444444
431 4926 463 4989 V,
481 4927 511 4978 ut
526 4925 641 4991 saepiae.
653 4951 687 4963 —-
703 4925 728 4976 9.
746 4937 810 4974 eaor.
829 4923 868 4974 eie
884 4922 916 4973 V.
933 4949 968 4959 -
983 4921 1026 4974 46.
1043 4920 1150 5001 44444444
1166 4921 1205 4972 444
1220 4921 1251 4970 V.
1269 4945 1304 4958 -
1319 4918 1361 4972 43.
1378 4919 1476 4973 8444444
1487 4945 1524 4958 --

196 5011 265 5076 pros.
284 5016 344 5063 emet
360 5023 415 5062 om.
433 5009 466 5064 Η
482 5022 509 5075 p.
527 5035 561 5050 —
582 5010 623 5062 36.
642 5007 747 5062 Falsum
764 5005 894 5072 estquod
917 5007 953 5057 eit
968 5007 996 5058 Z.
1014 5006 1236 5071 praepositionem
1252 5005 1294 5068 44,
1320 5017 1390 5069 quoe
1406 5004 1523 5070 priorum

201 5107 235 5146 ex
250 5095 313 5152 eod.
331 5095 468 5151 Naeuium
484 5095 613 5157 44444444,
631 5094 658 5145 in
674 5091 799 5148 omnibus
816 5090 895 5144 codd.
913 5091 1039 5152 iuveniri3
1057 5090 1140 5144 immo
1156 5088 1233 5144 444444
1249 5101 1266 5142 4
1283 5089 1298 5139 'i
1315 5089 1396 5154 4444.
1413 5087 1478 5140 dett.
1490 5113 1524 5126 -

201 5179 242 5232 34.
259 5181 302 5236 444
317 5179 397 5238 00044
410 5179 483 5233 mitto
498 5191 554 5232 om.
572 5178 605 5233 44
620 5191 647 5244 p.
