3578 5862
294 379 356 446 560
689 387 842 454 ORATIO
863 389 943 454 PRO
964 391 1001 455 A.
1023 389 1224 456 clusurio

293 560 398 616 vestra
426 558 638 640 exspectatio,
666 579 748 644 quae
777 560 855 624 mibi
885 560 1016 644 obloqui
1043 560 1178 626 videtur.
1223 560 1326 637 «Quia
1348 565 1446 644 ergo‘i
1467 582 1631 647 negasne,

293 645 373 710 illud
395 646 546 714 iudicium
568 661 752 741 corruptum
775 659 898 718 ossei»
935 657 1006 718 Non
1028 674 1126 738 nego,
1148 653 1205 719 sed
1219 655 1258 718 ab
1276 654 1339 718 hoc
1353 663 1539 741 corruptum
1558 677 1631 720 non

294 761 364 805 esse
385 740 546 808 confirmo.
581 749 625 811 «A
647 769 711 832 quo
733 743 900 831 igiturest
921 753 1153 832 corruptumin
1190 748 1309 833 Opinor
1339 750 1493 833 primum,
1521 752 1551 815 si
1574 751 1631 814 in-

293 843 413 900 certum
435 836 562 915 firisset,
591 842 737 925 quisnam
760 843 863 906 exitus
885 843 970 906 illius
992 844 1101 908 iudicii
1123 843 1246 907 futurus
1269 852 1369 919 esset,
1397 845 1463 907 veri
1484 845 1628 908 similius

269 938 398 995 ammon
425 941 510 997 esset
536 955 609 999 eum
635 937 742 1020 potius
764 938 963 1020 corrupisse,
994 938 1049 1021 qui
1071 939 1252 1012 metuisset,
1275 957 1315 1000 ne
1338 938 1407 1020 ipse
1428 936 1630 1001 condemna-

293 1031 394 1101 retur,
416 1047 511 1110 quam
532 1029 638 1104 illum,
661 1031 716 1114 qui
736 1031 856 1094 veritus
878 1036 978 1105 esset,
1000 1049 1041 1093 ne
1063 1031 1141 1094 alter
1160 1031 1391 1107 absolveretur;
1414 1030 1530 1095 deinde
1547 1052 1628 1095 cum

293 1125 376 1184 esset
396 1122 514 1184 nemini
536 1123 682 1199 dubium,
708 1125 784 1209 quid
807 1125 940 1188 iudicari
962 1143 1093 1189 necasse
1107 1133 1211 1200 esset,
1235 1144 1306 1190 eum
1322 1133 1407 1190 certe
1422 1126 1539 1208 potius,
1565 1127 1628 1210 qui

292 1215 353 1278 sibi
381 1217 443 1279 alia
470 1217 593 1280 rationo
620 1215 795 1294 diffideret,
825 1237 921 1302 quam
953 1238 1044 1293 eum,
1078 1221 1134 1303 qui
1165 1219 1251 1282 omni
1281 1219 1402 1283 ratione
1431 1216 1626 1294 mandene

292 1315 452 1392 postremo
474 1315 559 1374 certe
581 1312 687 1395 potius
709 1313 818 1388 illum,
841 1311 897 1396 qui
918 1311 968 1375 bis
989 1311 1074 1394 apud
1089 1332 1143 1376 eos
1159 1313 1280 1376 iudices
1295 1313 1496 1390 offendisset,
1521 1335 1625 1398 quam

257 1415 382 1480 iocum,
412 1403 467 1488 qui
496 1404 545 1468 bis
573 1405 611 1469 iis
644 1426 770 1470 causam
799 1407 1006 1490 probavisset.
1050 1403 1101 1468 oi.
1129 1406 1231 1470 Unum
1261 1407 1390 1491 quidem
1416 1416 1500 1472 carte
1522 1428 1625 1471 nemo

292 1499 351 1560 erit
371 1505 436 1561 tam
457 1497 602 1563 inimicus
625 1499 771 1563 Cluentio
795 1502 849 1584 qui
872 1499 948 1563 mibi
969 1521 1034 1563 non
1055 1500 1226 1575 concedat,
1249 1501 1276 1565 si
1296 1508 1420 1566 constet
1434 1511 1624 1587 corruptum

291 1591 368 1655 illud
392 1591 544 1656 iudicium
568 1613 653 1670 esse,
676 1601 731 1658 aut
751 1595 791 1656 ab
806 1595 922 1658 Habito
939 1601 994 1658 aut
1015 1594 1054 1658 ab
1070 1595 1247 1678 Oppianico
1271 1614 1341 1659 esse
1363 1605 1555 1681 corruptum.
1586 1598 1623 1661 Si

291 1687 390 1749 doceo
420 1707 485 1750 non
515 1688 553 1750 ab
582 1688 718 1764 Habito,
747 1688 843 1751 vinco
873 1689 912 1752 ab
935 1687 1134 1771 Oppianico:
1164 1689 1191 1750 si
1213 1690 1345 1753 ostendo
1367 1690 1406 1753 ab
1429 1690 1623 1776 Oppianico,

290 1798 391 1863 purgo
412 1781 573 1845 Habitum.
617 1782 738 1859 Quare,
761 1783 820 1846 etsi
843 1783 917 1846 satis
942 1782 1052 1857 docui,
1074 1783 1229 1846 rationem
1251 1783 1372 1847 nullam
1386 1784 1460 1848 buic
1475 1805 1623 1850 corrum-

253 1873 387 1956 ttpendi
416 1874 527 1939 iudicii
554 1876 669 1951 luisse,
697 1897 738 1939 er
760 1897 823 1961 quo
854 1876 1042 1959 intelligitur
1070 1877 1110 1939 ab
1133 1876 1307 1961 Oppianico
1330 1897 1401 1942 esse
1423 1887 1622 1964 corruptum,

289 1975 396 2030 tamea
425 1968 464 2032 de
490 1968 546 2032 illo
575 1970 646 2053 ipso
674 1971 845 2053 separatim
873 1971 1072 2053 cognoscite.
1109 1971 1224 2034 XXlV.
1247 1972 1352 2055 Atque
1384 1992 1443 2056 ego
1473 1974 1529 2038 illa
1550 1995 1621 2038 non

289 2062 548 2144 argumentabor,
578 2083 661 2146 quae
691 2071 765 2128 sunt
793 2065 899 2146 gravia
924 2063 1143 2128 vehementer:
1181 2084 1253 2128 eum
1282 2067 1459 2149 corrupisse
1497 2069 1552 2152 qui
1582 2070 1621 2131 in

289 2156 431 2239 periculo
462 2156 573 2232 luerit,
602 2177 676 2222 eum
707 2159 762 2242 qui
789 2159 955 2232 metuerit,
989 2177 1061 2220 eum
1091 2159 1146 2242 qui
1175 2177 1264 2241 spem
1296 2159 1404 2223 salutis
1426 2161 1460 2224 in
1482 2162 1546 2226 alia
1566 2183 1622 2226 ra-

289 2249 378 2312 tione
406 2269 471 2314 non
498 2251 665 2326 habuerit,
697 2273 770 2316 eum
798 2251 853 2335 qui
883 2271 1007 2335 semper
1036 2251 1188 2334 singulari
1217 2253 1314 2316 luerit
1342 2253 1487 2319 audacia:
1516 2257 1622 2320 multa

253 2353 365 2410 iosunt
397 2347 466 2410 aius
499 2347 594 2409 modi.
637 2349 754 2412 Verum
782 2367 855 2410 cum
882 2344 1017 2408 babeam
1046 2365 1113 2408 rem
1134 2365 1199 2408 non
1222 2345 1366 2422 dubiam,
1399 2347 1455 2412 sed
1476 2357 1619 2433 apertam

290 2447 386 2522 atque
408 2440 620 2517 manifestam,
643 2443 839 2504 enumeratio
861 2441 1057 2523 singulorum
1075 2446 1331 2522 argumentorum
1352 2461 1416 2505 uon
1438 2450 1486 2506 est
1505 2463 1621 2506 neces-

291 2534 383 2598 saria.
426 2533 477 2598 65.
505 2536 602 2611 Dico,
636 2534 670 2598 C.
692 2535 783 2597 Aelio
818 2535 947 2598 Staieno
979 2533 1076 2596 iudici
1108 2534 1274 2616 pecuniam
1304 2535 1454 2617 grandem
1482 2537 1619 2601 Statium

290 2627 417 2692 Albium
438 2630 478 2692 ad
501 2629 765 2713 corrumpendum
787 2628 940 2691 iudicium
955 2627 1091 2691 dedisse.
1120 2630 1202 2691 Num
1228 2628 1300 2712 quis
1322 2633 1443 2712 negati
1465 2633 1527 2706 Te,
1550 2632 1620 2716 Op·

291 2722 433 2804 planice,
465 2725 607 2809 appello;
637 2730 684 2800 te,
705 2723 791 2786 aci:
824 2741 959 2806 quorum
989 2722 1069 2785 alter
1099 2721 1283 2805 eloquentia
1312 2721 1546 2789 damnationem
1576 2725 1618 2788 il-

253 2816 370 2892 salam,
392 2816 472 2880 alter
492 2817 588 2882 tacita
609 2818 725 2900 pietate
751 2816 906 2900 deplorat¹
936 2816 1059 2879 Audeto
1077 2834 1194 2897 negare
1223 2815 1263 2880 ab
1285 2815 1464 2900 Oppianico
1484 2819 1614 2882 Staieno

291 2911 387 2975 iudici
408 2913 577 2995 pecuniam
599 2913 723 2976 datam:
754 2917 884 2993 negate,
912 2909 1060 2994 inquam,
1089 2930 1158 2973 meo
1181 2909 1263 2974 loco.
1301 2910 1386 2986 Quid
1407 2913 1544 2975 tacetis?
1573 2931 1615 2975 aa

291 3025 407 3088 negare
430 3026 495 3070 non
515 3007 665 3090 potestis,
696 3004 783 3089 quod
805 3002 981 3086 repetistis,
1011 3004 1100 3087 quod
1121 3003 1258 3067 confessi
1280 3006 1373 3079 estis,
1401 3005 1487 3090 quod
1508 3006 1616 3069 abstu-

291 3101 399 3165 listis?
433 3101 504 3177 Quo
533 3102 661 3165 taudem
690 3100 786 3183 igitur
807 3118 863 3162 ore
884 3099 1078 3161 mentionem
1100 3098 1239 3181 corrupti
1262 3099 1371 3163 iudicii
1394 3099 1515 3174 facitis,
1541 3118 1615 3161 cum

292 3194 331 3257 ab
351 3195 411 3259 ista
432 3202 520 3279 parte
543 3195 640 3258 iudici
661 3193 829 3279 pecuniam
850 3201 922 3256 ante
944 3192 1097 3256 iudicium
1119 3191 1242 3268 damni,
1272 3200 1347 3275 post
1370 3193 1524 3257 iudicium
1546 3211 1617 3254 ere·

253 3295 376 3373 coptam
398 3308 468 3353 esso
489 3290 676 3353 fateamini?
714 3285 765 3350 66.
787 3287 934 3362 Quonam
956 3287 1053 3369 igitur
1072 3286 1152 3350 baec
1174 3287 1268 3350 modo
1290 3294 1379 3369 gesta
1393 3289 1491 3351 suutl
1513 3287 1619 3369 Repe·

291 3389 356 3446 tam
377 3384 471 3467 paulo
492 3384 605 3459 altius,
627 3383 766 3457 iudices,
788 3381 966 3455 erumnis,
988 3399 1069 3462 quae
1091 3381 1125 3442 in
1147 3380 1295 3443 diuturna
1310 3380 1500 3444 obscuritate
1514 3381 1618 3443 latue-

290 3484 381 3553 runt,
404 3479 450 3542 sic
471 3479 628 3562 aperiam,
650 3484 686 3541 ut
707 3497 745 3541 ea
763 3494 893 3540 cernere
907 3474 1007 3537 oculis
1021 3473 1201 3538 videamini.
1223 3475 1289 3538 Vos
1304 3493 1441 3558 quaeso,
1462 3481 1498 3539 ut
1511 3473 1617 3539 adbuc

291 3590 342 3636 me
371 3577 490 3636 attente
517 3571 667 3648 audistis,
689 3578 725 3634 ut
752 3573 827 3634 item
848 3588 931 3652 quae
952 3567 1077 3651 reliqua
1103 3575 1178 3631 sunt
1199 3568 1352 3646 audiatis;
1374 3567 1515 3653 prolecto
1535 3567 1618 3630 nibil

291 3683 311 3729 a
332 3685 383 3730 me
404 3665 542 3742 dicetur,
564 3664 651 3750 quod
672 3684 739 3728 non
754 3663 883 3747 dignum
896 3662 958 3726 boo
972 3670 1131 3728 conventu
1145 3669 1177 3727 et
1192 3662 1336 3738 silentio,
1357 3661 1488 3746 dignum
1501 3661 1616 3728 rostris

254 3760 405 3826 assmdiis
427 3767 524 3846 atquc
546 3760 673 3826 auribus
695 3779 766 3824 esse
786 3757 942 3824 videatur.
1419 3797 1422 3804 ·

358 4063 383 4113 i.
401 4069 506 4128 capuam
521 4063 550 4114 Τ.
566 4089 593 4100 -
610 4063 636 4113 6.
653 4059 773 4112 tudinum
789 4071 839 4111 aare
854 4065 1001 4124 cenapium
1013 4057 1185 4120 Quintilianus
1201 4057 1243 4108 ix.
1261 4057 1290 4120 6,
1309 4057 1350 4108 oi.
1366 4083 1392 4092 -
1410 4061 1617 4120 cornspicmcssa

292 4135 350 4190 Sl':
369 4153 419 4190 essa
434 4143 581 4202 corruptum
597 4133 738 4188 ascio.
758 4133 796 4187 Cl.
816 4135 841 4200 fl.
860 4135 901 4188 oi.
921 4161 950 4173 -
975 4135 999 4186 6.
1017 4133 1059 4184 illc
1075 4133 1129 4185 ST.
1149 4159 1176 4169 -
1200 4133 1224 4184 7.
1242 4129 1343 4194 camiac]
1359 4146 1411 4182 stoc
1427 4131 1480 4182 ST.
1501 4157 1528 4170 -
1546 4127 1616 4193 qaid]

291 4214 358 4277 quod
374 4215 400 4264 F.
421 4239 448 4250 -
473 4213 497 4265 8.
516 4213 570 4264 olto
586 4213 704 4264 sris:
731 4211 819 4274 alipta
835 4207 946 4263 iibto.
969 4209 1008 4262 Gi.
1026 4223 1053 4261 v.
1073 4210 1112 4261 i8.
1131 4236 1158 4246 -
1176 4207 1201 4259 o.
1219 4208 1267 4273 eos]
1284 4208 1423 4259 ammi..
1444 4232 1471 4243 -
1492 4205 1531 4256 46.
1549 4203 1615 4267 oum]

289 4289 362 4340 titum
382 4290 408 4341 i..
430 4318 457 4328 -
476 4287 512 4340 bis
527 4289 558 4340 tta
573 4299 678 4340 comam
695 4300 760 4339 nos:
779 4282 815 4338 bia
830 4285 867 4337 bis
883 4299 904 4336 c.
923 4283 966 4337 ed.
979 4283 1105 4349 imber-g.
1120 4295 1144 4336 a.
1159 4281 1237 4344 iiia
1256 4283 1293 4333 bis
1307 4295 1411 4334 comem
1428 4281 1535 4344 (omisso
1551 4293 1616 4345 pro-

291 4365 407 4429 nomine)
426 4365 482 4426 ΒΤ;
501 4364 537 4414 bis
552 4377 575 4415 c.
593 4363 624 4414 tir
640 4359 782 4416 accio.
804 4389 831 4399 -
851 4363 931 4412 varan
950 4359 1048 4425 poldon
1064 4387 1079 4399 -
1089 4387 1104 4398 -
1118 4373 1201 4424 purgo
1212 4357 1329 4410 uaccam
1340 4355 1511 4419 Quintilianus
1522 4353 1554 4405 V.
1573 4354 1613 4414 io,

292 4441 348 4500 68.;
376 4443 456 4492 Unum
474 4441 573 4504 aalma·
593 4440 654 4502 tom.
677 4437 758 4502 certe)
783 4449 855 4488 cano
879 4436 989 4488 clamito
1010 4433 1090 4486 lulius
1111 4433 1263 4485 Rufinianus
1284 4433 1314 4482 dc
1331 4433 1376 4498 M.
1401 4437 1462 4482 scut.
1480 4430 1505 4496 ἓ.
1524 4429 1564 4480 43.
1586 4452 1613 4464 -

292 4515 333 4566 tl.
351 4515 466 4566 inimicus
482 4516 540 4579 ΒΤ,
558 4515 650 4580 optimi
667 4512 774 4566 codices
791 4509 955 4574 Quintiliani,
975 4510 1142 4562 Rufinianus:
1163 4503 1449 4571 criminatio
1469 4532 1497 4542 -
1516 4503 1556 4554 ta.
1574 4502 1616 4552 iu·

292 4589 384 4641 Mum
400 4603 449 4642 ersa
466 4589 522 4642 si:
546 4603 597 4641 essa
617 4589 737 4640 iodicium
758 4583 891 4638 nacto
909 4589 936 4637 et
952 4583 1132 4646 Quintilianus.
1158 4581 1196 4634 ci.
1216 4581 1239 4646 5.
1260 4579 1300 4632 63.
1321 4607 1348 4617 -
1372 4581 1413 4633 43.
1430 4579 1462 4630 ob
1479 4577 1616 4641 oppium

292 4667 390 4718 anter.
404 4679 488 4732 purgo
505 4677 558 4717 om.
572 4666 625 4717 ST.
640 4691 667 4702 -
686 4665 727 4714 io.
744 4661 831 4712 iaciat
848 4663 904 4714 ST:
923 4673 977 4712 om.
995 4654 1138 4712 RALSO.
1154 4685 1181 4695 -
1200 4659 1240 4710 ii.
1259 4670 1315 4708 cum
1330 4669 1383 4707 om.
1397 4655 1425 4707 Τ.
1440 4681 1468 4690 -
1485 4655 1525 4706 66.
1544 4651 1617 4704 bobes

292 4739 346 4792 ST.
370 4770 397 4780 -
416 4743 457 4794 ii.
476 4741 515 4792 dic
532 4742 565 4793 ii.
586 4769 614 4779 -
633 4739 660 4790 θ.
677 4737 753 4804 Actio]
771 4737 850 4788 raclio
867 4737 957 4788 Fui.
978 4762 1006 4770 -
1024 4735 1124 4785 Staieno
1141 4733 1186 4783 ST
1204 4731 1274 4796 (binc
1290 4729 1463 4794 constanterl:
1490 4729 1615 4792 Satapoao

293 4815 353 4868 Fu.
372 4817 410 4868 ei.
424 4816 448 4882 5.
461 4809 503 4868 20.
519 4841 546 4853 -
564 4815 606 4868 23.
620 4813 756 4878 Oppianice
772 4811 869 4876 appello
885 4811 942 4862 ST:
964 4810 1061 4874 appello
1074 4808 1208 4872 Oppianico
1225 4803 1367 4859 annio.
1381 4832 1409 4841 -
1427 4804 1468 4856 ai.
1480 4803 1539 4869 Atii}
1555 4801 1613 4852 vid.

292 4889 316 4954 3.
329 4892 369 4944 62.
383 4920 410 4930 -
428 4892 570 4956 bibracte
586 4891 645 4941 ST:
662 4893 764 4954 ccccc,
782 4881 1021 4953 cepctcRALSO.
1034 4911 1061 4922 -
1079 4881 1229 4934 mansur:
1247 4877 1470 4933 iaccilibto.
1489 4879 1527 4930 ci.
1540 4877 1616 4930 ilad-

292 4967 390 5031 vigium
401 4967 436 5019 ad
452 4979 491 5017 or.
510 4979 537 5032 p.
556 4965 649 5017 Roscio
666 4966 726 5016 Am.
738 4963 762 5029 5.
775 4965 816 5015 73.
835 4963 924 5026 Opaca
936 4961 956 5012 1.
975 4974 1002 5026 p.
1015 4959 1072 5011 iia.
1092 4985 1119 4995 -
1138 4959 1224 5010 imeae
1240 4955 1307 5010 tia:
1324 4957 1430 5008 macuta
1441 4965 1502 5005 com
1514 4953 1556 5004 ed.
1569 4952 1616 5002 Vi-

293 5037 504 5095 ctorianabtlo.
525 5069 553 5079 -
572 5055 607 5092 ca
623 5040 682 5092 ST:
701 5045 728 5091 ci
744 5035 926 5092 aiciu-
945 5037 986 5088 29.
1005 5035 1092 5086 aalma
1108 5037 1164 5099 post
1179 5033 1299 5086 susim
1315 5030 1433 5086 oms‘l.
1450 5057 1477 5068 -·
1496 5029 1537 5082 36.
1555 5041 1617 5094 pso-

291 5119 363 5171 aicm
378 5119 406 5172 T.
427 5143 455 5157 ·-
473 5117 515 5170 3³.
532 5117 634 5174 utura
651 5115 708 5169 si:
727 5116 788 5170 timu
804 5114 865 5180 lom.
883 5114 919 5178 ull
936 5107 1079 5166 ascio.
