3638 5868
294 367 356 436 348
666 369 708 434 444
728 367 893 434 VERREM
912 365 1036 432 neno
1059 366 1241 434 SECUNDA

377 534 430 604 38.
453 535 516 604 sod
538 535 615 621 quid
636 556 695 621 ego
716 537 808 602 istius
828 537 862 602 in
884 537 953 602 eius
971 536 1058 602 rnodi
1079 538 1174 602 rebus
1194 536 1369 602 mediocres
1389 535 1520 602 initnlss
1542 535 1612 600 col·

294 633 370 716 ligo,
392 652 475 718 quse
489 637 613 698 unum
625 629 721 696 modo
736 631 769 696 in
786 631 877 696 furtis
891 631 983 696 istius
999 637 1030 695 et
1044 629 1167 694 demnis
1182 645 1302 705 eorum,
1324 649 1345 692 n
1357 631 1472 714 quibus
1486 631 1611 698 sufere-

294 728 359 804 bat,
380 733 523 794 4444444444
545 746 614 790 esse
634 726 821 790 videantur?
842 725 993 808 Accipite,
1015 724 1043 790 si
1063 725 1169 800 vultis,
1190 725 1320 800 iudices,
1341 743 1408 787 rem
1430 724 1499 790 eius
1511 724 1611 798 modi,

295 830 332 888 ut
352 823 520 890 suenum
541 819 732 902 singularem
754 826 786 883 et
802 818 940 883 furorem
954 820 1027 894 iem,
1048 838 1114 882 non
1128 818 1332 901 cupiditatem
1347 819 1416 883 eius
1429 819 1611 904 perspicere

272 917 436 1000 sponsus.
477 914 590 980 XVIII.
621 912 793 978 Melitensis
820 913 978 976 Diodorus
1000 919 1064 989 est,
1094 913 1149 997 qui
1171 911 1255 995 epud
1276 932 1333 976 vos
1355 919 1448 976 entea
1468 912 1613 978 testimo-

170 1063 174 1070 .
295 1011 383 1076 ιιίιιιιι
404 1009 494 1074 dixit
529 1009 560 1072 Is
574 1007 713 1092 Lilybaei
736 1007 851 1072 multos
873 1007 936 1070 iem
957 1026 1058 1070 annos
1079 1006 1207 1083 bnbitet,
1228 1004 1324 1091 bpnno
1347 1014 1378 1070 et
1392 1005 1479 1072 domi
1494 1005 1612 1070 nobilis

295 1113 327 1168 et
346 1103 432 1187 apud
453 1121 526 1178 eos,
552 1122 616 1186 quo
638 1122 673 1166 se
694 1101 843 1176 contulit,
864 1108 995 1184 propter
1015 1102 1162 1166 uirtutem
1184 1098 1369 1182 splendidus
1390 1107 1423 1164 et
1444 1100 1612 1184 grutIcsus.

294 1201 341 1264 De
361 1199 424 1262 boc
438 1195 529 1262 Verri
551 1195 676 1271 dicitur,
696 1195 814 1260 babere
835 1214 908 1260 cum
929 1195 1265 1278 perbonatoreumnts,
1284 1195 1318 1257 in
1332 1193 1371 1258 iis
1386 1195 1502 1278 pocula
1515 1214 1614 1280 quee-
1683 1189 1693 1197 “

295 1293 383 1368 dum,
406 1309 488 1376 quine
509 1289 668 1354 Thericlia
688 1289 906 1363 nominentur,
928 1289 1079 1352 Mentoris
1100 1307 1196 1352 manu
1218 1308 1340 1352 summo
1363 1288 1497 1353 artificio
1518 1289 1613 1354 444444.

260 1393 288 1441 to
297 1384 391 1464 Quod
411 1385 472 1452 iste
492 1383 548 1448 ubi
569 1383 707 1458 audivit,
737 1383 781 1446 sio
804 1383 973 1466 cupiditate
1003 1383 1212 1447 inflammatus
1234 1389 1282 1446 est
1303 1401 1368 1445 non
1389 1383 1492 1447 solum
1512 1383 1615 1466 inspi-

296 1478 411 1554 ciendi,
431 1497 542 1544 renim
563 1478 660 1544 etiam
681 1476 861 1552 auferendi,
882 1484 918 1540 ut
938 1476 1112 1540 Diodorum
1133 1476 1174 1540 ad
1195 1495 1230 1540 se
1251 1483 1378 1540 vocaret
1398 1496 1436 1540 ec
1456 1484 1613 1562 posceret.

294 1573 369 1649 lllc,
397 1571 530 1657 quillto
555 1592 620 1638 uon
648 1571 765 1636 invitus
793 1570 939 1646 baberet,
967 1569 1132 1654 respondit
1160 1568 1301 1653 Lilybaei
1331 1590 1367 1634 se
1394 1590 1459 1635 non
1486 1571 1613 1644 babere,

295 1667 420 1732 Ilelitnc
442 1667 528 1750 apud
549 1666 708 1750 quendam
730 1665 947 1750 propinquum
968 1684 1062 1728 suum
1082 1663 1260 1747 reliquisse.
1297 1659 1348 1724 39.
1370 1665 1450 1729 Tum
1463 1666 1523 1730 iste
1537 1685 1614 1730 con-

294 1762 385 1826 tinuo
415 1761 512 1827 mittit
537 1760 684 1824 homines
713 1765 815 1823 certos
843 1758 998 1823 blelitern:
1034 1757 1142 1821 scribit
1169 1755 1209 1820 nd
1237 1759 1392 1842 quosdam
1420 1758 1613 1833 Melitenses,

258 1863 332 1921 ttut
353 1874 391 1920 ea
411 1873 488 1919 vesu
508 1853 708 1938 perquirent:
731 1858 821 1936 roget
841 1852 1033 1927 Diodorum,
1055 1858 1092 1915 ut
1112 1851 1152 1914 nd
1173 1851 1262 1914 illum
1283 1853 1499 1937 propinquum
1520 1873 1613 1916 suum

296 1948 349 2012 det
369 1947 500 2014 litteras.
527 1945 612 2010 Nibil
627 1946 657 2008 ei
671 1945 798 2028 longius
812 1943 989 2019 videbatur,
1011 1965 1107 2029 quam
1121 1945 1196 2008 dum
1211 1946 1290 2010 illud
1304 1946 1427 2012 videret
1440 1955 1614 2030 argentum.

295 2039 464 2116 Diodorus,
485 2040 581 2124 bppto
602 2039 686 2122 frugi
707 2058 744 2104 ec
766 2038 911 2121 diligens,
933 2040 989 2124 qui
1008 2059 1065 2102 sun
1080 2058 1203 2104 servare
1218 2041 1323 2115 vellet,
1344 2042 1385 2104 ad
1398 2043 1614 2127 propinquum

295 2155 389 2200 suum
410 2134 537 2210 scribit,
558 2139 595 2197 ut
614 2133 666 2209 iis,
688 2134 744 2217 qui
766 2152 785 2195 n
806 2133 903 2196 Verre
924 2135 1100 2209 venissent,
1122 2133 1329 2217 responderet
1350 2135 1429 2198 illud
1450 2143 1615 2220 argentum

297 2248 331 2293 se
352 2229 463 2313 paucis
484 2228 549 2292 illis
570 2227 682 2292 diebus
703 2226 826 2290 misisse
847 2225 1044 2311 Lilybaeum.
1087 2228 1159 2310 lpse
1189 2227 1310 2292 interea
1337 2230 1471 2294 recedit:
1503 2231 1615 2296 ebesse

259 2335 317 2387 4444
337 2321 432 2388 donno
453 2321 618 2406 paulisper
643 2321 755 2386 mutus
782 2341 878 2405 quam
899 2341 1050 2405 praesens
1071 2321 1152 2386 illud
1174 2322 1291 2404 optimc
1311 2321 1429 2388 lactum
1450 2331 1616 2408 argentum

296 2417 450 2482 emittere.
494 2414 590 2494 Quod
610 2415 667 2480 ubi
687 2415 748 2480 iste
769 2414 903 2491 audivit,
932 2435 1034 2500 usque
1056 2435 1094 2479 eo
1117 2423 1294 2480 commotus
1315 2422 1381 2492 est,
1401 2425 1438 2482 ut
1458 2418 1526 2482 sine
1547 2417 1616 2483 ulls

298 2508 495 2574 dubitatione
524 2509 663 2574 insanire
692 2509 837 2574 omnibus
866 2528 903 2572 ac
930 2507 1034 2573 lurere
1055 2507 1224 2574 videretur.
1268 2510 1350 2586 Quin
1376 2530 1442 2576 non
1469 2516 1617 2594 potuerat

298 2603 421 2688 eripere
441 2610 616 2686 ungentum,
637 2602 707 2685 ipse
729 2622 749 2666 a
768 2602 906 2667 Diodoro
929 2609 1038 2685 erepte
1058 2602 1119 2666 sibi
1141 2622 1217 2668 vass
1239 2603 1358 2686 optimc
1378 2604 1461 2669 lacte
1475 2605 1616 2672 dicebat:

297 2696 435 2762 minimi
457 2696 580 2762 ebsemi
601 2696 753 2771 Diodoro,
774 2695 940 2762 vociferari
962 2696 1076 2780 palam,
1098 2697 1243 2761 laorirnas
1257 2697 1416 2762 interdum
1430 2699 1617 2766 sintenere.

261 2787 483 2874 stEripbylam
503 2789 684 2872 occepimus
705 2791 739 2854 in
758 2787 875 2854 lobulis
897 2809 935 2852 en
956 2789 1145 2872 cupiditate,
1175 2797 1220 2865 ut,
1242 2808 1314 2854 cnm
1334 2790 1468 2856 vidisset
1488 2795 1616 2868 monile,

298 2889 334 2946 ut
356 2882 487 2965 opInor,
516 2903 558 2948 ex
579 2903 658 2950 auro
680 2891 712 2950 et
733 2884 880 2967 gemmis,
903 2882 1137 2966 pulchritudine
1159 2884 1227 2948 eius
1250 2883 1381 2950 incensa
1402 2886 1536 2952 sulutem
1556 2888 1617 2952 vlri

297 2974 457 3060 proderet.
507 2976 627 3041 Similis
655 2977 747 3042 istius
775 2976 949 3060 cupiditas:
984 2976 1045 3039 boc
1079 2978 1173 3043 etiem
1209 2978 1312 3043 acrior
1343 2987 1439 3064 atquc
1466 2982 1617 3058 insanior,

300 3069 386 3156 quod
406 3069 463 3134 ills
484 3070 632 3154 cupiebat
652 3070 700 3147 id,
730 3071 818 3155 quod
840 3071 978 3146 viderat,
1007 3070 1101 3138 buius
1123 3072 1270 3136 libidines
1292 3093 1357 3136 non
1379 3074 1483 3139 solnm
1504 3076 1616 3154 oculis,

299 3164 356 3229 sed
378 3163 473 3228 etlam
495 3165 623 3230 suribtu
645 3165 872 3231 excitabuntur.
905 3165 992 3228 XIX.
1014 3160 1065 3226 40.
1089 3164 1241 3249 Conquiri
1261 3166 1437 3232 Diodorum
1457 3177 1524 3236 totn
1544 3191 1619 3254 pro·

262 3258 403 3327 4444444444
422 3258 521 3322 iubet.
563 3258 621 3324 Ille
643 3278 683 3322 ex
705 3258 813 3323 Sicilie
832 3259 896 3322 iam
917 3264 1020 3324 cestre
1048 3266 1262 3323 commoverat
1290 3266 1321 3330 et
1341 3280 1417 3326 vasa
1438 3264 1617 3348 collegerat.

299 3352 421 3430 Homo,
453 3361 490 3418 ut
510 3353 620 3438 ulique
643 3353 737 3416 modo
759 3353 793 3416 in
813 3353 1011 3436 provinciam
1032 3352 1123 3416 illum
1150 3361 1327 3430 revocaret,
1355 3355 1438 3421 benc
1460 3355 1619 3442 excogitet

366 3598 391 3647 4.
408 3595 540 3646 4444444444
554 3596 584 3646 44.
598 3619 628 3632 -
641 3595 667 3647 4.
686 3593 831 3659 auferebant
847 3596 876 3657 44,
896 3597 928 3646 64
944 3597 973 3654 4,
992 3595 1169 3660 auferebantur
1184 3596 1262 3660 Lgtt
1275 3623 1303 3634 -
1322 3598 1347 3650 3.
1364 3603 1479 3650 4444444444
1493 3600 1522 3651 L.
1541 3598 1616 3652 lost:

300 3675 401 3722 4444444444
417 3669 495 3722 codd.
514 3669 577 3722 noti.
597 3669 647 3734 [est
661 3675 777 3722 4444444444
792 3670 818 3720 tn
835 3669 924 3735 44444]
943 3672 977 3724 At
993 3672 1060 3722 hoec
1077 3669 1155 3722 codd.
1173 3669 1251 3724 lectio
1270 3675 1314 3724 vix
1330 3673 1437 3726 delendi
1453 3675 1541 3739 potest
1555 3675 1618 3726 asts

301 3745 402 3796 idonela
419 3743 558 3810 exemplis,
577 3743 610 3794 cl.
624 3744 784 3796 Scbdmonn.
802 3743 836 3794 sd
848 3745 902 3795 Cic.
916 3743 950 3794 de
962 3746 992 3796 N.
1005 3746 1036 3796 D.
1049 3747 1080 3795 11.
1096 3743 1119 3809 5.
1133 3747 1173 3808 44,
1192 3749 1219 3797 et
1235 3751 1344 3814 propter
1355 3763 1405 3801 esee
1415 3748 1488 3813 quod
1499 3750 1620 3814 sequitur

301 3817 376 3871 docile
394 3819 476 3870 errari
492 3819 604 3884 poteret.
624 3843 651 3854 -
669 3819 744 3870 uottts
758 3821 787 3870 44.
800 3843 827 3856 -
838 3818 863 3870 4.
881 3824 904 3870 44
919 3819 970 3884 ptr.
990 3819 1069 3870 codd.
1087 3822 1156 3871 noti:
1173 3823 1261 3886 4441444.
1280 3823 1309 3874 0.
1322 3825 1411 3876 -taen
1421 3837 1471 3875 non
1482 3825 1511 3890 4,
1529 3826 1617 3890 bugge

301 3895 421 3946 nontam
436 3896 483 3955 64,
500 3891 548 3944 bd.
566 3889 594 3954 t;
619 3907 670 3944 non
690 3895 743 3944 444444
760 3894 804 3945 64.
825 3920 851 3934 -
871 3894 1078 3957 concuptdt'tatem
1101 3895 1131 3947 E.
1151 3923 1179 3933 -
1197 3899 1222 3948 c.
1240 3903 1298 3949 ante
1313 3901 1360 3951 64.
1380 3927 1407 3938 -
1426 3901 1451 3951 s.
1469 3901 1541 3951 dorna
1560 3899 1618 3951 nob.

302 3969 418 4032 4444444444
432 3969 511 4032 Lagg.
530 3967 595 4018 dett.
614 3994 642 4004 -—
660 3968 685 4019 s.
704 3981 761 4018 44444
776 3980 830 4019 οιιι.
849 3969 895 4032 os,
914 3969 972 4020 cod.
991 3971 1108 4021 Puteenl.
1123 3997 1151 4008 -
1162 3971 1190 4021 444
1206 3973 1227 4022 ts
1244 3973 1267 4037 (4
1284 3986 1320 4024 ιιι.
1338 3975 1363 4024 4.
1381 3975 1525 4040 supensos.)
1541 3975 1575 4036 44,
1592 3973 1621 4024 tn

302 4045 340 4095 lu‘s
355 4042 420 4094 dett.
439 4042 468 4093 0.
484 4042 614 4107 -poauta
628 4042 674 4104 444,
692 4042 754 4106 Cli,
771 4039 801 4093 t:
817 4044 909 4105 pocula
925 4044 973 4094 duo
989 4042 1054 4094 dett.
1073 4045 1102 4095 0.
1117 4069 1145 4082 -·
1158 4045 1182 4096 9.
1197 4047 1423 4100 44444444444664
1436 4049 1468 4101 2:
1485 4048 1621 4101 4444444444

302 4119 338 4180 44,
356 4117 465 4169 4444444444
479 4115 530 4176 44,
556 4117 677 4168 seona
693 4117 759 4168 dett.
777 4118 807 4168 0.
827 4143 854 4156 -
872 4119 912 4169 tc.
929 4119 1079 4182 4444444444
1100 4119 1151 4182 44,
1169 4123 1199 4172 0.
1220 4150 1248 4161 -
1265 4125 1306 4175 44.
1324 4123 1356 4174 ab
1371 4137 1397 4176 44
1412 4125 1441 4187 lt,
1459 4125 1494 4176 4444
1509 4137 1534 4176 44
1550 4136 1619 4176 corr.

302 4205 341 4244 ιιι.
358 4193 384 4244 4.
399 4218 427 4230 -
446 4192 486 4243 ts.
504 4191 548 4254 out
563 4203 595 4242 oo
610 4191 688 4255 44444.
703 4217 730 4228 -
742 4192 872 4256 respondet
888 4194 908 4245 0
925 4196 1017 4244 contre
1034 4193 1112 4245 codd.
1127 4217 1155 4232 -
1168 4208 1193 4247 se
1208 4197 1318 4260 44444444
1333 4200 1411 4265 burg.
1430 4199 1495 4250 dett.
1510 4201 1543 4252 0.
1574 4199 1622 4248 444

302 4267 343 4319 uls
360 4266 445 4318 estin
461 4265 585 4330 44444444,
604 4265 639 4318 ad
655 4265 728 4332 quod
744 4267 858 4319 retertur
872 4267 973 4319 44444444
989 4269 1078 4320 stetim
1094 4281 1236 4334 44444444.»
1253 4273 1339 4326 44444.
1356 4288 1384 4340 p.
1403 4274 1443 4327 43.
1458 4299 1486 4314 -
1505 4273 1546 4327 44.
1560 4285 1622 4339 prc-

379 4346 396 4382 o

299 4399 423 4463 plnpuotn
438 4398 468 4457 44,
487 4398 515 4448 44
530 4396 570 4448 slc
586 4395 667 4446 etiem
683 4408 709 4446 v.
728 4397 767 4448 444.
787 4397 827 4449 44.
847 4423 875 4435 -
894 4399 935 4450 lb.
953 4413 1026 4452 44444444
1040 4413 1114 4464 prop.
1133 4401 1179 4464 64,
1197 4401 1261 4455 dett.
1279 4405 1309 4456 0.
1324 4431 1351 4444 -
1365 4405 1406 4458 44.
1420 4407 1562 4472 propistptu
1577 4417 1622 4460 4444

305 4472 371 4526 dett.
389 4474 417 4525 0.
447 4472 581 4536 (4444444444
591 4471 702 4522 --4444444
717 4479 848 4536 urentem
865 4485 918 4524 om.
937 4475 986 4538 64,
1008 4474 1066 4540 Ld.)
1085 4501 1112 4512 -
1131 4476 1171 4527 ts.
1188 4483 1217 4530 ut
1231 4479 1268 4530 tta
1288 4482 1317 4533 44.
1336 4505 1364 4518 ·-
1382 4482 1424 4533 40.
1442 4495 1461 4534 a
1476 4483 1548 4534 doaso
1563 4482 1585 4534 44
1600 4480 1621 4534 tt

306 4549 339 4600 64
354 4546 379 4610 4,
397 4543 427 4596 t:
446 4545 478 4596 ab
494 4545 566 4598 domo
582 4545 630 4607 bd,
649 4545 714 4597 dett.
732 4546 762 4598 0.
775 4573 803 4584 —
813 4547 943 4612 paulisper
958 4550 988 4611 44,
1006 4547 1061 4600 olli:
1075 4549 1214 4615 paullisper
1229 4554 1259 4606 0.
1273 4581 1300 4592 -
1313 4556 1354 4608 44.
1372 4557 1495 4610 4444444444
1509 4555 1619 4622 4444.-

306 4621 367 4672 444444.
388 4621 434 4672 iste
455 4618 520 4670 dett.
542 4621 571 4672 0.
601 4619 639 4672 64.
657 4620 743 4673 Madv.
765 4635 793 4688 p.
811 4622 852 4674 44.
873 4645 900 4660 ·-
919 4628 954 4674 est
975 4637 1064 4674 conen.
1086 4624 1151 4678 dett.
1170 4628 1199 4679 0.
1220 4652 1247 4667 ··
1265 4631 1318 4682 44444
1338 4632 1405 4683 4444444
1426 4631 1503 4686 dubit.
1526 4631 1573 4684 Ld.
1591 4656 1619 4668 -

305 4697 347 4752 44.
365 4709 423 4762 arp.
441 4697 537 4760 eripere
553 4695 618 4747 dett.
636 4696 665 4746 0.
680 4722 708 4732 —
721 4709 739 4746 a
750 4710 802 4749 om.
821 4697 872 4750 ltE
884 4699 917 4749 64
931 4700 961 4759 4,
978 4699 1117 4750 abludere
1128 4726 1165 4738 -·
1176 4701 1270 4754 44444444·
1285 4705 1399 4756 om.1.d.
1413 4705 1622 4771 -iactaopttrna

307 4771 386 4838 Lgttt.
400 4796 428 4807 -
441 4769 483 4822 44.
500 4771 634 4836 44444444.
653 4772 681 4822 ct
696 4770 773 4836 dett..
791 4773 897 4824 Servius
908 4771 943 4826 444
954 4775 1019 4824 len.
1031 4773 1063 4823 V.
1077 4773 1138 4824 ⁴¹13:
1156 4788 1209 4828 om.
1222 4777 1256 4839 44,
1273 4791 1324 4830 non
1335 4778 1381 4843 63,
1400 4781 1471 4832 44444.
1484 4781 1508 4846 s.
1520 4781 1578 4834 444.
1592 4807 1619 4818 -·

308 4848 349 4902 23.
367 4846 479 4911 Ertttlern
495 4847 528 4898 64
542 4847 573 4908 4,
590 4845 742 4910 4444444444,
759 4861 867 4900 wacon
881 4846 1029 4912 deputaret
1044 4847 1092 4900 Ld.
1111 4848 1149 4900 cl.
1161 4850 1212 4902 Jul.
1225 4853 1358 4906 Severisn.
1375 4867 1403 4920 p.
1416 4854 1473 4910 344.
1487 4883 1516 4894 -
1527 4855 1568 4908 28.
1585 4855 1622 4906 444-

309 4921 403 4974 4444444
418 4923 447 4973 n.
462 4945 489 4956 -
503 4919 544 4972 eo.
561 4920 714 4982 castratam
728 4927 841 4974 4444444444
856 4923 951 4988 4444,
968 4923 1021 4974 44444
1036 4936 1058 4974 4.
1075 4931 1188 4978 nwoerot
1201 4927 1231 4979 0.
1245 4955 1273 4966 -
1286 4928 1326 4980 et.
1344 4931 1372 4982 444
1383 4942 1458 4993 prou.
1472 4928 1620 4986 4444444444,

307 4995 379 5048 44444444
394 4995 508 5058 44444444.
527 4996 573 5060 64,
590 4994 638 5059 Ld,
657 4995 721 5050 dett
739 5000 775 5062 0,
792 5000 867 5052 4444444
882 5001 1485 5074 uproo.ot.-cceoptut1tnotn.1.get:
1503 5005 1623 5072 4444444444

310 5067 363 5134 444,
380 5069 532 5139 assultavit
547 5069 612 5124 neu.
630 5071 659 5122 0.
