3642 5862
492 445 562 512 Lm.
583 447 622 509 V.
653 445 726 510 Car.
748 445 943 510 Vll-Vlll.
973 442 1030 529 38.
1053 439 1207 509 t3-l8.
1446 439 1508 508 385

186 613 388 680 insimulatus
410 619 508 690 esset,
531 613 591 678 HS
613 614 655 682 ῐῑ
676 633 695 677 0
716 614 846 678 domino
867 615 1036 698 accepisti,
1066 614 1153 699 quod
1174 633 1276 699 nuper
1297 614 1365 698 ipse
1386 613 1508 680 iuratus

187 710 302 786 docuit,
324 710 479 794 quemad
502 707 630 772 modum
652 713 774 789 gestum
797 716 889 772 esset.
932 709 980 771 Ab
1010 711 1118 793 equite
1139 710 1280 772 Romano
1303 708 1337 772 C.
1359 708 1508 772 Matrinio

186 805 327 878 absente,
349 823 420 866 cum
442 805 469 867 is
491 809 576 865 esset
595 802 725 875 Romae,
748 803 835 885 quod
857 805 925 866 eius
947 803 1059 866 vilicos
1088 809 1295 887 pastoresque
1323 803 1381 866 tibi
1402 805 1435 866 in
1458 825 1509 867 su-

186 900 362 982 spicionem
383 897 509 961 venisse
531 896 667 968 dixeras,
689 895 750 958 HS
771 893 814 963 ὦ
837 896 1005 960 abstulisti.
1044 897 1133 960 Dixit
1152 897 1214 960 hoc
1235 899 1270 962 L.
1292 897 1430 972 Flavius,
1452 897 1509 980 qui

185 993 244 1056 tibi
267 1009 336 1056 eam
357 989 524 1075 pecuniam
546 989 735 1063 numeravit,
763 999 947 1074 procur-ator
968 990 1002 1054 C.
1023 992 1180 1056 Matrinii:
1209 991 1292 1054 dixit
1312 990 1382 1073 ipse
1404 991 1533 1054 Matri-⁶

186 1087 277 1150 niusa
309 1085 395 1157 diod
414 1084 463 1146 vir
485 1083 696 1158 clarissimus,
729 1082 785 1146 Cn.
807 1084 960 1166 Lentulus
983 1105 1112 1160 censor,
1141 1087 1196 1168 qui
1219 1084 1357 1148 Matrinii
1379 1083 1509 1147 honoris
1612 1023 1650 1122 f

187 1200 281 1244 causa
301 1177 421 1242 recenti
443 1172 570 1261 ne‘go'tio
591 1175 632 1239 ad
647 1184 678 1240 te
694 1177 813 1242 litteras
829 1179 916 1242 misit
929 1180 1162 1263 mittendasque
1177 1179 1306 1242 curavit.
1336 1172 1387 1241 46.
1403 1178 1510 1254 Quint

187 1275 227 1338 de
242 1273 422 1357 Apollonio,
443 1271 562 1336 Dioclis
583 1269 659 1346 tilio,
681 1272 912 1348 Panormitano,
935 1276 985 1338 cui
1001 1274 1133 1337 Gemino
1148 1292 1324 1356 cognomen
1340 1280 1399 1348 est,
1420 1294 1512 1356 prae-

188 1367 277 1430 teriri
298 1369 425 1450 potest?
464 1365 587 1448 Ecquid
609 1365 670 1429 hoc
691 1373 757 1429 tota
780 1366 888 1430 Sicilia
909 1367 1035 1443 clarius,
1058 1367 1172 1451 ecquid
1194 1366 1374 1449 indignius,
1397 1366 1510 1451 ecquid

188 1459 384 1524 manifestius
405 1459 538 1544 proferri
559 1462 687 1543 potest‘l
731 1460 849 1536 Quem,
883 1467 918 1523 ut
938 1462 1127 1524 Panormum
1155 1461 1257 1534 venit,
1287 1459 1327 1522 ad
1349 1479 1383 1524 sc
1404 1459 1511 1524 vocari
1520 1465 1548 1512 ⁴⁰

188 1561 220 1618 ot
248 1553 287 1618 de
315 1554 463 1618 tribunali
492 1554 581 1616 citari
610 1554 703 1617 iussit
729 1573 884 1618 concursu
913 1573 1026 1652 magno
1055 1554 1296 1638 frequentiaque
1328 1563 1512 1618 conventus.
1624 1567 1647 1636 3

188 1646 340 1712 Homines
368 1648 473 1711 statim
495 1647 601 1731 loqui:
635 1646 810 1722 «mirabar,
840 1648 927 1731 quod
955 1634 1159 1731 Apollonius,
1188 1646 1285 1711 homo
1312 1647 1512 1729 pecuniosus,
1618 1682 1654 1762 ί

188 1747 251 1804 mm
272 1741 330 1824 diu
351 1741 391 1804 ab
412 1742 473 1805 isto
496 1749 638 1805 maneret
658 1742 799 1822 integer:
828 1743 1019 1824 excogitavit
1039 1742 1145 1805 nescio
1169 1741 1265 1826 quid,
1290 1740 1411 1804 attulitr
1439 1759 1513 1822 pro-

186 1834 271 1900 fecto
293 1836 391 1899 homo
413 1835 502 1900 dives
523 1843 653 1920 repente
676 1855 694 1898 a
717 1837 814 1898 Verre
836 1855 900 1898 non
922 1836 991 1898 sine
1014 1856 1108 1900 causa
1128 1835 1270 1899 citatur.»
1307 1832 1511 1916 Exspectatio

188 1931 312 1993 'summa
332 1929 506 2004 hominum,
528 1930 680 2012 quidnam
702 1929 733 1994 id
750 1938 852 1994 essett
875 1951 947 1993 cum
963 1931 1158 1993 exanimatus
1173 1929 1277 1993 subito
1294 1929 1364 2011 ipse
1379 1927 1551 1990 occurritis

188 2042 261 2085 cum
283 2021 484 2086 adolescente
505 2021 590 2098 fili0;
621 2042 694 2086 nam
716 2031 805 2106 pater
826 2024 954 2106 30004440
976 2031 1052 2088 natu
1073 2024 1135 2087 iam
1158 2022 1212 2086 diu
1233 2024 1316 2086 lecto
1338 2021 1513 2086 tenebatur.
1551 2091 1556 2100 ,

188 2109 240 2177 47.
261 2116 411 2180 Nominat
437 2116 497 2179 istc
519 2137 661 2192 servum,
694 2137 790 2200 quem
816 2118 998 2201 magistrum
1020 2119 1143 2203 pecoris
1172 2137 1243 2181 esse
1273 2115 1407 2179 diceret:
1440 2135 1513 2178 aum

188 2207 266 2273 dicit
294 2209 476 2273 coniurasse
513 2217 545 2272 et
575 2209 711 2273 familias
740 2211 926 2274 concitasse.
976 2212 1009 2275 Is
1039 2213 1167 2277 omnino
1198 2231 1305 2276 servus
1333 2211 1367 2274 in
1394 2207 1514 2275 familia

188 2323 254 2366 non
276 2310 354 2367 erat
396 2303 477 2367 Eum
499 2303 605 2368 statim
636 2303 779 2367 exhiheri
801 2305 897 2368 iubet.
939 2305 1128 2388 Apollonius
1150 2302 1305 2370 affirmare
1328 2323 1362 2366 se
1385 2303 1513 2366 omnino

187 2398 317 2462 nomine
337 2396 394 2460 illo
416 2417 542 2462 servum
562 2396 681 2460 habere
701 2398 870 2463 neminem.
913 2399 977 2463 lste
1005 2399 1166 2463 hominem
1193 2397 1295 2481 abripi
1321 2417 1340 2462 a
1364 2396 1551 2460 tribunalitt

187 2499 220 2554 et
247 2492 280 2556 in
309 2511 467 2555 carcerem
495 2491 608 2555 coniioi
640 2491 738 2554 iubet.
789 2491 931 2556 Clamare
957 2493 1028 2568 ille,
1062 2513 1133 2556 cum
1162 2499 1342 2575 raperetur,
1372 2489 1451 2555 nihil
1480 2509 1515 2555 se

187 2585 338 2650 miserum
366 2585 498 2660 fecisse,
527 2584 607 2648 nihil
634 2584 846 2660 commisisse,
875 2587 1043 2670 pecuniam
1072 2587 1131 2650 sibi
1161 2606 1230 2650 esse
1258 2586 1292 2648 in
1321 2585 1514 2660 nominibus,

187 2686 384 2743 numeratam
405 2680 438 2742 in
460 2681 640 2761 praesentia
660 2697 724 2742 non
746 2678 874 2744 habere.
910 2680 996 2744 Ilaec
1018 2699 1090 2743 cum
1111 2681 1249 2745 maxime
1271 2699 1393 2742 summa
1413 2677 1515 2744 homi·

187 2793 264 2837 num
284 2773 463 2857 frequentia
492 2769 729 2848 testificaretur,
757 2780 793 2835 ut
823 2773 928 2857 quivis
959 2773 1137 2858 intelligere
1167 2780 1279 2857 posset
1307 2792 1398 2846 eum,
1428 2771 1514 2856 quod

188 2867 355 2950 pecuniam
370 2886 435 2930 non
451 2867 603 2943 dedisset,
617 2866 737 2931 idcirco
753 2866 886 2932 illatam
901 2869 1015 2934 acerba
1028 2869 1145 2932 iniuria
1159 2869 1262 2943 aflici;
1280 2887 1352 2929 cum
1366 2867 1514 2941 maxime,
1523 2876 1552 2924 00

187 2969 224 3024 04
238 2961 321 3037 dico,
341 2961 402 3026 hoc
418 2961 458 3024 de
473 2962 608 3047 pecunia
622 2960 779 3036 clamaret,
801 2961 835 3023 in
849 2962 955 3026 vincla
968 2961 1131 3025 coniectus
1146 2970 1204 3026 cst
1236 2960 1318 3024 Vlll.
1334 2954 1385 3023 48.
1399 2960 1514 3024 Videte

188 3055 396 3120 constantiam
417 3056 585 3138 praetoris,
607 3055 730 3118 eteius
752 3056 916 3139 praetoris,
941 3056 998 3139 qui
1021 3055 1054 3119 in
1075 3056 1115 3118 iis
1135 3055 1231 3118 rebus
1253 3075 1317 3118 non
1339 3055 1383 3118 ita
1406 3055 1515 3120 defen·

187 3147 298 3224 datur,
326 3154 362 3211 ut
389 3147 559 3212 mediocris
588 3156 732 3232 praetor,
762 3147 818 3211 sed
845 3150 889 3212 ita
917 3147 1080 3223 laudetur,
1107 3155 1143 3211 ut
1165 3148 1305 3232 optimus
1334 3148 1514 3232 imperator.

189 3243 266 3306 Cum
288 3262 449 3307 servorum
476 3241 596 3306 bellum
625 3247 836 3316 metueretur,
865 3263 929 3326 quo
959 3241 1114 3325 supplicio
1142 3241 1288 3305 dominos
1316 3241 1514 3305 indemnatos

187 3335 354 3410 afficiebat,
375 3335 437 3398 hoc
459 3355 568 3399 servos
590 3336 754 3399 damnatos
769 3335 938 3398 liberabat:
960 3334 1176 3420 Apollonium,
1196 3335 1359 3398 hominem
1372 3334 1551 3418 locuple-ao
1639 3376 1644 3387 ι

188 3429 353 3502 tissimum,
376 3429 442 3512 qui,
465 3429 492 3493 si
513 3429 637 3511 fugitivi
658 3428 778 3492 bellum
799 3430 833 3492 in
852 3428 959 3492 Sicilia
972 3429 1123 3503 facerent,
1145 3428 1356 3510 amplissimas
1371 3428 1514 3492 fortunas

188 3525 362 3598 amitteret,
397 3522 474 3586 belli
504 3523 709 3607 fugitivorum
738 3524 865 3587 nomine
894 3521 1012 3587 indicta
1042 3541 1138 3586 causa
1165 3522 1198 3584 in
1231 3521 1334 3586 vincla
1363 3521 1514 3586 coniecit:

188 3636 307 3694 servos,
330 3635 411 3702 quos
432 3617 503 3701 ipsc
526 3639 598 3682 cum
620 3617 753 3683 consilio
776 3617 852 3681 belli
873 3615 1012 3682 faciendi
1029 3635 1123 3680 causa
1138 3616 1337 3680 consensisse
1353 3612 1513 3690 iudicavit,

254 3869 279 3920 4.
295 3851 340 3920 fi
353 3867 438 3933 030οτ
455 3866 564 3921 tXrell.
578 3869 607 3919 0.
620 3894 647 3904 —
662 3868 685 3921 4.
704 3851 804 3930 fiditis,
822 3868 872 3920 sed
882 3869 939 3921 elne
951 3866 1061 3919 lineola:
1080 3867 1171 3918 centias
1181 3867 1196 3917 'i
1208 3867 1298 3930 Lagg.;
1316 3864 1512 3930 committo.

188 3946 214 3996 3.
231 3945 339 3997 ilem
353 3945 383 3997 44.
397 3944 507 4009 (440000.
521 3944 555 4005 0.)
574 3969 601 3980 -
620 3944 672 4006 ipae
688 3945 724 3994 44.
736 3942 893 4007 asangm:
912 3945 964 4008 ipsa
980 3944 1008 3996 0.
1026 3945 1061 3994 44.
1076 3941 1183 3994 detto.
1199 3969 1225 3980 -
1245 3943 1269 3993 o.
1288 3942 1352 3992 dicct
1367 3953 1422 3992 om.
1434 3941 1470 3992 443
1482 3938 1511 4000 λς
1622 4000 1626 4008 ,

188 4019 249 4072 uas
269 4019 347 4084 0309.
367 4045 395 4058 -
413 4019 597 4082 304··00000
616 4016 731 4070 delenda
754 4022 846 4072 censet
867 4019 929 4070 Ero,
958 4022 992 4070 at
1007 4019 1040 4070 of.
1060 4016 1146 4070 lladv.
1168 4030 1194 4082 p.
1214 4019 1270 4069 400.
1296 4017 1359 4069 sak.
1377 4029 1404 4081 p.
1422 4016 1463 4068 34.
1482 4041 1510 4054 -

188 4094 212 4146 3.
230 4095 325 4148 Dioclis
340 4094 389 4148 lta:
408 4095 490 4146 Diocli
501 4094 565 4146 dett.
579 4095 608 4145 0.
623 4121 651 4131 -
663 4094 856 4160 000030ωο4000
867 4095 888 4145 a
899 4097 927 4145 et
937 4095 977 4146 sic
987 4094 1096 4158 ubique.
1116 4092 1168 4158 [Sic
1179 4093 1243 4144 item
1253 4092 1276 4142 V
1287 4091 1394 4156 040300
1405 4104 1515 4157 semper

187 4167 308 4236 habent]
326 4197 354 4207 -
374 4169 414 4221 40.
431 4170 578 4234 mentietur
594 4170 629 4230 u;
647 4169 778 4233 consciae
794 4169 823 4220 C.
843 4196 870 4207 -
890 4183 962 4232 quem
977 4175 1006 4221 ut
1021 4170 1073 4220 ua:
1090 4181 1164 4230 quem
1180 4167 1254 4218 40044
1271 4166 1336 4218 dett.
1350 4193 1379 4204 -
1398 4167 1439 4218 tt.
1456 4179 1514 4216 cois·

185 4250 270 4296 0004000
283 4246 313 4297 44.
334 4271 361 4282 -
381 4245 421 4295 40.
445 4244 560 4295 mirator
580 4244 616 4295 aa
640 4234 735 4310 (lfadv.
753 4257 779 4309 p.
798 4243 861 4307 90.);
887 4245 981 4295 mirari
1001 4245 1067 4296 dett.
1086 4245 1115 4295 0.
1134 4269 1161 4280 -
1182 4242 1222 4294 43.
1241 4242 1406 4306 mopieoott:
1431 4243 1513 4293 000040

187 4319 248 4382 qnid
263 4318 347 4370 0440444
363 4317 479 4372 distinxit
491 4321 525 4380 0;
543 4319 627 4370 0440444
640 4320 752 4384 prolecto
768 4320 1015 4384 acceptatissimus
1032 4319 1092 4382 quid
1108 4318 1186 4384 0309.
1200 4345 1227 4354 -
1242 4318 1282 4369 43.
1294 4317 1422 4367 tornioom
1433 4315 1468 4367 443
1480 4313 1511 4366 λε

187 4396 298 4446 omnim
309 4393 375 4446 dett.
388 4395 417 4445 0.
432 4420 460 4431 -
474 4395 514 4444 44,
533 4395 646 4445 nominet
656 4395 788 4458 tomimm,
806 4407 879 4457 quem
892 4407 926 4445 m.
943 4409 970 4460 p.
983 4409 1005 4445 0.
1017 4393 1113 4444 4400004
1128 4395 1203 4444 Serv.
1217 4393 1252 4444 ad
1262 4397 1328 4444 Aen.
1341 4394 1394 4444 Vll.
1407 4392 1465 4444 403.
1483 4418 1509 4427 -

187 4469 228 4520 43.
246 4473 270 4522 04
286 4469 351 4520 otior
365 4470 479 4534 10004400
501 4469 565 4520 dett.
585 4471 614 4521 0.
635 4497 659 4508 —
681 4471 769 4522 0440000
791 4469 836 4520 03.
858 4496 885 4507 -
905 4471 945 4520 is.
966 4471 1104 4534 00400ιο00
1121 4468 1154 4528 44;
1176 4468 1290 4534 affirmat
1310 4470 1388 4532 0033.
1407 4470 1514 4532 praeter

186 4542 218 4596 40
229 4543 270 4597 48.
289 4543 325 4609 (ac
340 4543 453 4610 04400004
467 4557 567 4596 acroam
583 4560 606 4596 o.
625 4544 713 4609 0340.)
733 4570 761 4582 -
779 4545 820 4595 00.
838 4557 937 4596 umam
952 4557 978 4595 re
994 4557 1060 4594 0000.
1078 4544 1121 4594 illo
1138 4545 1237 4593 0000400
1253 4542 1317 4594 dett.
1336 4545 1365 4595 0.
1385 4568 1412 4579 —
1432 4541 1515 4604 arripi

186 4621 265 4684 0033.
286 4645 313 4656 ·-
332 4621 374 4672 04.
391 4621 453 4671 coici
470 4622 490 4673 44
507 4633 546 4686 pr.
566 4633 603 4672 m.
622 4624 649 4672 et
666 4619 751 4684 0309;
769 4619 849 4670 000404
864 4620 885 4669 44
902 4632 972 4670 corr.
986 4645 1016 4656 -
1028 4619 1069 4670 itta
1084 4619 1195 4670 04000000
1211 4617 1276 4670 dett.
1295 4618 1329 4679 03
1348 4630 1402 4668 om.
1420 4615 1468 4668 Ld.
1483 4641 1510 4652 -

185 4693 227 4744 03.
244 4694 362 4745 mmo
376 4707 522 4760 0040000300
539 4695 615 4763 0340.
632 4724 659 4733 -
671 4697 713 4747 06.
731 4695 832 4746 vineato
848 4692 1017 4757 03030343.
1031 4719 1058 4730 -
1072 4693 1113 4744 07.
1126 4691 1469 4756 compesceremus.
1483 4715 1510 4726 -

186 4769 213 4819 ia
228 4771 260 4822 its
274 4769 348 4822 retro
364 4771 399 4822 lt:
424 4773 451 4823 in
467 4772 505 4824 tis
520 4770 587 4836 (4440)
609 4771 682 4824 rebus
699 4769 736 4822 03
753 4770 835 4833 03094
860 4771 888 4819 ia
903 4769 976 4820 rebec
993 4769 1055 4832 033.
1073 4766 1145 4829 004.)
1170 4781 1238 4820 noae
1253 4780 1311 4819 reor
1327 4765 1369 4818 alii
1387 4765 1416 4828 (4)
1434 4767 1464 4816 0.
1484 4789 1512 4800 -

186 4846 326 4910 desmdmr
346 4846 429 4912 0340,
454 4849 491 4898 st.
510 4848 540 4899 0.
560 4846 645 4900 Halm
665 4873 692 4882 —
712 4845 753 4898 03.
774 4845 891 4896 modoet·
911 4842 990 4895 dett:
1017 4843 1138 4894 laudetur
1157 4843 1203 4895 443.
1221 4843 1250 4894 L.
1268 4845 1306 4894 st.
1325 4839 1411 4894 Halm.
1438 4838 1514 4890 ldem
1607 4891 1612 4902 ,

186 4920 283 4973 modus
300 4923 414 4987 utroque
431 4920 490 4974 loco
507 4924 658 4976 necessario
669 4919 828 4986 requisitum
847 4923 906 4969 utro
917 4918 1009 4980 utaris
1027 4931 1080 4970 non
1092 4916 1203 4970 multum
1216 4917 1306 4970 refert.
1326 4915 1514 4968 Coniunctivus

187 4999 278 5049 400000
294 5010 310 5047 0
327 4995 464 5049 codicibus
479 4995 539 5063 plus
562 4995 725 5049 auctoritatis
745 4991 836 5044 habet.
857 5017 884 5029 -
904 4992 945 5043 09.
962 4993 1101 5044 44000004οο
1122 4993 1195 5058 odite.
1213 4993 1244 5044 a.
1263 5019 1290 5030 -
1309 4991 1350 5043 30.
1368 4989 1515 5054 motuum

187 5072 218 5123 u.
237 5098 265 5108 -
284 5071 373 5137 400034.
396 5073 462 5124 tom.
484 5071 549 5124 dett.
569 5073 598 5124 0.
619 5099 646 5108 -
666 5070 706 5123 30.
728 5069 832 5121 vinculo
851 5067 884 5120 04
908 5066 955 5119 td.
975 5094 1003 5104 -
1022 5067 1063 5120 33.
1086 5069 1116 5120 dc
1135 5067 1236 5120 consido
1258 5065 1295 5120 aa
1312 5063 1343 5128 λς
1369 5065 1399 5117 dc
1419 5062 1517 5115 comitti

187 5148 308 5199 00040000
322 5161 357 5200 ex
373 5149 441 5202 cont.
458 5147 551 5202 00400.
569 5146 654 5202 llalm.

230 5237 320 5291 cuno
335 5239 398 5290 nn.
1254 5233 1297 5302 25
