<?xml version="1.0" encoding="UTF-8"?>
<!DOCTYPE html PUBLIC "-//W3C//DTD XHTML 1.0 Transitional//EN"
    "http://www.w3.org/TR/xhtml1/DTD/xhtml1-transitional.dtd">
<html xmlns="http://www.w3.org/1999/xhtml" xml:lang="en" lang="en">
 <head>
  <title>
</title>
<meta http-equiv="Content-Type" content="text/html;charset=utf-8" />
  <meta name='ocr-system' content='tesseract 3.04.00' />
  <meta name='ocr-capabilities' content='ocr_page ocr_carea ocr_par ocr_line ocrx_word'/>
</head>
<body>
  <div class='ocr_page' id='page_1' title='image "./mtulliiciceroni00baitgoog_0755.png"; bbox 0 0 3644 5874; ppageno 0'>
   <div class='ocr_carea' id='block_1_1' title="bbox 596 418 1525 516">
    <p class='ocr_par' dir='ltr' id='par_1_1' title="bbox 596 418 1525 516">
     <span class='ocr_line' id='line_1_1' title="bbox 596 418 1525 516; baseline -0.01 -18"><span class='ocrx_word' id='word_1_1' title='bbox 596 435 668 500; x_wconf 69' lang='lat' dir='ltr'><strong>cu.</strong></span> <span class='ocrx_word' id='word_1_2' title='bbox 690 434 885 498; x_wconf 79' lang='lat' dir='ltr'><strong>xiv-xv.</strong></span> <span class='ocrx_word' id='word_1_3' title='bbox 910 431 968 516; x_wconf 76' lang='lat' dir='ltr'><strong>ss.</strong></span> <span class='ocrx_word' id='word_1_4' title='bbox 989 429 1134 501; x_wconf 49' lang='lat' dir='ltr'><strong>:to-233.</strong></span> <span class='ocrx_word' id='word_1_5' title='bbox 1463 418 1525 491; x_wconf 77' lang='lat' dir='ltr'><strong>aaa</strong></span> 
     </span>
    </p>
   </div>
   <div class='ocr_carea' id='block_1_2' title="bbox 123 590 1626 2934">
    <p class='ocr_par' dir='ltr' id='par_1_2' title="bbox 123 590 1626 2934">
     <span class='ocr_line' id='line_1_2' title="bbox 215 590 1525 687; baseline -0.003 -21"><span class='ocrx_word' id='word_1_6' title='bbox 215 604 339 669; x_wconf 88' lang='lat' dir='ltr'><strong>laudem</strong></span> <span class='ocrx_word' id='word_1_7' title='bbox 367 603 420 666; x_wconf 90' lang='lat' dir='ltr'><strong>ille</strong></span> <span class='ocrx_word' id='word_1_8' title='bbox 449 590 553 667; x_wconf 56' lang='lat' dir='ltr'><strong>ultrice</strong></span> <span class='ocrx_word' id='word_1_9' title='bbox 584 622 734 686; x_wconf 86' lang='lat' dir='ltr'><strong>oppressa</strong></span> <span class='ocrx_word' id='word_1_10' title='bbox 763 604 945 686; x_wconf 89' lang='lat' dir='ltr'><strong>cognomine</strong></span> <span class='ocrx_word' id='word_1_11' title='bbox 974 603 1044 686; x_wconf 93' lang='lat' dir='ltr'><strong>ipso</strong></span> <span class='ocrx_word' id='word_1_12' title='bbox 1066 621 1140 687; x_wconf 91' lang='lat' dir='ltr'><strong>prae</strong></span> <span class='ocrx_word' id='word_1_13' title='bbox 1169 622 1203 665; x_wconf 87' lang='lat' dir='ltr'><strong>se</strong></span> <span class='ocrx_word' id='word_1_14' title='bbox 1229 600 1366 674; x_wconf 81' lang='lat' dir='ltr'><strong>ferebat,</strong></span> <span class='ocrx_word' id='word_1_15' title='bbox 1392 600 1525 664; x_wconf 89' lang='lat' dir='ltr'><strong>eandem</strong></span> 
     </span>
     <span class='ocr_line' id='line_1_3' title="bbox 214 693 1527 780; baseline -0.003 -21"><span class='ocrx_word' id='word_1_16' title='bbox 214 697 265 760; x_wconf 92' lang='lat' dir='ltr'><strong>bic</strong></span> <span class='ocrx_word' id='word_1_17' title='bbox 286 695 349 764; x_wconf 80' lang='lat' dir='ltr'><strong>sibi.</strong></span> <span class='ocrx_word' id='word_1_18' title='bbox 367 717 409 758; x_wconf 88' lang='lat' dir='ltr'><strong>ex</strong></span> <span class='ocrx_word' id='word_1_19' title='bbox 428 697 520 760; x_wconf 82' lang='lat' dir='ltr'><strong>Asiae</strong></span> <span class='ocrx_word' id='word_1_20' title='bbox 543 697 668 760; x_wconf 92' lang='lat' dir='ltr'><strong>nomine</strong></span> <span class='ocrx_word' id='word_1_21' title='bbox 690 699 868 779; x_wconf 82' lang='lat' dir='ltr'><strong>assumpsit.</strong></span> <span class='ocrx_word' id='word_1_22' title='bbox 911 693 961 758; x_wconf 76' lang='lat'><strong>32.</strong></span> <span class='ocrx_word' id='word_1_23' title='bbox 993 698 1063 771; x_wconf 88' lang='lat' dir='ltr'><strong>Quo</strong></span> <span class='ocrx_word' id='word_1_24' title='bbox 1093 697 1220 780; x_wconf 88' lang='lat' dir='ltr'><strong>quidem</strong></span> <span class='ocrx_word' id='word_1_25' title='bbox 1247 695 1281 757; x_wconf 92' lang='lat' dir='ltr'><strong>in</strong></span> <span class='ocrx_word' id='word_1_26' title='bbox 1309 694 1393 756; x_wconf 92' lang='lat' dir='ltr'><strong>bello</strong></span> <span class='ocrx_word' id='word_1_27' title='bbox 1426 693 1527 756; x_wconf 84' lang='lat' dir='ltr'><strong>virtus</strong></span> 
     </span>
     <span class='ocr_line' id='line_1_4' title="bbox 215 783 1524 874; baseline -0.004 -22"><span class='ocrx_word' id='word_1_28' title='bbox 215 789 326 852; x_wconf 86' lang='lat' dir='ltr'><strong>enituit</strong></span> <span class='ocrx_word' id='word_1_29' title='bbox 349 789 473 872; x_wconf 90' lang='lat' dir='ltr'><strong>egregia</strong></span> <span class='ocrx_word' id='word_1_30' title='bbox 494 791 535 851; x_wconf 88' lang='lat' dir='ltr'><strong>M.</strong></span> <span class='ocrx_word' id='word_1_31' title='bbox 559 790 701 864; x_wconf 89' lang='lat' dir='ltr'><strong>Catonis,</strong></span> <span class='ocrx_word' id='word_1_32' title='bbox 724 791 912 874; x_wconf 75' lang='lat' dir='ltr'><strong>praenitui:</strong></span> <span class='ocrx_word' id='word_1_33' title='bbox 935 811 999 874; x_wconf 93' lang='lat' dir='ltr'><strong>quo</strong></span> <span class='ocrx_word' id='word_1_34' title='bbox 1020 791 1087 864; x_wconf 92' lang='lat' dir='ltr'><strong>ille,</strong></span> <span class='ocrx_word' id='word_1_35' title='bbox 1109 811 1177 853; x_wconf 92' lang='lat' dir='ltr'><strong>cum</strong></span> <span class='ocrx_word' id='word_1_36' title='bbox 1200 796 1299 863; x_wconf 87' lang='lat' dir='ltr'><strong>esset,</strong></span> <span class='ocrx_word' id='word_1_37' title='bbox 1321 796 1356 852; x_wconf 88' lang='lat' dir='ltr'><strong>ut</strong></span> <span class='ocrx_word' id='word_1_38' title='bbox 1372 807 1430 870; x_wconf 89' lang='lat' dir='ltr'><strong>ego</strong></span> <span class='ocrx_word' id='word_1_39' title='bbox 1446 783 1524 849; x_wconf 91' lang='lat' dir='ltr'><strong>mibi</strong></span> 
     </span>
     <span class='ocr_line' id='line_1_5' title="bbox 215 877 1526 968; baseline -0.004 -22"><span class='ocrx_word' id='word_1_40' title='bbox 215 890 337 957; x_wconf 77' lang='lat' dir='ltr'><strong>setun,</strong></span> <span class='ocrx_word' id='word_1_41' title='bbox 373 882 460 956; x_wconf 89' lang='lat' dir='ltr'><strong>talis,</strong></span> <span class='ocrx_word' id='word_1_42' title='bbox 489 883 613 966; x_wconf 88' lang='lat' dir='ltr'><strong>qualem</strong></span> <span class='ocrx_word' id='word_1_43' title='bbox 642 891 672 946; x_wconf 92' lang='lat' dir='ltr'><strong>te</strong></span> <span class='ocrx_word' id='word_1_44' title='bbox 700 903 770 946; x_wconf 90' lang='lat' dir='ltr'><strong>esse</strong></span> <span class='ocrx_word' id='word_1_45' title='bbox 799 883 905 958; x_wconf 87' lang='lat' dir='ltr'><strong>video,</strong></span> <span class='ocrx_word' id='word_1_46' title='bbox 935 904 1106 968; x_wconf 82' lang='lat' dir='ltr'><strong>numquam</strong></span> <span class='ocrx_word' id='word_1_47' title='bbox 1137 881 1219 967; x_wconf 87' lang='lat' dir='ltr'><strong>[cum</strong></span> <span class='ocrx_word' id='word_1_48' title='bbox 1248 877 1407 966; x_wconf 76' lang='lat' dir='ltr'><strong>Scipione]</strong></span> <span class='ocrx_word' id='word_1_49' title='bbox 1442 885 1526 943; x_wconf 90' lang='lat' dir='ltr'><strong>esset</strong></span> 
     </span>
     <span class='ocr_line' id='line_1_6' title="bbox 214 975 1549 1064; baseline -0.001 -26"><span class='ocrx_word' id='word_1_50' title='bbox 214 975 386 1058; x_wconf 85' lang='lat' dir='ltr'><strong>proiectus,</strong></span> <span class='ocrx_word' id='word_1_51' title='bbox 415 977 442 1039; x_wconf 90' lang='lat' dir='ltr'><strong>si</strong></span> <span class='ocrx_word' id='word_1_52' title='bbox 464 996 534 1039; x_wconf 91' lang='lat' dir='ltr'><strong>curn</strong></span> <span class='ocrx_word' id='word_1_53' title='bbox 556 977 749 1040; x_wconf 77' lang='lat' dir='ltr'><strong>mulierculis</strong></span> <span class='ocrx_word' id='word_1_54' title='bbox 769 977 950 1064; x_wconf 90' lang='lat' dir='ltr'><strong>bellandum</strong></span> <span class='ocrx_word' id='word_1_55' title='bbox 973 978 1184 1041; x_wconf 79' lang='lat' dir='ltr'><strong>arbitraretur.</strong></span> <span class='ocrx_word' id='word_1_56' title='bbox 1226 978 1335 1060; x_wconf 82' lang='lat' dir='ltr'><strong>Neque</strong></span> <span class='ocrx_word' id='word_1_57' title='bbox 1356 994 1431 1038; x_wconf 89' lang='lat' dir='ltr'><strong>vero</strong></span> <span class='ocrx_word' id='word_1_58' title='bbox 1453 978 1549 1036; x_wconf 67' lang='lat' dir='ltr'><strong>cumb</strong></span> 
     </span>
     <span class='ocr_line' id='line_1_7' title="bbox 214 1068 1524 1154; baseline -0.005 -22"><span class='ocrx_word' id='word_1_59' title='bbox 214 1070 247 1132; x_wconf 89' lang='lat' dir='ltr'><strong>P.</strong></span> <span class='ocrx_word' id='word_1_60' title='bbox 268 1068 415 1132; x_wconf 82' lang='lat' dir='ltr'><strong>Africano</strong></span> <span class='ocrx_word' id='word_1_61' title='bbox 437 1078 563 1133; x_wconf 88' lang='lat' dir='ltr'><strong>senatus</strong></span> <span class='ocrx_word' id='word_1_62' title='bbox 585 1072 714 1153; x_wconf 79' lang='lat' dir='ltr'><strong>egisset,</strong></span> <span class='ocrx_word' id='word_1_63' title='bbox 728 1116 730 1118; x_wconf 91' lang='lat'>-</span> <span class='ocrx_word' id='word_1_64' title='bbox 746 1078 782 1133; x_wconf 94' lang='lat' dir='ltr'><strong>ut</strong></span> <span class='ocrx_word' id='word_1_65' title='bbox 808 1071 928 1154; x_wconf 89' lang='lat' dir='ltr'><strong>legatus</strong></span> <span class='ocrx_word' id='word_1_66' title='bbox 955 1069 1042 1133; x_wconf 81' lang='lat' dir='ltr'><strong>fratri</strong></span> <span class='ocrx_word' id='word_1_67' title='bbox 1063 1069 1329 1152; x_wconf 84' lang='lat' dir='ltr'><strong>proficisceretur,</strong></span> <span class='ocrx_word' id='word_1_68' title='bbox 1358 1090 1428 1132; x_wconf 88' lang='lat' dir='ltr'><strong>cum</strong></span> <span class='ocrx_word' id='word_1_69' title='bbox 1457 1068 1524 1149; x_wconf 90' lang='lat' dir='ltr'><strong>ipsa</strong></span> 
     </span>
     <span class='ocr_line' id='line_1_8' title="bbox 214 1161 1525 1246; baseline -0.004 -21"><span class='ocrx_word' id='word_1_70' title='bbox 214 1161 309 1245; x_wconf 88' lang='lat' dir='ltr'><strong>paulo</strong></span> <span class='ocrx_word' id='word_1_71' title='bbox 331 1168 404 1225; x_wconf 89' lang='lat' dir='ltr'><strong>ante</strong></span> <span class='ocrx_word' id='word_1_72' title='bbox 425 1162 599 1226; x_wconf 79' lang='lat' dir='ltr'><strong>Hannibale</strong></span> <span class='ocrx_word' id='word_1_73' title='bbox 623 1184 664 1226; x_wconf 85' lang='lat' dir='ltr'><strong>ex</strong></span> <span class='ocrx_word' id='word_1_74' title='bbox 692 1163 782 1227; x_wconf 92' lang='lat' dir='ltr'><strong>ltalia</strong></span> <span class='ocrx_word' id='word_1_75' title='bbox 809 1165 959 1246; x_wconf 85' lang='lat' dir='ltr'><strong>expulso,</strong></span> <span class='ocrx_word' id='word_1_76' title='bbox 989 1185 1029 1227; x_wconf 86' lang='lat' dir='ltr'><strong>err</strong></span> <span class='ocrx_word' id='word_1_77' title='bbox 1057 1164 1160 1228; x_wconf 76' lang='lat' dir='ltr'><strong>Africa</strong></span> <span class='ocrx_word' id='word_1_78' title='bbox 1189 1165 1306 1238; x_wconf 90' lang='lat' dir='ltr'><strong>eiecto,</strong></span> <span class='ocrx_word' id='word_1_79' title='bbox 1335 1161 1525 1243; x_wconf 87' lang='lat' dir='ltr'><strong>Karthagine</strong></span> 
     </span>
     <span class='ocr_line' id='line_1_9' title="bbox 215 1255 1526 1340; baseline -0.003 -22"><span class='ocrx_word' id='word_1_80' title='bbox 215 1274 365 1338; x_wconf 88' lang='lat' dir='ltr'><strong>oppressa</strong></span> <span class='ocrx_word' id='word_1_81' title='bbox 396 1255 540 1318; x_wconf 88' lang='lat' dir='ltr'><strong>maximis</strong></span> <span class='ocrx_word' id='word_1_82' title='bbox 568 1256 717 1339; x_wconf 89' lang='lat' dir='ltr'><strong>periculis</strong></span> <span class='ocrx_word' id='word_1_83' title='bbox 742 1278 809 1320; x_wconf 88' lang='lat' dir='ltr'><strong>rem</strong></span> <span class='ocrx_word' id='word_1_84' title='bbox 841 1257 996 1340; x_wconf 89' lang='lat' dir='ltr'><strong>publicam</strong></span> <span class='ocrx_word' id='word_1_85' title='bbox 1027 1257 1205 1331; x_wconf 87' lang='lat' dir='ltr'><strong>liberasset,</strong></span> <span class='ocrx_word' id='word_1_86' title='bbox 1236 1257 1298 1320; x_wconf 85' lang='lat' dir='ltr'><strong>nisi</strong></span> <span class='ocrx_word' id='word_1_87' title='bbox 1324 1256 1403 1320; x_wconf 93' lang='lat' dir='ltr'><strong>illud</strong></span> <span class='ocrx_word' id='word_1_88' title='bbox 1432 1273 1526 1337; x_wconf 90' lang='lat' dir='ltr'><strong>grave</strong></span> 
     </span>
     <span class='ocr_line' id='line_1_10' title="bbox 213 1347 1528 1435; baseline -0.002 -25"><span class='ocrx_word' id='word_1_89' title='bbox 213 1349 329 1411; x_wconf 89' lang='lat' dir='ltr'><strong>bellum</strong></span> <span class='ocrx_word' id='word_1_90' title='bbox 351 1357 383 1412; x_wconf 90' lang='lat' dir='ltr'><strong>et</strong></span> <span class='ocrx_word' id='word_1_91' title='bbox 403 1349 572 1413; x_wconf 83' lang='lat' dir='ltr'><strong>vehemens</strong></span> <span class='ocrx_word' id='word_1_92' title='bbox 586 1356 757 1433; x_wconf 89' lang='lat' dir='ltr'><strong>putaretur.</strong></span> <span class='ocrx_word' id='word_1_93' title='bbox 793 1351 861 1414; x_wconf 82' lang='lat' dir='ltr'><strong>XV.</strong></span> <span class='ocrx_word' id='word_1_94' title='bbox 883 1353 977 1435; x_wconf 79' lang='lat' dir='ltr'><strong>Atqui</strong></span> <span class='ocrx_word' id='word_1_95' title='bbox 997 1352 1023 1414; x_wconf 94' lang='lat' dir='ltr'><strong>si</strong></span> <span class='ocrx_word' id='word_1_96' title='bbox 1037 1350 1217 1434; x_wconf 79' lang='lat' dir='ltr'><strong>diligenter,</strong></span> <span class='ocrx_word' id='word_1_97' title='bbox 1240 1350 1317 1434; x_wconf 92' lang='lat' dir='ltr'><strong>quid</strong></span> <span class='ocrx_word' id='word_1_98' title='bbox 1331 1347 1528 1413; x_wconf 84' lang='lat' dir='ltr'><strong>Mithridates</strong></span> 
     </span>
     <span class='ocr_line' id='line_1_11' title="bbox 213 1441 1565 1526; baseline -0.001 -22"><span class='ocrx_word' id='word_1_99' title='bbox 213 1441 351 1524; x_wconf 90' lang='lat' dir='ltr'><strong>potuerit</strong></span> <span class='ocrx_word' id='word_1_100' title='bbox 372 1451 405 1504; x_wconf 90' lang='lat' dir='ltr'><strong>et</strong></span> <span class='ocrx_word' id='word_1_101' title='bbox 426 1443 503 1526; x_wconf 93' lang='lat' dir='ltr'><strong>quid</strong></span> <span class='ocrx_word' id='word_1_102' title='bbox 525 1444 664 1506; x_wconf 83' lang='lat' dir='ltr'><strong>effecerit</strong></span> <span class='ocrx_word' id='word_1_103' title='bbox 678 1451 710 1506; x_wconf 89' lang='lat' dir='ltr'><strong>ct</strong></span> <span class='ocrx_word' id='word_1_104' title='bbox 725 1445 779 1526; x_wconf 88' lang='lat' dir='ltr'><strong>qui</strong></span> <span class='ocrx_word' id='word_1_105' title='bbox 793 1446 841 1508; x_wconf 87' lang='lat' dir='ltr'><strong>vir</strong></span> <span class='ocrx_word' id='word_1_106' title='bbox 856 1444 966 1520; x_wconf 85' lang='lat' dir='ltr'><strong>luerit,</strong></span> <span class='ocrx_word' id='word_1_107' title='bbox 989 1445 1210 1519; x_wconf 86' lang='lat' dir='ltr'><strong>consideraris,</strong></span> <span class='ocrx_word' id='word_1_108' title='bbox 1233 1445 1375 1508; x_wconf 86' lang='lat' dir='ltr'><strong>omnibus</strong></span> <span class='ocrx_word' id='word_1_109' title='bbox 1389 1442 1565 1526; x_wconf 67' lang='lat' dir='ltr'><strong>regionem</strong></span> 
     </span>
     <span class='ocr_line' id='line_1_12' title="bbox 215 1533 1527 1621; baseline 0 -25"><span class='ocrx_word' id='word_1_110' title='bbox 215 1535 397 1618; x_wconf 84' lang='lat' dir='ltr'><strong>quibuscum</strong></span> <span class='ocrx_word' id='word_1_111' title='bbox 419 1537 555 1621; x_wconf 92' lang='lat' dir='ltr'><strong>populus</strong></span> <span class='ocrx_word' id='word_1_112' title='bbox 570 1538 727 1600; x_wconf 83' lang='lat' dir='ltr'><strong>Romanus</strong></span> <span class='ocrx_word' id='word_1_113' title='bbox 748 1537 865 1602; x_wconf 90' lang='lat' dir='ltr'><strong>bellum</strong></span> <span class='ocrx_word' id='word_1_114' title='bbox 887 1540 997 1620; x_wconf 81' lang='lat' dir='ltr'><strong>gessit,</strong></span> <span class='ocrx_word' id='word_1_115' title='bbox 1021 1538 1104 1600; x_wconf 90' lang='lat' dir='ltr'><strong>bunc</strong></span> <span class='ocrx_word' id='word_1_116' title='bbox 1127 1533 1256 1621; x_wconf 91' lang='lat' dir='ltr'><strong>[regem]</strong></span> <span class='ocrx_word' id='word_1_117' title='bbox 1280 1538 1425 1601; x_wconf 88' lang='lat' dir='ltr'><strong>nimirum</strong></span> <span class='ocrx_word' id='word_1_118' title='bbox 1439 1542 1527 1597; x_wconf 89' lang='lat' dir='ltr'><strong>ante·</strong></span> 
     </span>
     <span class='ocr_line' id='line_1_13' title="bbox 213 1630 1527 1715; baseline 0 -26"><span class='ocrx_word' id='word_1_119' title='bbox 213 1647 327 1710; x_wconf 89' lang='lat' dir='ltr'><strong>pones:</strong></span> <span class='ocrx_word' id='word_1_120' title='bbox 357 1650 450 1713; x_wconf 91' lang='lat' dir='ltr'><strong>quem</strong></span> <span class='ocrx_word' id='word_1_121' title='bbox 472 1630 506 1691; x_wconf 81' lang='lat' dir='ltr'><strong>l..</strong></span> <span class='ocrx_word' id='word_1_122' title='bbox 530 1630 633 1703; x_wconf 89' lang='lat' dir='ltr'><strong>Sulla,</strong></span> <span class='ocrx_word' id='word_1_123' title='bbox 663 1631 799 1693; x_wconf 85' lang='lat' dir='ltr'><strong>maximo</strong></span> <span class='ocrx_word' id='word_1_124' title='bbox 821 1637 852 1694; x_wconf 91' lang='lat' dir='ltr'><strong>et</strong></span> <span class='ocrx_word' id='word_1_125' title='bbox 873 1630 1044 1696; x_wconf 85' lang='lat' dir='ltr'><strong>fortissimo</strong></span> <span class='ocrx_word' id='word_1_126' title='bbox 1067 1633 1223 1708; x_wconf 87' lang='lat' dir='ltr'><strong>exercitu,</strong></span> <span class='ocrx_word' id='word_1_127' title='bbox 1254 1651 1381 1715; x_wconf 84' lang='lat' dir='ltr'><strong>pugnax</strong></span> <span class='ocrx_word' id='word_1_128' title='bbox 1402 1637 1434 1693; x_wconf 92' lang='lat' dir='ltr'><strong>et</strong></span> <span class='ocrx_word' id='word_1_129' title='bbox 1454 1648 1527 1690; x_wconf 90' lang='lat' dir='ltr'><strong>acer</strong></span> 
     </span>
     <span class='ocr_line' id='line_1_14' title="bbox 213 1723 1626 1814; baseline 0.004 -33"><span class='ocrx_word' id='word_1_130' title='bbox 213 1727 244 1782; x_wconf 92' lang='lat' dir='ltr'><strong>et</strong></span> <span class='ocrx_word' id='word_1_131' title='bbox 274 1743 337 1786; x_wconf 94' lang='lat' dir='ltr'><strong>uon</strong></span> <span class='ocrx_word' id='word_1_132' title='bbox 370 1723 457 1787; x_wconf 90' lang='lat' dir='ltr'><strong>rudis</strong></span> <span class='ocrx_word' id='word_1_133' title='bbox 488 1723 671 1814; x_wconf 88' lang='lat' dir='ltr'><strong>imperator,</strong></span> <span class='ocrx_word' id='word_1_134' title='bbox 710 1732 746 1787; x_wconf 96' lang='lat' dir='ltr'><strong>ut</strong></span> <span class='ocrx_word' id='word_1_135' title='bbox 775 1724 859 1788; x_wconf 89' lang='lat' dir='ltr'><strong>aliud</strong></span> <span class='ocrx_word' id='word_1_136' title='bbox 896 1723 975 1788; x_wconf 90' lang='lat' dir='ltr'><strong>nihil</strong></span> <span class='ocrx_word' id='word_1_137' title='bbox 1012 1725 1126 1799; x_wconf 88' lang='lat' dir='ltr'><strong>dicam,</strong></span> <span class='ocrx_word' id='word_1_138' title='bbox 1157 1746 1228 1788; x_wconf 90' lang='lat' dir='ltr'><strong>cum</strong></span> <span class='ocrx_word' id='word_1_139' title='bbox 1254 1726 1339 1790; x_wconf 90' lang='lat' dir='ltr'><strong>bello</strong></span> <span class='ocrx_word' id='word_1_140' title='bbox 1369 1727 1525 1789; x_wconf 85' lang='lat' dir='ltr'><strong>invectum</strong></span> <span class='ocrx_word' id='word_1_141' title='bbox 1622 1724 1626 1732; x_wconf 78' lang='grc'><em>’</em></span> 
     </span>
     <span class='ocr_line' id='line_1_15' title="bbox 213 1807 1526 1909; baseline 0.002 -33"><span class='ocrx_word' id='word_1_142' title='bbox 213 1821 309 1877; x_wconf 91' lang='lat' dir='ltr'><strong>totam</strong></span> <span class='ocrx_word' id='word_1_143' title='bbox 336 1815 368 1878; x_wconf 95' lang='lat' dir='ltr'><strong>in</strong></span> <span class='ocrx_word' id='word_1_144' title='bbox 397 1807 526 1892; x_wconf 69' lang='lat' dir='ltr'><strong>AsiamJ</strong></span> <span class='ocrx_word' id='word_1_145' title='bbox 549 1815 621 1879; x_wconf 90' lang='lat' dir='ltr'><strong>cum</strong></span> <span class='ocrx_word' id='word_1_146' title='bbox 651 1836 728 1898; x_wconf 87' lang='lat' dir='ltr'><strong>pace</strong></span> <span class='ocrx_word' id='word_1_147' title='bbox 757 1817 892 1881; x_wconf 84' lang='lat' dir='ltr'><strong>dimisit:</strong></span> <span class='ocrx_word' id='word_1_148' title='bbox 921 1838 1016 1901; x_wconf 90' lang='lat' dir='ltr'><strong>quem</strong></span> <span class='ocrx_word' id='word_1_149' title='bbox 1036 1819 1071 1881; x_wconf 92' lang='lat' dir='ltr'><strong>L.</strong></span> <span class='ocrx_word' id='word_1_150' title='bbox 1093 1821 1239 1895; x_wconf 91' lang='lat' dir='ltr'><strong>Murena,</strong></span> <span class='ocrx_word' id='word_1_151' title='bbox 1267 1819 1526 1909; x_wconf 22' lang='lat' dir='ltr'><strong>patae-rqbuiusce,</strong></span> 
     </span>
     <span class='ocr_line' id='line_1_16' title="bbox 214 1908 1564 1997; baseline 0.003 -28"><span class='ocrx_word' id='word_1_152' title='bbox 214 1908 485 1973; x_wconf 87' lang='lat' dir='ltr'><strong>vehementissime</strong></span> <span class='ocrx_word' id='word_1_153' title='bbox 510 1910 812 1993; x_wconf 84' lang='lat' dir='ltr'><strong>vigilantissimeque</strong></span> <span class='ocrx_word' id='word_1_154' title='bbox 840 1919 1004 1986; x_wconf 83' lang='lat' dir='ltr'><strong>vexatum,</strong></span> <span class='ocrx_word' id='word_1_155' title='bbox 1030 1932 1204 1997; x_wconf 84' lang='lat' dir='ltr'><strong>repressum</strong></span> <span class='ocrx_word' id='word_1_156' title='bbox 1233 1933 1345 1996; x_wconf 91' lang='lat' dir='ltr'><strong>magna</strong></span> <span class='ocrx_word' id='word_1_157' title='bbox 1366 1935 1406 1977; x_wconf 87' lang='lat' dir='ltr'><strong>err</strong></span> <span class='ocrx_word' id='word_1_158' title='bbox 1429 1919 1564 1995; x_wconf 63' lang='lat' dir='ltr'><strong>portati</strong></span> 
     </span>
     <span class='ocr_line' id='line_1_17' title="bbox 213 2001 1528 2090; baseline 0.003 -27"><span class='ocrx_word' id='word_1_159' title='bbox 213 2021 277 2064; x_wconf 92' lang='lat' dir='ltr'><strong>non</strong></span> <span class='ocrx_word' id='word_1_160' title='bbox 299 2023 482 2087; x_wconf 88' lang='lat' dir='ltr'><strong>oppressum</strong></span> <span class='ocrx_word' id='word_1_161' title='bbox 506 2004 646 2086; x_wconf 89' lang='lat' dir='ltr'><strong>reliquit:</strong></span> <span class='ocrx_word' id='word_1_162' title='bbox 680 2004 735 2087; x_wconf 93' lang='lat' dir='ltr'><strong>qui</strong></span> <span class='ocrx_word' id='word_1_163' title='bbox 764 2024 821 2066; x_wconf 85' lang='lat' dir='ltr'><strong>rex</strong></span> <span class='ocrx_word' id='word_1_164' title='bbox 850 2005 908 2068; x_wconf 92' lang='lat' dir='ltr'><strong>sibi</strong></span> <span class='ocrx_word' id='word_1_165' title='bbox 931 2005 1052 2088; x_wconf 86' lang='lat' dir='ltr'><strong>aliquot</strong></span> <span class='ocrx_word' id='word_1_166' title='bbox 1079 2006 1171 2069; x_wconf 91' lang='lat' dir='ltr'><strong>annis</strong></span> <span class='ocrx_word' id='word_1_167' title='bbox 1200 2008 1333 2090; x_wconf 89' lang='lat' dir='ltr'><strong>sumptis</strong></span> <span class='ocrx_word' id='word_1_168' title='bbox 1355 2006 1393 2070; x_wconf 89' lang='lat' dir='ltr'><strong>ad</strong></span> <span class='ocrx_word' id='word_1_169' title='bbox 1415 2001 1528 2069; x_wconf 89' lang='lat' dir='ltr'><strong>conlir-</strong></span> 
     </span>
     <span class='ocr_line' id='line_1_18' title="bbox 212 2095 1526 2184; baseline 0.003 -26"><span class='ocrx_word' id='word_1_170' title='bbox 212 2095 342 2158; x_wconf 86' lang='lat' dir='ltr'><strong>mandas</strong></span> <span class='ocrx_word' id='word_1_171' title='bbox 373 2097 511 2161; x_wconf 88' lang='lat' dir='ltr'><strong>rationes</strong></span> <span class='ocrx_word' id='word_1_172' title='bbox 541 2106 573 2160; x_wconf 90' lang='lat' dir='ltr'><strong>et</strong></span> <span class='ocrx_word' id='word_1_173' title='bbox 603 2097 708 2179; x_wconf 88' lang='lat' dir='ltr'><strong>copias</strong></span> <span class='ocrx_word' id='word_1_174' title='bbox 735 2097 811 2160; x_wconf 91' lang='lat' dir='ltr'><strong>belli</strong></span> <span class='ocrx_word' id='word_1_175' title='bbox 843 2105 963 2162; x_wconf 92' lang='lat' dir='ltr'><strong>tantum</strong></span> <span class='ocrx_word' id='word_1_176' title='bbox 991 2118 1047 2180; x_wconf 88' lang='lat' dir='ltr'><strong>spe</strong></span> <span class='ocrx_word' id='word_1_177' title='bbox 1078 2108 1255 2184; x_wconf 88' lang='lat' dir='ltr'><strong>conatuque</strong></span> <span class='ocrx_word' id='word_1_178' title='bbox 1282 2101 1398 2175; x_wconf 87' lang='lat' dir='ltr'><strong>valuit,</strong></span> <span class='ocrx_word' id='word_1_179' title='bbox 1430 2106 1465 2162; x_wconf 93' lang='lat' dir='ltr'><strong>ut</strong></span> <span class='ocrx_word' id='word_1_180' title='bbox 1492 2118 1526 2162; x_wconf 88' lang='lat' dir='ltr'><strong>se</strong></span> 
     </span>
     <span class='ocr_line' id='line_1_19' title="bbox 214 2189 1527 2277; baseline 0.002 -24"><span class='ocrx_word' id='word_1_181' title='bbox 214 2190 374 2253; x_wconf 83' lang='lat' dir='ltr'><strong>Oceanum</strong></span> <span class='ocrx_word' id='word_1_182' title='bbox 395 2210 467 2252; x_wconf 89' lang='lat' dir='ltr'><strong>cum</strong></span> <span class='ocrx_word' id='word_1_183' title='bbox 489 2192 605 2265; x_wconf 90' lang='lat' dir='ltr'><strong>Ponto,</strong></span> <span class='ocrx_word' id='word_1_184' title='bbox 639 2189 769 2252; x_wconf 88' lang='lat' dir='ltr'><strong>Sertorii</strong></span> <span class='ocrx_word' id='word_1_185' title='bbox 799 2191 907 2272; x_wconf 90' lang='lat' dir='ltr'><strong>copias</strong></span> <span class='ocrx_word' id='word_1_186' title='bbox 936 2212 1006 2254; x_wconf 90' lang='lat' dir='ltr'><strong>cum</strong></span> <span class='ocrx_word' id='word_1_187' title='bbox 1034 2192 1100 2254; x_wconf 91' lang='lat' dir='ltr'><strong>suis</strong></span> <span class='ocrx_word' id='word_1_188' title='bbox 1128 2195 1366 2258; x_wconf 91' lang='lat' dir='ltr'><strong>coniuncturum</strong></span> <span class='ocrx_word' id='word_1_189' title='bbox 1394 2200 1527 2277; x_wconf 84' lang='lat' dir='ltr'><strong>putaret.</strong></span> 
     </span>
     <span class='ocr_line' id='line_1_20' title="bbox 213 2279 1527 2366; baseline 0.007 -25"><span class='ocrx_word' id='word_1_190' title='bbox 213 2279 264 2344; x_wconf 87' lang='lat'><strong>33.</strong></span> <span class='ocrx_word' id='word_1_191' title='bbox 285 2283 334 2345; x_wconf 77' lang='lat' dir='ltr'><strong>ad</strong></span> <span class='ocrx_word' id='word_1_192' title='bbox 357 2282 444 2366; x_wconf 94' lang='lat' dir='ltr'><strong>quod</strong></span> <span class='ocrx_word' id='word_1_193' title='bbox 465 2283 582 2346; x_wconf 89' lang='lat' dir='ltr'><strong>bellurn</strong></span> <span class='ocrx_word' id='word_1_194' title='bbox 605 2282 727 2346; x_wconf 88' lang='lat' dir='ltr'><strong>duobus</strong></span> <span class='ocrx_word' id='word_1_195' title='bbox 749 2284 931 2347; x_wconf 90' lang='lat' dir='ltr'><strong>consulibus</strong></span> <span class='ocrx_word' id='word_1_196' title='bbox 952 2286 995 2348; x_wconf 91' lang='lat' dir='ltr'><strong>ita</strong></span> <span class='ocrx_word' id='word_1_197' title='bbox 1016 2287 1137 2361; x_wconf 90' lang='lat' dir='ltr'><strong>missis,</strong></span> <span class='ocrx_word' id='word_1_198' title='bbox 1162 2296 1199 2350; x_wconf 92' lang='lat' dir='ltr'><strong>ut</strong></span> <span class='ocrx_word' id='word_1_199' title='bbox 1218 2289 1297 2352; x_wconf 90' lang='lat' dir='ltr'><strong>alter</strong></span> <span class='ocrx_word' id='word_1_200' title='bbox 1317 2287 1527 2352; x_wconf 89' lang='lat' dir='ltr'><strong>Mithridatem</strong></span> 
     </span>
     <span class='ocr_line' id='line_1_21' title="bbox 212 2377 1564 2460; baseline 0.003 -22"><span class='ocrx_word' id='word_1_201' title='bbox 212 2382 471 2460; x_wconf 88' lang='lat' dir='ltr'><strong>persequeretur,</strong></span> <span class='ocrx_word' id='word_1_202' title='bbox 501 2377 580 2439; x_wconf 88' lang='lat' dir='ltr'><strong>alter</strong></span> <span class='ocrx_word' id='word_1_203' title='bbox 607 2377 783 2460; x_wconf 82' lang='lat' dir='ltr'><strong>Bithyniam</strong></span> <span class='ocrx_word' id='word_1_204' title='bbox 812 2386 967 2454; x_wconf 88' lang='lat' dir='ltr'><strong>tueretur,</strong></span> <span class='ocrx_word' id='word_1_205' title='bbox 995 2381 1125 2444; x_wconf 89' lang='lat' dir='ltr'><strong>alterius</strong></span> <span class='ocrx_word' id='word_1_206' title='bbox 1154 2402 1205 2445; x_wconf 88' lang='lat' dir='ltr'><strong>res</strong></span> <span class='ocrx_word' id='word_1_207' title='bbox 1235 2389 1267 2444; x_wconf 88' lang='lat' dir='ltr'><strong>et</strong></span> <span class='ocrx_word' id='word_1_208' title='bbox 1288 2389 1369 2445; x_wconf 89' lang='lat' dir='ltr'><strong>terra</strong></span> <span class='ocrx_word' id='word_1_209' title='bbox 1397 2389 1429 2445; x_wconf 89' lang='lat' dir='ltr'><strong>et</strong></span> <span class='ocrx_word' id='word_1_210' title='bbox 1448 2381 1564 2444; x_wconf 77' lang='lat' dir='ltr'><strong>mutu</strong></span> 
     </span>
     <span class='ocr_line' id='line_1_22' title="bbox 213 2469 1527 2554; baseline 0.005 -24"><span class='ocrx_word' id='word_1_211' title='bbox 213 2469 411 2532; x_wconf 86' lang='lat' dir='ltr'><strong>calamitosae</strong></span> <span class='ocrx_word' id='word_1_212' title='bbox 445 2470 646 2533; x_wconf 89' lang='lat' dir='ltr'><strong>vehementer</strong></span> <span class='ocrx_word' id='word_1_213' title='bbox 675 2478 707 2533; x_wconf 88' lang='lat' dir='ltr'><strong>ct</strong></span> <span class='ocrx_word' id='word_1_214' title='bbox 735 2489 811 2553; x_wconf 90' lang='lat' dir='ltr'><strong>opes</strong></span> <span class='ocrx_word' id='word_1_215' title='bbox 839 2472 922 2554; x_wconf 89' lang='lat' dir='ltr'><strong>regis</strong></span> <span class='ocrx_word' id='word_1_216' title='bbox 946 2481 977 2537; x_wconf 89' lang='lat' dir='ltr'><strong>ct</strong></span> <span class='ocrx_word' id='word_1_217' title='bbox 1002 2494 1118 2537; x_wconf 88' lang='lat' dir='ltr'><strong>nomen</strong></span> <span class='ocrx_word' id='word_1_218' title='bbox 1145 2481 1318 2550; x_wconf 80' lang='lat' dir='ltr'><strong>auxerunt3</strong></span> <span class='ocrx_word' id='word_1_219' title='bbox 1345 2476 1380 2537; x_wconf 93' lang='lat' dir='ltr'><strong>L.</strong></span> <span class='ocrx_word' id='word_1_220' title='bbox 1402 2475 1527 2538; x_wconf 91' lang='lat' dir='ltr'><strong>Luculli</strong></span> 
     </span>
     <span class='ocr_line' id='line_1_23' title="bbox 212 2564 1529 2652; baseline 0.003 -28"><span class='ocrx_word' id='word_1_221' title='bbox 212 2582 287 2624; x_wconf 86' lang='lat' dir='ltr'><strong>vero</strong></span> <span class='ocrx_word' id='word_1_222' title='bbox 309 2583 359 2625; x_wconf 90' lang='lat' dir='ltr'><strong>res</strong></span> <span class='ocrx_word' id='word_1_223' title='bbox 381 2569 487 2625; x_wconf 87' lang='lat' dir='ltr'><strong>tantae</strong></span> <span class='ocrx_word' id='word_1_224' title='bbox 509 2564 711 2636; x_wconf 84' lang='lat' dir='ltr'><strong>exstiterunt,</strong></span> <span class='ocrx_word' id='word_1_225' title='bbox 735 2571 771 2625; x_wconf 95' lang='lat' dir='ltr'><strong>ut</strong></span> <span class='ocrx_word' id='word_1_226' title='bbox 790 2585 895 2648; x_wconf 88' lang='lat' dir='ltr'><strong>neque</strong></span> <span class='ocrx_word' id='word_1_227' title='bbox 917 2568 1019 2630; x_wconf 88' lang='lat' dir='ltr'><strong>maius</strong></span> <span class='ocrx_word' id='word_1_228' title='bbox 1040 2567 1158 2631; x_wconf 89' lang='lat' dir='ltr'><strong>bellurn</strong></span> <span class='ocrx_word' id='word_1_229' title='bbox 1179 2571 1413 2632; x_wconf 89' lang='lat' dir='ltr'><strong>commemorari</strong></span> <span class='ocrx_word' id='word_1_230' title='bbox 1427 2567 1529 2652; x_wconf 87' lang='lat' dir='ltr'><strong>possit</strong></span> 
     </span>
     <span class='ocr_line' id='line_1_24' title="bbox 123 2655 1527 2746; baseline 0.001 -26"><span class='ocrx_word' id='word_1_231' title='bbox 123 2713 125 2720; x_wconf 93' lang='lat'><strong>.</strong></span> <span class='ocrx_word' id='word_1_232' title='bbox 216 2675 319 2738; x_wconf 89' lang='lat' dir='ltr'><strong>neque</strong></span> <span class='ocrx_word' id='word_1_233' title='bbox 342 2655 459 2719; x_wconf 89' lang='lat' dir='ltr'><strong>maiore</strong></span> <span class='ocrx_word' id='word_1_234' title='bbox 482 2656 613 2719; x_wconf 90' lang='lat' dir='ltr'><strong>consilio</strong></span> <span class='ocrx_word' id='word_1_235' title='bbox 635 2665 667 2721; x_wconf 89' lang='lat' dir='ltr'><strong>et</strong></span> <span class='ocrx_word' id='word_1_236' title='bbox 686 2659 800 2720; x_wconf 80' lang='lat' dir='ltr'><strong>virtute</strong></span> <span class='ocrx_word' id='word_1_237' title='bbox 822 2667 953 2742; x_wconf 91' lang='lat' dir='ltr'><strong>gestum.</strong></span> <span class='ocrx_word' id='word_1_238' title='bbox 989 2663 1066 2724; x_wconf 87' lang='lat' dir='ltr'><strong>Nam</strong></span> <span class='ocrx_word' id='word_1_239' title='bbox 1088 2682 1159 2726; x_wconf 92' lang='lat' dir='ltr'><strong>cum</strong></span> <span class='ocrx_word' id='word_1_240' title='bbox 1181 2662 1276 2726; x_wconf 90' lang='lat' dir='ltr'><strong>totius</strong></span> <span class='ocrx_word' id='word_1_241' title='bbox 1297 2663 1431 2746; x_wconf 91' lang='lat' dir='ltr'><strong>impetus</strong></span> <span class='ocrx_word' id='word_1_242' title='bbox 1451 2661 1527 2724; x_wconf 92' lang='lat' dir='ltr'><strong>belli</strong></span> 
     </span>
     <span class='ocr_line' id='line_1_25' title="bbox 212 2749 1527 2838; baseline 0.004 -27"><span class='ocrx_word' id='word_1_243' title='bbox 212 2749 251 2812; x_wconf 91' lang='lat' dir='ltr'><strong>ad</strong></span> <span class='ocrx_word' id='word_1_244' title='bbox 284 2749 511 2832; x_wconf 80' lang='lat' dir='ltr'><strong>Cyzicenorum</strong></span> <span class='ocrx_word' id='word_1_245' title='bbox 546 2752 669 2814; x_wconf 89' lang='lat' dir='ltr'><strong>moenia</strong></span> <span class='ocrx_word' id='word_1_246' title='bbox 701 2755 910 2828; x_wconf 87' lang='lat' dir='ltr'><strong>constitisset,</strong></span> <span class='ocrx_word' id='word_1_247' title='bbox 943 2774 1075 2838; x_wconf 92' lang='lat' dir='ltr'><strong>eamque</strong></span> <span class='ocrx_word' id='word_1_248' title='bbox 1104 2756 1211 2820; x_wconf 88' lang='lat' dir='ltr'><strong>urbem</strong></span> <span class='ocrx_word' id='word_1_249' title='bbox 1245 2756 1305 2820; x_wconf 90' lang='lat' dir='ltr'><strong>sibi</strong></span> <span class='ocrx_word' id='word_1_250' title='bbox 1333 2754 1527 2820; x_wconf 86' lang='lat' dir='ltr'><strong>Mithridates</strong></span> 
     </span>
     <span class='ocr_line' id='line_1_26' title="bbox 211 2842 1565 2934; baseline 0 -28"><span class='ocrx_word' id='word_1_251' title='bbox 211 2843 306 2906; x_wconf 81' lang='lat' dir='ltr'><strong>Asiae</strong></span> <span class='ocrx_word' id='word_1_252' title='bbox 328 2843 453 2907; x_wconf 86' lang='lat' dir='ltr'><strong>ianuam</strong></span> <span class='ocrx_word' id='word_1_253' title='bbox 474 2842 542 2906; x_wconf 81' lang='lat' dir='ltr'><strong>iore</strong></span> <span class='ocrx_word' id='word_1_254' title='bbox 556 2852 715 2926; x_wconf 87' lang='lat' dir='ltr'><strong>putasset,</strong></span> <span class='ocrx_word' id='word_1_255' title='bbox 738 2865 800 2930; x_wconf 88' lang='lat' dir='ltr'><strong>qua</strong></span> <span class='ocrx_word' id='word_1_256' title='bbox 814 2847 940 2911; x_wconf 80' lang='lat' dir='ltr'><strong>effracta</strong></span> <span class='ocrx_word' id='word_1_257' title='bbox 954 2856 985 2912; x_wconf 89' lang='lat' dir='ltr'><strong>et</strong></span> <span class='ocrx_word' id='word_1_258' title='bbox 998 2849 1122 2912; x_wconf 84' lang='lat' dir='ltr'><strong>revulsa</strong></span> <span class='ocrx_word' id='word_1_259' title='bbox 1136 2855 1200 2914; x_wconf 88' lang='lat' dir='ltr'><strong>tota</strong></span> <span class='ocrx_word' id='word_1_260' title='bbox 1216 2857 1337 2934; x_wconf 88' lang='lat' dir='ltr'><strong>pateret</strong></span> <span class='ocrx_word' id='word_1_261' title='bbox 1350 2848 1510 2933; x_wconf 78' lang='lat' dir='ltr'><strong>provincia</strong></span> <span class='ocrx_word' id='word_1_262' title='bbox 1519 2869 1526 2910; x_wconf 76' lang='grc' dir='ltr'><strong>ε</strong></span> <span class='ocrx_word' id='word_1_263' title='bbox 1536 2859 1565 2906; x_wconf 79' lang='lat' dir='ltr'><strong>ao</strong></span> 
     </span>
    </p>
   </div>
   <div class='ocr_carea' id='block_1_3' title="bbox 205 3185 1632 5208">
    <p class='ocr_par' dir='ltr' id='par_1_3' title="bbox 205 3185 1632 5208">
     <span class='ocr_line' id='line_1_27' title="bbox 275 3185 1526 3254; baseline 0.008 -19"><span class='ocrx_word' id='word_1_264' title='bbox 275 3185 300 3236; x_wconf 76' lang='lat'><strong>2.</strong></span> <span class='ocrx_word' id='word_1_265' title='bbox 318 3186 454 3248; x_wconf 75' lang='lat' dir='ltr'><strong>adsumpsit</strong></span> <span class='ocrx_word' id='word_1_266' title='bbox 471 3189 499 3236; x_wconf 88' lang='lat' dir='ltr'><strong>G.</strong></span> <span class='ocrx_word' id='word_1_267' title='bbox 519 3213 546 3222; x_wconf 84' lang='lat'><em>-</em></span> <span class='ocrx_word' id='word_1_268' title='bbox 566 3187 590 3238; x_wconf 86' lang='lat'><strong>3.</strong></span> <span class='ocrx_word' id='word_1_269' title='bbox 609 3201 666 3238; x_wconf 76' lang='lat' dir='ltr'><strong>cren</strong></span> <span class='ocrx_word' id='word_1_270' title='bbox 681 3189 738 3238; x_wconf 77' lang='lat' dir='ltr'><strong>isset</strong></span> <span class='ocrx_word' id='word_1_271' title='bbox 754 3191 788 3240; x_wconf 96' lang='lat' dir='ltr'><strong>M.</strong></span> <span class='ocrx_word' id='word_1_272' title='bbox 801 3218 834 3227; x_wconf 89' lang='lat'>—</span> <span class='ocrx_word' id='word_1_273' title='bbox 851 3196 943 3254; x_wconf 79' lang='lat' dir='ltr'><strong>epornet</strong></span> <span class='ocrx_word' id='word_1_274' title='bbox 959 3191 978 3241; x_wconf 92' lang='lat' dir='ltr'>L</span> <span class='ocrx_word' id='word_1_275' title='bbox 997 3193 1066 3243; x_wconf 89' lang='lat' dir='ltr'><strong>coni.</strong></span> <span class='ocrx_word' id='word_1_276' title='bbox 1081 3218 1108 3226; x_wconf 96' lang='lat'><em>-</em></span> <span class='ocrx_word' id='word_1_277' title='bbox 1127 3191 1151 3244; x_wconf 78' lang='lat' dir='ltr'><strong>i.</strong></span> <span class='ocrx_word' id='word_1_278' title='bbox 1169 3197 1251 3242; x_wconf 82' lang='lat' dir='ltr'><strong>statuo</strong></span> <span class='ocrx_word' id='word_1_279' title='bbox 1267 3194 1304 3246; x_wconf 89' lang='lat' dir='ltr'><strong>M:</strong></span> <span class='ocrx_word' id='word_1_280' title='bbox 1322 3199 1431 3244; x_wconf 82' lang='lat' dir='ltr'><strong>statuam</strong></span> <span class='ocrx_word' id='word_1_281' title='bbox 1448 3193 1526 3246; x_wconf 87' lang='lat' dir='ltr'><strong>codd.</strong></span> 
     </span>
     <span class='ocr_line' id='line_1_28' title="bbox 211 3257 1526 3332; baseline 0.008 -23"><span class='ocrx_word' id='word_1_282' title='bbox 211 3257 284 3318; x_wconf 81' lang='lat' dir='ltr'><strong>rell,</strong></span> <span class='ocrx_word' id='word_1_283' title='bbox 303 3261 381 3311; x_wconf 85' lang='lat' dir='ltr'><strong>ctiam</strong></span> <span class='ocrx_word' id='word_1_284' title='bbox 399 3261 476 3325; x_wconf 84' lang='lat' dir='ltr'><strong>Lagg.</strong></span> <span class='ocrx_word' id='word_1_285' title='bbox 495 3274 597 3314; x_wconf 89' lang='lat' dir='ltr'><strong>omnes.</strong></span> <span class='ocrx_word' id='word_1_286' title='bbox 623 3289 651 3299; x_wconf 94' lang='lat'>-</span> <span class='ocrx_word' id='word_1_287' title='bbox 677 3277 726 3314; x_wconf 81' lang='lat' dir='ltr'><strong>esre</strong></span> <span class='ocrx_word' id='word_1_288' title='bbox 743 3277 795 3315; x_wconf 91' lang='lat' dir='ltr'><strong>om.</strong></span> <span class='ocrx_word' id='word_1_289' title='bbox 815 3267 843 3314; x_wconf 89' lang='lat' dir='ltr'><strong>G.</strong></span> <span class='ocrx_word' id='word_1_290' title='bbox 867 3292 893 3300; x_wconf 87' lang='lat'>-</span> <span class='ocrx_word' id='word_1_291' title='bbox 918 3279 975 3315; x_wconf 88' lang='lat' dir='ltr'><strong>curn</strong></span> <span class='ocrx_word' id='word_1_292' title='bbox 991 3266 1105 3328; x_wconf 74' lang='lat' dir='ltr'><strong>sciptum</strong></span> <span class='ocrx_word' id='word_1_293' title='bbox 1120 3279 1169 3332; x_wconf 89' lang='lat' dir='ltr'><strong>pro</strong></span> <span class='ocrx_word' id='word_1_294' title='bbox 1186 3265 1266 3330; x_wconf 84' lang='lat' dir='ltr'><strong>gloss.</strong></span> <span class='ocrx_word' id='word_1_295' title='bbox 1286 3267 1367 3320; x_wconf 88' lang='lat' dir='ltr'><strong>babet</strong></span> <span class='ocrx_word' id='word_1_296' title='bbox 1383 3269 1526 3330; x_wconf 87' lang='lat' dir='ltr'><strong>Ernestius,</strong></span> 
     </span>
     <span class='ocr_line' id='line_1_29' title="bbox 212 3335 1528 3407; baseline 0.006 -23"><span class='ocrx_word' id='word_1_297' title='bbox 212 3347 274 3385; x_wconf 90' lang='lat' dir='ltr'><strong>cum</strong></span> <span class='ocrx_word' id='word_1_298' title='bbox 292 3337 324 3386; x_wconf 93' lang='lat' dir='ltr'><strong>M.</strong></span> <span class='ocrx_word' id='word_1_299' title='bbox 344 3337 408 3386; x_wconf 84' lang='lat' dir='ltr'><strong>cato</strong></span> <span class='ocrx_word' id='word_1_300' title='bbox 426 3349 488 3386; x_wconf 90' lang='lat' dir='ltr'><strong>cum</strong></span> <span class='ocrx_word' id='word_1_301' title='bbox 505 3335 545 3386; x_wconf 92' lang='lat' dir='ltr'><strong>M&#39;.</strong></span> <span class='ocrx_word' id='word_1_302' title='bbox 559 3336 698 3388; x_wconf 85' lang='lat' dir='ltr'><strong>Glabrione</strong></span> <span class='ocrx_word' id='word_1_303' title='bbox 716 3339 750 3389; x_wconf 91' lang='lat' dir='ltr'><strong>ad</strong></span> <span class='ocrx_word' id='word_1_304' title='bbox 767 3337 829 3388; x_wconf 91' lang='lat' dir='ltr'><strong>illud</strong></span> <span class='ocrx_word' id='word_1_305' title='bbox 846 3338 944 3390; x_wconf 86' lang='lat' dir='ltr'><strong>bellum</strong></span> <span class='ocrx_word' id='word_1_306' title='bbox 962 3339 1096 3403; x_wconf 89' lang='lat' dir='ltr'><strong>proiectus</strong></span> <span class='ocrx_word' id='word_1_307' title='bbox 1113 3341 1147 3390; x_wconf 90' lang='lat' dir='ltr'><strong>sit</strong></span> <span class='ocrx_word' id='word_1_308' title='bbox 1163 3344 1189 3391; x_wconf 89' lang='lat' dir='ltr'><strong>et</strong></span> <span class='ocrx_word' id='word_1_309' title='bbox 1205 3342 1258 3392; x_wconf 90' lang='lat' dir='ltr'><strong>iam</strong></span> <span class='ocrx_word' id='word_1_310' title='bbox 1275 3345 1336 3392; x_wconf 91' lang='lat' dir='ltr'><strong>ante</strong></span> <span class='ocrx_word' id='word_1_311' title='bbox 1352 3355 1432 3406; x_wconf 84' lang='lat' dir='ltr'><strong>quem</strong></span> <span class='ocrx_word' id='word_1_312' title='bbox 1443 3344 1528 3407; x_wconf 88' lang='lat' dir='ltr'><strong>Scipio</strong></span> 
     </span>
     <span class='ocr_line' id='line_1_30' title="bbox 213 3410 1527 3474; baseline 0.006 -14"><span class='ocrx_word' id='word_1_313' title='bbox 213 3425 245 3460; x_wconf 85' lang='lat' dir='ltr'><strong>ex</strong></span> <span class='ocrx_word' id='word_1_314' title='bbox 256 3412 316 3461; x_wconf 78' lang='lat' dir='ltr'><strong>Asia</strong></span> <span class='ocrx_word' id='word_1_315' title='bbox 333 3410 493 3462; x_wconf 84' lang='lat' dir='ltr'><strong>decessisset</strong></span> <span class='ocrx_word' id='word_1_316' title='bbox 510 3413 571 3474; x_wconf 85' lang='lat' dir='ltr'><strong>(Liv.</strong></span> <span class='ocrx_word' id='word_1_317' title='bbox 584 3414 705 3464; x_wconf 80' lang='lat' dir='ltr'><strong>XXXVM.</strong></span> <span class='ocrx_word' id='word_1_318' title='bbox 718 3412 758 3474; x_wconf 75' lang='lat' dir='ltr'><strong>tt)</strong></span> <span class='ocrx_word' id='word_1_319' title='bbox 775 3417 886 3465; x_wconf 82' lang='lat' dir='ltr'><strong>Romam</strong></span> <span class='ocrx_word' id='word_1_320' title='bbox 902 3415 1019 3466; x_wconf 85' lang='lat' dir='ltr'><strong>redierit.</strong></span> <span class='ocrx_word' id='word_1_321' title='bbox 1039 3417 1135 3467; x_wconf 84' lang='lat' dir='ltr'><strong>Contra</strong></span> <span class='ocrx_word' id='word_1_322' title='bbox 1152 3415 1265 3467; x_wconf 85' lang='lat' dir='ltr'><strong>Klotzius</strong></span> <span class='ocrx_word' id='word_1_323' title='bbox 1282 3419 1308 3468; x_wconf 96' lang='lat' dir='ltr'><strong>in</strong></span> <span class='ocrx_word' id='word_1_324' title='bbox 1326 3417 1369 3469; x_wconf 87' lang='lat' dir='ltr'><strong>ed.</strong></span> <span class='ocrx_word' id='word_1_325' title='bbox 1387 3419 1412 3470; x_wconf 71' lang='grc' dir='ltr'>ι.</span> <span class='ocrx_word' id='word_1_326' title='bbox 1431 3432 1463 3470; x_wconf 83' lang='lat' dir='ltr'><strong>er</strong></span> <span class='ocrx_word' id='word_1_327' title='bbox 1480 3432 1527 3470; x_wconf 89' lang='lat' dir='ltr'><strong>sua</strong></span> 
     </span>
     <span class='ocr_line' id='line_1_31' title="bbox 213 3485 1530 3556; baseline 0.007 -22"><span class='ocrx_word' id='word_1_328' title='bbox 213 3485 281 3536; x_wconf 87' lang='lat' dir='ltr'><strong>coni.</strong></span> <span class='ocrx_word' id='word_1_329' title='bbox 299 3497 356 3534; x_wconf 74' lang='lat' dir='ltr'><strong>cen</strong></span> <span class='ocrx_word' id='word_1_330' title='bbox 372 3485 505 3536; x_wconf 70' lang='lat' dir='ltr'><strong>Glabrione</strong></span> <span class='ocrx_word' id='word_1_331' title='bbox 522 3488 634 3551; x_wconf 88' lang='lat' dir='ltr'><strong>scripsit.</strong></span> <span class='ocrx_word' id='word_1_332' title='bbox 659 3487 732 3540; x_wconf 82' lang='lat' dir='ltr'><strong>Falso</strong></span> <span class='ocrx_word' id='word_1_333' title='bbox 748 3489 868 3540; x_wconf 88' lang='lat' dir='ltr'><strong>Moebius</strong></span> <span class='ocrx_word' id='word_1_334' title='bbox 884 3504 941 3540; x_wconf 86' lang='lat' dir='ltr'><strong>cum</strong></span> <span class='ocrx_word' id='word_1_335' title='bbox 957 3489 1071 3552; x_wconf 77' lang='lat' dir='ltr'><strong>Scipione</strong></span> <span class='ocrx_word' id='word_1_336' title='bbox 1088 3490 1160 3541; x_wconf 91' lang='lat' dir='ltr'><strong>idem</strong></span> <span class='ocrx_word' id='word_1_337' title='bbox 1177 3504 1237 3542; x_wconf 86' lang='lat' dir='ltr'><strong>esse</strong></span> <span class='ocrx_word' id='word_1_338' title='bbox 1256 3491 1327 3555; x_wconf 89' lang='lat' dir='ltr'><strong>quod</strong></span> <span class='ocrx_word' id='word_1_339' title='bbox 1340 3493 1439 3556; x_wconf 87' lang='lat' dir='ltr'><strong>pariter</strong></span> <span class='ocrx_word' id='word_1_340' title='bbox 1455 3499 1530 3556; x_wconf 83' lang='lat' dir='ltr'><strong>atque</strong></span> 
     </span>
     <span class='ocr_line' id='line_1_32' title="bbox 213 3560 1529 3633; baseline 0.01 -26"><span class='ocrx_word' id='word_1_341' title='bbox 213 3560 295 3622; x_wconf 85' lang='lat' dir='ltr'><strong>Scipio</strong></span> <span class='ocrx_word' id='word_1_342' title='bbox 312 3561 458 3620; x_wconf 85' lang='lat' dir='ltr'><strong>contendit;</strong></span> <span class='ocrx_word' id='word_1_343' title='bbox 477 3563 564 3626; x_wconf 88' lang='lat' dir='ltr'><strong>potius</strong></span> <span class='ocrx_word' id='word_1_344' title='bbox 580 3563 602 3614; x_wconf 90' lang='lat' dir='ltr'><strong>si</strong></span> <span class='ocrx_word' id='word_1_345' title='bbox 619 3576 682 3612; x_wconf 85' lang='lat' dir='ltr'><strong>vera</strong></span> <span class='ocrx_word' id='word_1_346' title='bbox 701 3563 735 3614; x_wconf 86' lang='lat' dir='ltr'><strong>sit</strong></span> <span class='ocrx_word' id='word_1_347' title='bbox 750 3562 828 3614; x_wconf 89' lang='lat' dir='ltr'><strong>lectio</strong></span> <span class='ocrx_word' id='word_1_348' title='bbox 845 3564 986 3626; x_wconf 88' lang='lat' dir='ltr'><strong>librorum,</strong></span> <span class='ocrx_word' id='word_1_349' title='bbox 1006 3579 1080 3615; x_wconf 90' lang='lat' dir='ltr'><strong>error</strong></span> <span class='ocrx_word' id='word_1_350' title='bbox 1096 3566 1236 3618; x_wconf 90' lang='lat' dir='ltr'><strong>historicus</strong></span> <span class='ocrx_word' id='word_1_351' title='bbox 1253 3568 1350 3618; x_wconf 88' lang='lat' dir='ltr'><strong>oratori</strong></span> <span class='ocrx_word' id='word_1_352' title='bbox 1360 3568 1529 3633; x_wconf 88' lang='lat' dir='ltr'><strong>imputandus</strong></span> 
     </span>
     <span class='ocr_line' id='line_1_33' title="bbox 213 3636 1529 3708; baseline 0.006 -22"><span class='ocrx_word' id='word_1_353' title='bbox 213 3639 261 3686; x_wconf 89' lang='lat' dir='ltr'><strong>est.</strong></span> <span class='ocrx_word' id='word_1_354' title='bbox 283 3663 307 3673; x_wconf 98' lang='lat'>-</span> <span class='ocrx_word' id='word_1_355' title='bbox 328 3636 352 3687; x_wconf 78' lang='grc'><strong>5.</strong></span> <span class='ocrx_word' id='word_1_356' title='bbox 367 3637 507 3700; x_wconf 71' lang='lat' dir='ltr'><strong>profemum</strong></span> <span class='ocrx_word' id='word_1_357' title='bbox 522 3651 580 3688; x_wconf 84' lang='lat' dir='ltr'><strong>eum</strong></span> <span class='ocrx_word' id='word_1_358' title='bbox 597 3639 658 3701; x_wconf 81' lang='lat' dir='ltr'><strong>(om.</strong></span> <span class='ocrx_word' id='word_1_359' title='bbox 677 3638 708 3702; x_wconf 80' lang='lat' dir='ltr'><strong>ri)</strong></span> <span class='ocrx_word' id='word_1_360' title='bbox 726 3640 755 3690; x_wconf 87' lang='lat' dir='ltr'><strong>G.</strong></span> <span class='ocrx_word' id='word_1_361' title='bbox 773 3667 806 3676; x_wconf 89' lang='lat'>—</span> <span class='ocrx_word' id='word_1_362' title='bbox 823 3639 962 3691; x_wconf 72' lang='lat' dir='ltr'><strong>tutandum</strong></span> <span class='ocrx_word' id='word_1_363' title='bbox 979 3641 1072 3692; x_wconf 81' lang='lat' dir='ltr'><strong>codd:</strong></span> <span class='ocrx_word' id='word_1_364' title='bbox 1091 3641 1230 3692; x_wconf 70' lang='lat' dir='ltr'><strong>bellismum</strong></span> <span class='ocrx_word' id='word_1_365' title='bbox 1246 3655 1295 3694; x_wconf 77' lang='lat' dir='ltr'><strong>erae</strong></span> <span class='ocrx_word' id='word_1_366' title='bbox 1311 3643 1367 3694; x_wconf 88' lang='lat' dir='ltr'><strong>LO.</strong></span> <span class='ocrx_word' id='word_1_367' title='bbox 1388 3669 1416 3679; x_wconf 87' lang='lat'>-</span> <span class='ocrx_word' id='word_1_368' title='bbox 1435 3646 1459 3695; x_wconf 89' lang='grc'><strong>6.</strong></span> <span class='ocrx_word' id='word_1_369' title='bbox 1475 3645 1529 3708; x_wconf 80' lang='lat' dir='ltr'><strong>ipso</strong></span> 
     </span>
     <span class='ocr_line' id='line_1_34' title="bbox 212 3713 1526 3784; baseline 0.008 -23"><span class='ocrx_word' id='word_1_370' title='bbox 212 3715 233 3762; x_wconf 94' lang='lat' dir='ltr'><strong>G</strong></span> <span class='ocrx_word' id='word_1_371' title='bbox 241 3727 269 3772; x_wconf 84' lang='grc' dir='ltr'><strong>χ.</strong></span> <span class='ocrx_word' id='word_1_372' title='bbox 289 3738 319 3749; x_wconf 95' lang='grc'><strong>-</strong></span> <span class='ocrx_word' id='word_1_373' title='bbox 336 3713 361 3762; x_wconf 81' lang='grc' dir='ltr'>ι.</span> <span class='ocrx_word' id='word_1_374' title='bbox 380 3713 525 3778; x_wconf 76' lang='lat' dir='ltr'><strong>carthagine</strong></span> <span class='ocrx_word' id='word_1_375' title='bbox 541 3715 609 3776; x_wconf 83' lang='lat' dir='ltr'><strong>EM,</strong></span> <span class='ocrx_word' id='word_1_376' title='bbox 628 3716 758 3779; x_wconf 77' lang='lat' dir='ltr'><strong>cartagine</strong></span> <span class='ocrx_word' id='word_1_377' title='bbox 774 3719 803 3767; x_wconf 92' lang='lat' dir='ltr'><strong>G.</strong></span> <span class='ocrx_word' id='word_1_378' title='bbox 823 3744 850 3752; x_wconf 97' lang='lat'><em>-</em></span> <span class='ocrx_word' id='word_1_379' title='bbox 870 3719 894 3768; x_wconf 88' lang='lat'><strong>8.</strong></span> <span class='ocrx_word' id='word_1_380' title='bbox 913 3717 1062 3770; x_wconf 72' lang='lat' dir='ltr'><strong>bberaoumt</strong></span> <span class='ocrx_word' id='word_1_381' title='bbox 1077 3719 1107 3770; x_wconf 84' lang='lat' dir='ltr'><strong>E.</strong></span> <span class='ocrx_word' id='word_1_382' title='bbox 1122 3746 1149 3755; x_wconf 94' lang='lat'><em>-</em></span> <span class='ocrx_word' id='word_1_383' title='bbox 1170 3720 1209 3771; x_wconf 84' lang='lat' dir='ltr'><strong>to.</strong></span> <span class='ocrx_word' id='word_1_384' title='bbox 1228 3725 1251 3770; x_wconf 89' lang='lat' dir='ltr'><strong>el</strong></span> <span class='ocrx_word' id='word_1_385' title='bbox 1267 3721 1327 3782; x_wconf 79' lang='lat' dir='ltr'><strong>puta</strong></span> <span class='ocrx_word' id='word_1_386' title='bbox 1342 3721 1419 3784; x_wconf 78' lang='lat' dir='ltr'><strong>aperit</strong></span> <span class='ocrx_word' id='word_1_387' title='bbox 1434 3721 1526 3772; x_wconf 86' lang='lat' dir='ltr'><strong>Frauc.</strong></span> 
     </span>
     <span class='ocr_line' id='line_1_35' title="bbox 215 3787 1526 3859; baseline 0.008 -24"><span class='ocrx_word' id='word_1_388' title='bbox 215 3815 241 3824; x_wconf 84' lang='lat'><strong>-</strong></span> <span class='ocrx_word' id='word_1_389' title='bbox 253 3787 351 3852; x_wconf 80' lang='lat' dir='ltr'><strong>repibns</strong></span> <span class='ocrx_word' id='word_1_390' title='bbox 367 3787 510 3850; x_wconf 81' lang='lat' dir='ltr'><strong>quibuscum</strong></span> <span class='ocrx_word' id='word_1_391' title='bbox 527 3791 592 3849; x_wconf 91' lang='lat' dir='ltr'><strong>Mv,</strong></span> <span class='ocrx_word' id='word_1_392' title='bbox 610 3789 626 3840; x_wconf 77' lang='lat' dir='ltr'><strong>l</strong></span> <span class='ocrx_word' id='word_1_393' title='bbox 643 3791 735 3854; x_wconf 72' lang='lat' dir='ltr'><strong>Lugg:</strong></span> <span class='ocrx_word' id='word_1_394' title='bbox 754 3793 841 3852; x_wconf 78' lang='lat' dir='ltr'><strong>quibus</strong></span> <span class='ocrx_word' id='word_1_395' title='bbox 856 3792 956 3856; x_wconf 76' lang='lat' dir='ltr'><strong>rupibus</strong></span> <span class='ocrx_word' id='word_1_396' title='bbox 971 3807 1028 3844; x_wconf 81' lang='lat' dir='ltr'><strong>cren</strong></span> <span class='ocrx_word' id='word_1_397' title='bbox 1044 3796 1079 3855; x_wconf 89' lang='lat' dir='ltr'><strong>G,</strong></span> <span class='ocrx_word' id='word_1_398' title='bbox 1099 3794 1242 3856; x_wconf 71' lang='lat' dir='ltr'><strong>naumann</strong></span> <span class='ocrx_word' id='word_1_399' title='bbox 1257 3794 1356 3859; x_wconf 77' lang='lat' dir='ltr'><strong>repibtu</strong></span> <span class='ocrx_word' id='word_1_400' title='bbox 1371 3795 1419 3854; x_wconf 83' lang='lat' dir='ltr'><strong>Ex</strong></span> <span class='ocrx_word' id='word_1_401' title='bbox 1431 3795 1459 3845; x_wconf 88' lang='lat' dir='ltr'><strong>el</strong></span> <span class='ocrx_word' id='word_1_402' title='bbox 1469 3793 1526 3846; x_wconf 90' lang='lat' dir='ltr'><strong>rell.</strong></span> 
     </span>
     <span class='ocr_line' id='line_1_36' title="bbox 211 3864 1530 3933; baseline 0.006 -20"><span class='ocrx_word' id='word_1_403' title='bbox 211 3864 289 3927; x_wconf 83' lang='lat' dir='ltr'><strong>Lagg.</strong></span> <span class='ocrx_word' id='word_1_404' title='bbox 307 3891 340 3902; x_wconf 86' lang='lat'><em>-</em></span> <span class='ocrx_word' id='word_1_405' title='bbox 362 3865 402 3915; x_wconf 91' lang='lat' dir='ltr'><strong>tt.</strong></span> <span class='ocrx_word' id='word_1_406' title='bbox 420 3877 503 3928; x_wconf 78' lang='lat' dir='ltr'><strong>repent</strong></span> <span class='ocrx_word' id='word_1_407' title='bbox 520 3878 573 3916; x_wconf 88' lang='lat' dir='ltr'><strong>om.</strong></span> <span class='ocrx_word' id='word_1_408' title='bbox 592 3867 621 3916; x_wconf 88' lang='lat' dir='ltr'><strong>G.</strong></span> <span class='ocrx_word' id='word_1_409' title='bbox 639 3893 672 3904; x_wconf 86' lang='lat'><em>-</em></span> <span class='ocrx_word' id='word_1_410' title='bbox 694 3867 799 3918; x_wconf 84' lang='lat' dir='ltr'><strong>nimiam</strong></span> <span class='ocrx_word' id='word_1_411' title='bbox 815 3867 847 3927; x_wconf 83' lang='lat' dir='ltr'><strong>T,</strong></span> <span class='ocrx_word' id='word_1_412' title='bbox 872 3869 901 3917; x_wconf 93' lang='lat' dir='ltr'><strong>ut</strong></span> <span class='ocrx_word' id='word_1_413' title='bbox 917 3865 1023 3918; x_wconf 87' lang='lat' dir='ltr'><strong>volebat</strong></span> <span class='ocrx_word' id='word_1_414' title='bbox 1040 3865 1201 3920; x_wconf 89' lang='lat' dir='ltr'><strong>Gulielmius.</strong></span> <span class='ocrx_word' id='word_1_415' title='bbox 1227 3895 1254 3906; x_wconf 92' lang='lat'><em>-</em></span> <span class='ocrx_word' id='word_1_416' title='bbox 1278 3871 1317 3920; x_wconf 80' lang='lat' dir='ltr'><strong>ta.</strong></span> <span class='ocrx_word' id='word_1_417' title='bbox 1335 3871 1393 3930; x_wconf 83' lang='lat' dir='ltr'><strong>ailla</strong></span> <span class='ocrx_word' id='word_1_418' title='bbox 1409 3873 1443 3930; x_wconf 84' lang='lat' dir='ltr'><strong>G,</strong></span> <span class='ocrx_word' id='word_1_419' title='bbox 1465 3871 1530 3933; x_wconf 78' lang='lat' dir='ltr'><strong>epla</strong></span> 
     </span>
     <span class='ocr_line' id='line_1_37' title="bbox 211 3939 1632 4010; baseline 0.007 -21"><span class='ocrx_word' id='word_1_420' title='bbox 211 3939 300 3991; x_wconf 82' lang='lat' dir='ltr'><strong>EMv.</strong></span> <span class='ocrx_word' id='word_1_421' title='bbox 322 3967 355 3977; x_wconf 86' lang='lat'>-</span> <span class='ocrx_word' id='word_1_422' title='bbox 378 3945 452 4002; x_wconf 73' lang='lat' dir='ltr'><strong>atqie</strong></span> <span class='ocrx_word' id='word_1_423' title='bbox 472 3939 532 4002; x_wconf 76' lang='lat' dir='ltr'><strong>sort.</strong></span> <span class='ocrx_word' id='word_1_424' title='bbox 551 3943 581 3992; x_wconf 89' lang='lat' dir='ltr'><strong>G.</strong></span> <span class='ocrx_word' id='word_1_425' title='bbox 604 3967 631 3978; x_wconf 86' lang='lat'><em>—</em></span> <span class='ocrx_word' id='word_1_426' title='bbox 651 3954 760 4004; x_wconf 78' lang='lat' dir='ltr'><strong>pnpnac</strong></span> <span class='ocrx_word' id='word_1_427' title='bbox 780 3946 803 3992; x_wconf 89' lang='lat' dir='ltr'><strong>et</strong></span> <span class='ocrx_word' id='word_1_428' title='bbox 819 3955 878 3992; x_wconf 86' lang='lat' dir='ltr'><strong>acer</strong></span> <span class='ocrx_word' id='word_1_429' title='bbox 895 3947 917 3992; x_wconf 88' lang='lat' dir='ltr'><strong>et</strong></span> <span class='ocrx_word' id='word_1_430' title='bbox 933 3941 1091 3994; x_wconf 88' lang='lat' dir='ltr'><strong>Niebuhrius</strong></span> <span class='ocrx_word' id='word_1_431' title='bbox 1118 3943 1162 4006; x_wconf 88' lang='lat' dir='ltr'><strong>(ct.</strong></span> <span class='ocrx_word' id='word_1_432' title='bbox 1183 3943 1216 3994; x_wconf 88' lang='lat' dir='ltr'><strong>de</strong></span> <span class='ocrx_word' id='word_1_433' title='bbox 1233 3945 1298 4009; x_wconf 85' lang='lat' dir='ltr'><strong>ltep.</strong></span> <span class='ocrx_word' id='word_1_434' title='bbox 1316 3945 1409 4010; x_wconf 81' lang='lat' dir='ltr'><strong>lregm.</strong></span> <span class='ocrx_word' id='word_1_435' title='bbox 1428 3945 1473 3998; x_wconf 92' lang='lat' dir='ltr'><strong>lib.</strong></span> <span class='ocrx_word' id='word_1_436' title='bbox 1491 3947 1526 3998; x_wconf 85' lang='lat' dir='ltr'><strong>V:</strong></span> <span class='ocrx_word' id='word_1_437' title='bbox 1629 3959 1632 3966; x_wconf 57' lang='lat'>¹</span> 
     </span>
     <span class='ocr_line' id='line_1_38' title="bbox 210 4014 1537 4084; baseline 0.007 -20"><span class='ocrx_word' id='word_1_438' title='bbox 210 4014 343 4065; x_wconf 77' lang='lat' dir='ltr'><strong>Marcellae</strong></span> <span class='ocrx_word' id='word_1_439' title='bbox 362 4019 391 4065; x_wconf 85' lang='lat' dir='ltr'><strong>ut</strong></span> <span class='ocrx_word' id='word_1_440' title='bbox 410 4027 469 4065; x_wconf 86' lang='lat' dir='ltr'><strong>acer</strong></span> <span class='ocrx_word' id='word_1_441' title='bbox 488 4019 512 4065; x_wconf 89' lang='lat' dir='ltr'><strong>et</strong></span> <span class='ocrx_word' id='word_1_442' title='bbox 530 4028 649 4079; x_wconf 68' lang='lat' dir='ltr'><strong>pupuase,</strong></span> <span class='ocrx_word' id='word_1_443' title='bbox 671 4017 800 4067; x_wconf 78' lang='lat' dir='ltr'><strong>Marinus</strong></span> <span class='ocrx_word' id='word_1_444' title='bbox 821 4021 849 4066; x_wconf 89' lang='lat' dir='ltr'><strong>at</strong></span> <span class='ocrx_word' id='word_1_445' title='bbox 870 4017 1038 4068; x_wconf 73' lang='lat' dir='ltr'><strong>enuideratm</strong></span> <span class='ocrx_word' id='word_1_446' title='bbox 1059 4023 1082 4068; x_wconf 89' lang='lat' dir='ltr'><strong>el</strong></span> <span class='ocrx_word' id='word_1_447' title='bbox 1101 4017 1203 4083; x_wconf 74' lang='lat' dir='ltr'><strong>buturi:</strong></span> <span class='ocrx_word' id='word_1_448' title='bbox 1224 4032 1313 4083; x_wconf 79' lang='lat' dir='ltr'><strong>pugna</strong></span> <span class='ocrx_word' id='word_1_449' title='bbox 1333 4027 1471 4072; x_wconf 71' lang='lat' dir='ltr'><strong>ecemcuet</strong></span> <span class='ocrx_word' id='word_1_450' title='bbox 1492 4024 1537 4084; x_wconf 85' lang='lat' dir='ltr'><strong>M,-</strong></span> 
     </span>
     <span class='ocr_line' id='line_1_39' title="bbox 211 4089 1528 4161; baseline 0.006 -22"><span class='ocrx_word' id='word_1_451' title='bbox 211 4091 268 4140; x_wconf 84' lang='lat' dir='ltr'><strong>Par.</strong></span> <span class='ocrx_word' id='word_1_452' title='bbox 288 4089 316 4151; x_wconf 84' lang='lat' dir='ltr'><strong>l,</strong></span> <span class='ocrx_word' id='word_1_453' title='bbox 335 4091 371 4140; x_wconf 87' lang='lat' dir='ltr'><strong>st.</strong></span> <span class='ocrx_word' id='word_1_454' title='bbox 390 4090 472 4151; x_wconf 85' lang='lat' dir='ltr'><strong>Vict.;</strong></span> <span class='ocrx_word' id='word_1_455' title='bbox 493 4103 582 4155; x_wconf 83' lang='lat' dir='ltr'><strong>pugna</strong></span> <span class='ocrx_word' id='word_1_456' title='bbox 597 4097 744 4142; x_wconf 68' lang='lat' dir='ltr'><strong>eaacmaret</strong></span> <span class='ocrx_word' id='word_1_457' title='bbox 760 4092 815 4152; x_wconf 84' lang='grc' dir='ltr'><strong>Εψ</strong></span> <span class='ocrx_word' id='word_1_458' title='bbox 833 4093 860 4142; x_wconf 90' lang='lat' dir='ltr'><strong>et</strong></span> <span class='ocrx_word' id='word_1_459' title='bbox 876 4090 892 4141; x_wconf 88' lang='lat' dir='ltr'><strong>l</strong></span> <span class='ocrx_word' id='word_1_460' title='bbox 908 4093 1001 4156; x_wconf 66' lang='lat' dir='ltr'><strong>biti-s</strong></span> <span class='ocrx_word' id='word_1_461' title='bbox 1023 4093 1144 4153; x_wconf 67' lang='lat' dir='ltr'><strong>trare,</strong></span> <span class='ocrx_word' id='word_1_462' title='bbox 1163 4092 1222 4144; x_wconf 88' lang='lat' dir='ltr'><strong>eod.</strong></span> <span class='ocrx_word' id='word_1_463' title='bbox 1240 4094 1323 4147; x_wconf 89' lang='lat' dir='ltr'><strong>Velio.</strong></span> <span class='ocrx_word' id='word_1_464' title='bbox 1342 4094 1420 4157; x_wconf 73' lang='lat' dir='ltr'><strong>tat23</strong></span> <span class='ocrx_word' id='word_1_465' title='bbox 1440 4111 1528 4161; x_wconf 77' lang='lat' dir='ltr'><strong>pagna</strong></span> 
     </span>
     <span class='ocr_line' id='line_1_40' title="bbox 210 4165 1530 4231; baseline 0.006 -17"><span class='ocrx_word' id='word_1_466' title='bbox 210 4169 352 4214; x_wconf 80' lang='lat' dir='ltr'><strong>cancelarrt</strong></span> <span class='ocrx_word' id='word_1_467' title='bbox 368 4165 429 4220; x_wconf 86' lang='lat' dir='ltr'><strong>CS;</strong></span> <span class='ocrx_word' id='word_1_468' title='bbox 452 4179 541 4228; x_wconf 79' lang='lat' dir='ltr'><strong>pupnc</strong></span> <span class='ocrx_word' id='word_1_469' title='bbox 556 4171 621 4216; x_wconf 87' lang='lat' dir='ltr'><strong>certe</strong></span> <span class='ocrx_word' id='word_1_470' title='bbox 637 4167 698 4228; x_wconf 81' lang='lat' dir='ltr'><strong>Lag.</strong></span> <span class='ocrx_word' id='word_1_471' title='bbox 717 4165 748 4227; x_wconf 82' lang='lat' dir='ltr'><strong>a;</strong></span> <span class='ocrx_word' id='word_1_472' title='bbox 771 4166 850 4217; x_wconf 90' lang='lat' dir='ltr'><strong>codd.</strong></span> <span class='ocrx_word' id='word_1_473' title='bbox 869 4165 966 4229; x_wconf 84' lang='lat' dir='ltr'><strong>reliqui·</strong></span> <span class='ocrx_word' id='word_1_474' title='bbox 979 4165 1092 4217; x_wconf 89' lang='lat' dir='ltr'><strong>habent:</strong></span> <span class='ocrx_word' id='word_1_475' title='bbox 1115 4180 1203 4231; x_wconf 78' lang='lat' dir='ltr'><strong>pugna</strong></span> <span class='ocrx_word' id='word_1_476' title='bbox 1218 4168 1396 4221; x_wconf 69' lang='lat' dir='ltr'><strong>maturaret</strong></span> <span class='ocrx_word' id='word_1_477' title='bbox 1412 4172 1530 4222; x_wconf 64' lang='lat' dir='ltr'><strong>meimet</strong></span> 
     </span>
     <span class='ocr_line' id='line_1_41' title="bbox 211 4239 1529 4303; baseline 0.008 -15"><span class='ocrx_word' id='word_1_478' title='bbox 211 4239 252 4288; x_wconf 87' lang='lat' dir='ltr'><strong>vel</strong></span> <span class='ocrx_word' id='word_1_479' title='bbox 269 4240 431 4301; x_wconf 57' lang='lat' dir='ltr'><strong>commem</strong></span> <span class='ocrx_word' id='word_1_480' title='bbox 451 4253 538 4303; x_wconf 82' lang='lat' dir='ltr'><strong>puprra</strong></span> <span class='ocrx_word' id='word_1_481' title='bbox 554 4241 691 4291; x_wconf 67' lang='lat' dir='ltr'><strong>mutaturi</strong></span> <span class='ocrx_word' id='word_1_482' title='bbox 707 4242 755 4291; x_wconf 89' lang='lat' dir='ltr'><strong>LO</strong></span> <span class='ocrx_word' id='word_1_483' title='bbox 772 4253 834 4290; x_wconf 89' lang='lat' dir='ltr'><strong>cum</strong></span> <span class='ocrx_word' id='word_1_484' title='bbox 850 4239 904 4291; x_wconf 88' lang='lat' dir='ltr'><strong>Pal.</strong></span> <span class='ocrx_word' id='word_1_485' title='bbox 924 4242 934 4291; x_wconf 91' lang='lat' dir='ltr'><strong>t</strong></span> <span class='ocrx_word' id='word_1_486' title='bbox 956 4244 983 4291; x_wconf 91' lang='lat' dir='ltr'><strong>et</strong></span> <span class='ocrx_word' id='word_1_487' title='bbox 999 4244 1056 4292; x_wconf 88' lang='lat' dir='ltr'><strong>Par.</strong></span> <span class='ocrx_word' id='word_1_488' title='bbox 1076 4241 1100 4292; x_wconf 81' lang='grc'><strong>7.</strong></span> <span class='ocrx_word' id='word_1_489' title='bbox 1121 4267 1147 4277; x_wconf 93' lang='grc'>-</span> <span class='ocrx_word' id='word_1_490' title='bbox 1173 4242 1213 4292; x_wconf 82' lang='grc'><strong>43.</strong></span> <span class='ocrx_word' id='word_1_491' title='bbox 1230 4257 1288 4294; x_wconf 86' lang='lat' dir='ltr'><strong>cum</strong></span> <span class='ocrx_word' id='word_1_492' title='bbox 1303 4245 1391 4298; x_wconf 76' lang='grc' dir='ltr'>ιοιιιιηι</span> <span class='ocrx_word' id='word_1_493' title='bbox 1406 4247 1529 4298; x_wconf 78' lang='lat' dir='ltr'><strong>invectam</strong></span> 
     </span>
     <span class='ocr_line' id='line_1_42' title="bbox 210 4313 1526 4383; baseline 0.009 -21"><span class='ocrx_word' id='word_1_494' title='bbox 210 4317 289 4362; x_wconf 84' lang='lat' dir='ltr'><strong>lotam</strong></span> <span class='ocrx_word' id='word_1_495' title='bbox 299 4313 415 4376; x_wconf 88' lang='lat' dir='ltr'><strong>codices,</strong></span> <span class='ocrx_word' id='word_1_496' title='bbox 428 4315 477 4367; x_wconf 88' lang='lat' dir='ltr'><strong>nisi</strong></span> <span class='ocrx_word' id='word_1_497' title='bbox 493 4315 565 4380; x_wconf 88' lang='lat' dir='ltr'><strong>quod</strong></span> <span class='ocrx_word' id='word_1_498' title='bbox 582 4315 597 4368; x_wconf 81' lang='grc' dir='ltr'>ι</span> <span class='ocrx_word' id='word_1_499' title='bbox 615 4317 713 4369; x_wconf 87' lang='lat' dir='ltr'><strong>Oronn.</strong></span> <span class='ocrx_word' id='word_1_500' title='bbox 733 4315 793 4367; x_wconf 85' lang='lat' dir='ltr'><strong>belle</strong></span> <span class='ocrx_word' id='word_1_501' title='bbox 809 4315 910 4367; x_wconf 88' lang='lat' dir='ltr'><strong>habere</strong></span> <span class='ocrx_word' id='word_1_502' title='bbox 927 4317 1062 4376; x_wconf 89' lang='lat' dir='ltr'><strong>dicuntur;</strong></span> <span class='ocrx_word' id='word_1_503' title='bbox 1084 4329 1140 4366; x_wconf 88' lang='lat' dir='ltr'><strong>enm</strong></span> <span class='ocrx_word' id='word_1_504' title='bbox 1155 4317 1216 4368; x_wconf 87' lang='lat' dir='ltr'><strong>bello</strong></span> <span class='ocrx_word' id='word_1_505' title='bbox 1232 4319 1354 4371; x_wconf 77' lang='lat' dir='ltr'><strong>innectier</strong></span> <span class='ocrx_word' id='word_1_506' title='bbox 1370 4327 1448 4373; x_wconf 83' lang='lat' dir='ltr'><strong>tetam</strong></span> <span class='ocrx_word' id='word_1_507' title='bbox 1463 4324 1526 4383; x_wconf 89' lang='lat' dir='ltr'><strong>L0;</strong></span> 
     </span>
     <span class='ocr_line' id='line_1_43' title="bbox 211 4387 1525 4459; baseline 0.009 -23"><span class='ocrx_word' id='word_1_508' title='bbox 211 4387 271 4438; x_wconf 87' lang='lat' dir='ltr'><strong>betto</strong></span> <span class='ocrx_word' id='word_1_509' title='bbox 286 4388 409 4440; x_wconf 85' lang='lat' dir='ltr'><strong>invectum</strong></span> <span class='ocrx_word' id='word_1_510' title='bbox 424 4395 501 4442; x_wconf 88' lang='lat' dir='ltr'><strong>totam</strong></span> <span class='ocrx_word' id='word_1_511' title='bbox 517 4393 593 4452; x_wconf 85' lang='lat' dir='ltr'><strong>Ern.;</strong></span> <span class='ocrx_word' id='word_1_512' title='bbox 611 4405 669 4442; x_wconf 88' lang='lat' dir='ltr'><strong>cum</strong></span> <span class='ocrx_word' id='word_1_513' title='bbox 684 4392 772 4442; x_wconf 78' lang='lat' dir='ltr'><strong>bellun</strong></span> <span class='ocrx_word' id='word_1_514' title='bbox 788 4393 919 4442; x_wconf 69' lang='lat' dir='ltr'><strong>innecteret</strong></span> <span class='ocrx_word' id='word_1_515' title='bbox 929 4397 1007 4443; x_wconf 87' lang='lat' dir='ltr'><strong>toturn</strong></span> <span class='ocrx_word' id='word_1_516' title='bbox 1017 4391 1176 4443; x_wconf 85' lang='lat' dir='ltr'><strong>Niebabrius</strong></span> <span class='ocrx_word' id='word_1_517' title='bbox 1188 4393 1284 4457; x_wconf 77' lang='lat' dir='ltr'><strong>(Opiter.</strong></span> <span class='ocrx_word' id='word_1_518' title='bbox 1297 4395 1352 4446; x_wconf 78' lang='lat' dir='ltr'><strong>ital.</strong></span> <span class='ocrx_word' id='word_1_519' title='bbox 1365 4397 1481 4459; x_wconf 81' lang='lat' dir='ltr'><strong>etpbiloi.</strong></span> <span class='ocrx_word' id='word_1_520' title='bbox 1495 4399 1525 4448; x_wconf 91' lang='lat' dir='ltr'><strong>il.</strong></span> 
     </span>
     <span class='ocr_line' id='line_1_44' title="bbox 212 4463 1529 4532; baseline 0.008 -21"><span class='ocrx_word' id='word_1_521' title='bbox 212 4477 237 4526; x_wconf 89' lang='lat' dir='ltr'><strong>p.</strong></span> <span class='ocrx_word' id='word_1_522' title='bbox 250 4463 388 4528; x_wconf 68' lang='lat' dir='ltr'><strong>ittsqqt.</strong></span> <span class='ocrx_word' id='word_1_523' title='bbox 403 4493 430 4500; x_wconf 96' lang='lat'><em>-</em></span> <span class='ocrx_word' id='word_1_524' title='bbox 449 4468 489 4518; x_wconf 86' lang='grc'><strong>45.</strong></span> <span class='ocrx_word' id='word_1_525' title='bbox 507 4480 540 4516; x_wconf 82' lang='lat' dir='ltr'><strong>eae</strong></span> <span class='ocrx_word' id='word_1_526' title='bbox 555 4480 650 4531; x_wconf 82' lang='lat' dir='ltr'><strong>mapna</strong></span> <span class='ocrx_word' id='word_1_527' title='bbox 661 4473 736 4530; x_wconf 85' lang='lat' dir='ltr'><strong>parte</strong></span> <span class='ocrx_word' id='word_1_528' title='bbox 747 4481 773 4532; x_wconf 81' lang='lat' dir='ltr'><strong>n.¹</strong></span> <span class='ocrx_word' id='word_1_529' title='bbox 786 4492 814 4502; x_wconf 93' lang='lat'><strong>—-</strong></span> <span class='ocrx_word' id='word_1_530' title='bbox 830 4467 870 4517; x_wconf 87' lang='lat' dir='ltr'><strong>ts.</strong></span> <span class='ocrx_word' id='word_1_531' title='bbox 888 4467 931 4528; x_wconf 84' lang='lat' dir='ltr'><strong>qui</strong></span> <span class='ocrx_word' id='word_1_532' title='bbox 946 4480 994 4516; x_wconf 76' lang='lat' dir='ltr'><strong>ren</strong></span> <span class='ocrx_word' id='word_1_533' title='bbox 1005 4467 1043 4517; x_wconf 89' lang='lat' dir='ltr'><strong>M:</strong></span> <span class='ocrx_word' id='word_1_534' title='bbox 1061 4467 1122 4527; x_wconf 83' lang='lat' dir='ltr'><strong>quid</strong></span> <span class='ocrx_word' id='word_1_535' title='bbox 1138 4479 1186 4518; x_wconf 77' lang='lat' dir='ltr'><strong>rec</strong></span> <span class='ocrx_word' id='word_1_536' title='bbox 1202 4467 1260 4530; x_wconf 87' lang='lat' dir='ltr'><strong>EG,</strong></span> <span class='ocrx_word' id='word_1_537' title='bbox 1279 4470 1381 4530; x_wconf 85' lang='lat' dir='ltr'><strong>liOxx.;</strong></span> <span class='ocrx_word' id='word_1_538' title='bbox 1400 4472 1466 4532; x_wconf 78' lang='lat' dir='ltr'><strong>qma</strong></span> <span class='ocrx_word' id='word_1_539' title='bbox 1480 4485 1529 4522; x_wconf 79' lang='lat' dir='ltr'><strong>rec·</strong></span> 
     </span>
     <span class='ocr_line' id='line_1_45' title="bbox 210 4538 1528 4609; baseline 0.01 -25"><span class='ocrx_word' id='word_1_540' title='bbox 210 4551 236 4586; x_wconf 89' lang='lat' dir='ltr'><strong>v.</strong></span> <span class='ocrx_word' id='word_1_541' title='bbox 257 4563 283 4572; x_wconf 90' lang='lat'><em>-</em></span> <span class='ocrx_word' id='word_1_542' title='bbox 306 4538 359 4599; x_wconf 83' lang='lat' dir='ltr'><strong>ipse</strong></span> <span class='ocrx_word' id='word_1_543' title='bbox 378 4539 424 4590; x_wconf 83' lang='lat' dir='ltr'><strong>sibi</strong></span> <span class='ocrx_word' id='word_1_544' title='bbox 440 4554 466 4592; x_wconf 88' lang='lat' dir='ltr'><strong>v.</strong></span> <span class='ocrx_word' id='word_1_545' title='bbox 489 4567 516 4577; x_wconf 89' lang='lat'><em>—</em></span> <span class='ocrx_word' id='word_1_546' title='bbox 541 4542 580 4592; x_wconf 85' lang='grc' dir='ltr'><strong>ιι.</strong></span> <span class='ocrx_word' id='word_1_547' title='bbox 606 4542 717 4593; x_wconf 76' lang='grc' dir='ltr'>ηαιιοηεε</span> <span class='ocrx_word' id='word_1_548' title='bbox 732 4552 793 4606; x_wconf 82' lang='grc' dir='ltr'><strong>ψν.</strong></span> <span class='ocrx_word' id='word_1_549' title='bbox 818 4567 845 4576; x_wconf 91' lang='grc'><strong>-</strong></span> <span class='ocrx_word' id='word_1_550' title='bbox 869 4546 966 4591; x_wconf 88' lang='lat' dir='ltr'><strong>tanturn</strong></span> <span class='ocrx_word' id='word_1_551' title='bbox 987 4555 1030 4603; x_wconf 83' lang='lat' dir='ltr'><strong>epe</strong></span> <span class='ocrx_word' id='word_1_552' title='bbox 1050 4546 1189 4604; x_wconf 79' lang='lat' dir='ltr'><strong>conatuque</strong></span> <span class='ocrx_word' id='word_1_553' title='bbox 1209 4542 1337 4596; x_wconf 85' lang='lat' dir='ltr'><strong>lllotzius:</strong></span> <span class='ocrx_word' id='word_1_554' title='bbox 1361 4552 1458 4596; x_wconf 87' lang='lat' dir='ltr'><strong>tanturn</strong></span> <span class='ocrx_word' id='word_1_555' title='bbox 1476 4548 1528 4609; x_wconf 88' lang='lat' dir='ltr'><strong>ipae</strong></span> 
     </span>
     <span class='ocr_line' id='line_1_46' title="bbox 209 4613 1528 4684; baseline 0.008 -23"><span class='ocrx_word' id='word_1_556' title='bbox 209 4616 348 4674; x_wconf 69' lang='lat' dir='ltr'><strong>normaque</strong></span> <span class='ocrx_word' id='word_1_557' title='bbox 363 4613 429 4674; x_wconf 89' lang='lat' dir='ltr'><strong>EM,</strong></span> <span class='ocrx_word' id='word_1_558' title='bbox 453 4613 468 4664; x_wconf 87' lang='lat'><strong>3</strong></span> <span class='ocrx_word' id='word_1_559' title='bbox 484 4617 573 4676; x_wconf 70' lang='lat' dir='ltr'><strong>Parc,</strong></span> <span class='ocrx_word' id='word_1_560' title='bbox 593 4615 609 4666; x_wconf 84' lang='lat' dir='ltr'><strong>i</strong></span> <span class='ocrx_word' id='word_1_561' title='bbox 626 4617 705 4675; x_wconf 87' lang='lat' dir='ltr'><strong>Orr.;</strong></span> <span class='ocrx_word' id='word_1_562' title='bbox 731 4622 829 4668; x_wconf 86' lang='lat' dir='ltr'><strong>lantum</strong></span> <span class='ocrx_word' id='word_1_563' title='bbox 844 4617 895 4679; x_wconf 82' lang='lat' dir='ltr'><strong>ipse</strong></span> <span class='ocrx_word' id='word_1_564' title='bbox 911 4622 1002 4667; x_wconf 73' lang='lat' dir='ltr'><strong>conmu</strong></span> <span class='ocrx_word' id='word_1_565' title='bbox 1019 4619 1088 4680; x_wconf 71' lang='lat' dir='ltr'><strong>Gur,</strong></span> <span class='ocrx_word' id='word_1_566' title='bbox 1111 4623 1209 4668; x_wconf 85' lang='lat' dir='ltr'><strong>tanturn</strong></span> <span class='ocrx_word' id='word_1_567' title='bbox 1224 4619 1275 4681; x_wconf 79' lang='lat' dir='ltr'><strong>ipse</strong></span> <span class='ocrx_word' id='word_1_568' title='bbox 1290 4621 1376 4684; x_wconf 81' lang='lat' dir='ltr'><strong>opibus</strong></span> <span class='ocrx_word' id='word_1_569' title='bbox 1390 4625 1528 4684; x_wconf 82' lang='lat' dir='ltr'><strong>conatuque</strong></span> 
     </span>
     <span class='ocr_line' id='line_1_47' title="bbox 211 4687 1528 4751; baseline 0.008 -14"><span class='ocrx_word' id='word_1_570' title='bbox 211 4687 293 4737; x_wconf 74' lang='grc' dir='ltr'>ιον.</span> <span class='ocrx_word' id='word_1_571' title='bbox 319 4713 344 4724; x_wconf 86' lang='grc'><strong>-</strong></span> <span class='ocrx_word' id='word_1_572' title='bbox 368 4689 532 4751; x_wconf 80' lang='lat' dir='ltr'><strong>salutemet,</strong></span> <span class='ocrx_word' id='word_1_573' title='bbox 556 4691 675 4751; x_wconf 76' lang='lat' dir='ltr'><strong>iParr.‚</strong></span> <span class='ocrx_word' id='word_1_574' title='bbox 698 4692 810 4742; x_wconf 68' lang='lat' dir='ltr'><strong>torm:</strong></span> <span class='ocrx_word' id='word_1_575' title='bbox 833 4692 940 4742; x_wconf 83' lang='lat' dir='ltr'><strong>invaluit</strong></span> <span class='ocrx_word' id='word_1_576' title='bbox 955 4693 1003 4743; x_wconf 88' lang='lat' dir='ltr'><strong>LO</strong></span> <span class='ocrx_word' id='word_1_577' title='bbox 1019 4693 1118 4743; x_wconf 89' lang='lat' dir='ltr'><strong>incerta</strong></span> <span class='ocrx_word' id='word_1_578' title='bbox 1142 4697 1305 4748; x_wconf 86' lang='lat' dir='ltr'><strong>auctoritate.</strong></span> <span class='ocrx_word' id='word_1_579' title='bbox 1330 4722 1357 4732; x_wconf 87' lang='lat'><em>-</em></span> <span class='ocrx_word' id='word_1_580' title='bbox 1380 4697 1421 4747; x_wconf 88' lang='lat' dir='ltr'><strong>tii.</strong></span> <span class='ocrx_word' id='word_1_581' title='bbox 1439 4698 1528 4746; x_wconf 76' lang='lat' dir='ltr'><strong>certari</strong></span> 
     </span>
     <span class='ocr_line' id='line_1_48' title="bbox 209 4761 1529 4834; baseline 0.007 -24"><span class='ocrx_word' id='word_1_582' title='bbox 209 4761 309 4823; x_wconf 81' lang='lat' dir='ltr'><strong>copiam</strong></span> <span class='ocrx_word' id='word_1_583' title='bbox 319 4764 348 4812; x_wconf 89' lang='lat' dir='ltr'><strong>G.</strong></span> <span class='ocrx_word' id='word_1_584' title='bbox 361 4789 395 4800; x_wconf 89' lang='lat'><em>-</em></span> <span class='ocrx_word' id='word_1_585' title='bbox 406 4764 446 4815; x_wconf 79' lang='grc'><strong>49.</strong></span> <span class='ocrx_word' id='word_1_586' title='bbox 463 4765 633 4816; x_wconf 76' lang='lat' dir='ltr'><strong>Mitluidalem</strong></span> <span class='ocrx_word' id='word_1_587' title='bbox 643 4767 682 4818; x_wconf 93' lang='lat' dir='ltr'><strong>M:</strong></span> <span class='ocrx_word' id='word_1_588' title='bbox 700 4767 843 4817; x_wconf 78' lang='lat' dir='ltr'><strong>Mithridate</strong></span> <span class='ocrx_word' id='word_1_589' title='bbox 860 4782 911 4817; x_wconf 87' lang='lat' dir='ltr'><strong>non</strong></span> <span class='ocrx_word' id='word_1_590' title='bbox 927 4768 948 4816; x_wconf 96' lang='lat' dir='ltr'><strong>G</strong></span> <span class='ocrx_word' id='word_1_591' title='bbox 965 4771 992 4819; x_wconf 87' lang='lat' dir='ltr'><strong>et</strong></span> <span class='ocrx_word' id='word_1_592' title='bbox 1007 4771 1065 4820; x_wconf 84' lang='lat' dir='ltr'><strong>Par.</strong></span> <span class='ocrx_word' id='word_1_593' title='bbox 1084 4767 1100 4819; x_wconf 83' lang='lat' dir='ltr'><strong>l</strong></span> <span class='ocrx_word' id='word_1_594' title='bbox 1118 4769 1143 4832; x_wconf 84' lang='lat' dir='ltr'><strong>(i.</strong></span> <span class='ocrx_word' id='word_1_595' title='bbox 1156 4783 1181 4820; x_wconf 89' lang='lat' dir='ltr'><strong>e.</strong></span> <span class='ocrx_word' id='word_1_596' title='bbox 1192 4771 1336 4821; x_wconf 76' lang='lat' dir='ltr'><strong>Mithridate</strong></span> <span class='ocrx_word' id='word_1_597' title='bbox 1345 4767 1363 4820; x_wconf 79' lang='lat' dir='ltr'><strong>ri</strong></span> <span class='ocrx_word' id='word_1_598' title='bbox 1373 4783 1421 4834; x_wconf 87' lang='lat' dir='ltr'><strong>pro</strong></span> <span class='ocrx_word' id='word_1_599' title='bbox 1431 4770 1529 4822; x_wconf 84' lang='lat' dir='ltr'><strong>Mithri-</strong></span> 
     </span>
     <span class='ocr_line' id='line_1_49' title="bbox 210 4837 1524 4906; baseline 0.007 -20"><span class='ocrx_word' id='word_1_600' title='bbox 210 4837 305 4899; x_wconf 71' lang='lat' dir='ltr'><strong>daun),</strong></span> <span class='ocrx_word' id='word_1_601' title='bbox 323 4837 492 4889; x_wconf 76' lang='lat' dir='ltr'><strong>Mithridatem</strong></span> <span class='ocrx_word' id='word_1_602' title='bbox 507 4853 558 4890; x_wconf 87' lang='lat' dir='ltr'><strong>non</strong></span> <span class='ocrx_word' id='word_1_603' title='bbox 574 4841 607 4902; x_wconf 87' lang='lat' dir='ltr'><strong>E,</strong></span> <span class='ocrx_word' id='word_1_604' title='bbox 625 4842 642 4890; x_wconf 78' lang='grc' dir='ltr'>ι</span> <span class='ocrx_word' id='word_1_605' title='bbox 658 4843 746 4903; x_wconf 75' lang='lat' dir='ltr'><strong>Parc,</strong></span> <span class='ocrx_word' id='word_1_606' title='bbox 765 4843 781 4891; x_wconf 76' lang='lat' dir='ltr'><strong>a</strong></span> <span class='ocrx_word' id='word_1_607' title='bbox 798 4843 879 4902; x_wconf 67' lang='grc' dir='ltr'>θυι,</span> <span class='ocrx_word' id='word_1_608' title='bbox 897 4855 923 4892; x_wconf 85' lang='lat' dir='ltr'><strong>v.</strong></span> <span class='ocrx_word' id='word_1_609' title='bbox 944 4867 971 4877; x_wconf 92' lang='lat'><em>-</em></span> <span class='ocrx_word' id='word_1_610' title='bbox 989 4844 1030 4894; x_wconf 71' lang='lat'><strong>20.</strong></span> <span class='ocrx_word' id='word_1_611' title='bbox 1047 4849 1238 4906; x_wconf 77' lang='lat' dir='ltr'><strong>prosequeretur</strong></span> <span class='ocrx_word' id='word_1_612' title='bbox 1253 4847 1335 4895; x_wconf 88' lang='lat' dir='ltr'><strong>GTv.</strong></span> <span class='ocrx_word' id='word_1_613' title='bbox 1356 4871 1383 4881; x_wconf 84' lang='lat'><em>-</em></span> <span class='ocrx_word' id='word_1_614' title='bbox 1396 4846 1437 4896; x_wconf 77' lang='lat' dir='ltr'><strong>at.</strong></span> <span class='ocrx_word' id='word_1_615' title='bbox 1455 4847 1524 4895; x_wconf 85' lang='lat' dir='ltr'><strong>eain-</strong></span> 
     </span>
     <span class='ocr_line' id='line_1_50' title="bbox 208 4911 1524 4978; baseline 0.008 -17"><span class='ocrx_word' id='word_1_616' title='bbox 208 4911 293 4962; x_wconf 78' lang='lat' dir='ltr'><strong>mitose</strong></span> <span class='ocrx_word' id='word_1_617' title='bbox 310 4913 369 4962; x_wconf 76' lang='lat' dir='ltr'><strong>Mu.</strong></span> <span class='ocrx_word' id='word_1_618' title='bbox 391 4941 417 4950; x_wconf 89' lang='lat'><em>-</em></span> <span class='ocrx_word' id='word_1_619' title='bbox 436 4920 459 4965; x_wconf 88' lang='lat' dir='ltr'><strong>el</strong></span> <span class='ocrx_word' id='word_1_620' title='bbox 475 4917 540 4977; x_wconf 80' lang='lat' dir='ltr'><strong>oper]</strong></span> <span class='ocrx_word' id='word_1_621' title='bbox 556 4921 584 4964; x_wconf 86' lang='lat' dir='ltr'><strong>nt</strong></span> <span class='ocrx_word' id='word_1_622' title='bbox 599 4929 656 4978; x_wconf 81' lang='lat' dir='ltr'><strong>oper</strong></span> <span class='ocrx_word' id='word_1_623' title='bbox 672 4917 701 4966; x_wconf 95' lang='lat' dir='ltr'><strong>G.</strong></span> <span class='ocrx_word' id='word_1_624' title='bbox 722 4940 750 4953; x_wconf 92' lang='lat'>-</span> <span class='ocrx_word' id='word_1_625' title='bbox 772 4919 795 4966; x_wconf 89' lang='lat' dir='ltr'><strong>et</strong></span> <span class='ocrx_word' id='word_1_626' title='bbox 811 4929 864 4968; x_wconf 91' lang='lat' dir='ltr'><strong>om.</strong></span> <span class='ocrx_word' id='word_1_627' title='bbox 883 4919 913 4967; x_wconf 95' lang='lat' dir='ltr'><strong>G.</strong></span> <span class='ocrx_word' id='word_1_628' title='bbox 932 4942 959 4952; x_wconf 93' lang='lat'>—</span> <span class='ocrx_word' id='word_1_629' title='bbox 979 4919 1020 4968; x_wconf 73' lang='lat' dir='ltr'><strong>ii.</strong></span> <span class='ocrx_word' id='word_1_630' title='bbox 1039 4931 1078 4968; x_wconf 80' lang='lat' dir='ltr'><strong>res</strong></span> <span class='ocrx_word' id='word_1_631' title='bbox 1093 4933 1152 4970; x_wconf 88' lang='lat' dir='ltr'><strong>aere</strong></span> <span class='ocrx_word' id='word_1_632' title='bbox 1169 4920 1198 4970; x_wconf 87' lang='lat' dir='ltr'><strong>E.</strong></span> <span class='ocrx_word' id='word_1_633' title='bbox 1216 4945 1249 4956; x_wconf 76' lang='lat'><em>-</em></span> <span class='ocrx_word' id='word_1_634' title='bbox 1264 4921 1399 4970; x_wconf 75' lang='lat' dir='ltr'><strong>eclimnml</strong></span> <span class='ocrx_word' id='word_1_635' title='bbox 1416 4922 1476 4972; x_wconf 89' lang='lat' dir='ltr'><strong>mei.</strong></span> <span class='ocrx_word' id='word_1_636' title='bbox 1497 4951 1524 4960; x_wconf 89' lang='lat'>-</span> 
     </span>
     <span class='ocr_line' id='line_1_51' title="bbox 205 4987 1528 5048; baseline 0.01 -13"><span class='ocrx_word' id='word_1_637' title='bbox 205 4990 286 5048; x_wconf 83' lang='lat' dir='ltr'><strong>ponet</strong></span> <span class='ocrx_word' id='word_1_638' title='bbox 303 4987 361 5038; x_wconf 84' lang='lat' dir='ltr'><strong>EG.</strong></span> <span class='ocrx_word' id='word_1_639' title='bbox 382 5015 415 5024; x_wconf 90' lang='lat'>-</span> <span class='ocrx_word' id='word_1_640' title='bbox 437 4989 478 5040; x_wconf 68' lang='grc' dir='ltr'>ιι.</span> <span class='ocrx_word' id='word_1_641' title='bbox 497 4991 590 5040; x_wconf 83' lang='lat' dir='ltr'><strong>maiori</strong></span> <span class='ocrx_word' id='word_1_642' title='bbox 605 5005 630 5040; x_wconf 83' lang='lat' dir='ltr'><strong>v.</strong></span> <span class='ocrx_word' id='word_1_643' title='bbox 656 5017 682 5027; x_wconf 92' lang='lat'><em>-</em></span> <span class='ocrx_word' id='word_1_644' title='bbox 708 4990 748 5043; x_wconf 80' lang='lat' dir='ltr'><strong>ai.</strong></span> <span class='ocrx_word' id='word_1_645' title='bbox 767 4992 932 5042; x_wconf 70' lang='lat' dir='ltr'><strong>arcannm</strong></span> <span class='ocrx_word' id='word_1_646' title='bbox 948 4993 1011 5043; x_wconf 90' lang='lat' dir='ltr'><strong>MC.</strong></span> <span class='ocrx_word' id='word_1_647' title='bbox 1036 5020 1063 5031; x_wconf 91' lang='lat'><em>-</em></span> <span class='ocrx_word' id='word_1_648' title='bbox 1087 4994 1230 5046; x_wconf 77' lang='lat' dir='ltr'><strong>constitisset</strong></span> <span class='ocrx_word' id='word_1_649' title='bbox 1246 4996 1289 5045; x_wconf 89' lang='lat' dir='ltr'><strong>ed.</strong></span> <span class='ocrx_word' id='word_1_650' title='bbox 1307 4997 1392 5046; x_wconf 82' lang='lat' dir='ltr'><strong>Crat:</strong></span> <span class='ocrx_word' id='word_1_651' title='bbox 1411 4997 1528 5048; x_wconf 67' lang='lat' dir='ltr'><strong>natinaei</strong></span> 
     </span>
     <span class='ocr_line' id='line_1_52' title="bbox 208 5059 1527 5136; baseline 0.011 -27"><span class='ocrx_word' id='word_1_652' title='bbox 208 5060 303 5120; x_wconf 87' lang='lat' dir='ltr'><strong>EGM,</strong></span> <span class='ocrx_word' id='word_1_653' title='bbox 322 5059 338 5111; x_wconf 81' lang='lat' dir='ltr'><strong>i</strong></span> <span class='ocrx_word' id='word_1_654' title='bbox 356 5061 436 5124; x_wconf 69' lang='lat' dir='ltr'><strong>Orio,</strong></span> <span class='ocrx_word' id='word_1_655' title='bbox 454 5062 470 5115; x_wconf 85' lang='lat' dir='ltr'><strong>l</strong></span> <span class='ocrx_word' id='word_1_656' title='bbox 486 5065 573 5124; x_wconf 74' lang='lat' dir='ltr'><strong>Parc,</strong></span> <span class='ocrx_word' id='word_1_657' title='bbox 592 5063 654 5114; x_wconf 86' lang='lat' dir='ltr'><strong>edd.</strong></span> <span class='ocrx_word' id='word_1_658' title='bbox 673 5067 736 5116; x_wconf 87' lang='lat' dir='ltr'><strong>voti.</strong></span> <span class='ocrx_word' id='word_1_659' title='bbox 754 5093 787 5102; x_wconf 94' lang='lat'>—</span> <span class='ocrx_word' id='word_1_660' title='bbox 803 5065 843 5116; x_wconf 74' lang='lat' dir='ltr'><strong>tt.</strong></span> <span class='ocrx_word' id='word_1_661' title='bbox 859 5071 971 5129; x_wconf 80' lang='lat' dir='ltr'><strong>putasset</strong></span> <span class='ocrx_word' id='word_1_662' title='bbox 986 5069 1079 5119; x_wconf 87' lang='lat' dir='ltr'><strong>GMv:</strong></span> <span class='ocrx_word' id='word_1_663' title='bbox 1098 5070 1234 5133; x_wconf 68' lang='lat' dir='ltr'><strong>patariam</strong></span> <span class='ocrx_word' id='word_1_664' title='bbox 1250 5069 1307 5122; x_wconf 82' lang='lat' dir='ltr'><strong>El..</strong></span> <span class='ocrx_word' id='word_1_665' title='bbox 1328 5096 1354 5108; x_wconf 97' lang='lat'><em>-</em></span> <span class='ocrx_word' id='word_1_666' title='bbox 1373 5083 1426 5136; x_wconf 82' lang='lat' dir='ltr'><strong>qua</strong></span> <span class='ocrx_word' id='word_1_667' title='bbox 1441 5074 1527 5136; x_wconf 75' lang='lat' dir='ltr'><strong>effecta</strong></span> 
     </span>
     <span class='ocr_line' id='line_1_53' title="bbox 207 5137 1044 5208; baseline 0.006 -20"><span class='ocrx_word' id='word_1_668' title='bbox 207 5150 225 5188; x_wconf 90' lang='lat' dir='ltr'><strong>a</strong></span> <span class='ocrx_word' id='word_1_669' title='bbox 240 5137 330 5188; x_wconf 82' lang='lat' dir='ltr'><strong>lucullo</strong></span> <span class='ocrx_word' id='word_1_670' title='bbox 347 5137 441 5190; x_wconf 89' lang='lat' dir='ltr'><strong>mediis</strong></span> <span class='ocrx_word' id='word_1_671' title='bbox 458 5151 511 5190; x_wconf 92' lang='lat' dir='ltr'><strong>om.</strong></span> <span class='ocrx_word' id='word_1_672' title='bbox 530 5139 559 5191; x_wconf 88' lang='lat' dir='ltr'><strong>E.</strong></span> <span class='ocrx_word' id='word_1_673' title='bbox 577 5167 610 5177; x_wconf 91' lang='lat'><em>-</em></span> <span class='ocrx_word' id='word_1_674' title='bbox 624 5145 725 5203; x_wconf 87' lang='lat' dir='ltr'><strong>pareret</strong></span> <span class='ocrx_word' id='word_1_675' title='bbox 742 5141 771 5193; x_wconf 93' lang='lat' dir='ltr'><strong>C.</strong></span> <span class='ocrx_word' id='word_1_676' title='bbox 793 5165 820 5177; x_wconf 94' lang='lat'><em>-</em></span> <span class='ocrx_word' id='word_1_677' title='bbox 835 5141 919 5208; x_wconf 78' lang='lat' dir='ltr'><strong>pron]</strong></span> <span class='ocrx_word' id='word_1_678' title='bbox 936 5142 997 5192; x_wconf 78' lang='lat' dir='ltr'><strong>Atia</strong></span> <span class='ocrx_word' id='word_1_679' title='bbox 1014 5143 1044 5194; x_wconf 88' lang='grc' dir='ltr'><strong>ιι.</strong></span> 
     </span>
    </p>
   </div>
   <div class='ocr_carea' id='block_1_4' title="bbox 0 0 1826 5874">
    <p class='ocr_par' dir='ltr' id='par_1_4' title="bbox 0 0 1826 5874">
     <span class='ocr_line' id='line_1_54' title="bbox 0 0 1826 5874; baseline 0 1"><span class='ocrx_word' id='word_1_680' title='bbox 0 0 1826 5874; x_wconf 95' lang='lat' dir='ltr'><strong> </strong></span> 
     </span>
    </p>
   </div>
  </div>
 </body>
</html>
