3578 5862
273 379 335 448 572
666 390 818 456 ORATIO
840 391 919 455 PRO
941 392 978 456 A.
1001 391 1202 456 CLUENTIO

274 558 364 623 dixit.
406 559 570 642 Proprium
592 559 711 624 crimen
732 560 811 624 illud
834 562 1030 646 quaestionis
1053 564 1121 626 eius
1143 583 1208 626 non
1229 562 1298 626 fuit.
1342 558 1413 626 tot.
1435 563 1604 627 Fidicula·

272 653 344 715 nius
368 652 445 736 quid
466 653 578 718 fecisse
599 655 789 720 dicebatur?
823 659 987 741 Accepisse
1010 678 1028 720 a
1052 659 1195 721 Cluentio
1219 658 1277 721 HS
1294 677 1380 721 cccc.
1415 658 1513 720 Cuius
1529 668 1604 721 erat

273 745 418 809 ordinist
441 748 609 813 Senatorii.
639 741 800 834 Qua'lege
821 753 854 815 in
877 773 916 816 eo
938 773 1054 836 genere
1076 773 1095 815 a
1117 761 1261 816 senatore
1283 753 1363 816 ratio
1378 754 1479 836 repeti
1504 753 1600 826 solet,

274 839 313 902 de
345 843 488 923 pecuniis
518 845 717 926 repetundis,
750 865 787 908 ea
816 845 885 928 lege
913 855 1077 911 aecusatus
1105 847 1329 911 honestissime
1351 854 1400 910 est
1421 845 1600 909 absolutus.

248 933 350 997 tActa
371 943 420 998 est
441 937 526 1001 enim
547 957 640 1002 causa
662 959 750 1003 more
771 943 924 1004 rumorum
946 942 1015 1004 sine
1037 941 1086 1015 ri,
1114 941 1182 1004 sine
1205 949 1311 1016 metu,
1340 943 1410 1003 sine
1432 939 1600 1023 periculo:

273 1028 357 1092 dicta
379 1039 411 1094 et
433 1032 577 1115 exposita
598 1040 631 1095 et
651 1030 865 1097 demonstrata
887 1043 961 1097 sunt
981 1036 1096 1098 omnia.
1128 1034 1265 1097 Adducti
1280 1033 1402 1098 iudices
1418 1039 1506 1106 sunt,
1529 1053 1599 1096 non

273 1121 367 1184 modo
388 1123 527 1205 puniisse
549 1125 680 1189 honeste
703 1127 742 1189 ab
765 1147 803 1190 eo
825 1147 913 1191 reum
936 1127 1155 1214 condemnari,
1177 1127 1233 1210 qui
1248 1146 1312 1191 non
1327 1134 1479 1211 perpetuo
1494 1126 1600 1188 sedis-

168 1295 172 1308 ·
273 1222 338 1290 set,
367 1215 422 1280 sed
452 1218 539 1282 aliud
567 1221 594 1282 si
624 1222 722 1284 iudex
745 1222 825 1284 nihil
851 1223 962 1286 scisset
984 1221 1046 1284 nisi
1069 1240 1152 1304 quae
1174 1221 1370 1302 praeiudicia
1391 1221 1431 1283 de
1453 1239 1491 1283 ec
1513 1220 1600 1283 facta

273 1328 343 1374 esse
365 1321 559 1389 constarent,
587 1314 696 1378 audire
726 1325 890 1398 praeterea
919 1316 1001 1379 nihil
1023 1314 1178 1378 debuisse.
1222 1316 1397 1378 xxxviii.
1421 1311 1492 1376 405.
1514 1317 1598 1377 Tum

235 1406 367 1469 tcetiam
388 1406 435 1469 illi
458 1408 617 1492 quinque,
640 1411 695 1494 qui
716 1411 935 1494 imperitorum
957 1411 1120 1473 hominum
1143 1411 1339 1473 rumusculos
1361 1411 1507 1493 aucupati
1529 1418 1598 1473 tum

271 1500 359 1565 illum
381 1502 598 1577 absolverunt,
621 1504 683 1566 iam
706 1525 795 1568 suam
819 1504 1016 1569 clementiam
1038 1503 1160 1566 laudari
1183 1525 1297 1587 magno
1314 1525 1409 1588 opere
1429 1505 1597 1568 nolebant:

272 1615 291 1658 a
314 1596 427 1679 quibus
450 1597 476 1660 si
499 1602 554 1680 qui
576 1607 759 1683 quaereret,
783 1598 981 1662 sedissentne
1003 1596 1123 1661 iudices
1145 1598 1179 1660 in
1203 1597 1236 1660 C.
1258 1599 1451 1674 Fabricium,
1475 1599 1596 1662 sedisse

271 1709 306 1752 se
328 1690 488 1754 dicerent:
510 1691 536 1754 si
558 1693 839 1776 interrogarentur,
861 1713 937 1755 num
961 1712 1023 1775 quc
1042 1692 1172 1755 ommiue
1188 1692 1215 1755 is
1230 1701 1314 1756 esset
1328 1702 1490 1757 accusatus
1504 1713 1598 1777 prae-

272 1789 416 1866 terquam
443 1787 556 1849 veneni
589 1789 675 1863 eius,
708 1787 795 1871 quod
824 1787 1003 1872 quaesitum
1025 1785 1141 1848 Habito
1164 1787 1341 1861 diceretur,
1363 1795 1533 1870 negarent:
1567 1787 1595 1849 si

234 1876 387 1941 indeindc
410 1888 516 1942 essent
536 1881 653 1963 rogati,
676 1881 753 1965 quid
776 1883 982 1954 iudicassent,
1006 1879 1235 1943 condemnasse
1256 1900 1290 1943 se
1313 1882 1469 1955 dicerent;
1502 1901 1594 1944 nemo

271 1974 356 2035 enim
383 1973 528 2036 absolvit
568 1974 689 2038 Eodem
719 1975 812 2038 modo
841 1976 1019 2059 quaesitum
1049 1974 1076 2037 si
1107 1982 1191 2036 esset
1212 1973 1251 2036 de
1275 1975 1482 2048 Scamandro,
1510 1983 1593 2038 certe

272 2067 356 2132 idem
384 2067 641 2151 respondissent:
671 2071 796 2133 tametsi
818 2069 872 2132 ille
893 2087 957 2131 una
980 2069 1137 2132 sententia
1159 2076 1207 2131 est
1228 2070 1404 2144 absolutus:
1429 2071 1484 2133 sed
1506 2070 1594 2132 illam

271 2165 366 2224 unam
387 2180 481 2223 nemo
504 2169 569 2224 tum
590 2163 722 2226 istorum
745 2183 833 2226 suam
850 2163 911 2230 dici
932 2162 1036 2225 vellet.
1081 2159 1152 2225 tos.
1176 2163 1251 2226 Uter
1271 2162 1367 2245 igitur
1380 2164 1502 2228 facilius
1518 2183 1594 2227 suae

272 2253 447 2317 sententiae
469 2256 622 2320 rationem
644 2257 811 2321 redderet:
840 2259 929 2332 isne,
953 2259 1008 2341 qui
1031 2275 1064 2320 se
1087 2263 1118 2319 et
1140 2257 1199 2319 sihi
1221 2264 1253 2319 et
1273 2257 1319 2320 rei
1341 2257 1497 2320 iudicatae
1519 2279 1596 2320 con-

235 2349 389 2412 restitisse
412 2349 502 2423 dicit,
525 2351 659 2427 anille,
683 2353 736 2436 qui
760 2373 794 2415 se
819 2352 852 2414 in
873 2351 1049 2435 principem
1071 2346 1216 2413 maleficii
1239 2351 1359 2426 lenem,
1381 2352 1415 2413 in
1438 2352 1595 2415 adiutores

272 2443 340 2506 eius
363 2453 395 2507 et
415 2446 556 2508 conscios
579 2445 889 2510 vehementissimum
912 2465 981 2507 esse
1003 2445 1199 2528 respondet?
1234 2443 1376 2519 Quorum
1396 2465 1454 2528 ego
1470 2445 1508 2508 de
1523 2466 1596 2508 sen-

272 2538 369 2600 tentia
391 2557 456 2600 non
479 2535 579 2600 debeo
602 2539 782 2621 disputare;
815 2557 919 2620 neque
941 2539 1025 2599 enim
1049 2538 1172 2611 dubito,
1195 2539 1272 2620 quin
1287 2537 1311 2600 ii
1325 2538 1403 2600 tales
1418 2540 1477 2602 viri
1493 2539 1596 2622 suspi-

273 2631 364 2695 cione
386 2630 492 2714 aliqua
513 2632 650 2713 perculsi
673 2634 838 2715 repentina
860 2631 900 2694 de
923 2639 1004 2694 statu
1026 2652 1084 2694 suo
1107 2632 1304 2694 declinarint.
1348 2623 1454 2708 Quare
1477 2655 1595 2706 eorum,

275 2727 331 2809 qui
346 2725 567 2798 absolverunt,
590 2726 836 2789 misericordiam
851 2746 914 2789 non
930 2726 1143 2807 reprehendo:
1166 2747 1291 2801 eorum,
1307 2728 1362 2809 qui
1377 2729 1411 2789 in
1425 2727 1594 2791 iudicando

235 2821 435 2903 assuperiora
456 2819 574 2882 iudicia
596 2822 695 2883 secuti
711 2828 785 2882 sunt
798 2840 856 2884 sua
871 2828 1001 2903 sponte,
1023 2841 1088 2882 non
1102 2821 1221 2884 Staieni
1242 2820 1368 2895 fraude,
1391 2824 1595 2886 constantiam

273 2916 460 2999 comprobo:
482 2933 592 2977 eorum
609 2936 700 2990 vero,
723 2917 777 3000 qui
799 2915 941 2978 sibinen
962 2915 1083 2999 liquere
1099 2915 1265 2990 dixerunt,
1287 2917 1473 2998 sapientiam
1488 2916 1594 2989 laudo,

248 3008 252 3014 ’
272 3011 327 3093 qui
348 3011 511 3073 absolvere
533 3029 622 3083 eum,
645 3030 738 3092 quem
754 3010 1010 3072 nocentissimum
1026 3016 1198 3092 cognorant
1212 3017 1244 3073 et
1258 3029 1354 3094 quem
1369 3009 1429 3093 ipsi
1443 3009 1491 3072 bis
1508 3005 1591 3094 [iam]

272 3111 364 3168 antea
386 3104 642 3179 condemnarant,
664 3104 752 3167 nullo
768 3104 863 3166 modo
885 3112 1047 3186 poterant:
1070 3092 1391 3180 condemnare,(cum
1413 3111 1500 3170 tanta
1518 3125 1594 3168 con·

272 3198 333 3261 silii
361 3197 490 3261 infamia
519 3209 551 3261 et
578 3207 641 3260 tam
671 3198 784 3261 atrocis
816 3198 862 3260 rei
892 3198 1030 3281 suspicio
1052 3206 1136 3262 esset
1157 3182 1294 3275 iniecta)
1319 3197 1413 3280 paulo
1436 3198 1592 3281 posterius

233 3306 261 3353 ac
271 3291 423 3376 patefacta
451 3312 486 3355 re
515 3293 702 3356 maluerunt.
748 3288 819 3354 407.
841 3295 885 3355 Ac
907 3312 948 3356 ne
976 3313 1017 3355 ex
1039 3293 1121 3355 lacto
1144 3292 1247 3355 solum
1269 3293 1428 3374 sapientes
1450 3293 1523 3355 illos
1545 3293 1592 3353 in-

272 3388 395 3461 dicetis,
425 3387 480 3452 sed
509 3387 602 3450 etiam
632 3407 672 3450 ex
693 3386 873 3449 hominihus
895 3387 990 3470 ipsis,
1021 3386 1106 3471 quod
1127 3388 1149 3448 ii
1171 3387 1330 3459 fecerunt,
1362 3387 1534 3450 rectissime
1557 3405 1593 3448 ac

271 3482 502 3566 sapientissime
523 3481 638 3544 iactum
659 3481 817 3565 probetis:
841 3481 913 3564 quis
936 3483 968 3543 P.
989 3482 1118 3544 Octavio
1140 3480 1237 3543 Balbo
1253 3481 1381 3563 ingenio
1400 3479 1593 3564 prudentior,

271 3577 339 3639 iure
361 3576 508 3659 peritior,
537 3575 619 3649 fide,
648 3575 817 3657 religione,
843 3574 950 3638 cilicio
972 3574 1152 3657 diligentior
1173 3582 1227 3637 aut
1248 3576 1385 3637 sanctior
1406 3591 1594 3636 commemo-

272 3671 334 3733 rari
355 3671 486 3752 potasti
519 3670 588 3732 Non
610 3669 753 3732 absolvit
787 3669 867 3743 Quis
891 3668 929 3744 Q.
953 3669 1104 3732 Considio
1127 3669 1343 3732 constantior?
1369 3669 1442 3751 quis
1462 3666 1595 3730 iudicio·

234 3773 262 3822 to
272 3783 340 3824 rum
356 3770 450 3846 atque
467 3762 536 3825 eius
552 3762 723 3844 dignitatis,
746 3781 827 3846 quae
843 3763 876 3824 in
896 3763 1021 3826 iudiciis
1036 3761 1172 3845 publicis
1187 3761 1304 3824 versari
1319 3761 1422 3836 debet,
1444 3762 1593 3844 peritior?

273 3857 347 3940 quis
368 3858 500 3931 virtute,
529 3857 680 3930 consilio,
709 3856 896 3919 auctoritate
917 3857 1151 3939 praestantiori
1182 3858 1228 3919 Ne
1250 3855 1278 3918 is
1300 3854 1426 3939 quidem
1449 3855 1593 3918 absolvit.

272 3949 417 4033 Longum
439 3956 488 4012 est
516 3950 557 4013 de
579 3949 774 4031 singulorum
797 3951 910 4013 virtute
932 3951 976 4013 ita
998 3949 1118 4014 dicere:
1149 3970 1248 4034 quae,
1277 3951 1351 4032 quia
1376 3949 1500 4032 cognita
1520 3957 1595 4012 sunt

270 4137 384 4197 cocum,
403 4147 481 4197 quom
496 4139 597 4197 coptam
612 4148 735 4198 nosquam
752 4135 788 4185 St.
806 4133 839 4194 9ς
860 4135 1020 4185 induendam
1032 4135 1179 4198 pacticiam,
1197 4147 1274 4197 quom
1290 4133 1338 4193 St,
1355 4133 1398 4197 oui
1414 4145 1516 4183 comam
1531 4147 1594 4185 oas-

271 4225 348 4274 quom
358 4214 390 4272 L:
408 4211 569 4260 induendam
582 4211 724 4272 pecuniam,
738 4223 789 4272 qao
799 4214 875 4271 copto
884 4223 1007 4271 nusquam
1019 4211 1134 4260 Staienus
1145 4211 1239 4259 Rarius
1253 4209 1327 4259 Vorr.
1339 4209 1415 4260 Lecti.
1427 4209 1447 4258 l.
1461 4222 1487 4272 p.
1495 4210 1521 4258 ll
1532 4221 1592 4272 sqq.

274 4313 301 4323 -
321 4289 343 4336 t.
362 4287 455 4336 ocinus
471 4297 525 4334 om.
538 4286 566 4335 F.
586 4285 624 4336 Ci.
638 4285 662 4348 ἓ.
674 4285 715 4335 97.
728 4311 755 4321 -
773 4285 798 4334 t.
816 4285 911 4348 secessi
922 4285 948 4334 F.
965 4310 990 4319 -
1010 4287 1130 4348 occepisse
1147 4300 1164 4335 o
1176 4286 1285 4336 Cluentio
1301 4285 1343 4334 HS
1359 4283 1436 4335 CCCC
1451 4296 1503 4334 om.
1518 4283 1595 4334 Clas-

271 4361 336 4412 senii
354 4359 459 4411 codices
476 4371 571 4410 omnes
589 4364 695 4424 praeter
710 4361 765 4410 ST.
779 4384 807 4394 —
827 4357 911 4424 0000]
924 4357 981 4410 CCC
996 4362 1032 4419 A:
1051 4361 1142 4418 XLClo
1161 4362 1188 4410 L.
1210 4387 1237 4398 -
1256 4361 1280 4410 5.
1298 4361 1351 4409 sins
1367 4361 1428 4409 ante
1445 4372 1470 4408 v.
1482 4360 1594 4421 periurio

271 4449 324 4486 om.
343 4436 371 4485 T.
393 4462 420 4472 -
439 4435 462 4486 6.
481 4435 582 4485 adsumi
597 4434 738 4488 sTALs:
762 4433 862 4489 sodomi
878 4434 910 4494 F;
930 4435 1028 4484 addocti
1045 4437 1073 4484 0.
1092 4433 1151 4484 Vid.
1170 4433 1327 4497 Madvigium
1344 4433 1377 4482 ad
1396 4435 1449 4485 Cic.
1468 4434 1502 4484 de
1519 4435 1593 4486 Finn.

270 4525 297 4574 p.
311 4511 351 4561 39.
371 4537 398 4546 -
417 4511 441 4560 8.
460 4511 530 4559 atiud
545 4512 566 4560 si
583 4509 714 4560 Halmius:
734 4509 803 4558 aliod
819 4509 840 4558 is
856 4510 914 4568 SF;
934 4511 1004 4560 aliud
1020 4510 1040 4560 si
1056 4510 1078 4558 is
1093 4510 1125 4566 T:
1144 4511 1165 4558 si
1182 4509 1251 4558 aliud
1267 4510 1289 4557 is
1305 4505 1418 4560 ALliO.
1438 4533 1466 4543 -
1490 4507 1514 4558 9.
1533 4523 1594 4564 coo-

270 4591 348 4637 storet
359 4585 385 4636 L.
405 4587 443 4637 Ci.
462 4599 510 4649 pro
522 4586 615 4636 Roscio
627 4589 686 4636 Am.
700 4585 723 4649 5.
737 4585 794 4634 tta.
809 4584 843 4635 de
855 4583 935 4635 domo
948 4585 970 4648 ἓ.
986 4585 1041 4636 439.
1051 4611 1078 4620 -
1098 4585 1138 4634 to.
1152 4586 1195 4647 qui
1211 4585 1382 4646 imperitorum
1393 4583 1417 4634 b.
1430 4597 1453 4634 r.
1466 4591 1595 4647 aucupant

271 4661 418 4713 Priscianus
430 4661 472 4711 lli.
485 4661 515 4722 t,
528 4659 569 4710 39.
583 4687 610 4699 -
629 4662 648 4710 ii
661 4661 802 4724 peritorum
818 4661 876 4710 F.-
896 4659 936 4708 ll.
955 4660 1102 4709 dementiam
1119 4661 1172 4710 ST.
1186 4685 1212 4695 —
1233 4658 1272 4708 43.
1286 4663 1416 4708 aemonius
1426 4685 1464 4696 --
1475 4664 1595 4723 negarent

271 4749 324 4787 om.
337 4737 366 4785 Τ.
381 4761 409 4771 -
428 4736 469 4786 tt.
484 4736 541 4784 Uter
556 4735 634 4799 igitur
644 4761 681 4773 --
691 4737 803 4786 redderet
821 4733 862 4798 (al.
874 4735 966 4796 reddet)
985 4733 1155 4794 Quintilianus
1172 4735 1214 4784 IX.
1227 4735 1253 4796 Ξ,
1267 4734 1306 4783 tt.
1317 4760 1343 4769 -
1362 4733 1402 4784 49.
1416 4735 1527 4784 redderet
1542 4735 1595 4784 isne

271 4812 314 4874 qui
330 4825 355 4862 sc
371 4809 512 4864 STLFO:
533 4811 635 4860 reddere
650 4811 682 4860 its
697 4812 809 4873 osqouss
826 4811 881 4860 FA.
893 4837 918 4846 —
938 4811 978 4860 20.
993 4811 1059 4860 diem
1071 4812 1101 4868 S:
1120 4811 1211 4861 diceret
1224 4811 1253 4861 L.
1269 4835 1296 4844 -
1314 4821 1404 4859 soom.
1416 4809 1480 4875 9.-Ι
1497 4810 1594 4858 ostiolo

270 4901 324 4937 rem
335 4889 428 4938 FL-
446 4887 487 4936 it.
500 4885 630 4947 respondet
640 4887 800 4936 Francianus
818 4885 929 4949 primuS,
942 4885 975 4934 0:
994 4887 1120 4947 respondit
1135 4883 1226 4945 ΒΑ9;
1246 4886 1402 4947 responderet
1419 4885 1446 4934 L.
1467 4912 1494 4922 -
1512 4885 1553 4934 it.
1573 4885 1592 4931 ii

272 4975 326 5012 om.
340 4963 394 5012 ST.
409 4988 436 4998 -
454 4961 495 5012 23.
511 4961 621 5022 permissi
632 4973 685 5024 mg.
699 4960 731 5024 s,
745 4962 774 5010 0.
788 4986 815 4997 -
829 4959 977 5010 declieoriat
987 4973 1039 5023 mg.
1053 4960 1084 5022 i,
1104 4961 1137 5010 0:
1155 4961 1307 5011 mclioarsnt
1322 4957 1373 5011 ua
1383 4960 1401 5009 L
1411 4960 1473 5013 9.-
1487 4959 1527 5009 27.
1539 4960 1594 5009 tom

273 5049 327 5088 om.
346 5039 399 5088 ST.
419 5064 446 5074 -
466 5037 506 5088 34.
524 5036 734 5087 nominibuscum
751 5035 793 5085 ed.
807 5036 954 5086 Victoriana
972 5034 1026 5089 FO.
1043 5063 1069 5073 -
1087 5035 1115 5100 ii]
1132 5037 1157 5086 bi
1174 5037 1228 5087 st.
1246 5063 1273 5072 -
1291 5035 1400 5100 fumant
1416 5035 1472 5084 S‘l':
1489 5034 1594 5096 [memet

276 5109 415 5168 tanto.
429 5139 456 5152 ·-
476 5113 517 5168 32.
535 5114 578 5182 qui
593 5115 619 5164 S.
635 5141 661 5150 -
680 5110 721 5166 st.
741 5113 801 5178 Quis
817 5113 857 5178 Q.]
875 5113 977 5176 cohow
992 5113 1019 5162 F.
1038 5137 1065 5148 ·-
1085 5111 1125 5162 35.
1143 5111 1228 5162 moses
1244 5112 1270 5163 F.
