3642 5862
500 459 570 526 nn.
592 461 629 526 r.
659 459 732 526 cn.
753 456 997 524 xva-nrm.
1024 453 1081 541 gg.
1102 449 1250 518 ae-ts.
1487 433 1549 507 444

228 653 297 696 nrm
318 629 434 695 tabella
456 651 544 714 spem
567 630 628 694 sibi
649 630 786 715 aliquam
807 629 974 714 proponit,
1004 645 1139 711 quorum
1167 624 1306 689 omnium
1327 621 1432 706 palam
1455 635 1548 682 causa

228 723 390 807 incognita
411 744 487 788 voce
510 724 675 788 damnatus
701 729 774 788 4444
831 761 895 782 ...-

312 818 409 881 XVll.
431 815 482 883 42.
503 820 600 882 Esto:
622 818 704 882 nibil
725 839 767 882 ex
787 818 993 902 lugitivorum
1006 817 1091 881 bello
1106 823 1160 880 aut
1181 813 1362 897 suspicione
1383 809 1459 874 belli
1482 808 1548 871 lau·

228 913 278 976 dis
306 912 438 996 adeptus
467 921 533 988 est,
563 905 784 998 quodsneque
813 913 930 976 bellurn
956 912 1023 976 eius
1046 911 1132 974 modi
1152 929 1257 992 neque
1276 906 1353 971 belli
1375 903 1548 992 periculum

140 1037 146 1046 ·
226 1005 287 1094 luit
318 1007 351 1068 in
385 1002 509 1075 Sicilial
524 1028 628 1092 neque
661 1007 699 1070 ab
730 1005 981 1091 isto‘prouisum
1009 1011 1073 1080 est,
1105 1025 1145 1068 ne
1168 1003 1255 1087 quod
1277 1009 1370 1065 esset.
1412 1000 1454 1062 At
1472 1003 1573 1060 vorot
1643 983 1734 1080 (i-

166 1170 179 1184 g
228 1093 336 1165 contra
356 1100 476 1164 bellum
507 1102 702 1185 praedonum
725 1101 856 1165 classem
878 1099 988 1163 babuit
1010 1105 1150 1163 ornatam
1173 1096 1432 1180 diligentiamque
1453 1089 1486 1153 in
1509 1107 1550 1152 eo

228 1195 436 1277 singularem3
459 1197 565 1281 itaque
587 1197 625 1259 ab
647 1198 709 1261 isto
732 1195 890 1280 praeclare
912 1194 1041 1258 defensa
1062 1193 1224 1277 provincia
1246 1199 1304 1254 est.
1337 1189 1388 1252 Sic
1410 1182 1550 1250 debello

226 1288 440 1373 praedonum,
470 1291 516 1358 sic
538 1290 578 1353 de
600 1290 700 1353 classe
723 1289 902 1363 Siciliensi,
932 1288 1069 1363 iudices,
1099 1287 1218 1360 dicam,
1245 1292 1282 1348 ut
1308 1283 1370 1347 boc
1392 1283 1454 1345 iarn
1476 1284 1550 1342 ante

228 1381 425 1462 confirmem,
447 1386 480 1448 in
502 1385 563 1448 boo
584 1404 649 1447 uno
672 1403 787 1467 genere
810 1403 920 1447 ornnes
937 1383 1040 1446 inesse
1056 1381 1164 1466 culpas
1179 1381 1271 1445 istius
1286 1377 1456 1451 maximas,
1478 1391 1550 1437 ava-

228 1591 370 1656 expono,
393 1593 530 1655 quaeso,
552 1581 588 1636 ut
608 1573 728 1636 lecistis
751 1571 869 1646 adbuc,
891 1570 1061 1656 diligenter
1081 1568 1245 1635 attendite.

311 1661 362 1729 t3.
384 1668 462 1731 ltem
483 1666 628 1730 navalem
648 1667 785 1748 primum
806 1667 850 1729 ita
872 1664 944 1730 dico
963 1685 1033 1728 esse
1052 1664 1315 1736 administratam,
1336 1681 1402 1724 non
1415 1660 1463 1724 uti
1476 1678 1552 1743 pro-

227 1760 332 1825 vincia
353 1760 592 1834 defenderetur,
615 1759 670 1824 sed
692 1759 739 1822 uti
761 1759 870 1822 classis
891 1762 1020 1823 nomine
1041 1759 1175 1842 pecunia
1199 1762 1412 1842 quaereretur.
1450 1754 1550 1836 Supe-
1661 1801 1672 1854 i

227 1855 346 1919 riorum
355 1847 550 1944 (praetomm
571 1852 767 1918 consuetudo
790 1874 861 1916 cum
875 1853 954 1917 baec
975 1825 1148 2008 444444444ρι
1200 1871 1274 1915 aves
1290 1849 1468 1913 civitatibus
1483 1866 1550 1909 cer·
1607 1859 1620 1882 ·'
1633 1803 1664 1894 l
1681 1900 1698 1944 ρ

227 1957 345 2033 iusque
367 1969 516 2012 numems
538 1955 703 2011 nautarum
721 1947 917 2030 militumque
939 1947 1093 2044 imperape
1110 1967 1163 2022 ur,
1185 1943 1340 2009 maximae
1355 1949 1388 2006 et
1407 1940 1587 2024 locuple-u
1635 1939 1721 1996 sb-

229 2043 371 2106 tissimae
392 2041 510 2106 civitati
525 2042 728 2106 Mamertinae
751 2040 832 2104 nihil
853 2041 965 2104 horum
986 2041 1189 2123 imperavisti.
1226 2038 1275 2102 Ob
1296 2038 1377 2102 hano
1391 2056 1457 2100 rem
1473 2033 1550 2119 quid

227 2137 287 2200 tibi
316 2136 494 2200 Mamertini
523 2135 602 2198 clam
623 2135 776 2220 pecuniae
798 2135 960 2210 dederint,
981 2140 1074 2219 post,
1097 2134 1123 2197 si
1138 2127 1318 2210 ridebitur,
1346 2131 1550 2215 exipsorum

227 2231 341 2294 litteris
368 2230 564 2312 testibusque
594 2248 792 2312 quaeremus.
835 2224 886 2290 ii.
915 2230 1034 2292 Navem
1060 2247 1135 2292 vero
1167 2221 1340 2314 [cybaeam]
1370 2225 1549 2296 maximam,

228 2324 502 2410 triremis-instar,
523 2321 764 2406 pulcherrimam
785 2329 880 2405 atque
902 2322 1134 2386 amatissimam
1149 2323 1315 2407 cyliacam,
1337 2319 1442 2404 palam
1463 2315 1550 2381 aedi·
1688 2308 1707 2370 l

226 2413 349 2481 beatam
381 2423 509 2499 sumptu
531 2416 675 2500 publico,
704 2423 759 2479 tuo
785 2415 931 2490 nomine,
952 2417 1096 2499 publice,
1119 2417 1238 2480 sciente
1259 2422 1325 2479 tota
1347 2413 1472 2488 Sicilia,
1492 2420 1586 2496 perit

227 2511 507 2595 magistratumque
538 2511 761 2575 Mamertinum
790 2510 847 2574 tibi
875 2508 978 2574 datam
1006 2509 1220 2596 donatamque
1250 2530 1319 2573 esse
1340 2507 1421 2572 dico.
1464 2505 1551 2568 llaec

228 2605 317 2667 navis
340 2611 454 2666 onusta
475 2604 594 2686 praeda
616 2602 790 2676 Siciliensi,
812 2625 883 2667 cum
904 2606 976 2687 ipsa
996 2624 1126 2690 quoque
1148 2612 1232 2668 esset
1246 2624 1287 2668 ex
1300 2601 1434 2688 praeda,
1456 2597 1550 2663 simul

227 2718 297 2762 cnm
319 2697 388 2781 ipsc
411 2697 595 2772 decederet,
617 2697 751 2780 appulsa
771 2697 894 2762 Veliam
918 2707 968 2762 est
989 2719 1059 2762 cum
1074 2699 1220 2783 plurimis
1238 2700 1332 2763 rebus
1348 2705 1381 2760 et
1393 2697 1449 2772 iis,
1470 2713 1550 2780 quas

226 2793 286 2856 iste
308 2791 439 2853 Romam
461 2792 585 2854 mittere
607 2811 678 2854 curn
700 2791 812 2854 ceteris
833 2791 925 2855 furtis
946 2793 1065 2869 noluit,
1088 2792 1172 2876 quod
1188 2800 1277 2857 erant
1291 2792 1471 2857 carissimae
1485 2809 1550 2852 ma·

225 2886 377 2969 ximeque
400 2903 471 2947 eum
494 2884 701 2948 delectabant.
719 2855 812 2952 (Earn
833 2906 945 2950 narem
967 2906 1070 2971 nuper
1090 2894 1215 2971 egomet
1230 2886 1301 2968 ‚ridi
1315 2887 1424 2951 Veliae
1445 2883 1587 2948 multi-²⁵

226 2998 288 3063 que
310 2977 366 3042 alii
385 2961 815 3072 viderunthulcberrimam
837 2987 933 3064 atque
949 2981 1198 3058 amatissimam,
1220 2982 1359 3058 iudices3
1382 2999 1463 3064 quae
1478 2977 1550 3062 qui-
1648 2944 1714 3036 Γῖ

226 3072 297 3135 dem
327 3071 489 3148 omnibus,
520 3073 576 3158 qui
606 3093 674 3137 eam
704 3073 932 3157 adspexerant,
961 3083 1163 3159 prospectare
1192 3076 1254 3139 iarn
1284 3075 1432 3140 exsilium
1453 3080 1550 3157 atquc

226 3164 394 3248 explorare
414 3166 522 3248 lugam
547 3167 667 3231 domini
689 3166 866 3232 videbatur.
909 3169 1024 3231 Xl'lll.
1045 3164 1096 3234 ie.
1119 3168 1204 3246 Quid
1227 3169 1304 3233 mibi
1326 3168 1478 3232 hocloco
1500 3185 1551 3229 re-

226 3415 285 3478 nn
308 3418 508 3467 contradixerint
525 3418 557 3468 ot
578 3417 642 3468 dett.
662 3419 691 3469 0.
717 3421 829 3470 Secutus
848 3431 908 3469 sum
931 3419 1081 3484 Zumptium
1099 3423 1126 3469 et
1144 3417 1284 3479 4444444444,
1312 3421 1356 3482 qui
1373 3421 1472 3483 puncto
1489 3418 1550 3482 post

226 3493 328 3554 Tempsa
343 3493 429 3556 posito
446 3493 600 3544 indicativae
612 3494 779 3546 induxerunt.
802 3493 901 3554 Quodsi
913 3496 972 3558 quis
985 3496 1010 3545 in
1023 3495 1167 3558 asyndeto,
1186 3496 1258 3559 quod
1269 3495 1402 3560 sequitur,
1421 3493 1547 3554 offendat,

225 3565 308 3618 multo
329 3569 447 3630 praestat
467 3569 639 3619 coniunctivis
660 3583 692 3620 ex
714 3567 762 3620 at
783 3570 897 3632 receptis
919 3568 1093 3620 anacoluthon
1118 3571 1236 3620 statuere
1253 3581 1333 3633 quam
1350 3581 1411 3620 cunr
1430 3569 1549 3620 Ernestio

225 3644 327 3705 gratam
343 3643 412 3692 bano
428 3641 501 3693 Tullii
518 3642 715 3706 negligentiam,
735 3657 816 3709 quam
833 3643 948 3710 appellat
965 3644 1090 3708 Orellius,
1109 3646 1251 3709 corrigere.
1273 3671 1301 3682 ·-
1319 3649 1343 3695 et
1357 3646 1394 3695 tris
1410 3646 1443 3696 S:
1461 3643 1503 3694 sed
1518 3643 1552 3694 iia

225 3719 259 3778 44;
276 3717 319 3767 sed
334 3717 356 3766 is
372 3717 408 3768 Gt
425 3717 487 3777 Ld.;
505 3720 546 3768 aed
561 3719 599 3768 bis
615 3719 661 3777 Gt:
679 3719 717 3769 bia
733 3719 816 3783 bgtt3
835 3727 859 3770 et
873 3723 896 3770 is
912 3722 990 3785 Lagg.
1008 3720 1065 3772 rell.
1086 3749 1113 3760 -
1132 3721 1276 3802 oonmpctns
1293 3721 1347 3786 (sio)
1366 3721 1394 3771 a.
1415 3745 1443 3756 -
1465 3721 1489 3770 4.
1508 3723 1551 3769 ta-

225 3809 289 3860 bella
304 3809 340 3860 443
352 3807 382 3858 l:
401 3811 496 3861 tabellis
512 3811 576 3862 dett.
589 3813 618 3862 0.
634 3839 660 3848 -
676 3815 795 3876 proponit
811 3814 847 3864 443
861 3813 954 3878 (Madv.
972 3827 999 3879 p.
1013 3813 1094 3878 444444
1111 3815 1184 3877 ponit
1201 3813 1266 3866 dett.
1278 3813 1308 3864 0.
1327 3815 1396 3878 (Bais.
1415 3825 1442 3880 p.
1455 3812 1505 3877 37.)
1520 3839 1547 3850 -

188 3932 191 3940 .
225 3884 249 3936 3.
267 3885 401 3948 masone
417 3888 446 3938 a.
468 3914 494 3925 -
515 3887 538 3936 6.
554 3887 712 3949 praedonum
729 3899 781 3938 om.
800 3888 845 3939 443.
867 3915 894 3926 -
913 3889 1114 3954 diligentiamque
1130 3889 1241 3939 adhibuit
1256 3889 1283 3938 in
1299 3901 1327 3938 eo
1344 3886 1402 3938 cod.
1416 3885 1548 3954 Lambtii

233 3987 260 3999 -
274 3961 299 4011 i.
317 3958 350 4010 ob
365 3961 411 4011 isto
423 3961 478 4012 aa:
496 3961 528 4010 ab
544 3961 590 4012 isto
603 3967 721 4025 praetem
737 3959 810 4026 lti);
832 3963 879 4014 isto
892 3970 1011 4027 praetore
1026 3965 1090 4014 dett.
1103 3965 1173 4016 0.-
1187 3963 1211 4016 9.
1229 3963 1310 4013 minis
1324 3963 1353 4015 44.
1367 3991 1395 4001 -
1409 3966 1449 4016 44.
1462 3963 1551 4016 odien-

227 4035 277 4086 dite
293 4036 321 4087 44.
340 4063 368 4072 -
388 4036 428 4086 43.
446 4037 540 4086 sedati
558 4037 594 4088 443
606 4037 690 4100 ngas:
708 4038 751 4087 sed
765 4044 793 4088 ut
810 4038 874 4090 dett.
893 4041 922 4090 0.
937 4067 964 4077 -
984 4041 1024 4091 46.
1042 4041 1106 4090 hanc
1123 4036 1283 4104 assume:
1302 4052 1378 4102 quam
1394 4037 1458 4088 dett.
1476 4037 1506 4088 0.
1519 4061 1545 4076 -

226 4110 267 4160 ti.
284 4109 350 4160 ctam
363 4123 417 4174 pec.
436 4111 547 4162 dederint
563 4114 596 4163 tt:
622 4113 688 4163 ctam
704 4114 759 4163 ded.
779 4127 833 4178 pec.
853 4115 889 4165 (43
902 4114 984 4180 Lgit,
1003 4117 1037 4175 0;
1061 4129 1115 4178 pec.
1134 4116 1200 4166 ctam
1220 4115 1331 4166 dederint
1346 4116 1424 4179 Lagg.
1442 4109 1499 4162 rell.
1520 4139 1547 4150 -·

224 4185 246 4234 si
262 4185 298 4236 443
309 4186 378 4250 ngas
396 4188 489 4251 (Madv.
509 4201 535 4253 p.
548 4188 604 4239 4445.
623 4186 682 4240 coll.
701 4189 763 4240 liak.
781 4203 807 4255 p.
821 4189 887 4255 3444
906 4203 959 4241 om.
973 4190 1037 4241 dett.
1051 4192 1081 4241 0.
1097 4218 1124 4228 -
1143 4204 1177 4241 ea
1192 4203 1278 4241 cornea
1294 4189 1371 4253 ngas.
1386 4213 1414 4226 -
1434 4187 1473 4237 ta.
1486 4187 1551 4236 testi·

224 4261 316 4324 boone
331 4261 367 4313 443
378 4262 462 4326 ngas:
484 4267 509 4313 et
524 4263 622 4314 testibus
638 4261 702 4314 dett.
722 4264 751 4315 0.
775 4289 803 4302 -
830 4265 949 4327 cybaeam
966 4267 1002 4317 a:
1026 4265 1128 4328 rubeam
1144 4267 1189 4316 ott.
1207 4266 1236 4316 0.
1256 4291 1284 4302 -
1308 4265 1348 4316 te,
1365 4262 1550 4315 mattntnan

223 4334 342 4397 cybaeam
359 4336 440 4398 lth;
458 4337 647 4387 macinaomn
658 4345 742 4388 ornat.
761 4351 814 4391 om.
836 4340 872 4390 Gt
889 4339 936 4390 Ld.
955 4339 988 4390 ci.
1007 4341 1084 4393 brus.
1103 4341 1137 4391 u.
1156 4353 1182 4405 p.
1200 4341 1258 4392 238.
1281 4339 1472 4405 Repetittonem
1488 4349 1547 4388 roo.

224 4410 358 4473 enimam,
377 4425 446 4476 quae
463 4413 574 4464 Graevio
591 4425 643 4465 non
660 4414 717 4464 stne
735 4415 760 4463 44
777 4427 809 4465 44
820 4417 958 4466 venustate
976 4427 1036 4466 esse
1054 4415 1110 4466 visa
1128 4416 1182 4474 est,
1202 4412 1415 4467 molestissimam
1433 4424 1492 4463 esse
1509 4424 1551 4461 ar-

224 4485 355 4535 bitramur
377 4498 465 4550 neque
483 4485 601 4538 debebat
617 4499 677 4538 eam
695 4489 721 4539 in
740 4491 841 4540 textum
864 4491 983 4554 recipere
1003 4487 1130 4541 Halmius.
1160 4487 1248 4541 Altero
1264 4491 1323 4540 atro
1339 4487 1398 4538 loco
1414 4487 1482 4538 baec
1498 4497 1550 4535 vox

225 4558 338 4612 dolenda
356 4563 409 4621 est;
434 4563 522 4626 itaque
540 4561 653 4614 444ο44444
669 4566 758 4629 priora
775 4563 834 4616 loco
852 4565 927 4614 uncis
944 4563 1061 4626 inclusit,
1086 4578 1154 4630 quaa
1176 4567 1242 4615 ratio
1263 4564 1297 4615 ab
1314 4563 1464 4616 testimonio
1481 4564 1550 4611 Aru·

225 4637 292 4687 sioni
309 4635 569 4692 commendationem
587 4635 681 4698 habet,
706 4638 750 4702 qui
773 4637 810 4688 ibi
834 4637 903 4689 banc
919 4651 1015 4690 vocem
1032 4640 1136 4691 omittit.
1156 4637 1231 4704 [4444444
1248 4639 1324 4690 alieri
1339 4639 1483 4690 Arusianus
1500 4635 1549 4686 nisi

224 4711 306 4762 haec:
328 4725 418 4762 nauem
437 4713 578 4762 mammam
600 4713 709 4763 triremis
728 4714 828 4777 insana]
848 4741 874 4750 -
900 4715 941 4766 20.
959 4719 1002 4764 tao
1018 4717 1117 4766 nomine
1130 4715 1227 4778 44444444
1243 4715 1291 4776 ita,
1316 4713 1375 4764 cod.
1393 4714 1466 4765 lira:
1493 4721 1547 4760 om.

225 4786 303 4837 codd.
322 4785 378 4838 rell.
396 4787 426 4837 0.
458 4785 508 4850 [Sic
533 4799 582 4838 nos
604 4787 803 4840 adnotationem
824 4787 994 4850 sedecimum
1020 4791 1149 4844 iordanes
1173 4793 1244 4842 enim
1265 4803 1309 4840 vv.
1327 4793 1427 4852 sumptu
1438 4785 1547 4850 4444444440.

225 4875 294 4926 quae
312 4864 372 4913 ante
389 4867 432 4911 tuo
447 4861 546 4911 contine
562 4861 697 4927 leguntur,
720 4861 856 4914 deleverat
876 4865 906 4914 ut
923 4863 1055 4928 glossema
1072 4880 1131 4919 voc.
1146 4867 1255 4930 4444444,
1280 4866 1370 4918 nescio
1387 4875 1440 4929 quo
1457 4873 1547 4912 errore

225 4938 299 4987 ratus
317 4950 348 4988 ea
365 4937 391 4988 44
409 4937 508 5001 optimo
525 4938 545 4988 li
562 4937 678 5004 deesse]
697 4965 724 4976 -
743 4944 795 4990 tota
812 4952 865 4989 om.
884 4941 963 5002 Legg.
983 4968 1010 4978 -
1035 4955 1083 5004 per
1097 4941 1321 5006 magnanima
1336 4939 1386 4990 aa:
1401 4950 1449 5001 per
1463 4937 1548 4999 magi·

225 5016 330 5061 rtratam
350 5017 511 5076 scenamque
531 5013 611 5076 dett.;
633 5029 680 5079 per
694 5017 859 5082 magistratus
873 5021 1034 5078 4444444444
1050 5017 1141 5068 Franc.
1160 5017 1189 5068 0.
1210 5045 1237 5056 -
1262 5018 1304 5067 44.
1321 5017 1382 5066 baec
1397 5013 1470 5063 444444
1486 5023 1545 5075 sqq.

226 5087 313 5147 Quint.
331 5087 373 5138 lx.
392 5087 422 5150 3,
441 5086 481 5140 ii.
502 5115 530 5126 -
555 5090 596 5141 23.
615 5091 666 5154 ipss
682 5090 735 5146 aa:
754 5093 799 5142 iste
815 5092 879 5142 dett.
898 5091 927 5142 0.
947 5117 974 5126 -
994 5091 1101 5154 adeam
1116 5093 1145 5144 44.
1161 5119 1187 5129 -
1205 5096 1230 5143 et
1244 5091 1267 5142 ir
1281 5091 1311 5143 a.
1332 5117 1360 5126 -
1378 5087 1419 5140 tt.
1437 5087 1482 5139 iste
1499 5086 1544 5140 aa:

147 5177 149 5182 ·
225 5161 1066 5234 mdett0.-nnttnaaanani.gne.—etntntnaeaa.
