<?xml version="1.0" encoding="UTF-8"?>
<!DOCTYPE html PUBLIC "-//W3C//DTD XHTML 1.0 Transitional//EN"
    "http://www.w3.org/TR/xhtml1/DTD/xhtml1-transitional.dtd">
<html xmlns="http://www.w3.org/1999/xhtml" xml:lang="en" lang="en">
 <head>
  <title>
</title>
<meta http-equiv="Content-Type" content="text/html;charset=utf-8" />
  <meta name='ocr-system' content='tesseract 3.04.00' />
  <meta name='ocr-capabilities' content='ocr_page ocr_carea ocr_par ocr_line ocrx_word'/>
</head>
<body>
  <div class='ocr_page' id='page_1' title='image "./mtulliiciceroni00baitgoog_0063.png"; bbox 0 0 3684 5862; ppageno 0'>
   <div class='ocr_carea' id='block_1_1' title="bbox 644 433 1555 521">
    <p class='ocr_par' dir='ltr' id='par_1_1' title="bbox 644 433 1555 521">
     <span class='ocr_line' id='line_1_1' title="bbox 644 433 1555 521; baseline 0.002 -17"><span class='ocrx_word' id='word_1_1' title='bbox 644 436 880 508; x_wconf 77' lang='lat' dir='ltr'><strong>cm.1x-x.</strong></span> <span class='ocrx_word' id='word_1_2' title='bbox 905 434 963 521; x_wconf 67' lang='lat' dir='ltr'><strong>§S-</strong></span> <span class='ocrx_word' id='word_1_3' title='bbox 986 433 1136 504; x_wconf 77' lang='grc'><strong>23-28.</strong></span> <span class='ocrx_word' id='word_1_4' title='bbox 1511 435 1555 506; x_wconf 80' lang='grc'><strong>37</strong></span> 
     </span>
    </p>
   </div>
   <div class='ocr_carea' id='block_1_2' title="bbox 227 607 1683 3340">
    <p class='ocr_par' dir='ltr' id='par_1_2' title="bbox 227 607 1683 3340">
     <span class='ocr_line' id='line_1_2' title="bbox 229 607 1554 696; baseline -0.005 -16"><span class='ocrx_word' id='word_1_5' title='bbox 229 631 370 696; x_wconf 81' lang='lat' dir='ltr'><strong>sogonus</strong></span> <span class='ocrx_word' id='word_1_6' title='bbox 392 618 424 674; x_wconf 90' lang='lat' dir='ltr'><strong>et</strong></span> <span class='ocrx_word' id='word_1_7' title='bbox 444 610 513 695; x_wconf 90' lang='lat' dir='ltr'><strong>ipse</strong></span> <span class='ocrx_word' id='word_1_8' title='bbox 534 610 575 674; x_wconf 88' lang='lat' dir='ltr'><strong>ad</strong></span> <span class='ocrx_word' id='word_1_9' title='bbox 596 629 652 674; x_wconf 85' lang='lat' dir='ltr'><strong>eos</strong></span> <span class='ocrx_word' id='word_1_10' title='bbox 673 610 796 674; x_wconf 87' lang='lat' dir='ltr'><strong>aceedit</strong></span> <span class='ocrx_word' id='word_1_11' title='bbox 816 615 850 674; x_wconf 91' lang='lat' dir='ltr'><strong>et</strong></span> <span class='ocrx_word' id='word_1_12' title='bbox 869 608 1014 673; x_wconf 89' lang='lat' dir='ltr'><strong>homines</strong></span> <span class='ocrx_word' id='word_1_13' title='bbox 1035 607 1161 674; x_wconf 88' lang='lat' dir='ltr'><strong>nobiles</strong></span> <span class='ocrx_word' id='word_1_14' title='bbox 1182 607 1300 692; x_wconf 88' lang='lat' dir='ltr'><strong>allegat</strong></span> <span class='ocrx_word' id='word_1_15' title='bbox 1316 609 1372 684; x_wconf 85' lang='lat' dir='ltr'><strong>iis,</strong></span> <span class='ocrx_word' id='word_1_16' title='bbox 1392 609 1450 694; x_wconf 90' lang='lat' dir='ltr'><strong>qui</strong></span> <span class='ocrx_word' id='word_1_17' title='bbox 1465 615 1554 694; x_wconf 89' lang='lat' dir='ltr'><strong>pete-</strong></span> 
     </span>
     <span class='ocr_line' id='line_1_3' title="bbox 227 701 1555 789; baseline -0.002 -17"><span class='ocrx_word' id='word_1_18' title='bbox 227 713 315 782; x_wconf 87' lang='lat' dir='ltr'><strong>rent,</strong></span> <span class='ocrx_word' id='word_1_19' title='bbox 337 726 378 770; x_wconf 88' lang='lat' dir='ltr'><strong>no</strong></span> <span class='ocrx_word' id='word_1_20' title='bbox 400 706 441 770; x_wconf 92' lang='lat' dir='ltr'><strong>ad</strong></span> <span class='ocrx_word' id='word_1_21' title='bbox 463 705 583 768; x_wconf 88' lang='lat' dir='ltr'><strong>Sullam</strong></span> <span class='ocrx_word' id='word_1_22' title='bbox 604 705 744 780; x_wconf 88' lang='lat' dir='ltr'><strong>adirent,</strong></span> <span class='ocrx_word' id='word_1_23' title='bbox 766 709 799 768; x_wconf 90' lang='lat' dir='ltr'><strong>et</strong></span> <span class='ocrx_word' id='word_1_24' title='bbox 820 703 927 767; x_wconf 91' lang='lat' dir='ltr'><strong>omnia</strong></span> <span class='ocrx_word' id='word_1_25' title='bbox 943 701 1201 787; x_wconf 71' lang='lat' dir='ltr'>Chrysogonum,</span> <span class='ocrx_word' id='word_1_26' title='bbox 1224 724 1307 789; x_wconf 91' lang='lat' dir='ltr'><strong>quas</strong></span> <span class='ocrx_word' id='word_1_27' title='bbox 1326 703 1461 779; x_wconf 86' lang='lat' dir='ltr'><strong>vellent,</strong></span> <span class='ocrx_word' id='word_1_28' title='bbox 1483 724 1555 769; x_wconf 86' lang='lat' dir='ltr'><strong>esse</strong></span> 
     </span>
     <span class='ocr_line' id='line_1_4' title="bbox 228 795 1554 885; baseline 0 -20"><span class='ocrx_word' id='word_1_29' title='bbox 228 800 387 866; x_wconf 87' lang='lat' dir='ltr'><strong>facturum</strong></span> <span class='ocrx_word' id='word_1_30' title='bbox 407 799 643 885; x_wconf 76' lang='lat' dir='ltr'><strong>pollicerentur.</strong></span> <span class='ocrx_word' id='word_1_31' title='bbox 678 795 731 862; x_wconf 76' lang='lat'><strong>26.</strong></span> <span class='ocrx_word' id='word_1_32' title='bbox 753 799 862 883; x_wconf 80' lang='lat' dir='ltr'><strong>Usque</strong></span> <span class='ocrx_word' id='word_1_33' title='bbox 881 799 964 862; x_wconf 92' lang='lat' dir='ltr'><strong>adeo</strong></span> <span class='ocrx_word' id='word_1_34' title='bbox 985 806 1092 862; x_wconf 88' lang='lat' dir='ltr'><strong>autem</strong></span> <span class='ocrx_word' id='word_1_35' title='bbox 1109 798 1163 864; x_wconf 89' lang='lat' dir='ltr'><strong>ille</strong></span> <span class='ocrx_word' id='word_1_36' title='bbox 1177 800 1399 884; x_wconf 79' lang='lat' dir='ltr'><strong>pertimuerat,</strong></span> <span class='ocrx_word' id='word_1_37' title='bbox 1421 807 1458 863; x_wconf 92' lang='lat' dir='ltr'><strong>ut</strong></span> <span class='ocrx_word' id='word_1_38' title='bbox 1471 801 1554 865; x_wconf 89' lang='lat' dir='ltr'><strong>mori</strong></span> 
     </span>
     <span class='ocr_line' id='line_1_5' title="bbox 229 891 1556 980; baseline -0.001 -21"><span class='ocrx_word' id='word_1_39' title='bbox 229 894 340 959; x_wconf 88' lang='lat' dir='ltr'><strong>mallet</strong></span> <span class='ocrx_word' id='word_1_40' title='bbox 361 914 456 979; x_wconf 90' lang='lat' dir='ltr'><strong>quam</strong></span> <span class='ocrx_word' id='word_1_41' title='bbox 479 896 519 958; x_wconf 92' lang='lat' dir='ltr'><strong>de</strong></span> <span class='ocrx_word' id='word_1_42' title='bbox 540 895 591 958; x_wconf 86' lang='lat' dir='ltr'><strong>his</strong></span> <span class='ocrx_word' id='word_1_43' title='bbox 612 894 706 958; x_wconf 87' lang='lat' dir='ltr'><strong>rebus</strong></span> <span class='ocrx_word' id='word_1_44' title='bbox 728 893 851 958; x_wconf 84' lang='lat' dir='ltr'><strong>Sullam</strong></span> <span class='ocrx_word' id='word_1_45' title='bbox 873 893 991 957; x_wconf 87' lang='lat' dir='ltr'><strong>doceri.</strong></span> <span class='ocrx_word' id='word_1_46' title='bbox 1026 891 1179 958; x_wconf 80' lang='lat' dir='ltr'><strong>Homines</strong></span> <span class='ocrx_word' id='word_1_47' title='bbox 1200 895 1341 980; x_wconf 76' lang='lat' dir='ltr'><strong>antiqui,</strong></span> <span class='ocrx_word' id='word_1_48' title='bbox 1363 895 1420 979; x_wconf 91' lang='lat' dir='ltr'><strong>qui</strong></span> <span class='ocrx_word' id='word_1_49' title='bbox 1437 915 1478 958; x_wconf 82' lang='lat' dir='ltr'><strong>ex</strong></span> <span class='ocrx_word' id='word_1_50' title='bbox 1497 914 1556 958; x_wconf 88' lang='lat' dir='ltr'><strong>sua</strong></span> 
     </span>
     <span class='ocr_line' id='line_1_6' title="bbox 229 981 1593 1072; baseline -0.002 -19"><span class='ocrx_word' id='word_1_51' title='bbox 229 997 344 1054; x_wconf 87' lang='lat' dir='ltr'><strong>natura</strong></span> <span class='ocrx_word' id='word_1_52' title='bbox 372 985 690 1072; x_wconf 69' lang='lat' dir='ltr'><strong>ceterosfingerent,</strong></span> <span class='ocrx_word' id='word_1_53' title='bbox 721 1009 793 1051; x_wconf 92' lang='lat' dir='ltr'><strong>oum</strong></span> <span class='ocrx_word' id='word_1_54' title='bbox 823 987 878 1051; x_wconf 92' lang='lat' dir='ltr'><strong>ille</strong></span> <span class='ocrx_word' id='word_1_55' title='bbox 900 981 1099 1050; x_wconf 85' lang='lat' dir='ltr'><strong>confirmaret</strong></span> <span class='ocrx_word' id='word_1_56' title='bbox 1120 1007 1191 1052; x_wconf 88' lang='lat' dir='ltr'><strong>sese</strong></span> <span class='ocrx_word' id='word_1_57' title='bbox 1211 1007 1329 1052; x_wconf 89' lang='lat' dir='ltr'><strong>nomen</strong></span> <span class='ocrx_word' id='word_1_58' title='bbox 1350 990 1425 1052; x_wconf 86' lang='lat' dir='ltr'><strong>Sex.</strong></span> <span class='ocrx_word' id='word_1_59' title='bbox 1447 989 1555 1052; x_wconf 82' lang='lat' dir='ltr'><strong>Roscii</strong></span> <span class='ocrx_word' id='word_1_60' title='bbox 1578 1005 1593 1050; x_wconf 87' lang='lat' dir='ltr'><strong>e</strong></span> 
     </span>
     <span class='ocr_line' id='line_1_7' title="bbox 229 1077 1556 1168; baseline -0.002 -21"><span class='ocrx_word' id='word_1_61' title='bbox 229 1085 270 1148; x_wconf 92' lang='lat' dir='ltr'><strong>de</strong></span> <span class='ocrx_word' id='word_1_62' title='bbox 292 1084 407 1149; x_wconf 91' lang='lat' dir='ltr'><strong>tahulis</strong></span> <span class='ocrx_word' id='word_1_63' title='bbox 431 1090 668 1167; x_wconf 83' lang='lat' dir='ltr'><strong>exemptarum,</strong></span> <span class='ocrx_word' id='word_1_64' title='bbox 696 1081 827 1164; x_wconf 92' lang='lat' dir='ltr'><strong>praedia</strong></span> <span class='ocrx_word' id='word_1_65' title='bbox 853 1099 954 1144; x_wconf 88' lang='lat' dir='ltr'><strong>vacua</strong></span> <span class='ocrx_word' id='word_1_66' title='bbox 975 1077 1040 1144; x_wconf 89' lang='lat' dir='ltr'><strong>filio</strong></span> <span class='ocrx_word' id='word_1_67' title='bbox 1063 1082 1266 1158; x_wconf 87' lang='lat' dir='ltr'><strong>traditurum,</strong></span> <span class='ocrx_word' id='word_1_68' title='bbox 1296 1103 1433 1168; x_wconf 85' lang='lat' dir='ltr'><strong>cumque</strong></span> <span class='ocrx_word' id='word_1_69' title='bbox 1455 1083 1489 1146; x_wconf 95' lang='lat' dir='ltr'><strong>id</strong></span> <span class='ocrx_word' id='word_1_70' title='bbox 1510 1083 1556 1146; x_wconf 88' lang='lat' dir='ltr'><strong>ita</strong></span> 
     </span>
     <span class='ocr_line' id='line_1_8' title="bbox 229 1175 1556 1262; baseline -0.002 -20"><span class='ocrx_word' id='word_1_71' title='bbox 229 1180 370 1244; x_wconf 89' lang='lat' dir='ltr'><strong>futurum</strong></span> <span class='ocrx_word' id='word_1_72' title='bbox 399 1182 435 1243; x_wconf 89' lang='grc' dir='ltr'><strong>Τ.</strong></span> <span class='ocrx_word' id='word_1_73' title='bbox 456 1179 592 1242; x_wconf 79' lang='lat' dir='ltr'><strong>Roscius</strong></span> <span class='ocrx_word' id='word_1_74' title='bbox 616 1177 745 1261; x_wconf 85' lang='lat' dir='ltr'><strong>Capito,</strong></span> <span class='ocrx_word' id='word_1_75' title='bbox 774 1177 829 1260; x_wconf 91' lang='lat' dir='ltr'><strong>qui</strong></span> <span class='ocrx_word' id='word_1_76' title='bbox 857 1175 891 1239; x_wconf 90' lang='lat' dir='ltr'><strong>in</strong></span> <span class='ocrx_word' id='word_1_77' title='bbox 913 1175 1023 1238; x_wconf 87' lang='lat' dir='ltr'><strong>decem</strong></span> <span class='ocrx_word' id='word_1_78' title='bbox 1051 1175 1163 1258; x_wconf 87' lang='lat' dir='ltr'><strong>legatis</strong></span> <span class='ocrx_word' id='word_1_79' title='bbox 1185 1184 1268 1253; x_wconf 92' lang='lat' dir='ltr'><strong>erat,</strong></span> <span class='ocrx_word' id='word_1_80' title='bbox 1299 1177 1556 1262; x_wconf 87' lang='lat' dir='ltr'><strong>appromitteret,</strong></span> 
     </span>
     <span class='ocr_line' id='line_1_9' title="bbox 230 1270 1670 1354; baseline -0.003 -16"><span class='ocrx_word' id='word_1_81' title='bbox 230 1275 449 1338; x_wconf 85' lang='lat' dir='ltr'><strong>crediderunt:</strong></span> <span class='ocrx_word' id='word_1_82' title='bbox 481 1273 641 1336; x_wconf 78' lang='lat' dir='ltr'><strong>Ameriam</strong></span> <span class='ocrx_word' id='word_1_83' title='bbox 671 1291 706 1334; x_wconf 91' lang='lat' dir='ltr'><strong>re</strong></span> <span class='ocrx_word' id='word_1_84' title='bbox 735 1270 860 1334; x_wconf 91' lang='lat' dir='ltr'><strong>inorata</strong></span> <span class='ocrx_word' id='word_1_85' title='bbox 886 1275 1093 1333; x_wconf 84' lang='lat' dir='ltr'><strong>reverterunt</strong></span> <span class='ocrx_word' id='word_1_86' title='bbox 1135 1272 1181 1333; x_wconf 78' lang='lat' dir='ltr'><strong>Ac</strong></span> <span class='ocrx_word' id='word_1_87' title='bbox 1208 1271 1311 1354; x_wconf 90' lang='lat' dir='ltr'><strong>primo</strong></span> <span class='ocrx_word' id='word_1_88' title='bbox 1338 1292 1406 1337; x_wconf 87' lang='lat' dir='ltr'><strong>rem</strong></span> <span class='ocrx_word' id='word_1_89' title='bbox 1428 1272 1555 1335; x_wconf 81' lang='lat' dir='ltr'><strong>differre</strong></span> <span class='ocrx_word' id='word_1_90' title='bbox 1663 1308 1670 1322; x_wconf 88' lang='lat'>-</span> 
     </span>
     <span class='ocr_line' id='line_1_10' title="bbox 230 1359 1554 1452; baseline -0.003 -21"><span class='ocrx_word' id='word_1_91' title='bbox 230 1367 375 1452; x_wconf 89' lang='lat' dir='ltr'><strong>quotidie</strong></span> <span class='ocrx_word' id='word_1_92' title='bbox 395 1387 433 1432; x_wconf 89' lang='lat' dir='ltr'><strong>ac</strong></span> <span class='ocrx_word' id='word_1_93' title='bbox 454 1367 687 1452; x_wconf 78' lang='lat' dir='ltr'><strong>procrastinare</strong></span> <span class='ocrx_word' id='word_1_94' title='bbox 709 1365 762 1429; x_wconf 87' lang='lat' dir='ltr'><strong>isti</strong></span> <span class='ocrx_word' id='word_1_95' title='bbox 785 1370 975 1447; x_wconf 87' lang='lat' dir='ltr'><strong>coeperunt,</strong></span> <span class='ocrx_word' id='word_1_96' title='bbox 999 1362 1114 1426; x_wconf 91' lang='lat' dir='ltr'><strong>deinde</strong></span> <span class='ocrx_word' id='word_1_97' title='bbox 1136 1363 1300 1448; x_wconf 89' lang='lat' dir='ltr'><strong>aliquanto</strong></span> <span class='ocrx_word' id='word_1_98' title='bbox 1314 1367 1431 1430; x_wconf 90' lang='lat' dir='ltr'><strong>lentius</strong></span> <span class='ocrx_word' id='word_1_99' title='bbox 1448 1359 1554 1449; x_wconf 92' lang='lat' dir='ltr'><strong>[nihil]</strong></span> 
     </span>
     <span class='ocr_line' id='line_1_11' title="bbox 230 1457 1594 1545; baseline -0.002 -20"><span class='ocrx_word' id='word_1_100' title='bbox 230 1481 323 1545; x_wconf 88' lang='lat' dir='ltr'><strong>agere</strong></span> <span class='ocrx_word' id='word_1_101' title='bbox 345 1469 441 1545; x_wconf 88' lang='lat' dir='ltr'><strong>atque</strong></span> <span class='ocrx_word' id='word_1_102' title='bbox 464 1462 633 1536; x_wconf 86' lang='lat' dir='ltr'><strong>deludere;</strong></span> <span class='ocrx_word' id='word_1_103' title='bbox 656 1467 833 1544; x_wconf 89' lang='lat' dir='ltr'><strong>postremo,</strong></span> <span class='ocrx_word' id='word_1_104' title='bbox 854 1459 888 1521; x_wconf 94' lang='lat' dir='ltr'><strong>id</strong></span> <span class='ocrx_word' id='word_1_105' title='bbox 911 1459 998 1542; x_wconf 92' lang='lat' dir='ltr'><strong>quod</strong></span> <span class='ocrx_word' id='word_1_106' title='bbox 1018 1457 1112 1521; x_wconf 91' lang='lat' dir='ltr'><strong>facile</strong></span> <span class='ocrx_word' id='word_1_107' title='bbox 1125 1459 1322 1524; x_wconf 87' lang='lat' dir='ltr'><strong>intellectum</strong></span> <span class='ocrx_word' id='word_1_108' title='bbox 1337 1468 1401 1537; x_wconf 87' lang='lat' dir='ltr'><strong>est,</strong></span> <span class='ocrx_word' id='word_1_109' title='bbox 1422 1459 1594 1527; x_wconf 82' lang='lat' dir='ltr'><strong>insidiasto</strong></span> 
     </span>
     <span class='ocr_line' id='line_1_12' title="bbox 229 1551 1557 1637; baseline -0.004 -16"><span class='ocrx_word' id='word_1_110' title='bbox 229 1559 313 1622; x_wconf 83' lang='lat' dir='ltr'><strong>vitae</strong></span> <span class='ocrx_word' id='word_1_111' title='bbox 334 1556 469 1621; x_wconf 88' lang='lat' dir='ltr'><strong>huiusce</strong></span> <span class='ocrx_word' id='word_1_112' title='bbox 492 1555 566 1620; x_wconf 82' lang='lat' dir='ltr'><strong>Sex.</strong></span> <span class='ocrx_word' id='word_1_113' title='bbox 588 1555 696 1618; x_wconf 82' lang='lat' dir='ltr'><strong>Roscii</strong></span> <span class='ocrx_word' id='word_1_114' title='bbox 718 1572 847 1636; x_wconf 90' lang='lat' dir='ltr'><strong>parare,</strong></span> <span class='ocrx_word' id='word_1_115' title='bbox 869 1573 975 1636; x_wconf 87' lang='lat' dir='ltr'><strong>neque</strong></span> <span class='ocrx_word' id='word_1_116' title='bbox 990 1571 1059 1616; x_wconf 87' lang='lat' dir='ltr'><strong>sese</strong></span> <span class='ocrx_word' id='word_1_117' title='bbox 1074 1551 1218 1616; x_wconf 88' lang='lat' dir='ltr'><strong>arbitrari</strong></span> <span class='ocrx_word' id='word_1_118' title='bbox 1232 1574 1328 1637; x_wconf 89' lang='lat' dir='ltr'><strong>posse</strong></span> <span class='ocrx_word' id='word_1_119' title='bbox 1342 1555 1464 1619; x_wconf 86' lang='lat' dir='ltr'><strong>diutius</strong></span> <span class='ocrx_word' id='word_1_120' title='bbox 1479 1553 1557 1617; x_wconf 89' lang='lat' dir='ltr'><strong>alic·</strong></span> 
     </span>
     <span class='ocr_line' id='line_1_13' title="bbox 229 1643 1555 1733; baseline -0.005 -17"><span class='ocrx_word' id='word_1_121' title='bbox 229 1671 304 1716; x_wconf 87' lang='lat' dir='ltr'><strong>nam</strong></span> <span class='ocrx_word' id='word_1_122' title='bbox 325 1651 496 1733; x_wconf 89' lang='lat' dir='ltr'><strong>pecuniam</strong></span> <span class='ocrx_word' id='word_1_123' title='bbox 517 1650 648 1712; x_wconf 89' lang='lat' dir='ltr'><strong>domino</strong></span> <span class='ocrx_word' id='word_1_124' title='bbox 670 1648 824 1712; x_wconf 89' lang='lat' dir='ltr'><strong>incolumi</strong></span> <span class='ocrx_word' id='word_1_125' title='bbox 847 1647 998 1711; x_wconf 85' lang='lat' dir='ltr'><strong>obtinere.</strong></span> <span class='ocrx_word' id='word_1_126' title='bbox 1032 1647 1073 1708; x_wconf 88' lang='lat' dir='ltr'><strong>X.</strong></span> <span class='ocrx_word' id='word_1_127' title='bbox 1094 1643 1145 1711; x_wconf 80' lang='lat'><strong>27.</strong></span> <span class='ocrx_word' id='word_1_128' title='bbox 1172 1647 1334 1723; x_wconf 88' lang='lat' dir='ltr'><strong>Quodhic</strong></span> <span class='ocrx_word' id='word_1_129' title='bbox 1349 1648 1555 1731; x_wconf 87' lang='lat' dir='ltr'><strong>simulatque</strong></span> 
     </span>
     <span class='ocr_line' id='line_1_14' title="bbox 231 1742 1556 1826; baseline -0.002 -17"><span class='ocrx_word' id='word_1_130' title='bbox 231 1745 348 1818; x_wconf 86' lang='lat' dir='ltr'><strong>sensit,</strong></span> <span class='ocrx_word' id='word_1_131' title='bbox 380 1744 420 1808; x_wconf 91' lang='lat' dir='ltr'><strong>de</strong></span> <span class='ocrx_word' id='word_1_132' title='bbox 449 1743 623 1806; x_wconf 89' lang='lat' dir='ltr'><strong>amicorum</strong></span> <span class='ocrx_word' id='word_1_133' title='bbox 646 1749 915 1826; x_wconf 79' lang='lat' dir='ltr'><strong>cognatorumque</strong></span> <span class='ocrx_word' id='word_1_134' title='bbox 937 1742 1094 1804; x_wconf 89' lang='lat' dir='ltr'><strong>sententia</strong></span> <span class='ocrx_word' id='word_1_135' title='bbox 1114 1743 1246 1805; x_wconf 84' lang='lat' dir='ltr'><strong>Romam</strong></span> <span class='ocrx_word' id='word_1_136' title='bbox 1268 1742 1411 1826; x_wconf 75' lang='lat' dir='ltr'><strong>confugit</strong></span> <span class='ocrx_word' id='word_1_137' title='bbox 1430 1749 1464 1806; x_wconf 90' lang='lat' dir='ltr'><strong>et</strong></span> <span class='ocrx_word' id='word_1_138' title='bbox 1486 1762 1556 1806; x_wconf 89' lang='lat' dir='ltr'><strong>sese</strong></span> 
     </span>
     <span class='ocr_line' id='line_1_15' title="bbox 230 1829 1683 1924; baseline -0.004 -20"><span class='ocrx_word' id='word_1_139' title='bbox 230 1842 272 1904; x_wconf 89' lang='lat' dir='ltr'><strong>ad</strong></span> <span class='ocrx_word' id='word_1_140' title='bbox 297 1839 483 1913; x_wconf 69' lang='lat' dir='ltr'><strong>Caeoihffl,</strong></span> <span class='ocrx_word' id='word_1_141' title='bbox 505 1837 529 1920; x_wconf 68' lang='lat'><strong>³5</strong></span> <span class='ocrx_word' id='word_1_142' title='bbox 550 1833 819 1924; x_wconf 32' lang='lat' dir='ltr'><strong>Nepotis-liliam,</strong></span> <span class='ocrx_word' id='word_1_143' title='bbox 847 1855 943 1920; x_wconf 89' lang='lat' dir='ltr'><strong>quam</strong></span> <span class='ocrx_word' id='word_1_144' title='bbox 963 1835 1096 1898; x_wconf 92' lang='lat' dir='ltr'><strong>honoris</strong></span> <span class='ocrx_word' id='word_1_145' title='bbox 1118 1855 1214 1900; x_wconf 91' lang='lat' dir='ltr'><strong>causa</strong></span> <span class='ocrx_word' id='word_1_146' title='bbox 1234 1837 1382 1912; x_wconf 89' lang='lat' dir='ltr'><strong>nomino,</strong></span> <span class='ocrx_word' id='word_1_147' title='bbox 1404 1836 1555 1912; x_wconf 88' lang='lat' dir='ltr'><strong>eontulit,</strong></span> <span class='ocrx_word' id='word_1_148' title='bbox 1658 1829 1683 1924; x_wconf 64' lang='lat' dir='ltr'><em>s</em></span> 
     </span>
     <span class='ocr_line' id='line_1_16' title="bbox 233 1930 1594 2018; baseline -0.001 -20"><span class='ocrx_word' id='word_1_149' title='bbox 233 1953 297 2018; x_wconf 90' lang='lat' dir='ltr'><strong>qua</strong></span> <span class='ocrx_word' id='word_1_150' title='bbox 318 1939 410 2018; x_wconf 87' lang='lat' dir='ltr'><strong>pater</strong></span> <span class='ocrx_word' id='word_1_151' title='bbox 430 1953 507 1996; x_wconf 92' lang='lat' dir='ltr'><strong>usus</strong></span> <span class='ocrx_word' id='word_1_152' title='bbox 530 1939 597 1996; x_wconf 90' lang='lat' dir='ltr'><strong>erat</strong></span> <span class='ocrx_word' id='word_1_153' title='bbox 616 1932 804 2015; x_wconf 88' lang='lat' dir='ltr'><strong>plurimum:</strong></span> <span class='ocrx_word' id='word_1_154' title='bbox 826 1931 939 2015; x_wconf 89' lang='lat' dir='ltr'><strong>inqua</strong></span> <span class='ocrx_word' id='word_1_155' title='bbox 956 1930 1106 2005; x_wconf 89' lang='lat' dir='ltr'><strong>muliere,</strong></span> <span class='ocrx_word' id='word_1_156' title='bbox 1126 1931 1267 2005; x_wconf 87' lang='lat' dir='ltr'><strong>iudices,</strong></span> <span class='ocrx_word' id='word_1_157' title='bbox 1290 1931 1386 1995; x_wconf 91' lang='lat' dir='ltr'><strong>etiam</strong></span> <span class='ocrx_word' id='word_1_158' title='bbox 1399 1950 1501 2007; x_wconf 90' lang='lat' dir='ltr'><strong>nunc,</strong></span> <span class='ocrx_word' id='word_1_159' title='bbox 1522 1931 1556 1993; x_wconf 94' lang='lat' dir='ltr'><strong>id</strong></span> <span class='ocrx_word' id='word_1_160' title='bbox 1565 1949 1594 2000; x_wconf 75' lang='lat' dir='ltr'><strong>se</strong></span> 
     </span>
     <span class='ocr_line' id='line_1_17' title="bbox 233 2023 1556 2112; baseline -0.002 -21"><span class='ocrx_word' id='word_1_161' title='bbox 233 2028 321 2112; x_wconf 94' lang='lat' dir='ltr'><strong>quod</strong></span> <span class='ocrx_word' id='word_1_162' title='bbox 343 2046 453 2091; x_wconf 89' lang='lat' dir='ltr'><strong>omnes</strong></span> <span class='ocrx_word' id='word_1_163' title='bbox 474 2046 600 2111; x_wconf 89' lang='lat' dir='ltr'><strong>semper</strong></span> <span class='ocrx_word' id='word_1_164' title='bbox 613 2026 887 2100; x_wconf 82' lang='lat' dir='ltr'><strong>existimavemnt,</strong></span> <span class='ocrx_word' id='word_1_165' title='bbox 910 2026 1002 2109; x_wconf 82' lang='lat' dir='ltr'><strong>quasi</strong></span> <span class='ocrx_word' id='word_1_166' title='bbox 1021 2023 1159 2109; x_wconf 83' lang='lat' dir='ltr'><strong>exernpli</strong></span> <span class='ocrx_word' id='word_1_167' title='bbox 1174 2043 1271 2090; x_wconf 86' lang='lat' dir='ltr'><strong>causa</strong></span> <span class='ocrx_word' id='word_1_168' title='bbox 1284 2025 1418 2109; x_wconf 86' lang='lat' dir='ltr'><strong>vestigia</strong></span> <span class='ocrx_word' id='word_1_169' title='bbox 1431 2026 1556 2110; x_wconf 87' lang='lat' dir='ltr'><strong>antiqui</strong></span> 
     </span>
     <span class='ocr_line' id='line_1_18' title="bbox 234 2118 1558 2205; baseline -0.003 -19"><span class='ocrx_word' id='word_1_170' title='bbox 234 2118 331 2186; x_wconf 87' lang='lat' dir='ltr'><strong>oflicii</strong></span> <span class='ocrx_word' id='word_1_171' title='bbox 353 2127 525 2186; x_wconf 90' lang='lat' dir='ltr'><strong>remanent.</strong></span> <span class='ocrx_word' id='word_1_172' title='bbox 561 2123 607 2186; x_wconf 87' lang='lat' dir='ltr'><strong>Ea</strong></span> <span class='ocrx_word' id='word_1_173' title='bbox 628 2122 702 2185; x_wconf 84' lang='lat' dir='ltr'><strong>Sex.</strong></span> <span class='ocrx_word' id='word_1_174' title='bbox 724 2120 874 2184; x_wconf 83' lang='lat' dir='ltr'><strong>Roscium</strong></span> <span class='ocrx_word' id='word_1_175' title='bbox 895 2121 1042 2205; x_wconf 86' lang='lat' dir='ltr'><strong>inopem,</strong></span> <span class='ocrx_word' id='word_1_176' title='bbox 1064 2119 1201 2184; x_wconf 88' lang='lat' dir='ltr'><strong>eiectum</strong></span> <span class='ocrx_word' id='word_1_177' title='bbox 1222 2121 1318 2184; x_wconf 90' lang='lat' dir='ltr'><strong>domo</strong></span> <span class='ocrx_word' id='word_1_178' title='bbox 1333 2127 1431 2203; x_wconf 88' lang='lat' dir='ltr'><strong>atquc</strong></span> <span class='ocrx_word' id='word_1_179' title='bbox 1446 2119 1558 2203; x_wconf 83' lang='lat' dir='ltr'><strong>expul-</strong></span> 
     </span>
     <span class='ocr_line' id='line_1_19' title="bbox 234 2213 1557 2298; baseline -0.002 -18"><span class='ocrx_word' id='word_1_180' title='bbox 234 2237 304 2280; x_wconf 89' lang='lat' dir='ltr'><strong>sum</strong></span> <span class='ocrx_word' id='word_1_181' title='bbox 332 2235 374 2279; x_wconf 83' lang='lat' dir='ltr'><strong>ax</strong></span> <span class='ocrx_word' id='word_1_182' title='bbox 395 2216 461 2280; x_wconf 88' lang='lat' dir='ltr'><strong>suis</strong></span> <span class='ocrx_word' id='word_1_183' title='bbox 481 2217 592 2290; x_wconf 89' lang='lat' dir='ltr'><strong>honis,</strong></span> <span class='ocrx_word' id='word_1_184' title='bbox 618 2215 791 2297; x_wconf 88' lang='lat' dir='ltr'><strong>fugientem</strong></span> <span class='ocrx_word' id='word_1_185' title='bbox 816 2215 976 2279; x_wconf 89' lang='lat' dir='ltr'><strong>latronum</strong></span> <span class='ocrx_word' id='word_1_186' title='bbox 997 2213 1062 2278; x_wconf 88' lang='lat' dir='ltr'><strong>tela</strong></span> <span class='ocrx_word' id='word_1_187' title='bbox 1083 2219 1115 2276; x_wconf 92' lang='lat' dir='ltr'><strong>et</strong></span> <span class='ocrx_word' id='word_1_188' title='bbox 1136 2213 1256 2288; x_wconf 87' lang='lat' dir='ltr'><strong>minas,</strong></span> <span class='ocrx_word' id='word_1_189' title='bbox 1283 2215 1405 2298; x_wconf 88' lang='lat' dir='ltr'><strong>recepit</strong></span> <span class='ocrx_word' id='word_1_190' title='bbox 1427 2214 1557 2278; x_wconf 92' lang='lat' dir='ltr'><strong>domum</strong></span> 
     </span>
     <span class='ocr_line' id='line_1_20' title="bbox 231 2307 1556 2395; baseline -0.001 -22"><span class='ocrx_word' id='word_1_191' title='bbox 231 2310 417 2394; x_wconf 83' lang='lat' dir='ltr'><strong>hospitique</strong></span> <span class='ocrx_word' id='word_1_192' title='bbox 445 2329 597 2394; x_wconf 88' lang='lat' dir='ltr'><strong>oppresso</strong></span> <span class='ocrx_word' id='word_1_193' title='bbox 626 2310 690 2372; x_wconf 89' lang='lat' dir='ltr'><strong>iam</strong></span> <span class='ocrx_word' id='word_1_194' title='bbox 711 2310 946 2395; x_wconf 86' lang='lat' dir='ltr'><strong>desperatoque</strong></span> <span class='ocrx_word' id='word_1_195' title='bbox 968 2309 1008 2372; x_wconf 90' lang='lat' dir='ltr'><strong>ab</strong></span> <span class='ocrx_word' id='word_1_196' title='bbox 1031 2307 1178 2372; x_wconf 89' lang='lat' dir='ltr'><strong>omnihus</strong></span> <span class='ocrx_word' id='word_1_197' title='bbox 1200 2307 1358 2390; x_wconf 89' lang='lat' dir='ltr'><strong>opitulata</strong></span> <span class='ocrx_word' id='word_1_198' title='bbox 1378 2316 1436 2374; x_wconf 85' lang='lat' dir='ltr'><strong>est</strong></span> <span class='ocrx_word' id='word_1_199' title='bbox 1478 2309 1556 2373; x_wconf 88' lang='lat' dir='ltr'><strong>Eius</strong></span> 
     </span>
     <span class='ocr_line' id='line_1_21' title="bbox 231 2401 1594 2489; baseline 0 -20"><span class='ocrx_word' id='word_1_200' title='bbox 231 2407 363 2479; x_wconf 83' lang='lat' dir='ltr'><strong>virtute,</strong></span> <span class='ocrx_word' id='word_1_201' title='bbox 396 2401 474 2480; x_wconf 85' lang='lat' dir='ltr'><strong>fide,</strong></span> <span class='ocrx_word' id='word_1_202' title='bbox 502 2403 667 2489; x_wconf 76' lang='lat' dir='ltr'><strong>diligentia</strong></span> <span class='ocrx_word' id='word_1_203' title='bbox 693 2403 812 2467; x_wconf 86' lang='lat' dir='ltr'><strong>iactum</strong></span> <span class='ocrx_word' id='word_1_204' title='bbox 839 2412 902 2480; x_wconf 86' lang='lat' dir='ltr'><strong>est,</strong></span> <span class='ocrx_word' id='word_1_205' title='bbox 934 2411 972 2468; x_wconf 92' lang='lat' dir='ltr'><strong>ut</strong></span> <span class='ocrx_word' id='word_1_206' title='bbox 990 2402 1044 2466; x_wconf 90' lang='lat' dir='ltr'><strong>hie</strong></span> <span class='ocrx_word' id='word_1_207' title='bbox 1065 2404 1173 2486; x_wconf 91' lang='lat' dir='ltr'><strong>potius</strong></span> <span class='ocrx_word' id='word_1_208' title='bbox 1194 2403 1287 2466; x_wconf 86' lang='lat' dir='ltr'><strong>vivus</strong></span> <span class='ocrx_word' id='word_1_209' title='bbox 1309 2403 1343 2466; x_wconf 91' lang='lat' dir='ltr'><strong>iu</strong></span> <span class='ocrx_word' id='word_1_210' title='bbox 1364 2422 1437 2467; x_wconf 88' lang='lat' dir='ltr'><strong>reos</strong></span> <span class='ocrx_word' id='word_1_211' title='bbox 1460 2423 1594 2488; x_wconf 55' lang='lat' dir='ltr'><strong>mamae</strong></span> 
     </span>
     <span class='ocr_line' id='line_1_22' title="bbox 232 2495 1558 2583; baseline -0.002 -19"><span class='ocrx_word' id='word_1_212' title='bbox 232 2499 356 2564; x_wconf 85' lang='lat' dir='ltr'><strong>occisus</strong></span> <span class='ocrx_word' id='word_1_213' title='bbox 384 2499 418 2561; x_wconf 92' lang='lat' dir='ltr'><strong>in</strong></span> <span class='ocrx_word' id='word_1_214' title='bbox 445 2500 644 2583; x_wconf 87' lang='lat' dir='ltr'><strong>proscriptos</strong></span> <span class='ocrx_word' id='word_1_215' title='bbox 665 2498 844 2562; x_wconf 86' lang='lat' dir='ltr'><strong>referretur.</strong></span> <span class='ocrx_word' id='word_1_216' title='bbox 888 2495 939 2563; x_wconf 77' lang='lat'><strong>28.</strong></span> <span class='ocrx_word' id='word_1_217' title='bbox 961 2499 1040 2560; x_wconf 92' lang='lat' dir='ltr'><strong>Nam</strong></span> <span class='ocrx_word' id='word_1_218' title='bbox 1062 2503 1233 2581; x_wconf 89' lang='lat' dir='ltr'><strong>postquam</strong></span> <span class='ocrx_word' id='word_1_219' title='bbox 1254 2497 1308 2560; x_wconf 91' lang='lat' dir='ltr'><strong>isti</strong></span> <span class='ocrx_word' id='word_1_220' title='bbox 1329 2497 1558 2562; x_wconf 84' lang='lat' dir='ltr'><strong>intellexerunt</strong></span> 
     </span>
     <span class='ocr_line' id='line_1_23' title="bbox 232 2593 1557 2678; baseline -0.001 -19"><span class='ocrx_word' id='word_1_221' title='bbox 232 2613 355 2659; x_wconf 89' lang='lat' dir='ltr'><strong>summa</strong></span> <span class='ocrx_word' id='word_1_222' title='bbox 382 2593 549 2676; x_wconf 89' lang='lat' dir='ltr'><strong>diligentia</strong></span> <span class='ocrx_word' id='word_1_223' title='bbox 576 2593 675 2656; x_wconf 66' lang='grc'><strong>44444]</strong></span> <span class='ocrx_word' id='word_1_224' title='bbox 705 2593 778 2655; x_wconf 81' lang='lat' dir='ltr'><strong>Sex.</strong></span> <span class='ocrx_word' id='word_1_225' title='bbox 801 2593 908 2657; x_wconf 86' lang='lat' dir='ltr'><strong>Roscii</strong></span> <span class='ocrx_word' id='word_1_226' title='bbox 937 2593 1090 2656; x_wconf 91' lang='lat' dir='ltr'><strong>custodiri</strong></span> <span class='ocrx_word' id='word_1_227' title='bbox 1119 2613 1225 2678; x_wconf 90' lang='lat' dir='ltr'><strong>neque</strong></span> <span class='ocrx_word' id='word_1_228' title='bbox 1248 2594 1308 2658; x_wconf 92' lang='lat' dir='ltr'><strong>sihi</strong></span> <span class='ocrx_word' id='word_1_229' title='bbox 1329 2594 1428 2658; x_wconf 91' lang='lat' dir='ltr'><strong>ullam</strong></span> <span class='ocrx_word' id='word_1_230' title='bbox 1450 2595 1557 2660; x_wconf 88' lang='lat' dir='ltr'><strong>caedis</strong></span> 
     </span>
     <span class='ocr_line' id='line_1_24' title="bbox 231 2687 1558 2772; baseline 0.002 -19"><span class='ocrx_word' id='word_1_231' title='bbox 231 2689 396 2754; x_wconf 81' lang='lat' dir='ltr'><strong>faciendae</strong></span> <span class='ocrx_word' id='word_1_232' title='bbox 417 2693 607 2772; x_wconf 86' lang='lat' dir='ltr'><strong>potestatem</strong></span> <span class='ocrx_word' id='word_1_233' title='bbox 629 2687 712 2760; x_wconf 87' lang='lat' dir='ltr'><strong>dari,</strong></span> <span class='ocrx_word' id='word_1_234' title='bbox 735 2687 906 2751; x_wconf 87' lang='lat' dir='ltr'><strong>consilium</strong></span> <span class='ocrx_word' id='word_1_235' title='bbox 928 2695 1081 2772; x_wconf 88' lang='lat' dir='ltr'><strong>oeperunt</strong></span> <span class='ocrx_word' id='word_1_236' title='bbox 1100 2689 1231 2772; x_wconf 91' lang='lat' dir='ltr'><strong>plenum</strong></span> <span class='ocrx_word' id='word_1_237' title='bbox 1253 2688 1382 2752; x_wconf 87' lang='lat' dir='ltr'><strong>sceleris</strong></span> <span class='ocrx_word' id='word_1_238' title='bbox 1406 2696 1439 2755; x_wconf 90' lang='lat' dir='ltr'><strong>et</strong></span> <span class='ocrx_word' id='word_1_239' title='bbox 1459 2692 1558 2755; x_wconf 90' lang='lat' dir='ltr'><strong>auda-</strong></span> 
     </span>
     <span class='ocr_line' id='line_1_25' title="bbox 234 2781 1557 2872; baseline 0.002 -24"><span class='ocrx_word' id='word_1_240' title='bbox 234 2784 316 2858; x_wconf 89' lang='lat' dir='ltr'><strong>ciae,</strong></span> <span class='ocrx_word' id='word_1_241' title='bbox 344 2790 381 2846; x_wconf 91' lang='lat' dir='ltr'><strong>ut</strong></span> <span class='ocrx_word' id='word_1_242' title='bbox 400 2802 519 2846; x_wconf 91' lang='lat' dir='ltr'><strong>nomen</strong></span> <span class='ocrx_word' id='word_1_243' title='bbox 539 2781 636 2846; x_wconf 88' lang='lat' dir='ltr'><strong>huius</strong></span> <span class='ocrx_word' id='word_1_244' title='bbox 659 2784 698 2846; x_wconf 89' lang='lat' dir='ltr'><strong>de</strong></span> <span class='ocrx_word' id='word_1_245' title='bbox 719 2782 891 2866; x_wconf 89' lang='lat' dir='ltr'><strong>parricidio</strong></span> <span class='ocrx_word' id='word_1_246' title='bbox 914 2781 1089 2859; x_wconf 86' lang='lat' dir='ltr'><strong>deferrent,</strong></span> <span class='ocrx_word' id='word_1_247' title='bbox 1116 2787 1153 2847; x_wconf 90' lang='lat' dir='ltr'><strong>ut</strong></span> <span class='ocrx_word' id='word_1_248' title='bbox 1173 2785 1214 2847; x_wconf 88' lang='lat' dir='ltr'><strong>ad</strong></span> <span class='ocrx_word' id='word_1_249' title='bbox 1236 2803 1306 2848; x_wconf 88' lang='lat' dir='ltr'><strong>eam</strong></span> <span class='ocrx_word' id='word_1_250' title='bbox 1326 2805 1394 2849; x_wconf 91' lang='lat' dir='ltr'><strong>rem</strong></span> <span class='ocrx_word' id='word_1_251' title='bbox 1416 2785 1557 2872; x_wconf 89' lang='lat' dir='ltr'><strong>aliquem</strong></span> 
     </span>
     <span class='ocr_line' id='line_1_26' title="bbox 232 2877 1596 2966; baseline 0.004 -24"><span class='ocrx_word' id='word_1_252' title='bbox 232 2885 448 2942; x_wconf 88' lang='lat' dir='ltr'><strong>accusatorem</strong></span> <span class='ocrx_word' id='word_1_253' title='bbox 469 2883 610 2941; x_wconf 84' lang='lat' dir='ltr'><strong>veterem</strong></span> <span class='ocrx_word' id='word_1_254' title='bbox 632 2883 868 2960; x_wconf 89' lang='lat' dir='ltr'><strong>compararent,</strong></span> <span class='ocrx_word' id='word_1_255' title='bbox 902 2877 957 2961; x_wconf 92' lang='lat' dir='ltr'><strong>qui</strong></span> <span class='ocrx_word' id='word_1_256' title='bbox 980 2877 1020 2940; x_wconf 92' lang='lat' dir='ltr'><strong>de</strong></span> <span class='ocrx_word' id='word_1_257' title='bbox 1041 2897 1080 2941; x_wconf 87' lang='lat' dir='ltr'><strong>ea</strong></span> <span class='ocrx_word' id='word_1_258' title='bbox 1099 2896 1134 2942; x_wconf 86' lang='lat' dir='ltr'><strong>re</strong></span> <span class='ocrx_word' id='word_1_259' title='bbox 1155 2884 1266 2962; x_wconf 88' lang='lat' dir='ltr'><strong>posset</strong></span> <span class='ocrx_word' id='word_1_260' title='bbox 1286 2878 1392 2944; x_wconf 87' lang='lat' dir='ltr'><strong>dicere</strong></span> <span class='ocrx_word' id='word_1_261' title='bbox 1415 2881 1540 2966; x_wconf 91' lang='lat' dir='ltr'><strong>aliquid</strong></span> <span class='ocrx_word' id='word_1_262' title='bbox 1547 2897 1596 2960; x_wconf 84' lang='grc'><strong>,44</strong></span> 
     </span>
     <span class='ocr_line' id='line_1_27' title="bbox 233 2971 1557 3057; baseline 0.004 -21"><span class='ocrx_word' id='word_1_263' title='bbox 233 2973 267 3036; x_wconf 90' lang='lat' dir='ltr'><strong>in</strong></span> <span class='ocrx_word' id='word_1_264' title='bbox 294 2992 358 3056; x_wconf 91' lang='lat' dir='ltr'><strong>qua</strong></span> <span class='ocrx_word' id='word_1_265' title='bbox 386 2991 420 3036; x_wconf 91' lang='lat' dir='ltr'><strong>re</strong></span> <span class='ocrx_word' id='word_1_266' title='bbox 447 2971 538 3034; x_wconf 90' lang='lat' dir='ltr'><strong>nulla</strong></span> <span class='ocrx_word' id='word_1_267' title='bbox 566 2971 712 3035; x_wconf 87' lang='lat' dir='ltr'><strong>subesset</strong></span> <span class='ocrx_word' id='word_1_268' title='bbox 733 2971 891 3054; x_wconf 87' lang='lat' dir='ltr'><strong>suspicio,</strong></span> <span class='ocrx_word' id='word_1_269' title='bbox 921 2971 1061 3056; x_wconf 90' lang='lat' dir='ltr'><strong>denique</strong></span> <span class='ocrx_word' id='word_1_270' title='bbox 1082 2980 1134 3048; x_wconf 90' lang='lat' dir='ltr'><strong>ut,</strong></span> <span class='ocrx_word' id='word_1_271' title='bbox 1161 2972 1314 3057; x_wconf 86' lang='lat' dir='ltr'><strong>quoniam</strong></span> <span class='ocrx_word' id='word_1_272' title='bbox 1336 2975 1468 3040; x_wconf 88' lang='lat' dir='ltr'><strong>crimine</strong></span> <span class='ocrx_word' id='word_1_273' title='bbox 1490 2994 1557 3041; x_wconf 91' lang='lat' dir='ltr'><strong>non</strong></span> 
     </span>
     <span class='ocr_line' id='line_1_28' title="bbox 232 3066 1558 3153; baseline 0.004 -23"><span class='ocrx_word' id='word_1_274' title='bbox 232 3073 394 3151; x_wconf 89' lang='lat' dir='ltr'><strong>poterant,</strong></span> <span class='ocrx_word' id='word_1_275' title='bbox 417 3073 559 3150; x_wconf 86' lang='lat' dir='ltr'><strong>tempore</strong></span> <span class='ocrx_word' id='word_1_276' title='bbox 581 3067 651 3149; x_wconf 89' lang='lat' dir='ltr'><strong>ipso</strong></span> <span class='ocrx_word' id='word_1_277' title='bbox 673 3073 862 3150; x_wconf 86' lang='lat' dir='ltr'><strong>pugnarent</strong></span> <span class='ocrx_word' id='word_1_278' title='bbox 898 3066 947 3129; x_wconf 89' lang='lat' dir='ltr'><strong>Ita</strong></span> <span class='ocrx_word' id='word_1_279' title='bbox 966 3066 1060 3151; x_wconf 89' lang='lat' dir='ltr'><strong>loqui</strong></span> <span class='ocrx_word' id='word_1_280' title='bbox 1072 3067 1234 3132; x_wconf 87' lang='lat' dir='ltr'><strong>homines:</strong></span> <span class='ocrx_word' id='word_1_281' title='bbox 1257 3069 1346 3153; x_wconf 89' lang='lat' dir='ltr'><strong>quod</strong></span> <span class='ocrx_word' id='word_1_282' title='bbox 1359 3070 1480 3135; x_wconf 88' lang='lat' dir='ltr'><strong>iudicia</strong></span> <span class='ocrx_word' id='word_1_283' title='bbox 1493 3077 1558 3136; x_wconf 64' lang='lat' dir='ltr'><strong>um</strong></span> 
     </span>
     <span class='ocr_line' id='line_1_29' title="bbox 233 3160 1558 3245; baseline 0.005 -22"><span class='ocrx_word' id='word_1_284' title='bbox 233 3161 289 3224; x_wconf 88' lang='lat' dir='ltr'><strong>diu</strong></span> <span class='ocrx_word' id='word_1_285' title='bbox 309 3160 394 3224; x_wconf 86' lang='lat' dir='ltr'><strong>facta</strong></span> <span class='ocrx_word' id='word_1_286' title='bbox 414 3180 480 3224; x_wconf 91' lang='lat' dir='ltr'><strong>non</strong></span> <span class='ocrx_word' id='word_1_287' title='bbox 503 3167 626 3236; x_wconf 88' lang='lat' dir='ltr'><strong>essent,</strong></span> <span class='ocrx_word' id='word_1_288' title='bbox 649 3160 854 3225; x_wconf 87' lang='lat' dir='ltr'><strong>condemnari</strong></span> <span class='ocrx_word' id='word_1_289' title='bbox 869 3181 942 3224; x_wconf 89' lang='lat' dir='ltr'><strong>eum</strong></span> <span class='ocrx_word' id='word_1_290' title='bbox 961 3167 1124 3244; x_wconf 85' lang='lat' dir='ltr'><strong>oportere,</strong></span> <span class='ocrx_word' id='word_1_291' title='bbox 1146 3161 1203 3245; x_wconf 91' lang='lat' dir='ltr'><strong>qui</strong></span> <span class='ocrx_word' id='word_1_292' title='bbox 1217 3162 1339 3245; x_wconf 87' lang='lat' dir='ltr'><strong>primus</strong></span> <span class='ocrx_word' id='word_1_293' title='bbox 1354 3163 1388 3226; x_wconf 93' lang='lat' dir='ltr'><strong>in</strong></span> <span class='ocrx_word' id='word_1_294' title='bbox 1401 3163 1558 3229; x_wconf 91' lang='lat' dir='ltr'><strong>iudicium</strong></span> 
     </span>
     <span class='ocr_line' id='line_1_30' title="bbox 233 3254 1559 3340; baseline 0.002 -22"><span class='ocrx_word' id='word_1_295' title='bbox 233 3255 388 3319; x_wconf 90' lang='lat' dir='ltr'><strong>adductus</strong></span> <span class='ocrx_word' id='word_1_296' title='bbox 411 3261 510 3331; x_wconf 79' lang='lat' dir='ltr'><strong>esset3</strong></span> <span class='ocrx_word' id='word_1_297' title='bbox 538 3254 615 3318; x_wconf 88' lang='lat' dir='ltr'><strong>huic</strong></span> <span class='ocrx_word' id='word_1_298' title='bbox 636 3261 742 3320; x_wconf 89' lang='lat' dir='ltr'><strong>autem</strong></span> <span class='ocrx_word' id='word_1_299' title='bbox 764 3259 916 3338; x_wconf 88' lang='lat' dir='ltr'><strong>patronos</strong></span> <span class='ocrx_word' id='word_1_300' title='bbox 937 3261 1071 3339; x_wconf 90' lang='lat' dir='ltr'><strong>propter</strong></span> <span class='ocrx_word' id='word_1_301' title='bbox 1093 3255 1291 3340; x_wconf 82' lang='lat' dir='ltr'><strong>Chrysogoni</strong></span> <span class='ocrx_word' id='word_1_302' title='bbox 1313 3256 1446 3338; x_wconf 85' lang='lat' dir='ltr'><strong>gratiam</strong></span> <span class='ocrx_word' id='word_1_303' title='bbox 1469 3258 1559 3322; x_wconf 83' lang='lat' dir='ltr'><strong>defu-</strong></span> 
     </span>
    </p>
   </div>
   <div class='ocr_carea' id='block_1_3' title="bbox 149 3427 1566 5239">
    <p class='ocr_par' dir='ltr' id='par_1_3' title="bbox 232 3427 1564 4028">
     <span class='ocr_line' id='line_1_31' title="bbox 300 3427 1562 3498; baseline 0.003 -16"><span class='ocrx_word' id='word_1_304' title='bbox 300 3432 324 3483; x_wconf 92' lang='grc'><strong>4.</strong></span> <span class='ocrx_word' id='word_1_305' title='bbox 343 3431 437 3496; x_wconf 72' lang='lat' dir='ltr'><strong>edepol</strong></span> <span class='ocrx_word' id='word_1_306' title='bbox 452 3431 491 3496; x_wconf 84' lang='lat' dir='ltr'><strong>iis]</strong></span> <span class='ocrx_word' id='word_1_307' title='bbox 514 3431 636 3496; x_wconf 82' lang='lat' dir='ltr'><strong>oNegctcs</strong></span> <span class='ocrx_word' id='word_1_308' title='bbox 657 3433 718 3496; x_wconf 84' lang='lat' dir='ltr'><strong>Lag.</strong></span> <span class='ocrx_word' id='word_1_309' title='bbox 737 3431 778 3482; x_wconf 82' lang='grc'><strong>43.</strong></span> <span class='ocrx_word' id='word_1_310' title='bbox 797 3443 833 3482; x_wconf 90' lang='lat' dir='ltr'><strong>m.</strong></span> <span class='ocrx_word' id='word_1_311' title='bbox 852 3443 909 3496; x_wconf 80' lang='lat' dir='ltr'><strong>pr.;</strong></span> <span class='ocrx_word' id='word_1_312' title='bbox 933 3430 1058 3495; x_wconf 79' lang='lat' dir='ltr'><strong>oiispcbot</strong></span> <span class='ocrx_word' id='word_1_313' title='bbox 1079 3430 1111 3481; x_wconf 88' lang='lat' dir='ltr'><strong>iis</strong></span> <span class='ocrx_word' id='word_1_314' title='bbox 1127 3430 1187 3482; x_wconf 86' lang='lat' dir='ltr'><strong>eod.</strong></span> <span class='ocrx_word' id='word_1_315' title='bbox 1205 3430 1310 3494; x_wconf 78' lang='lat' dir='ltr'><strong>hamb..</strong></span> <span class='ocrx_word' id='word_1_316' title='bbox 1335 3432 1408 3484; x_wconf 86' lang='lat' dir='ltr'><strong>unde</strong></span> <span class='ocrx_word' id='word_1_317' title='bbox 1423 3434 1481 3498; x_wconf 86' lang='lat' dir='ltr'><strong>ipse</strong></span> <span class='ocrx_word' id='word_1_318' title='bbox 1499 3427 1562 3486; x_wconf 87' lang='lat' dir='ltr'><strong>lecit</strong></span> 
     </span>
     <span class='ocr_line' id='line_1_32' title="bbox 234 3504 1559 3576; baseline 0.005 -21"><span class='ocrx_word' id='word_1_319' title='bbox 234 3507 341 3572; x_wconf 79' lang='lat' dir='ltr'><strong>ctiegot,</strong></span> <span class='ocrx_word' id='word_1_320' title='bbox 358 3505 391 3556; x_wconf 83' lang='lat' dir='ltr'><strong>oh</strong></span> <span class='ocrx_word' id='word_1_321' title='bbox 407 3507 439 3556; x_wconf 91' lang='lat' dir='ltr'><strong>iis</strong></span> <span class='ocrx_word' id='word_1_322' title='bbox 454 3507 511 3570; x_wconf 81' lang='lat' dir='ltr'><strong>qai3</strong></span> <span class='ocrx_word' id='word_1_323' title='bbox 531 3510 622 3558; x_wconf 81' lang='lat' dir='ltr'><strong>oontm</strong></span> <span class='ocrx_word' id='word_1_324' title='bbox 639 3508 700 3558; x_wconf 83' lang='lat' dir='ltr'><strong>Ern.</strong></span> <span class='ocrx_word' id='word_1_325' title='bbox 719 3511 747 3558; x_wconf 90' lang='lat' dir='ltr'><strong>at</strong></span> <span class='ocrx_word' id='word_1_326' title='bbox 763 3508 849 3558; x_wconf 86' lang='lat' dir='ltr'><strong>Garat.</strong></span> <span class='ocrx_word' id='word_1_327' title='bbox 868 3507 892 3556; x_wconf 98' lang='grc'><strong>2.</strong></span> <span class='ocrx_word' id='word_1_328' title='bbox 914 3506 947 3556; x_wconf 88' lang='lat' dir='ltr'><strong>iis</strong></span> <span class='ocrx_word' id='word_1_329' title='bbox 963 3504 1107 3559; x_wconf 91' lang='lat' dir='ltr'><strong>delendum</strong></span> <span class='ocrx_word' id='word_1_330' title='bbox 1124 3509 1244 3560; x_wconf 88' lang='lat' dir='ltr'><strong>censent.</strong></span> <span class='ocrx_word' id='word_1_331' title='bbox 1272 3507 1403 3573; x_wconf 86' lang='lat' dir='ltr'><strong>Equidem</strong></span> <span class='ocrx_word' id='word_1_332' title='bbox 1420 3511 1559 3576; x_wconf 82' lang='lat' dir='ltr'><strong>suspicor:</strong></span> 
     </span>
     <span class='ocr_line' id='line_1_33' title="bbox 233 3580 1562 3649; baseline 0.005 -18"><span class='ocrx_word' id='word_1_333' title='bbox 233 3583 347 3647; x_wconf 64' lang='lat' dir='ltr'><strong>adapot,</strong></span> <span class='ocrx_word' id='word_1_334' title='bbox 374 3581 406 3632; x_wconf 83' lang='lat' dir='ltr'><strong>oh</strong></span> <span class='ocrx_word' id='word_1_335' title='bbox 421 3582 509 3649; x_wconf 80' lang='lat' dir='ltr'><strong>tepetis</strong></span> <span class='ocrx_word' id='word_1_336' title='bbox 524 3584 568 3648; x_wconf 77' lang='lat' dir='ltr'><strong>qai</strong></span> <span class='ocrx_word' id='word_1_337' title='bbox 578 3588 698 3647; x_wconf 70' lang='lat' dir='ltr'><strong>pesam.</strong></span> <span class='ocrx_word' id='word_1_338' title='bbox 719 3611 747 3620; x_wconf 97' lang='lat'><em>-</em></span> <span class='ocrx_word' id='word_1_339' title='bbox 766 3585 814 3635; x_wconf 86' lang='lat' dir='ltr'><strong>llio</strong></span> <span class='ocrx_word' id='word_1_340' title='bbox 831 3582 955 3634; x_wconf 85' lang='lat' dir='ltr'><strong>desinunt</strong></span> <span class='ocrx_word' id='word_1_341' title='bbox 971 3585 1096 3648; x_wconf 85' lang='lat' dir='ltr'><strong>excerpta</strong></span> <span class='ocrx_word' id='word_1_342' title='bbox 1113 3580 1249 3633; x_wconf 85' lang='lat' dir='ltr'><strong>Niehnhrii</strong></span> <span class='ocrx_word' id='word_1_343' title='bbox 1265 3595 1298 3633; x_wconf 87' lang='lat' dir='ltr'><strong>ex</strong></span> <span class='ocrx_word' id='word_1_344' title='bbox 1315 3582 1497 3637; x_wconf 83' lang='lat' dir='ltr'><strong>collationibus</strong></span> <span class='ocrx_word' id='word_1_345' title='bbox 1514 3587 1562 3637; x_wconf 86' lang='lat' dir='ltr'><strong>La-</strong></span> 
     </span>
     <span class='ocr_line' id='line_1_34' title="bbox 233 3655 1562 3725; baseline 0.003 -17"><span class='ocrx_word' id='word_1_346' title='bbox 233 3657 444 3722; x_wconf 86' lang='lat' dir='ltr'><strong>gomarsinianls.</strong></span> <span class='ocrx_word' id='word_1_347' title='bbox 465 3685 492 3698; x_wconf 88' lang='lat'><em>-</em></span> <span class='ocrx_word' id='word_1_348' title='bbox 510 3659 535 3710; x_wconf 81' lang='lat' dir='ltr'><strong>t.</strong></span> <span class='ocrx_word' id='word_1_349' title='bbox 553 3659 644 3724; x_wconf 75' lang='grc'><strong>044444]</strong></span> <span class='ocrx_word' id='word_1_350' title='bbox 663 3659 739 3723; x_wconf 79' lang='lat' dir='ltr'><strong>legem</strong></span> <span class='ocrx_word' id='word_1_351' title='bbox 757 3659 791 3718; x_wconf 91' lang='lat' dir='ltr'><strong>G;</strong></span> <span class='ocrx_word' id='word_1_352' title='bbox 810 3659 935 3724; x_wconf 84' lang='lat' dir='ltr'><strong>suspecta</strong></span> <span class='ocrx_word' id='word_1_353' title='bbox 951 3661 993 3710; x_wconf 90' lang='lat' dir='ltr'><strong>est</strong></span> <span class='ocrx_word' id='word_1_354' title='bbox 1008 3671 1060 3710; x_wconf 82' lang='lat' dir='ltr'><strong>vox</strong></span> <span class='ocrx_word' id='word_1_355' title='bbox 1072 3658 1101 3708; x_wconf 89' lang='lat'><strong>0.</strong></span> <span class='ocrx_word' id='word_1_356' title='bbox 1114 3658 1148 3710; x_wconf 90' lang='grc'><strong>44.</strong></span> <span class='ocrx_word' id='word_1_357' title='bbox 1162 3655 1301 3720; x_wconf 84' lang='lat' dir='ltr'><strong>Nuellero;</strong></span> <span class='ocrx_word' id='word_1_358' title='bbox 1319 3672 1345 3709; x_wconf 84' lang='lat' dir='ltr'><strong>v.</strong></span> <span class='ocrx_word' id='word_1_359' title='bbox 1356 3660 1459 3725; x_wconf 72' lang='lat' dir='ltr'><strong>hilpan.</strong></span> <span class='ocrx_word' id='word_1_360' title='bbox 1472 3659 1562 3712; x_wconf 77' lang='lat' dir='ltr'><strong>Schot-</strong></span> 
     </span>
     <span class='ocr_line' id='line_1_35' title="bbox 232 3731 1563 3800; baseline 0.002 -15"><span class='ocrx_word' id='word_1_361' title='bbox 232 3734 290 3785; x_wconf 66' lang='grc'><strong>440.</strong></span> <span class='ocrx_word' id='word_1_362' title='bbox 309 3732 382 3784; x_wconf 83' lang='grc'><strong>4830.</strong></span> <span class='ocrx_word' id='word_1_363' title='bbox 400 3746 428 3800; x_wconf 93' lang='lat' dir='ltr'><strong>p.</strong></span> <span class='ocrx_word' id='word_1_364' title='bbox 446 3731 503 3784; x_wconf 78' lang='lat' dir='ltr'><strong>tat.</strong></span> <span class='ocrx_word' id='word_1_365' title='bbox 523 3759 552 3770; x_wconf 97' lang='lat'>-</span> <span class='ocrx_word' id='word_1_366' title='bbox 572 3733 668 3800; x_wconf 62' lang='lat' dir='ltr'><strong>motus</strong></span> <span class='ocrx_word' id='word_1_367' title='bbox 683 3748 711 3793; x_wconf 86' lang='grc' dir='ltr'><strong>χ.</strong></span> <span class='ocrx_word' id='word_1_368' title='bbox 733 3759 760 3770; x_wconf 90' lang='grc'>-</span> <span class='ocrx_word' id='word_1_369' title='bbox 778 3734 803 3785; x_wconf 88' lang='lat'><strong>8.</strong></span> <span class='ocrx_word' id='word_1_370' title='bbox 820 3747 849 3785; x_wconf 81' lang='lat' dir='ltr'><strong>re</strong></span> <span class='ocrx_word' id='word_1_371' title='bbox 865 3736 952 3786; x_wconf 81' lang='lat' dir='ltr'><strong>incrta</strong></span> <span class='ocrx_word' id='word_1_372' title='bbox 967 3735 1023 3794; x_wconf 89' lang='grc'><strong>444;</strong></span> <span class='ocrx_word' id='word_1_373' title='bbox 1040 3747 1069 3786; x_wconf 83' lang='lat' dir='ltr'><strong>re</strong></span> <span class='ocrx_word' id='word_1_374' title='bbox 1084 3739 1188 3784; x_wconf 82' lang='lat' dir='ltr'><strong>morato</strong></span> <span class='ocrx_word' id='word_1_375' title='bbox 1203 3741 1245 3798; x_wconf 85' lang='grc' dir='ltr'><strong>ψ;</strong></span> <span class='ocrx_word' id='word_1_376' title='bbox 1262 3739 1417 3785; x_wconf 72' lang='lat' dir='ltr'><strong>morotcm</strong></span> <span class='ocrx_word' id='word_1_377' title='bbox 1432 3747 1465 3795; x_wconf 85' lang='lat' dir='ltr'><strong>v;</strong></span> <span class='ocrx_word' id='word_1_378' title='bbox 1482 3748 1563 3787; x_wconf 83' lang='lat' dir='ltr'><strong>remo·</strong></span> 
     </span>
     <span class='ocr_line' id='line_1_36' title="bbox 233 3809 1560 3875; baseline 0 -15"><span class='ocrx_word' id='word_1_379' title='bbox 233 3809 286 3860; x_wconf 82' lang='lat' dir='ltr'><strong>reti</strong></span> <span class='ocrx_word' id='word_1_380' title='bbox 301 3810 332 3860; x_wconf 91' lang='lat' dir='ltr'><strong>G.</strong></span> <span class='ocrx_word' id='word_1_381' title='bbox 352 3837 380 3846; x_wconf 96' lang='lat'><em>-</em></span> <span class='ocrx_word' id='word_1_382' title='bbox 397 3814 525 3861; x_wconf 71' lang='lat' dir='ltr'><strong>rsoatsmt</strong></span> <span class='ocrx_word' id='word_1_383' title='bbox 540 3809 622 3862; x_wconf 78' lang='lat' dir='ltr'><strong>nso.</strong></span> <span class='ocrx_word' id='word_1_384' title='bbox 643 3834 671 3848; x_wconf 89' lang='lat'><strong>·-</strong></span> <span class='ocrx_word' id='word_1_385' title='bbox 698 3810 795 3873; x_wconf 71' lang='lat' dir='ltr'><strong>datm</strong></span> <span class='ocrx_word' id='word_1_386' title='bbox 810 3811 898 3861; x_wconf 78' lang='lat' dir='ltr'><strong>cotidie</strong></span> <span class='ocrx_word' id='word_1_387' title='bbox 915 3812 945 3860; x_wconf 93' lang='lat' dir='ltr'><strong>G.</strong></span> <span class='ocrx_word' id='word_1_388' title='bbox 966 3837 994 3846; x_wconf 94' lang='lat'><em>-</em></span> <span class='ocrx_word' id='word_1_389' title='bbox 1017 3809 1041 3860; x_wconf 87' lang='grc'><strong>9.</strong></span> <span class='ocrx_word' id='word_1_390' title='bbox 1059 3813 1193 3873; x_wconf 76' lang='lat' dir='ltr'><strong>coepsrwst</strong></span> <span class='ocrx_word' id='word_1_391' title='bbox 1208 3810 1373 3873; x_wconf 77' lang='lat' dir='ltr'><strong>Heusingero</strong></span> <span class='ocrx_word' id='word_1_392' title='bbox 1390 3811 1560 3875; x_wconf 71' lang='lat' dir='ltr'><strong>suspectum</strong></span> 
     </span>
     <span class='ocr_line' id='line_1_37' title="bbox 234 3882 1564 3953; baseline 0.002 -17"><span class='ocrx_word' id='word_1_393' title='bbox 234 3888 262 3937; x_wconf 88' lang='lat' dir='ltr'><strong>at</strong></span> <span class='ocrx_word' id='word_1_394' title='bbox 277 3887 340 3937; x_wconf 90' lang='lat' dir='ltr'><strong>satis</strong></span> <span class='ocrx_word' id='word_1_395' title='bbox 357 3885 479 3938; x_wconf 82' lang='lat' dir='ltr'><strong>firmatur</strong></span> <span class='ocrx_word' id='word_1_396' title='bbox 494 3884 568 3950; x_wconf 88' lang='lat' dir='ltr'><strong>loco,</strong></span> <span class='ocrx_word' id='word_1_397' title='bbox 595 3898 677 3951; x_wconf 87' lang='lat' dir='ltr'><strong>quem</strong></span> <span class='ocrx_word' id='word_1_398' title='bbox 699 3884 801 3937; x_wconf 88' lang='lat' dir='ltr'><strong>obtinet</strong></span> <span class='ocrx_word' id='word_1_399' title='bbox 821 3899 970 3953; x_wconf 89' lang='lat' dir='ltr'><strong>pronomen</strong></span> <span class='ocrx_word' id='word_1_400' title='bbox 994 3886 1043 3936; x_wconf 83' lang='lat' dir='ltr'><strong>isti.</strong></span> <span class='ocrx_word' id='word_1_401' title='bbox 1064 3913 1092 3922; x_wconf 90' lang='lat'><strong>—</strong></span> <span class='ocrx_word' id='word_1_402' title='bbox 1117 3885 1180 3936; x_wconf 81' lang='lat' dir='ltr'><strong>citii</strong></span> <span class='ocrx_word' id='word_1_403' title='bbox 1201 3887 1231 3935; x_wconf 90' lang='lat' dir='ltr'><strong>ut</strong></span> <span class='ocrx_word' id='word_1_404' title='bbox 1247 3882 1378 3949; x_wconf 88' lang='lat' dir='ltr'><strong>glossema</strong></span> <span class='ocrx_word' id='word_1_405' title='bbox 1395 3897 1455 3938; x_wconf 85' lang='lat' dir='ltr'><strong>voc.</strong></span> <span class='ocrx_word' id='word_1_406' title='bbox 1473 3886 1564 3939; x_wconf 73' lang='grc'><strong>4444444</strong></span> 
     </span>
     <span class='ocr_line' id='line_1_38' title="bbox 233 3959 1560 4028; baseline 0.002 -16"><span class='ocrx_word' id='word_1_407' title='bbox 233 3961 338 4012; x_wconf 87' lang='lat' dir='ltr'><strong>uncinis</strong></span> <span class='ocrx_word' id='word_1_408' title='bbox 355 3959 464 4013; x_wconf 88' lang='lat' dir='ltr'><strong>inclusi:</strong></span> <span class='ocrx_word' id='word_1_409' title='bbox 483 3963 613 4028; x_wconf 75' lang='lat' dir='ltr'><strong>oNqomuto</strong></span> <span class='ocrx_word' id='word_1_410' title='bbox 629 3963 730 4025; x_wconf 72' lang='grc'><strong>44444444,</strong></span> <span class='ocrx_word' id='word_1_411' title='bbox 747 3961 810 4013; x_wconf 81' lang='lat' dir='ltr'><strong>citit</strong></span> <span class='ocrx_word' id='word_1_412' title='bbox 826 3975 903 4026; x_wconf 82' lang='lat' dir='ltr'><strong>opere</strong></span> <span class='ocrx_word' id='word_1_413' title='bbox 919 3960 981 4012; x_wconf 89' lang='lat' dir='ltr'><strong>edd.</strong></span> <span class='ocrx_word' id='word_1_414' title='bbox 995 3988 1023 3997; x_wconf 97' lang='lat'>-</span> <span class='ocrx_word' id='word_1_415' title='bbox 1042 3961 1082 4011; x_wconf 90' lang='grc'><strong>40.</strong></span> <span class='ocrx_word' id='word_1_416' title='bbox 1095 3960 1217 4026; x_wconf 67' lang='lat' dir='ltr'><strong>Nouae]</strong></span> <span class='ocrx_word' id='word_1_417' title='bbox 1236 3961 1316 4012; x_wconf 83' lang='lat' dir='ltr'><strong>delere</strong></span> <span class='ocrx_word' id='word_1_418' title='bbox 1331 3962 1386 4023; x_wconf 89' lang='grc'><strong>444;</strong></span> <span class='ocrx_word' id='word_1_419' title='bbox 1405 3963 1525 4014; x_wconf 67' lang='lat' dir='ltr'><strong>macera</strong></span> <span class='ocrx_word' id='word_1_420' title='bbox 1535 3976 1560 4014; x_wconf 81' lang='lat' dir='ltr'><strong>v.</strong></span> 
     </span>
    </p>

    <p class='ocr_par' dir='ltr' id='par_1_4' title="bbox 149 4035 1566 5239">
     <span class='ocr_line' id='line_1_39' title="bbox 149 4035 1564 4102; baseline 0.001 -15"><span class='ocrx_word' id='word_1_421' title='bbox 149 4039 152 4046; x_wconf 85' lang='grc'><strong>’</strong></span> <span class='ocrx_word' id='word_1_422' title='bbox 236 4063 264 4075; x_wconf 90' lang='grc'>-</span> <span class='ocrx_word' id='word_1_423' title='bbox 282 4037 417 4100; x_wconf 78' lang='lat' dir='ltr'><strong>quodem</strong></span> <span class='ocrx_word' id='word_1_424' title='bbox 437 4040 467 4088; x_wconf 92' lang='lat' dir='ltr'><strong>G.</strong></span> <span class='ocrx_word' id='word_1_425' title='bbox 487 4065 515 4076; x_wconf 91' lang='lat'><strong>·-</strong></span> <span class='ocrx_word' id='word_1_426' title='bbox 534 4039 779 4102; x_wconf 72' lang='lat' dir='ltr'><strong>taoptioersGr.</strong></span> <span class='ocrx_word' id='word_1_427' title='bbox 800 4065 827 4076; x_wconf 91' lang='lat'>-</span> <span class='ocrx_word' id='word_1_428' title='bbox 846 4037 1236 4100; x_wconf 84' lang='lat' dir='ltr'><strong>NoGNva,Pa1r.:tch.</strong></span> <span class='ocrx_word' id='word_1_429' title='bbox 1257 4063 1285 4073; x_wconf 89' lang='lat'>-</span> <span class='ocrx_word' id='word_1_430' title='bbox 1303 4037 1510 4088; x_wconf 71' lang='lat' dir='ltr'><strong>sioeoiothum</strong></span> <span class='ocrx_word' id='word_1_431' title='bbox 1526 4035 1564 4089; x_wconf 86' lang='lat' dir='ltr'><strong>la-</strong></span> 
     </span>
     <span class='ocr_line' id='line_1_40' title="bbox 235 4111 1564 4180; baseline 0.002 -16"><span class='ocrx_word' id='word_1_432' title='bbox 235 4125 312 4164; x_wconf 83' lang='lat' dir='ltr'><strong>eana.</strong></span> <span class='ocrx_word' id='word_1_433' title='bbox 332 4137 361 4150; x_wconf 93' lang='lat'>-</span> <span class='ocrx_word' id='word_1_434' title='bbox 379 4112 420 4164; x_wconf 89' lang='grc'><strong>44.</strong></span> <span class='ocrx_word' id='word_1_435' title='bbox 440 4114 511 4166; x_wconf 83' lang='lat' dir='ltr'><strong>coeo.</strong></span> <span class='ocrx_word' id='word_1_436' title='bbox 529 4115 631 4179; x_wconf 89' lang='lat' dir='ltr'><strong>Nepotis</strong></span> <span class='ocrx_word' id='word_1_437' title='bbox 645 4115 726 4180; x_wconf 73' lang='lat' dir='ltr'><strong>pticm</strong></span> <span class='ocrx_word' id='word_1_438' title='bbox 743 4111 838 4164; x_wconf 82' lang='lat' dir='ltr'><strong>codd:</strong></span> <span class='ocrx_word' id='word_1_439' title='bbox 858 4113 1003 4174; x_wconf 73' lang='grc'><strong>0444444444,</strong></span> <span class='ocrx_word' id='word_1_440' title='bbox 1021 4112 1148 4164; x_wconf 82' lang='lat' dir='ltr'><strong>Baioarici</strong></span> <span class='ocrx_word' id='word_1_441' title='bbox 1163 4112 1256 4178; x_wconf 73' lang='grc'><strong>4444444,</strong></span> <span class='ocrx_word' id='word_1_442' title='bbox 1274 4112 1376 4176; x_wconf 84' lang='lat' dir='ltr'><strong>Nepotis</strong></span> <span class='ocrx_word' id='word_1_443' title='bbox 1386 4125 1497 4164; x_wconf 68' lang='grc'><strong>44444444</strong></span> <span class='ocrx_word' id='word_1_444' title='bbox 1508 4113 1564 4166; x_wconf 86' lang='lat' dir='ltr'><strong>llo·</strong></span> 
     </span>
     <span class='ocr_line' id='line_1_41' title="bbox 234 4185 1564 4255; baseline 0.001 -15"><span class='ocrx_word' id='word_1_445' title='bbox 234 4189 298 4240; x_wconf 88' lang='lat' dir='ltr'><strong>tom.</strong></span> <span class='ocrx_word' id='word_1_446' title='bbox 318 4201 351 4239; x_wconf 84' lang='lat' dir='ltr'><strong>ex</strong></span> <span class='ocrx_word' id='word_1_447' title='bbox 367 4185 480 4240; x_wconf 86' lang='lat' dir='ltr'><strong>lectione</strong></span> <span class='ocrx_word' id='word_1_448' title='bbox 497 4189 521 4254; x_wconf 74' lang='grc'><strong>4.</strong></span> <span class='ocrx_word' id='word_1_449' title='bbox 541 4189 613 4250; x_wconf 84' lang='grc'><strong>444.;</strong></span> <span class='ocrx_word' id='word_1_450' title='bbox 633 4189 704 4241; x_wconf 80' lang='lat' dir='ltr'><strong>Grec.</strong></span> <span class='ocrx_word' id='word_1_451' title='bbox 723 4189 824 4253; x_wconf 79' lang='lat' dir='ltr'><strong>Nepotis</strong></span> <span class='ocrx_word' id='word_1_452' title='bbox 839 4200 962 4250; x_wconf 83' lang='lat' dir='ltr'><strong>sororem,</strong></span> <span class='ocrx_word' id='word_1_453' title='bbox 980 4187 1038 4239; x_wconf 78' lang='lat' dir='ltr'><strong>sat.</strong></span> <span class='ocrx_word' id='word_1_454' title='bbox 1055 4189 1136 4255; x_wconf 75' lang='lat' dir='ltr'><strong>ptiom</strong></span> <span class='ocrx_word' id='word_1_455' title='bbox 1153 4189 1239 4240; x_wconf 84' lang='lat' dir='ltr'><strong>Garat.</strong></span> <span class='ocrx_word' id='word_1_456' title='bbox 1258 4187 1289 4253; x_wconf 85' lang='grc'><strong>(2)</strong></span> <span class='ocrx_word' id='word_1_457' title='bbox 1309 4190 1337 4240; x_wconf 90' lang='grc'><strong>44</strong></span> <span class='ocrx_word' id='word_1_458' title='bbox 1352 4187 1425 4240; x_wconf 85' lang='lat' dir='ltr'><strong>Klotz</strong></span> <span class='ocrx_word' id='word_1_459' title='bbox 1437 4187 1484 4254; x_wconf 84' lang='grc'><strong>(4);</strong></span> <span class='ocrx_word' id='word_1_460' title='bbox 1502 4191 1564 4241; x_wconf 84' lang='lat' dir='ltr'><strong>Pas-</strong></span> 
     </span>
     <span class='ocr_line' id='line_1_42' title="bbox 234 4261 1565 4330; baseline 0.002 -15"><span class='ocrx_word' id='word_1_461' title='bbox 234 4263 347 4315; x_wconf 84' lang='lat' dir='ltr'><strong>seratius</strong></span> <span class='ocrx_word' id='word_1_462' title='bbox 364 4265 468 4316; x_wconf 88' lang='lat' dir='ltr'><strong>censuit</strong></span> <span class='ocrx_word' id='word_1_463' title='bbox 484 4265 530 4316; x_wconf 87' lang='lat' dir='ltr'><strong>aut</strong></span> <span class='ocrx_word' id='word_1_464' title='bbox 545 4261 688 4329; x_wconf 87' lang='lat' dir='ltr'><strong>legendam</strong></span> <span class='ocrx_word' id='word_1_465' title='bbox 705 4265 776 4316; x_wconf 74' lang='lat' dir='ltr'><strong>ecee.</strong></span> <span class='ocrx_word' id='word_1_466' title='bbox 794 4264 897 4328; x_wconf 84' lang='lat' dir='ltr'><strong>Nepotis</strong></span> <span class='ocrx_word' id='word_1_467' title='bbox 912 4275 1024 4314; x_wconf 68' lang='grc'><strong>44444444</strong></span> <span class='ocrx_word' id='word_1_468' title='bbox 1043 4267 1090 4315; x_wconf 87' lang='lat' dir='ltr'><strong>eut</strong></span> <span class='ocrx_word' id='word_1_469' title='bbox 1105 4277 1149 4316; x_wconf 81' lang='lat' dir='ltr'><strong>w.</strong></span> <span class='ocrx_word' id='word_1_470' title='bbox 1167 4264 1269 4328; x_wconf 78' lang='lat' dir='ltr'><strong>Nepotis</strong></span> <span class='ocrx_word' id='word_1_471' title='bbox 1285 4263 1367 4329; x_wconf 72' lang='lat' dir='ltr'><strong>tiliam</strong></span> <span class='ocrx_word' id='word_1_472' title='bbox 1386 4277 1497 4330; x_wconf 86' lang='lat' dir='ltr'><strong>prorsus</strong></span> <span class='ocrx_word' id='word_1_473' title='bbox 1514 4264 1565 4318; x_wconf 88' lang='lat' dir='ltr'><strong>de-</strong></span> 
     </span>
     <span class='ocr_line' id='line_1_43' title="bbox 234 4336 1562 4406; baseline 0.001 -17"><span class='ocrx_word' id='word_1_474' title='bbox 234 4337 313 4390; x_wconf 86' lang='lat' dir='ltr'><strong>lenda</strong></span> <span class='ocrx_word' id='word_1_475' title='bbox 325 4349 395 4389; x_wconf 92' lang='lat' dir='ltr'><strong>esse.</strong></span> <span class='ocrx_word' id='word_1_476' title='bbox 412 4337 479 4390; x_wconf 85' lang='lat' dir='ltr'><strong>Illud</strong></span> <span class='ocrx_word' id='word_1_477' title='bbox 491 4339 621 4401; x_wconf 66' lang='lat' dir='ltr'><strong>Baccha„</strong></span> <span class='ocrx_word' id='word_1_478' title='bbox 633 4339 686 4390; x_wconf 89' lang='lat' dir='ltr'><strong>hoc</strong></span> <span class='ocrx_word' id='word_1_479' title='bbox 696 4339 818 4392; x_wconf 81' lang='lat' dir='ltr'><strong>Schuetz.</strong></span> <span class='ocrx_word' id='word_1_480' title='bbox 832 4343 860 4392; x_wconf 91' lang='lat' dir='ltr'><strong>et</strong></span> <span class='ocrx_word' id='word_1_481' title='bbox 870 4339 957 4392; x_wconf 80' lang='lat' dir='ltr'><strong>Nede.</strong></span> <span class='ocrx_word' id='word_1_482' title='bbox 971 4336 1085 4403; x_wconf 84' lang='lat' dir='ltr'><strong>amplexi</strong></span> <span class='ocrx_word' id='word_1_483' title='bbox 1097 4341 1174 4402; x_wconf 89' lang='lat' dir='ltr'><strong>sunt;</strong></span> <span class='ocrx_word' id='word_1_484' title='bbox 1193 4341 1220 4390; x_wconf 88' lang='lat' dir='ltr'><strong>at</strong></span> <span class='ocrx_word' id='word_1_485' title='bbox 1230 4341 1304 4391; x_wconf 87' lang='lat' dir='ltr'><strong>recte</strong></span> <span class='ocrx_word' id='word_1_486' title='bbox 1315 4340 1418 4392; x_wconf 87' lang='lat' dir='ltr'><strong>monuit</strong></span> <span class='ocrx_word' id='word_1_487' title='bbox 1428 4337 1505 4391; x_wconf 88' lang='lat' dir='ltr'><strong>Orelli</strong></span> <span class='ocrx_word' id='word_1_488' title='bbox 1515 4341 1562 4406; x_wconf 76' lang='grc'><strong>(2);</strong></span> 
     </span>
     <span class='ocr_line' id='line_1_44' title="bbox 235 4411 1565 4482; baseline -0.001 -16"><span class='ocrx_word' id='word_1_489' title='bbox 235 4413 327 4476; x_wconf 77' lang='lat' dir='ltr'><strong>«Quod</strong></span> <span class='ocrx_word' id='word_1_490' title='bbox 344 4414 485 4467; x_wconf 84' lang='lat' dir='ltr'><strong>Schuetzlc</strong></span> <span class='ocrx_word' id='word_1_491' title='bbox 501 4413 615 4481; x_wconf 87' lang='lat' dir='ltr'><strong>placuit,</strong></span> <span class='ocrx_word' id='word_1_492' title='bbox 633 4417 664 4466; x_wconf 90' lang='lat' dir='ltr'><strong>nt</strong></span> <span class='ocrx_word' id='word_1_493' title='bbox 680 4413 834 4468; x_wconf 88' lang='lat' dir='ltr'><strong>delerentur</strong></span> <span class='ocrx_word' id='word_1_494' title='bbox 848 4429 892 4468; x_wconf 80' lang='lat' dir='ltr'><strong>vv.</strong></span> <span class='ocrx_word' id='word_1_495' title='bbox 910 4411 1079 4482; x_wconf 84' lang='lat' dir='ltr'><strong>parentelae,</strong></span> <span class='ocrx_word' id='word_1_496' title='bbox 1097 4414 1176 4466; x_wconf 87' lang='lat' dir='ltr'><strong>nimis</strong></span> <span class='ocrx_word' id='word_1_497' title='bbox 1192 4413 1264 4466; x_wconf 91' lang='lat' dir='ltr'><strong>nude</strong></span> <span class='ocrx_word' id='word_1_498' title='bbox 1280 4415 1380 4466; x_wconf 86' lang='lat' dir='ltr'><strong>dictum</strong></span> <span class='ocrx_word' id='word_1_499' title='bbox 1389 4413 1511 4466; x_wconf 80' lang='lat' dir='ltr'><strong>videtur:</strong></span> <span class='ocrx_word' id='word_1_500' title='bbox 1530 4416 1565 4466; x_wconf 82' lang='lat' dir='ltr'><strong>od</strong></span> 
     </span>
     <span class='ocr_line' id='line_1_45' title="bbox 235 4487 1564 4555; baseline 0.001 -14"><span class='ocrx_word' id='word_1_501' title='bbox 235 4490 384 4553; x_wconf 71' lang='grc'><strong>0444444444,</strong></span> <span class='ocrx_word' id='word_1_502' title='bbox 410 4505 487 4555; x_wconf 67' lang='lat' dir='ltr'><strong>pean</strong></span> <span class='ocrx_word' id='word_1_503' title='bbox 511 4492 613 4543; x_wconf 75' lang='lat' dir='ltr'><strong>hormie</strong></span> <span class='ocrx_word' id='word_1_504' title='bbox 635 4505 714 4543; x_wconf 78' lang='lat' dir='ltr'><strong>casso</strong></span> <span class='ocrx_word' id='word_1_505' title='bbox 735 4494 850 4553; x_wconf 64' lang='lat' dir='ltr'><strong>samiam</strong></span> <span class='ocrx_word' id='word_1_506' title='bbox 877 4505 939 4544; x_wconf 89' lang='lat' dir='ltr'><strong>cum</strong></span> <span class='ocrx_word' id='word_1_507' title='bbox 956 4488 1110 4542; x_wconf 87' lang='lat' dir='ltr'><strong>addendam</strong></span> <span class='ocrx_word' id='word_1_508' title='bbox 1127 4487 1223 4542; x_wconf 86' lang='lat' dir='ltr'><strong>saltem</strong></span> <span class='ocrx_word' id='word_1_509' title='bbox 1239 4490 1333 4542; x_wconf 84' lang='lat' dir='ltr'><strong>fuisset</strong></span> <span class='ocrx_word' id='word_1_510' title='bbox 1348 4489 1506 4541; x_wconf 78' lang='lat' dir='ltr'><strong>lectissisrsom</strong></span> <span class='ocrx_word' id='word_1_511' title='bbox 1521 4489 1564 4542; x_wconf 85' lang='lat' dir='ltr'><strong>vel</strong></span> 
     </span>
     <span class='ocr_line' id='line_1_46' title="bbox 233 4563 1563 4632; baseline -0.001 -15"><span class='ocrx_word' id='word_1_512' title='bbox 233 4567 438 4630; x_wconf 82' lang='lat' dir='ltr'><strong>spectotissimcm</strong></span> <span class='ocrx_word' id='word_1_513' title='bbox 457 4569 586 4632; x_wconf 70' lang='lat' dir='ltr'><strong>facinora.</strong></span> <span class='ocrx_word' id='word_1_514' title='bbox 619 4568 792 4620; x_wconf 85' lang='lat' dir='ltr'><strong>Buechnerus</strong></span> <span class='ocrx_word' id='word_1_515' title='bbox 813 4580 876 4618; x_wconf 89' lang='lat' dir='ltr'><strong>oum</strong></span> <span class='ocrx_word' id='word_1_516' title='bbox 899 4568 1003 4618; x_wconf 83' lang='lat' dir='ltr'><strong>Passer.</strong></span> <span class='ocrx_word' id='word_1_517' title='bbox 1022 4565 1057 4614; x_wconf 85' lang='lat' dir='ltr'><strong>od</strong></span> <span class='ocrx_word' id='word_1_518' title='bbox 1073 4564 1144 4616; x_wconf 79' lang='lat' dir='ltr'><strong>Coeo.</strong></span> <span class='ocrx_word' id='word_1_519' title='bbox 1162 4563 1264 4627; x_wconf 81' lang='lat' dir='ltr'><strong>Nepotis</strong></span> <span class='ocrx_word' id='word_1_520' title='bbox 1279 4577 1398 4617; x_wconf 69' lang='lat' dir='ltr'><strong>mem.</strong></span> <span class='ocrx_word' id='word_1_521' title='bbox 1425 4565 1477 4616; x_wconf 84' lang='lat' dir='ltr'><strong>sed</strong></span> <span class='ocrx_word' id='word_1_522' title='bbox 1494 4579 1563 4630; x_wconf 89' lang='lat' dir='ltr'><strong>quae</strong></span> 
     </span>
     <span class='ocr_line' id='line_1_47' title="bbox 235 4640 1564 4707; baseline -0.001 -15"><span class='ocrx_word' id='word_1_523' title='bbox 235 4640 269 4692; x_wconf 88' lang='lat' dir='ltr'><strong>de</strong></span> <span class='ocrx_word' id='word_1_524' title='bbox 288 4642 356 4692; x_wconf 90' lang='lat' dir='ltr'><strong>notis</strong></span> <span class='ocrx_word' id='word_1_525' title='bbox 373 4643 512 4696; x_wconf 89' lang='lat' dir='ltr'><strong>nominum</strong></span> <span class='ocrx_word' id='word_1_526' title='bbox 529 4644 605 4706; x_wconf 89' lang='lat' dir='ltr'><strong>dicit,</strong></span> <span class='ocrx_word' id='word_1_527' title='bbox 624 4646 656 4696; x_wconf 94' lang='lat' dir='ltr'><strong>N.</strong></span> <span class='ocrx_word' id='word_1_528' title='bbox 669 4645 696 4696; x_wconf 87' lang='lat' dir='ltr'><strong>S.</strong></span> <span class='ocrx_word' id='word_1_529' title='bbox 716 4642 792 4696; x_wconf 85' lang='lat' dir='ltr'><strong>leetle</strong></span> <span class='ocrx_word' id='word_1_530' title='bbox 809 4642 933 4694; x_wconf 86' lang='lat' dir='ltr'><strong>conlundi</strong></span> <span class='ocrx_word' id='word_1_531' title='bbox 949 4641 1068 4707; x_wconf 89' lang='lat' dir='ltr'><strong>potuisse</strong></span> <span class='ocrx_word' id='word_1_532' title='bbox 1086 4652 1148 4690; x_wconf 89' lang='lat' dir='ltr'><strong>cum</strong></span> <span class='ocrx_word' id='word_1_533' title='bbox 1165 4640 1198 4691; x_wconf 94' lang='lat' dir='ltr'><strong>N.</strong></span> <span class='ocrx_word' id='word_1_534' title='bbox 1211 4641 1255 4702; x_wconf 78' lang='grc'><strong>4.,</strong></span> <span class='ocrx_word' id='word_1_535' title='bbox 1275 4654 1307 4691; x_wconf 88' lang='lat' dir='ltr'><strong>ea</strong></span> <span class='ocrx_word' id='word_1_536' title='bbox 1324 4653 1378 4692; x_wconf 88' lang='lat' dir='ltr'><strong>non</strong></span> <span class='ocrx_word' id='word_1_537' title='bbox 1394 4653 1479 4705; x_wconf 85' lang='lat' dir='ltr'><strong>usqua</strong></span> <span class='ocrx_word' id='word_1_538' title='bbox 1496 4653 1564 4705; x_wconf 84' lang='lat' dir='ltr'><strong>qua-</strong></span> 
     </span>
     <span class='ocr_line' id='line_1_48' title="bbox 235 4715 1565 4786; baseline 0 -19"><span class='ocrx_word' id='word_1_539' title='bbox 235 4727 289 4782; x_wconf 85' lang='lat' dir='ltr'><strong>que</strong></span> <span class='ocrx_word' id='word_1_540' title='bbox 305 4729 371 4768; x_wconf 87' lang='lat' dir='ltr'><strong>vara</strong></span> <span class='ocrx_word' id='word_1_541' title='bbox 393 4720 470 4780; x_wconf 86' lang='lat' dir='ltr'><strong>sunt;</strong></span> <span class='ocrx_word' id='word_1_542' title='bbox 498 4733 645 4786; x_wconf 85' lang='lat' dir='ltr'><strong>numquam</strong></span> <span class='ocrx_word' id='word_1_543' title='bbox 669 4721 741 4772; x_wconf 86' lang='lat' dir='ltr'><strong>enim</strong></span> <span class='ocrx_word' id='word_1_544' title='bbox 762 4733 788 4770; x_wconf 89' lang='lat' dir='ltr'><strong>v.</strong></span> <span class='ocrx_word' id='word_1_545' title='bbox 807 4732 879 4769; x_wconf 85' lang='lat' dir='ltr'><strong>soror</strong></span> <span class='ocrx_word' id='word_1_546' title='bbox 895 4716 980 4768; x_wconf 86' lang='lat' dir='ltr'><strong>littere</strong></span> <span class='ocrx_word' id='word_1_547' title='bbox 998 4716 1025 4768; x_wconf 88' lang='lat' dir='ltr'><strong>S.</strong></span> <span class='ocrx_word' id='word_1_548' title='bbox 1044 4715 1156 4782; x_wconf 77' lang='lat' dir='ltr'><strong>(sactes)</strong></span> <span class='ocrx_word' id='word_1_549' title='bbox 1173 4729 1225 4767; x_wconf 87' lang='lat' dir='ltr'><strong>nec</strong></span> <span class='ocrx_word' id='word_1_550' title='bbox 1240 4729 1266 4767; x_wconf 88' lang='lat' dir='ltr'><strong>v.</strong></span> <span class='ocrx_word' id='word_1_551' title='bbox 1284 4718 1366 4780; x_wconf 85' lang='lat' dir='ltr'><strong>Nepos</strong></span> <span class='ocrx_word' id='word_1_552' title='bbox 1383 4715 1447 4780; x_wconf 85' lang='lat' dir='ltr'><strong>(soll.</strong></span> <span class='ocrx_word' id='word_1_553' title='bbox 1465 4729 1565 4767; x_wconf 87' lang='lat' dir='ltr'><strong>nomen</strong></span> 
     </span>
     <span class='ocr_line' id='line_1_49' title="bbox 235 4791 1562 4863; baseline 0 -20"><span class='ocrx_word' id='word_1_554' title='bbox 235 4793 381 4861; x_wconf 83' lang='lat' dir='ltr'><strong>proprium)</strong></span> <span class='ocrx_word' id='word_1_555' title='bbox 394 4791 479 4846; x_wconf 82' lang='lat' dir='ltr'><strong>littora</strong></span> <span class='ocrx_word' id='word_1_556' title='bbox 489 4797 521 4848; x_wconf 94' lang='lat' dir='ltr'><strong>N.</strong></span> <span class='ocrx_word' id='word_1_557' title='bbox 535 4796 689 4863; x_wconf 74' lang='lat' dir='ltr'><strong>(Nuceriae)</strong></span> <span class='ocrx_word' id='word_1_558' title='bbox 701 4796 833 4859; x_wconf 86' lang='lat' dir='ltr'><strong>signatum</strong></span> <span class='ocrx_word' id='word_1_559' title='bbox 845 4794 912 4844; x_wconf 77' lang='lat' dir='ltr'><strong>est.»</strong></span> <span class='ocrx_word' id='word_1_560' title='bbox 927 4819 955 4828; x_wconf 96' lang='lat'>-</span> <span class='ocrx_word' id='word_1_561' title='bbox 974 4793 1015 4843; x_wconf 79' lang='grc'><strong>44.</strong></span> <span class='ocrx_word' id='word_1_562' title='bbox 1033 4803 1145 4855; x_wconf 79' lang='lat' dir='ltr'><strong>qccmp.</strong></span> <span class='ocrx_word' id='word_1_563' title='bbox 1160 4791 1223 4843; x_wconf 86' lang='lat' dir='ltr'><strong>GN.</strong></span> <span class='ocrx_word' id='word_1_564' title='bbox 1238 4817 1266 4828; x_wconf 93' lang='lat'><em>-</em></span> <span class='ocrx_word' id='word_1_565' title='bbox 1279 4792 1320 4843; x_wconf 81' lang='grc'><strong>44.</strong></span> <span class='ocrx_word' id='word_1_566' title='bbox 1334 4793 1454 4855; x_wconf 64' lang='lat' dir='ltr'><strong>quue</strong></span> <span class='ocrx_word' id='word_1_567' title='bbox 1464 4803 1521 4854; x_wconf 76' lang='lat' dir='ltr'><strong>esp.</strong></span> <span class='ocrx_word' id='word_1_568' title='bbox 1533 4791 1562 4843; x_wconf 91' lang='lat' dir='ltr'><strong>G.</strong></span> 
     </span>
     <span class='ocr_line' id='line_1_50' title="bbox 238 4866 1564 4934; baseline -0.001 -16"><span class='ocrx_word' id='word_1_569' title='bbox 238 4896 266 4909; x_wconf 91' lang='lat'>-</span> <span class='ocrx_word' id='word_1_570' title='bbox 284 4869 326 4919; x_wconf 89' lang='grc'><strong>48.</strong></span> <span class='ocrx_word' id='word_1_571' title='bbox 344 4868 448 4918; x_wconf 78' lang='lat' dir='ltr'><strong>doraum</strong></span> <span class='ocrx_word' id='word_1_572' title='bbox 464 4872 584 4924; x_wconf 83' lang='lat' dir='ltr'><strong>Gch:</strong></span> <span class='ocrx_word' id='word_1_573' title='bbox 603 4872 767 4923; x_wconf 85' lang='lat' dir='ltr'><strong>domiHSa.</strong></span> <span class='ocrx_word' id='word_1_574' title='bbox 787 4895 815 4905; x_wconf 86' lang='lat'><em>-</em></span> <span class='ocrx_word' id='word_1_575' title='bbox 835 4867 876 4920; x_wconf 84' lang='grc'><strong>40.</strong></span> <span class='ocrx_word' id='word_1_576' title='bbox 893 4867 1136 4930; x_wconf 77' lang='lat' dir='ltr'><strong>hespittpasvac:</strong></span> <span class='ocrx_word' id='word_1_577' title='bbox 1154 4866 1306 4934; x_wconf 74' lang='lat' dir='ltr'><strong>hospitioque</strong></span> <span class='ocrx_word' id='word_1_578' title='bbox 1322 4870 1420 4933; x_wconf 80' lang='grc' dir='ltr'><strong>(4χψ;</strong></span> <span class='ocrx_word' id='word_1_579' title='bbox 1443 4866 1564 4929; x_wconf 81' lang='lat' dir='ltr'><strong>hospitio:</strong></span> 
     </span>
     <span class='ocr_line' id='line_1_51' title="bbox 236 4942 1564 5012; baseline -0.003 -17"><span class='ocrx_word' id='word_1_580' title='bbox 236 4957 285 5008; x_wconf 78' lang='lat' dir='ltr'><strong>gase</strong></span> <span class='ocrx_word' id='word_1_581' title='bbox 299 4944 326 4995; x_wconf 89' lang='grc'><strong>44</strong></span> <span class='ocrx_word' id='word_1_582' title='bbox 348 4944 393 5009; x_wconf 84' lang='grc'><strong>(444</strong></span> <span class='ocrx_word' id='word_1_583' title='bbox 414 4945 498 5010; x_wconf 76' lang='lat' dir='ltr'><strong>quoe).</strong></span> <span class='ocrx_word' id='word_1_584' title='bbox 522 4971 551 4984; x_wconf 89' lang='lat'>-</span> <span class='ocrx_word' id='word_1_585' title='bbox 575 4947 616 4998; x_wconf 88' lang='grc'><strong>20.</strong></span> <span class='ocrx_word' id='word_1_586' title='bbox 637 4949 685 5012; x_wconf 75' lang='lat' dir='ltr'><strong>pde</strong></span> <span class='ocrx_word' id='word_1_587' title='bbox 705 4951 728 4998; x_wconf 88' lang='lat' dir='ltr'><strong>et</strong></span> <span class='ocrx_word' id='word_1_588' title='bbox 744 4946 787 4996; x_wconf 82' lang='grc'><strong>444.</strong></span> <span class='ocrx_word' id='word_1_589' title='bbox 806 4957 831 4993; x_wconf 83' lang='lat' dir='ltr'><strong>v.</strong></span> <span class='ocrx_word' id='word_1_590' title='bbox 852 4969 880 4978; x_wconf 89' lang='lat'>-</span> <span class='ocrx_word' id='word_1_591' title='bbox 907 4943 949 4993; x_wconf 92' lang='grc'><strong>24.</strong></span> <span class='ocrx_word' id='word_1_592' title='bbox 970 4943 1093 5006; x_wconf 74' lang='lat' dir='ltr'><strong>nseror</strong></span> <span class='ocrx_word' id='word_1_593' title='bbox 1109 4943 1188 4995; x_wconf 84' lang='grc'><strong>0442.</strong></span> <span class='ocrx_word' id='word_1_594' title='bbox 1209 4967 1238 4980; x_wconf 94' lang='grc'><strong>-</strong></span> <span class='ocrx_word' id='word_1_595' title='bbox 1264 4943 1306 4994; x_wconf 86' lang='grc'><strong>22.</strong></span> <span class='ocrx_word' id='word_1_596' title='bbox 1324 4944 1388 4993; x_wconf 77' lang='lat' dir='ltr'><strong>secti</strong></span> <span class='ocrx_word' id='word_1_597' title='bbox 1403 4942 1469 4993; x_wconf 83' lang='lat' dir='ltr'><strong>rosei</strong></span> <span class='ocrx_word' id='word_1_598' title='bbox 1485 4942 1515 4992; x_wconf 92' lang='lat' dir='ltr'><strong>G.</strong></span> <span class='ocrx_word' id='word_1_599' title='bbox 1534 4969 1564 4980; x_wconf 98' lang='lat'><em>-</em></span> 
     </span>
     <span class='ocr_line' id='line_1_52' title="bbox 236 5017 1566 5087; baseline -0.002 -16"><span class='ocrx_word' id='word_1_600' title='bbox 236 5019 278 5071; x_wconf 83' lang='grc'><strong>23.</strong></span> <span class='ocrx_word' id='word_1_601' title='bbox 295 5019 500 5084; x_wconf 65' lang='grc'><strong>1444444444.</strong></span> <span class='ocrx_word' id='word_1_602' title='bbox 521 5043 548 5058; x_wconf 92' lang='grc'><strong>-</strong></span> <span class='ocrx_word' id='word_1_603' title='bbox 567 5021 691 5087; x_wconf 65' lang='lat' dir='ltr'><strong>ceperint]</strong></span> <span class='ocrx_word' id='word_1_604' title='bbox 709 5021 824 5084; x_wconf 77' lang='lat' dir='ltr'><strong>operiant</strong></span> <span class='ocrx_word' id='word_1_605' title='bbox 841 5020 870 5070; x_wconf 87' lang='lat' dir='ltr'><strong>G.</strong></span> <span class='ocrx_word' id='word_1_606' title='bbox 891 5045 919 5054; x_wconf 48' lang='grc' dir='ltr'><strong>ψ</strong></span> <span class='ocrx_word' id='word_1_607' title='bbox 937 5017 978 5069; x_wconf 82' lang='grc'><strong>24.</strong></span> <span class='ocrx_word' id='word_1_608' title='bbox 995 5019 1194 5070; x_wconf 73' lang='lat' dir='ltr'><strong>nommeieav.</strong></span> <span class='ocrx_word' id='word_1_609' title='bbox 1214 5017 1382 5080; x_wconf 79' lang='lat' dir='ltr'><strong>-posicidic</strong></span> <span class='ocrx_word' id='word_1_610' title='bbox 1398 5028 1429 5078; x_wconf 86' lang='lat' dir='ltr'><strong>v,</strong></span> <span class='ocrx_word' id='word_1_611' title='bbox 1446 5017 1566 5068; x_wconf 89' lang='lat' dir='ltr'><strong>utsem-</strong></span> 
     </span>
     <span class='ocr_line' id='line_1_53' title="bbox 236 5092 1563 5163; baseline -0.003 -17"><span class='ocrx_word' id='word_1_612' title='bbox 236 5107 302 5161; x_wconf 89' lang='lat' dir='ltr'><strong>per;</strong></span> <span class='ocrx_word' id='word_1_613' title='bbox 324 5095 462 5158; x_wconf 78' lang='lat' dir='ltr'><strong>patricidio</strong></span> <span class='ocrx_word' id='word_1_614' title='bbox 478 5097 511 5160; x_wconf 84' lang='grc'><strong>4,</strong></span> <span class='ocrx_word' id='word_1_615' title='bbox 535 5099 563 5147; x_wconf 88' lang='grc'><strong>44</strong></span> <span class='ocrx_word' id='word_1_616' title='bbox 577 5098 616 5148; x_wconf 86' lang='lat' dir='ltr'><strong>sic</strong></span> <span class='ocrx_word' id='word_1_617' title='bbox 632 5111 681 5163; x_wconf 90' lang='lat' dir='ltr'><strong>per</strong></span> <span class='ocrx_word' id='word_1_618' title='bbox 703 5098 784 5148; x_wconf 89' lang='lat' dir='ltr'><strong>totam</strong></span> <span class='ocrx_word' id='word_1_619' title='bbox 807 5095 962 5146; x_wconf 89' lang='lat' dir='ltr'><strong>orationem.</strong></span> <span class='ocrx_word' id='word_1_620' title='bbox 983 5119 1010 5132; x_wconf 83' lang='lat'><em>-</em></span> <span class='ocrx_word' id='word_1_621' title='bbox 1034 5092 1163 5159; x_wconf 78' lang='lat' dir='ltr'><strong>atod10t</strong></span> <span class='ocrx_word' id='word_1_622' title='bbox 1179 5093 1213 5143; x_wconf 85' lang='lat' dir='ltr'><strong>od</strong></span> <span class='ocrx_word' id='word_1_623' title='bbox 1229 5092 1259 5144; x_wconf 87' lang='lat' dir='ltr'><strong>C.</strong></span> <span class='ocrx_word' id='word_1_624' title='bbox 1288 5117 1316 5130; x_wconf 87' lang='lat'><em>-</em></span> <span class='ocrx_word' id='word_1_625' title='bbox 1342 5093 1383 5143; x_wconf 86' lang='grc'><strong>244.</strong></span> <span class='ocrx_word' id='word_1_626' title='bbox 1402 5095 1484 5155; x_wconf 81' lang='lat' dir='ltr'><strong>posset</strong></span> <span class='ocrx_word' id='word_1_627' title='bbox 1504 5103 1563 5142; x_wconf 89' lang='lat' dir='ltr'><strong>ao:</strong></span> 
     </span>
     <span class='ocr_line' id='line_1_54' title="bbox 233 5165 1547 5239; baseline -0.003 -14"><span class='ocrx_word' id='word_1_628' title='bbox 233 5171 312 5235; x_wconf 80' lang='lat' dir='ltr'><strong>possit</strong></span> <span class='ocrx_word' id='word_1_629' title='bbox 327 5171 483 5238; x_wconf 83' lang='lat' dir='ltr'><strong>GNGliv,</strong></span> <span class='ocrx_word' id='word_1_630' title='bbox 502 5172 552 5226; x_wconf 90' lang='lat' dir='ltr'><strong>sed</strong></span> <span class='ocrx_word' id='word_1_631' title='bbox 568 5174 588 5226; x_wconf 87' lang='lat' dir='ltr'>C</span> <span class='ocrx_word' id='word_1_632' title='bbox 605 5185 642 5228; x_wconf 88' lang='lat' dir='ltr'><strong>m.</strong></span> <span class='ocrx_word' id='word_1_633' title='bbox 661 5185 716 5226; x_wconf 87' lang='lat' dir='ltr'><strong>sec.</strong></span> <span class='ocrx_word' id='word_1_634' title='bbox 732 5176 822 5239; x_wconf 86' lang='lat' dir='ltr'><strong>posset.</strong></span> <span class='ocrx_word' id='word_1_635' title='bbox 842 5197 870 5207; x_wconf 93' lang='lat'><em>-</em></span> <span class='ocrx_word' id='word_1_636' title='bbox 888 5170 930 5224; x_wconf 77' lang='grc'><strong>46.</strong></span> <span class='ocrx_word' id='word_1_637' title='bbox 947 5169 1019 5223; x_wconf 74' lang='lat' dir='ltr'><strong>suda</strong></span> <span class='ocrx_word' id='word_1_638' title='bbox 1035 5175 1096 5226; x_wconf 84' lang='lat' dir='ltr'><strong>esset</strong></span> <span class='ocrx_word' id='word_1_639' title='bbox 1111 5171 1185 5222; x_wconf 84' lang='grc'><strong>(4.-</strong></span> <span class='ocrx_word' id='word_1_640' title='bbox 1203 5168 1306 5233; x_wconf 73' lang='lat' dir='ltr'><strong>coepitio</strong></span> <span class='ocrx_word' id='word_1_641' title='bbox 1321 5181 1353 5232; x_wconf 85' lang='lat' dir='ltr'><strong>v,</strong></span> <span class='ocrx_word' id='word_1_642' title='bbox 1375 5168 1404 5220; x_wconf 89' lang='lat' dir='ltr'><strong>et</strong></span> <span class='ocrx_word' id='word_1_643' title='bbox 1419 5167 1458 5220; x_wconf 91' lang='lat' dir='ltr'><strong>sic</strong></span> <span class='ocrx_word' id='word_1_644' title='bbox 1474 5165 1547 5226; x_wconf 85' lang='lat' dir='ltr'><strong>alies.</strong></span> 
     </span>
    </p>
   </div>
   <div class='ocr_carea' id='block_1_4' title="bbox 0 0 1856 5862">
    <p class='ocr_par' dir='ltr' id='par_1_5' title="bbox 0 0 1856 5862">
     <span class='ocr_line' id='line_1_55' title="bbox 0 0 1856 5862; baseline 0 0"><span class='ocrx_word' id='word_1_645' title='bbox 0 0 1856 5862; x_wconf 95' lang='lat' dir='ltr'><strong> </strong></span> 
     </span>
    </p>
   </div>
  </div>
 </body>
</html>
