3684 5862
116 590 158 621 .,.

70 594 171 700 of.

154 2953 164 3023 t

294 423 336 492 34
581 422 733 492 ORATIO
754 422 834 491 PRO
857 424 947 491 SEX.
968 423 1117 492 ROSCIO
1139 425 1322 495 AMERINO

275 589 369 682 (cum
401 595 543 662 omnium
570 596 726 661 nobilium
756 597 892 681 dignitas
913 605 946 662 ei
967 597 1052 662 salus
1073 599 1107 662 in
1128 597 1297 662 discrimen
1319 597 1616 684 veniret,1praeter

296 701 419 756 ceteros
439 691 474 754 in
494 710 533 754 ea
546 690 710 755 vicinitate
725 710 793 754 eam
808 699 930 775 partem
945 712 1137 777 causamque
1153 713 1263 775 opera,
1285 693 1406 768 studio,
1428 693 1616 758 auctoritate

295 786 454 851 defendit:
487 784 605 847 etenim
626 791 747 848 rectum
768 787 900 868 putabat
920 806 979 871 pro
1002 806 1111 851 eorum
1132 787 1298 852 honestate
1314 807 1348 850 se
1362 805 1520 870 pugnare,
1543 807 1617 870 pre-

294 889 367 964 pter
380 899 462 963 quos
476 879 546 962 ipse
560 878 806 960 honestissimus
821 879 905 944 inter
919 900 994 944 suos
1006 881 1239 945 numerabatur.
1261 883 1471 966 Posteaquam
1485 881 1618 946 victoria

269 986 287 1033 o
296 975 469 1038 constituta
491 982 540 1036 est
560 974 599 1037 ab
622 973 781 1056 armisque
802 975 1009 1051 recessimus,
1032 996 1103 1038 cum
1118 976 1391 1059 proscriberentur
1403 974 1549 1039 homines
1571 983 1619 1038 at·

296 1089 358 1155 que
386 1089 427 1132 ex
454 1068 541 1130 omni
570 1068 702 1150 regione
730 1076 918 1150 caperentur
939 1069 977 1144 ii,
1011 1071 1067 1152 qui
1097 1070 1268 1134 adversarii
1289 1069 1388 1134 fuisse
1410 1069 1618 1152 putabantur,

295 1172 364 1228 erat
383 1164 437 1227 ilie
459 1164 578 1226 Romae
598 1161 749 1244 frequens
771 1170 868 1246 atque
890 1161 925 1224 in
946 1162 1016 1226 loro
1039 1171 1071 1226 et
1093 1163 1126 1225 in
1149 1183 1204 1226 ore
1222 1164 1366 1226 omnium
1388 1162 1532 1246 quotidie
1547 1181 1618 1226 ver·

295 1259 440 1332 sabatur,
472 1255 573 1339 magis
594 1263 630 1318 ut
650 1255 810 1320 exsultare
831 1256 965 1320 victoria
985 1256 1162 1320 nobilitatis
1184 1258 1344 1321 videretur
1372 1277 1468 1340 quam
1497 1257 1618 1330 timere,

295 1373 336 1416 ne
359 1352 501 1437 quidex
522 1370 561 1414 ea
582 1349 768 1414 calamitatis
792 1351 851 1414 sibi
867 1351 1034 1414 accideret.
1070 1345 1120 1412 47.
1140 1351 1238 1413 Erant
1252 1351 1282 1414 ei
1297 1357 1419 1414 veteres
1433 1350 1618 1414 inimicitiae

259 1458 369 1510 locum
398 1445 522 1509 duobus
549 1443 673 1508 Rosciis
694 1445 869 1520 Amerinis,
898 1465 1034 1527 quorum
1055 1443 1188 1507 alterum
1211 1445 1323 1508 sedere
1344 1445 1378 1507 in
1399 1451 1619 1509 accusatorum

296 1538 457 1604 subselliis
478 1538 588 1612 video,
611 1538 746 1601 alterum
768 1539 828 1602 tria
848 1538 981 1603 huiusce
1003 1537 1132 1620 praedia
1146 1538 1310 1619 possidere
1325 1539 1439 1613 audio:
1462 1557 1541 1622 quas
1555 1537 1619 1602 ini·

296 1633 433 1698 micitias
455 1633 567 1696 sitam
589 1651 700 1696 cavere
722 1631 893 1715 potuisset,
917 1652 1012 1716 quam
1027 1638 1168 1694 metuere
1184 1631 1323 1706 solebat,
1346 1631 1481 1696 viveret:
1511 1649 1617 1714 neque

296 1727 398 1800 enim,
420 1726 558 1801 iudices,
580 1726 697 1790 iniuria
718 1728 888 1790 metuebat.
931 1728 1010 1789 Nam
1032 1727 1095 1789 duo
1117 1726 1170 1789 isti
1192 1733 1265 1788 sunt
1280 1726 1344 1789 Titi
1359 1727 1466 1790 Roscii
1480 1757 1522 1774 -
1538 1744 1618 1811 quo·

296 1843 366 1885 rum
394 1820 486 1883 alteri
517 1820 665 1904 Capitoni
695 1841 872 1904 cognomen
901 1829 968 1896 est,
1001 1821 1061 1884 iste
1083 1819 1138 1902 qui
1161 1819 1251 1882 adest
1271 1821 1404 1903 Magnus
1425 1826 1557 1884 vocatur
1577 1849 1619 1865 -

258 1915 442 1980 sobomines
464 1913 640 1979 eiusmodi:
662 1915 745 1979 alter
764 1916 971 1999 plurimarum
993 1915 1167 1999 palmarum
1188 1922 1280 1978 vetus
1302 1933 1339 1976 ac
1361 1914 1478 1977 nobilis
1500 1911 1620 1996 gladia·

295 2016 347 2074 tor
366 2008 516 2084 babetur,
537 2008 591 2072 bic
613 2016 721 2073 autem
735 2030 838 2093 nuper
852 2029 886 2072 se
901 2009 941 2072 ad
956 2028 1028 2071 eum
1044 2006 1191 2072 lanistam
1206 2008 1357 2071 contulit:
1380 2009 1436 2093 qui
1451 2015 1524 2072 ante
1537 2007 1619 2072 banc

295 2123 435 2190 pugnam
455 2103 517 2165 tiro
540 2110 625 2166 esset
648 2099 748 2188 [quod
770 2098 902 2186 sciam],
928 2102 1022 2166 facile
1048 2103 1153 2186 ipsum
1174 2103 1359 2185 magistrum
1380 2102 1500 2168 scelere
1522 2102 1620 2166 auda·

296 2201 409 2283 ciaque
430 2195 602 2280 superavit.

379 2293 447 2356 vn.
469 2287 483 2354 4
490 2289 520 2354 8.
549 2293 630 2355 Nam
652 2312 723 2356 cum
744 2291 796 2356 bic
819 2292 934 2356 Sextus
955 2291 1090 2355 Roscius
1112 2299 1195 2356 esset
1215 2293 1378 2370 Ameriae,
1401 2294 1491 2356 Titus
1513 2300 1619 2356 autem

256 2388 355 2452 atiste
384 2385 519 2450 Roscius
547 2387 683 2462 Romae,
713 2407 784 2450 cum
812 2386 865 2449 bic
885 2383 970 2450 filius
992 2386 1138 2450 assiduus
1161 2388 1193 2450 in
1216 2389 1355 2471 praediis
1377 2395 1462 2452 esset
1483 2407 1619 2472 cumque

295 2502 329 2546 se
355 2481 521 2546 voluntate
548 2478 648 2562 patris
676 2480 724 2543 rei
744 2480 893 2544 familiari
914 2481 1062 2562 vitaeque
1084 2481 1220 2544 rusticae
1242 2483 1399 2558 dedisset,
1431 2483 1491 2546 iste
1513 2487 1618 2546 autem

293 2576 445 2660 frequens
472 2574 591 2636 Romae
621 2581 720 2650 esset,
748 2574 905 2639 occiditur
935 2575 976 2637 ad
1003 2573 1132 2638 balneas
1154 2574 1328 2640 Pallacinas
1350 2577 1477 2640 rediens
1498 2595 1518 2640 a
1539 2594 1618 2640 cena

295 2671 370 2734 Sex.
392 2668 535 2755 Roscius.
570 2667 672 2752 Spero
694 2690 735 2732 ex
755 2668 816 2733 boc
839 2668 909 2752 ipso
931 2686 996 2731 non
1020 2689 1089 2732 esse
1105 2670 1290 2745 obscurum,
1312 2671 1352 2733 ad
1368 2689 1463 2753 quem
1478 2669 1617 2752 suspicio

294 2759 442 2826 maleficii
463 2761 639 2844 pertineat:
661 2782 771 2826 verum
793 2763 842 2837 id,
865 2763 953 2845 quod
974 2761 1078 2825 adbuc
1100 2769 1149 2826 esi
1163 2763 1390 2845 suspiciosum,
1413 2763 1475 2826 nisi
1496 2763 1618 2846 perspi-

256 2871 391 2923 atcuum
412 2875 463 2920 res
485 2857 556 2938 ipsa
575 2855 704 2931 lecerit,
726 2856 811 2921 hunc
833 2853 960 2918 allinem
982 2856 1095 2938 culpae
1116 2856 1300 2920 iudicatote.
1336 2851 1388 2919 49.
1411 2854 1525 2920 Occiso
1545 2856 1618 2919 Sex.

295 2950 411 3014 Roscio
433 2951 555 3035 primm
575 2951 736 3016 Ameriam
757 2949 882 3014 nuntiat
904 2949 1030 3013 Mallius
1053 2949 1185 3013 Glaucia
1208 2951 1354 3034 quidam,
1383 2951 1481 3016 bomo
1503 2951 1618 3026 tentus,

360 3192 385 3244 2.
406 3191 541 3254 mandute]
563 3190 665 3241 44444444
681 3203 698 3241 v
715 3191 742 3240 ei
758 3191 819 3255 Lag.
838 3191 862 3241 7.
881 3191 905 3241 9.
926 3190 965 3240 42.
984 3189 1024 3240 ta.
1043 3190 1084 3240 26.
1105 3215 1133 3227 ·-
1152 3187 1176 3242 4.
1194 3195 1330 3242 nommant
1345 3192 1407 3256 Lag.
1426 3191 1467 3244 26.
1488 3213 1515 3229 -
1535 3193 1559 3244 e.
1577 3205 1620 3243 cn·

292 3273 412 3331 4444444444
428 3267 521 3318 codd:
538 3271 691 3329 ropermtor
707 3267 774 3317 coni.
794 3264 872 3316 Orelli
890 3265 936 3330 (2),
953 3266 1160 3328 comosum
1176 3266 1241 3317 Lud.
1260 3266 1294 3317 de
1312 3267 1358 3317 ian
1374 3269 1400 3317 in
1416 3267 1554 3319 nucem
1568 3268 1616 3332 pai.

293 3344 418 3410 44444444
434 3343 507 3396 4845.
526 3355 600 3393 num.
619 3340 676 3392 tio.
702 3345 736 3392 At
752 3342 805 3393 vid.
825 3343 867 3392 Os.
887 3344 914 3392 et
931 3341 964 3392 ci.
982 3343 1059 3392 Auci.
1078 3341 1112 3392 ad
1130 3341 1245 3392 lierenn.
1264 3341 1306 3402 iv,
1325 3341 1349 3406 5.
1368 3342 1417 3392 3⁴:
1443 3343 1617 3405 maiman,

292 3421 342 3486 fide
365 3425 481 3484 captum,
506 3417 633 3468 4444444444
650 3418 761 3482 pertidia
780 3417 834 3468 oito
854 3418 973 3480 privavit.
995 3442 1022 3452 -
1041 3418 1066 3466 7.
1084 3421 1160 3478 utque
1175 3417 1203 3466 in
1218 3416 1282 3482 soro]
1301 3429 1354 3467 om.
1373 3422 1448 3478 atoue
1465 3417 1575 3468 ctis:
1592 3419 1619 3468 et

294 3495 310 3545 3
327 3495 405 3558 lagg.
425 3492 488 3543 dett.
507 3492 556 3544 soii
573 3506 606 3544 ex
622 3492 700 3543 notis.
722 3519 750 3529 -
773 3493 797 3543 8.
817 3493 932 3544 amatore
949 3495 1060 3543 Gvac.
1081 3520 1109 3530 -
1128 3493 1167 3544 ts.
1185 3493 1282 3559 444444]
1296 3493 1428 3556 probibere
1444 3493 1538 3544 Curius
1555 3493 1619 3544 For-

294 3570 445 3619 tunatianus
462 3581 488 3633 p.
507 3568 549 3620 82.
569 3593 597 3606 -
617 3567 657 3618 43.
677 3568 719 3617 isti
735 3568 784 3617 dae
801 3568 851 3631 444,
872 3567 954 3629 Gud,
972 3580 997 3617 v.
1019 3593 1046 3605 -
1068 3568 1115 3618 liti
1131 3570 1241 3621 Gilva
1253 3581 1285 3618 c:
1305 3569 1330 3620 f.
1349 3567 1437 3632 vulgo.
1454 3593 1482 3606 -
1499 3569 1571 3620 Rosci
1587 3569 1616 3620 G.

296 3671 325 3682 -
343 3647 384 3696 to.
402 3644 548 3695 444444444οά4
568 3643 623 3704 ut,
652 3643 792 3694 boiuaoodi
808 3645 875 3695 coni.
894 3643 981 3707 Reisig
1001 3641 1104 3706 (Varias.
1122 3644 1184 3695 444444
1199 3645 1284 3694 toleio
1303 3645 1467 3707 Sprocbwiss.
1489 3657 1517 3710 p.
1535 3644 1617 3708 scii,

295 3732 364 3784 qnae
382 3719 532 3772 emendatio
549 3720 700 3769 necessaria
718 3717 830 3770 videtur.
851 3745 878 3756 -
901 3719 1049 3782 palmarum
1065 3732 1118 3770 om.
1137 3722 1167 3771 G.
1188 3747 1215 3758 —
1234 3721 1274 3771 to.
1292 3718 1496 3786 4444444441444
1511 3721 1576 3772 niter
1591 3733 1617 3772 a.

295 3797 381 3846 Garat.
401 3796 433 3859 (2)
450 3795 562 3858 requirit
577 3793 619 3844 vel
635 3794 701 3844 alter
717 3791 859 3844 emanuel
876 3793 920 3844 iste
936 3799 1033 3854 autom
1056 3796 1084 3844 ai
1106 3807 1168 3845 cum
1190 3807 1318 3859 praesens
1336 3794 1439 3846 absenti
1455 3809 1488 3847 ex
1505 3795 1618 3848 adverso

294 3875 421 3936 ponatur,
438 3868 517 3920 lectio
535 3869 613 3920 codd.
627 3883 680 3920 non
692 3871 733 3921 est
749 3868 889 3928 tentanda:
907 3881 932 3918 v.
947 3868 970 3932 g.
985 3868 1040 3919 tiit.
1055 3895 1081 3904 -
1102 3869 1146 3931 qai
1156 3873 1214 3919 oete
1225 3868 1322 3919 codd:
1341 3870 1384 3932 qoi
1394 3883 1452 3922 444444
1462 3876 1521 3922 arta
1531 3871 1617 3933 ci.0;

295 3945 369 3996 addit
384 3958 402 3993 v
418 3958 476 3994 cum
492 3947 553 3994 ante
570 3945 634 4006 tiro;
652 3950 676 3996 at
692 3947 736 4007 qui
752 3949 810 3994 anta
826 3945 894 3995 coni.
913 3944 1016 4009 ssadvig
1034 3946 1130 4009 opusc.
1143 3946 1162 3994 1.
1181 3958 1207 4010 p.
1222 3944 1277 3995 478.
1302 3945 1355 4008 Ego
1372 3943 1466 4009 reliqui
1476 3943 1617 4010 vulgatam,

295 4033 377 4085 quam
394 4019 512 4072 defendit
527 4019 623 4070 lordan
639 4018 657 4070 l.
676 4033 700 4070 c.
719 4033 745 4085 p.
759 4019 830 4081 660..
850 4019 920 4085 quod
938 4021 1068 4072 incertum
1085 4019 1240 4080 videbatur,
1259 4031 1324 4070 num
1341 4025 1364 4070 st
1380 4021 1424 4082 qui
1440 4035 1488 4084 an,
1507 4020 1535 4072 id
1548 4019 1620 4086 quod

296 4108 345 4160 ego
363 4093 467 4158 malim,
486 4096 578 4159 quique
594 4095 780 4160 corrigendum
797 4099 877 4146 esset.
899 4122 927 4132 -
945 4101 1003 4147 onte
1018 4094 1090 4160 icoc]
1109 4101 1168 4146 octe
1183 4097 1210 4144 io
1226 4095 1287 4146 Sch.
1301 4095 1344 4159 {ex
1361 4101 1419 4146 note
1434 4093 1509 4160 44444).
1530 4121 1558 4132 -
1577 4093 1617 4146 tt.

295 4172 362 4234 qtiod
376 4173 455 4222 4444444
471 4172 544 4224 Gaia
556 4172 575 4222 C
585 4171 607 4222 R
617 4185 648 4232 χ,
667 4172 704 4222 st.
718 4170 795 4232 Vici..
814 4169 887 4231 Pati..
906 4170 921 4222 4
934 4173 1017 4234 Para,
1036 4183 1101 4221 vac
1118 4174 1146 4222 et
1162 4173 1240 4235 lagg.
1253 4169 1391 4235 plerique:
1411 4171 1477 4234 quod
1492 4171 1621 4222 4444444444»

296 4247 358 4309 Lag.
376 4247 431 4306 28.;
450 4247 516 4309 quod
530 4247 633 4298 44444444
649 4246 686 4297 444
702 4247 803 4310 Rip:
823 4246 866 4307 oui
882 4246 986 4296 amotio
1001 4249 1059 4297 Par.
1072 4248 1108 4308 7.,
1126 4248 1197 4299 unde
1215 4246 1285 4311 vulg.
1305 4249 1355 4298 tiro
1372 4253 1432 4299 estat
1443 4248 1546 4298 44444444
1561 4248 1620 4298 oria

297 4323 347 4372 est.
370 4319 447 4386 (quod
461 4322 552 4384 44444444,
573 4323 627 4373 iam
642 4322 717 4385 sociis
734 4323 801 4373 coni.
820 4321 947 4382 Ruecbn.)
971 4320 1114 4385 Madvigius
1131 4320 1147 4374 l.
1167 4336 1191 4373 c.
1210 4321 1352 4374 lectionem
1376 4323 1536 4387 quodetiam
1553 4323 1619 4375 scite

295 4393 339 4448 ilie
357 4396 465 4461 quidem
483 4397 612 4459 defendit,
630 4396 679 4449 sed
696 4410 791 4448 verum
807 4397 912 4448 videtur
928 4398 1058 4448 Garatonii
1076 4399 1117 4461 (2.)
1135 4398 1275 4460 iudicium,
1294 4400 1339 4463 qui
1355 4399 1475 4451 diversas
1491 4397 1620 4451 lectiones

297 4484 331 4522 ex
347 4469 434 4535 glossa
450 4471 588 4537 marginali
606 4473 704 4535 «quoad
719 4471 865 4522 4444444444»
883 4471 1016 4537 proiectas
1032 4475 1133 4524 censet.
1150 4501 1177 4512 -
1197 4475 1237 4524 te.
1254 4473 1294 4524 bic
1311 4486 1364 4526 om.
1377 4488 1403 4525 v.
1418 4497 1446 4510 -
1467 4473 1534 4524 litu:
1550 4473 1617 4524 mei:

298 4547 325 4597 Τ.
343 4543 430 4610 vulgo.
449 4570 478 4583 -
497 4547 589 4609 4444444]
607 4545 672 4596 aiter
687 4547 749 4610 Lag.
768 4548 792 4595 4.
811 4546 835 4596 3.
853 4546 878 4597 8.
897 4548 924 4596 ei
940 4558 987 4597 ac.
1009 4575 1037 4584 -
1054 4549 1095 4599 20.
1114 4549 1153 4620 bic
1169 4563 1222 4600 om.
1237 4552 1265 4600 G.
1289 4577 1317 4586 —
1336 4551 1376 4600 24.
1394 4549 1530 4615 [mediatis
1546 4551 1575 4601 G.
1590 4574 1618 4586 —

297 4621 427 4674 dedidisset
442 4622 510 4672 coni.
528 4622 628 4685 Reisig;
647 4623 674 4671 ai
689 4634 716 4672 v.
734 4621 792 4672 biv.
811 4621 837 4672 iu
855 4622 934 4672 Caec.
955 4621 979 4685 5.
997 4621 1029 4674 i:
1048 4624 1091 4686 poi
1107 4637 1147 4674 me
1164 4625 1199 4674 od
1215 4625 1375 4688 defendendos
1390 4625 1499 4677 44444444
1514 4652 1529 4663 -
1545 4651 1560 4662 -
1576 4623 1621 4674 ds-

297 4698 397 4758 dissem,
416 4696 465 4748 nisi
480 4698 594 4761 utroque
611 4694 669 4746 ioco
687 4696 774 4746 (4444444
790 4695 984 4748 restituendum
1001 4699 1051 4749 est.
1071 4725 1099 4735 —-
1123 4699 1164 4750 22.
1183 4700 1276 4752 limace
1290 4701 1406 4765 fraqam
1421 4714 1447 4752 v.
1468 4725 1497 4738 -
1514 4699 1621 4751 ames

297 4785 345 4823 aaa
360 4771 444 4831 idiix
460 4772 489 4821 et
504 4769 519 4820 7
535 4770 626 4835 Leggs
644 4769 794 4820 rumano:
808 4770 868 4835 Lag.
882 4773 938 4832 26.;
956 4772 1101 4824 Padusam
1110 4775 1208 4825 Nonius
1224 4788 1251 4840 p.
1265 4775 1313 4827 494
1323 4776 1371 4835 44.;
1389 4776 1515 4826 Padum
1530 4770 1616 4826 schol.

298 4849 325 4903 in
342 4851 449 4911 Argum.
468 4858 495 4910 p.
507 4843 565 4896 424.
584 4847 611 4895 et
627 4857 653 4909 p.
667 4843 740 4906 486.;
757 4844 891 4897 Pollicem
902 4848 963 4911 Lag.
977 4849 1017 4907 7.;
1035 4849 1173 4900 Paitotiacs
1183 4851 1244 4914 Lag.
1257 4851 1281 4902 3.
1294 4866 1300 4912 ;
1315 4847 1617 4914 pensaurensem

297 4923 418 4982 Phocus:
435 4920 564 4984 Pailopmi
578 4920 688 4984 Pompei
706 4920 808 4971 Comm.
827 4922 890 4974 artis
906 4923 1000 4974 Donati
1016 4936 1043 4988 p.
1056 4924 1104 4973 440
1119 4923 1209 4986 lind:
1224 4926 1336 4990 pelliciat
1346 4928 1452 4992 sergius
1463 4939 1490 4992 p.
1503 4923 1567 4977 4842
1577 4925 1617 4984 P.;

298 4997 427 5050 Palatinos
443 4995 568 5047 GOvac
584 4995 612 5044 et
627 4995 729 5046 Phocus
745 5007 772 5060 p.
791 4995 838 5048 888
855 4995 929 5048 Lind.
950 5023 978 5035 -
996 4995 1036 5049 24.
1055 5002 1091 5048 est
1106 5010 1159 5052 om.
1173 5002 1202 5050 G.
1223 5027 1251 5037 -
1269 5001 1310 5053 sc.
1330 5002 1477 5068 edfleth.
1492 5025 1520 5038 -
1538 4997 1619 5050 444444

300 5073 450 5126 --idciitos
470 5084 523 5124 om.
543 5071 573 5122 G.
592 5096 621 5106 -
642 5070 683 5122 26.
707 5070 823 5123 emesae
839 5072 877 5130 ii:
899 5071 1030 5124 ,4444444444
1046 5073 1073 5124 Τ.
1094 5096 1122 5110 -
1140 5075 1242 5128 italiis:
1257 5077 1322 5143 ltlv,
1345 5071 1406 5145 Lag.
1424 5076 1481 5145 28,
1503 5072 1557 5130 rai.
1574 5073 1617 5127 8.:

300 5147 411 5204 4444444444
426 5145 505 5203 codd.
522 5143 643 5216 plerique
659 5143 763 5211 reliqui.
782 5172 812 5185 -
830 5145 932 5200 Giootic
947 5148 1002 5213 tit,
1020 5159 1055 5211 v:
1074 5147 1182 5202 eunuc
1198 5153 1228 5204 G.
