3578 5862
318 403 380 472 acl
709 409 861 475 ORATIO
884 411 962 474 PRO
984 412 1021 475 A.
1044 411 1243 478 CLUENTIO

316 587 348 643 et
369 578 482 642 Guttae
504 584 589 642 esset
608 578 820 644 iudicandum.
855 581 982 644 Summa
1005 583 1144 646 omnium
1160 581 1368 664 exspectatio,
1391 581 1541 665 quidnam
1565 601 1649 645 sen-

118 674 188 789 d.
261 677 274 723 s
314 675 431 737 tentiae
458 672 576 762 ferrent
603 673 689 736 leves
718 693 754 736 ac
784 675 950 738 nummarii
979 675 1111 738 iudices.
1144 677 1248 759 Atque
1277 675 1323 738 illi
1350 695 1460 738 omnes
1482 678 1550 740 sine
1572 677 1647 739 ulla

314 766 510 831 dubitatione
533 767 751 830 condemnant.
795 741 927 840 'tollite
954 777 1019 832 tum
1041 769 1172 832 iniectus
1195 778 1242 832 est
1262 769 1445 833 hominibus
1467 770 1646 853 scrupadus

269 860 293 870 “’
313 868 345 923 ct
366 861 521 944 quaedam
543 839 717 936 dubitatio)
741 861 891 944 quidnam
919 870 1002 926 esset
1023 854 1291 948 actumfflb'einde
1312 865 1456 926 homines
1478 865 1645 947 sapientes

289 961 344 1018 set
365 973 406 1016 ex
426 963 531 1020 vetere
559 954 615 1018 illa
643 954 811 1038 disciplina
839 956 1041 1032 iudiciorum,
1073 957 1129 1040 qui
1157 977 1262 1041 neque
1288 958 1453 1021 absolvere
1475 957 1644 1021 hominem

311 1050 571 1113 nocentissimum
593 1056 725 1132 possent
746 1069 851 1133 neque
874 1070 963 1124 eum,
994 1050 1033 1114 de
1056 1071 1120 1135 quo
1143 1059 1227 1114 esset
1248 1058 1317 1114 orta
1339 1053 1478 1135 suspicio
1501 1054 1644 1135 pecunia

311 1150 545 1224 oppugnatum,
575 1163 610 1206 re
631 1142 686 1206 illa
707 1144 869 1226 incognita
890 1144 990 1227 primo
1013 1145 1223 1208 condemnare
1245 1145 1382 1219 vellent,
1413 1164 1475 1208 nor
1497 1164 1642 1220 nrovsnn

310 1236 468 1300 dixerunt.
499 1237 649 1300 Nonnulli
671 1245 775 1300 autern
799 1240 901 1302 severi
917 1239 1076 1311 homines,
1099 1239 1155 1323 qui
1174 1239 1233 1302 hoc
1251 1246 1444 1314 statuerunt,
1468 1260 1532 1323 quo
1549 1240 1644 1323 quis-
1699 1311 1702 1316 Δ

311 1351 372 1413 que
394 1332 499 1396 animo
522 1330 600 1414 quid
621 1330 756 1406 faceret,
779 1334 914 1415 spectari
936 1341 1098 1416 oportere,
1121 1335 1179 1396 etsi
1201 1334 1254 1396 alii
1274 1333 1412 1416 ¹pecnnia
1432 1340 1559 1417 accepta
1581 1353 1642 1396 ve-

273 1444 379 1490 torum
405 1425 603 1500 iudicabant,
631 1433 737 1489 tamen
765 1426 865 1490 nihilo
897 1428 999 1491 minus
1023 1448 1057 1492 se
1079 1429 1295 1511 superioribus
1317 1430 1384 1492 suis
1406 1428 1534 1490 iudiciis
1556 1448 1638 1492 con-

309 1527 392 1583 stare
414 1519 568 1602 putabant
588 1527 741 1603 oportere.
785 1521 896 1604 Itaque
919 1521 1117 1586 damnarunt.
1158 1522 1307 1607 Quinque
1337 1523 1466 1586 omnino
1494 1521 1637 1596 fuerunt,

308 1614 363 1696 qni
386 1614 474 1678 illum
495 1621 635 1677 vestrum
666 1614 868 1678 innocentem
891 1615 1100 1698 Oppianicum
1126 1618 1192 1679 sive
1215 1617 1426 1701 impmdentia
1450 1616 1517 1680 sive
1540 1616 1641 1679 mise-

308 1709 444 1772 ricordia
465 1708 533 1770 sivo
554 1707 662 1791 aliqua
683 1698 865 1792 suspicione
888 1711 953 1773 sive
975 1711 1148 1797 ambitione
1171 1711 1298 1774 adducti
1321 1710 1534 1774 absolvcmnt.

393 1799 443 1863 77.
468 1801 684 1866 condemnato
707 1803 883 1886 Oppianico
907 1805 1011 1866 statim
1033 1806 1069 1866 L.
1092 1805 1278 1880 Quinctius,
1303 1805 1398 1890 homo
1421 1805 1555 1868 maxime
1577 1826 1640 1888 po-

149 1911 164 2005 ί
271 1897 445 1980 capularis,
473 1899 528 1980 qui
558 1916 668 1960 omnes
695 1917 856 1962 rumorum
878 1906 908 1960 et
930 1899 1112 1962 contionum
1134 1907 1247 1962 ventos
1270 1899 1419 1980 colligere
1441 1907 1639 1972 consuesset,

309 1990 445 2055 oblatam
467 1991 526 2053 sibi
547 1989 729 2054 facultatem
751 1994 889 2073 putavit,
912 1998 947 2054 ut
969 2011 1009 2054 ex
1031 1991 1152 2055 invidia
1175 1993 1334 2056 senatoria
1355 1999 1463 2074 posset
1484 2010 1639 2066 crescere,

118 2109 211 2204 *ab
308 2082 394 2169 quod
416 2084 486 2147 eius
508 2083 628 2148 ordinis
641 2085 757 2148 iudicia
772 2085 875 2147 minus
891 2085 953 2147 iam
969 2086 1094 2168 probari
1133 2087 1230 2168 opulo
1246 2087 1463 2150 arbitrabatur.
1478 2074 1641 2158 (liabetur
1683 2159 1687 2174 Ι

306 2199 371 2242 una
392 2186 488 2263 atque
510 2178 609 2241 altera
629 2179 736 2242 contio
759 2179 928 2242 vehemens
951 2187 983 2242 et
999 2107 1131 2267 gravisiJ
1145 2181 1304 2262 accepisse
1319 2179 1486 2262 pecuniam
1501 2165 1638 2252 iuffices

307 2279 345 2335 ut
363 2275 566 2338 innocentem
586 2293 674 2336 rcum
697 2274 960 2348 condemnarent,
984 2275 1128 2337 tribunus
1150 2274 1252 2356 plebis
1274 2274 1474 2338 clamitabat:
1497 2273 1548 2356 agi
1570 2273 1639 2336 ior·

269 2375 399 2434 notunas
429 2367 571 2431 omnium
602 2368 742 2431 dicebat:
773 2367 860 2430 nulla
889 2387 959 2431 esse
989 2367 1121 2431 iudicia:
1156 2369 1211 2451 qui
1243 2369 1448 2452 pecuniosum
1470 2368 1637 2430 inimicum

305 2462 452 2536 haberet,
474 2462 664 2526 incolumem
687 2481 757 2524 esse
779 2461 936 2524 neminem
958 2481 1061 2544 posse.
1093 2462 1245 2526 Homines
1267 2463 1364 2526 totius
1386 2461 1488 2545 ignari
1502 2462 1637 2544 negotii,

307 2557 363 2639 qui
385 2555 596 2639 Oppianicum
617 2575 790 2639 numquam
811 2555 981 2628 vidissent,
1003 2557 1105 2619 virum
1121 2557 1275 2640 optimum
1290 2565 1322 2619 et
1338 2557 1497 2620 hominem
1512 2555 1639 2640 puden·

306 2651 460 2713 tissimum
489 2651 623 2733 pecunia
644 2670 829 2733 oppressum
852 2670 922 2712 esse
948 2651 1191 2724 arbitrarentur,
1221 2651 1341 2713 incensi
1365 2651 1545 2732 suspicione
1567 2670 1638 2713 rem

306 2746 340 2807 in
361 2744 500 2808 medium
521 2763 634 2807 vocare
657 2752 831 2824 coeperunt
852 2751 883 2806 et
905 2764 1030 2807 causam
1055 2745 1142 2807 illam
1165 2753 1261 2809 totam
1284 2746 1467 2828 deposcere.
1506 2743 1556 2807 78.
1578 2749 1639 2808 Aa·

269 2855 370 2921 acque
398 2839 456 2901 illo
484 2839 555 2921 ipso
585 2844 726 2920 tempore
749 2838 782 2899 in
804 2838 898 2900 aedes
921 2840 958 2899 T.
974 2838 1083 2912 Annii,
1112 2838 1250 2901 hominis
1271 2839 1503 2916 honestissimi,
1524 2861 1640 2904 neces·

307 2933 381 2996 sarii
404 2940 437 2996 et
458 2932 550 2996 amici
573 2931 652 3004 mei,
681 2939 776 3016 noctu
804 2933 951 2995 Staienus
972 2932 1143 2995 arcessitus
1165 2933 1204 2996 ab
1229 2933 1405 3015 Oppianico
1427 2934 1523 2998 venit.
1568 2935 1638 2997 larn

307 3033 411 3089 cetera
432 3032 506 3089 nota
528 3032 603 3088 sunt
623 3025 789 3088 omnibus:
810 3033 846 3088 ut
867 3046 937 3088 cum
960 3026 1015 3088 illo
1032 3025 1226 3108 Oppianicus
1242 3029 1341 3110 egerit
1360 3027 1400 3089 de
1422 3029 1576 3110 pecunia,
1598 3037 1640 3092 ut

306 3120 360 3184 ille
383 3141 416 3184 se
438 3118 634 3184 redditurum
657 3139 727 3182 esse
750 3119 880 3194 dixerit,
902 3127 938 3183 ut
960 3139 1032 3182 eum
1055 3140 1233 3183 sermonem
1255 3121 1413 3183 audierint
1433 3140 1558 3185 omnem
1576 3123 1637 3186 riri

306 3216 397 3290 boni,
420 3215 563 3300 quitum
586 3213 731 3276 consulto
754 3223 883 3298 propter
904 3215 938 3277 in
961 3215 1084 3278 occulto
1107 3215 1289 3277 stetissent:
1311 3223 1346 3278 ut
1365 3235 1415 3278 res
1430 3216 1587 3299 patefacta
1601 3225 1638 3279 et

269 3310 340 3373 acin
371 3311 475 3373 iorum
504 3308 625 3392 prolata
654 3314 686 3369 et
711 3309 846 3390 pecunia
874 3309 975 3372 omnis
1004 3309 1132 3372 Staieno
1165 3317 1289 3372 extorta
1318 3317 1412 3392 atque
1441 3299 1549 3392 erepta
1579 3309 1636 3371 sit.

306 3405 425 3466 XXIX.
447 3403 549 3466 Huius
573 3401 693 3464 Staieni
715 3421 852 3484 persona
873 3403 990 3486 populo
1013 3403 1075 3464 ianr
1098 3409 1172 3465 nota
1187 3411 1283 3486 atque
1305 3410 1469 3486 perspecta
1490 3403 1529 3466 ab
1544 3403 1638 3465 nulla

307 3498 392 3580 turpi
421 3496 603 3579 suspicione
633 3495 840 3558 abhorrebat:
862 3515 1071 3579 suppressam
1101 3517 1171 3560 esse
1193 3497 1232 3560 ab
1255 3517 1294 3560 eo
1324 3499 1507 3580 pecuniam,
1540 3517 1636 3581 quam

307 3611 365 3673 pro
387 3611 442 3655 reo
464 3589 720 3673 pronuntiasset,
753 3591 809 3675 qui
837 3597 927 3653 erant
949 3591 981 3653 in
1004 3591 1152 3653 contione
1174 3610 1240 3654 non
1263 3590 1498 3674 intelligebant3
1527 3609 1637 3673 neque

308 3685 392 3748 enim
414 3685 617 3748 docebantur.
653 3686 815 3748 Versatam
841 3685 965 3747 esseio
987 3683 1106 3748 iudicio
1129 3685 1322 3749 mentionem
1343 3686 1498 3768 pecuniae
1519 3685 1638 3748 sentie-

270 3778 400 3854 schnnt3
422 3779 620 3841 innocentem
640 3797 729 3840 reum
753 3779 995 3841 condemnatum
1018 3778 1206 3854 audiebant3
1238 3779 1358 3843 Staieni
1380 3778 1537 3842 sententia
1558 3797 1637 3840 con-

309 3870 490 3934 demnatum
518 3871 684 3947 videbant3
713 3892 778 3934 non
806 3871 903 3954 gratis
932 3873 964 3934 id
988 3874 1027 3934 ab
1051 3895 1088 3936 eo
1110 3874 1228 3936 factum
1251 3893 1336 3948 esse,
1367 3872 1452 3957 quod
1473 3873 1636 3937 hominem

308 3972 439 4039 norant,
461 3965 652 4029 iudicabant.
687 3965 806 4028 Similis
821 3966 854 4028 in
868 3967 985 4042 Bulbo,
1007 3968 1040 4042 in
1056 3967 1165 4042 Gutta,
1189 3967 1221 4029 in
1236 3967 1305 4030 aliis
1320 3967 1481 4031 nonnullis
1496 3967 1637 4049 suspicio

309 4058 511 4121 consistebat.
554 4056 605 4120 79.
627 4059 738 4143 Itaque
760 4057 913 4123 confiteor
934 4095 976 4107 -
1003 4062 1079 4124 licet
1100 4061 1185 4124 enim
1215 4062 1278 4124 iam
1299 4062 1429 4144 impune
1457 4058 1519 4124 hoc
1546 4078 1639 4142 prae·
1745 4092 1749 4098 -

309 4153 416 4215 sertim
441 4153 473 4214 in
502 4153 572 4215 loco
602 4151 742 4217 confiteri
765 4187 823 4228 -,
837 4135 942 4237 (quod
967 4155 1132 4239 Oppianici
1155 4175 1220 4218 non
1243 4156 1338 4220 modo
1360 4156 1440 4229 vita,
1463 4151 1638 4216 sedetiam

157 4261 164 4283 ⁶
272 4260 425 4308 tonomen
440 4252 512 4310 ante
532 4247 612 4310 illud
628 4257 752 4330 tempus
767 4249 886 4334 populo
901 4249 1044 4342 ignotum
1059 4231 1197 4349 luisset‚)
1212 4249 1467 4333 indignissimum
1480 4267 1574 4332 porro
1588 4247 1639 4310 ri-

374 4517 399 4568 4.
416 4517 513 4580 sactum
530 4518 574 4567 ST
592 4518 654 4580 (non
666 4516 703 4578 Pl.
717 4543 744 4553 -
764 4519 789 4568 5.
808 4523 831 4568 ct
848 4520 910 4568 1³0:
929 4532 983 4570 om.
1002 4519 1114 4572 nana.
1131 4547 1157 4557 -
1176 4521 1201 4571 8.
1220 4522 1263 4583 qai
1279 4521 1397 4571 PSTO:
1416 4533 1469 4571 om.
1483 4518 1636 4572 44443.-

309 4595 349 4644 le.
367 4593 522 4654 iorpudoota'a
539 4593 622 4642 STA.
643 4617 673 4630 -
691 4593 732 4642 43.
750 4593 850 4644 abducti
866 4594 894 4643 T.
915 4621 942 4630 -
961 4595 1119 4646 obsoluerant
1135 4596 1223 4645 PST:
1244 4595 1397 4646 absolverent
1414 4592 1590 4647 lanuto.
1607 4621 1637 4634 —

308 4666 348 4719 44.
362 4668 469 4730 Quietae
479 4670 537 4718 P.-
556 4669 596 4719 46.
610 4670 687 4732 possit
704 4671 786 4720 ST.-
798 4671 838 4719 49,
852 4669 1048 4722 σὶιιηιαὸαιΡ.-
1063 4671 1209 4723 thiudisca
1220 4683 1270 4721 carc
1281 4671 1364 4721 ST.-
1378 4672 1419 4722 33.
1432 4671 1531 4722 othom.
1540 4671 1640 4734 padar-

308 4744 429 4794 ttssa'mam
440 4757 493 4794 om.
506 4743 566 4795 T.-
583 4745 802 4808 prudentissimum
819 4743 877 4796 4443.
893 4771 920 4780 -
939 4747 980 4796 33.
993 4749 1088 4797 esccP:
1108 4759 1160 4797 om.
1175 4745 1318 4800 nanto.
1331 4771 1358 4782 -
1377 4747 1417 4796 33.
1432 4747 1500 4796 cadis
1510 4747 1537 4795 S.
1550 4772 1577 4783 -
1591 4745 1636 4795 26.

309 4819 442 4868 arcemur
458 4818 545 4869 sru.
560 4845 587 4856 -
606 4819 647 4870 28.
661 4833 717 4869 eum
732 4833 869 4870 tornacen
879 4823 1048 4872 audomarus
1065 4823 1098 4871 P:
1116 4835 1203 4872 eoram
1218 4835 1292 4872 serm
1306 4833 1402 4872 mmor
1414 4821 1540 4871 madio-tm
1555 4821 1637 4872 ael.

309 4891 364 4944 80.
386 4917 413 4930 -
432 4893 638 4956 SSpropch.
659 4921 686 4932 -
705 4901 728 4944 ot
744 4895 866 4948 PSTM:
885 4893 1116 4958 otqaeFAhOO.
1132 4921 1159 4932 -
1179 4897 1220 4947 30.
1239 4897 1341 4947 Staieno
1357 4898 1391 4946 P:
1410 4890 1636 4947 esculeto,

310 4967 349 5018 Cl.
369 4969 424 5018 Cic.
443 4967 477 5018 de
494 4967 552 5032 lege
570 4982 624 5033 ogr.
644 4971 673 5020 44.
693 4970 716 5033 5.
736 4971 775 5020 49.
794 4995 821 5008 -
840 4973 872 5022 sit
888 4985 941 5022 om.
961 4974 989 5024 T.
1010 4999 1037 5009 -
1055 4971 1096 5022 34.
1115 4971 1148 5020 ab
1165 4985 1219 5022 om.
1238 4973 1291 5023 ST.
1311 4997 1339 5006 -
1357 4971 1397 5022 ST.
1416 4983 1466 5022 care
1482 4983 1536 5022 om.
1554 4971 1584 5020 T.
1604 4994 1634 5006 -

309 5041 352 5093 es.
370 5042 513 5105 sarciebant]
533 5044 678 5096 ....ehaot
694 5047 730 5106 bt;
749 5046 857 5096 sciebant
874 5060 927 5110 mg.
940 5042 965 5098 O.
980 5074 1007 5082 -
1026 5047 1068 5097 35.
1087 5047 1456 5099 caramuelem-aenaeae
1470 5057 1524 5098 om.
1541 5043 1633 5095 ST.-

314 5119 448 5172 aadiobaot
466 5121 534 5172 Pbt:
557 5133 607 5174 cate
622 5119 757 5173 audiebant
773 5118 912 5174 Facta.
933 5148 960 5159 —
979 5121 1019 5173 37.
1038 5123 1119 5184 (tracta
1135 5123 1160 5174 S.
