3648 5888
304 437 366 505 ilii
674 437 716 502 IN
737 437 902 505 VERREM
922 435 1046 504 ACTIO
1069 437 1252 505 SECUNDA

303 630 367 696 que
388 607 568 673 iucunditas
591 625 686 691 wem
708 607 769 672 ista
782 609 945 693 voluptas,
967 629 1050 694 quae
1072 609 1247 692 percipitur
1267 629 1308 672 ex
1327 607 1460 672 libidine
1482 615 1514 672 et
1535 609 1626 693 eupi-

302 707 410 770 ditate.
447 700 547 768 Multo
571 702 756 785 diligentius
776 703 894 768 hahere
916 705 988 769 dico
1004 705 1172 769 Servilium
1195 703 1345 788 praedam
1364 704 1474 793 populi
1490 704 1624 768 Romani

187 829 200 881 q
302 820 399 884 quam
419 806 452 862 te
474 803 529 862 tua
549 795 633 860 hirta
654 803 763 862 notata
785 805 881 884 atque
902 799 1086 883 perscripta.
1119 799 1221 862 xxti.
1243 797 1294 862 58.
1317 801 1410 862 Dices
1424 807 1480 886 tua
1495 817 1626 884 quoque

177 884 194 908 “’
300 894 392 976 signa
424 898 456 956 et
488 892 611 958 tabulas
639 893 739 977 pictas
769 904 955 958 ornamento
978 895 1048 958 urbi
1069 892 1205 978 foroque
1227 893 1340 977 populi
1360 894 1495 957 llomani
1516 893 1624 956 luisse.

120 1018 205 1078 m
227 1010 242 1060 ,i
276 987 445 1050 tMemini:
462 985 534 1081 piot
556 986 650 1051 simul
672 1007 744 1051 cum
763 989 884 1072 populo
907 991 1050 1054 llomano
1073 988 1178 1052 sorum
1194 989 1423 1072 comitiumque
1438 986 1634 1070 adornatum)

205 1113 214 1144 α
299 1081 340 1146 ad
363 1081 503 1166 speciem
524 1079 691 1165 magnifico
714 1091 845 1159 ornatu,
868 1086 908 1149 ad
929 1105 1057 1148 sensum
1078 1082 1367 1167 cogitationemque
1390 1083 1504 1146 acerbo
1526 1089 1558 1146 et
1577 1082 1625 1144 lu·

198 1171 204 1180 '
298 1176 412 1270 gubri3
443 1175 509 1239 vidi
539 1176 697 1241 collucere
727 1179 834 1241 omnia
854 1179 948 1244 furtis
974 1179 1053 1254 tuis,
1087 1178 1204 1261 praeda
1227 1179 1478 1260 provinciarum,
1513 1176 1623 1262 spoliis

298 1271 459 1334 sociorum
487 1276 582 1354 atque
611 1272 795 1336 amicorum.
840 1273 913 1350 Quo
936 1274 1065 1358 quidem
1094 1279 1252 1356 tempore,
1285 1271 1422 1347 iudices,
1454 1273 1514 1336 iste
1536 1293 1624 1356 spem

298 1363 468 1429 maximam
496 1363 693 1449 reliquorum
723 1385 853 1451 quoque
883 1376 1086 1451 peccatorum
1108 1372 1220 1430 nactus
1243 1374 1300 1430 est.
1343 1366 1431 1430 Vidit
1452 1368 1536 1431 enim
1558 1387 1624 1442 eos,

261 1455 355 1546 toqui
377 1479 411 1524 se
433 1458 625 1525 iudiciorum
648 1463 796 1526 dominos
819 1461 882 1524 dici
906 1460 1072 1536 volebant,
1100 1461 1213 1524 harum
1235 1459 1445 1544 cupiditatum
1467 1483 1537 1526 esse
1560 1482 1624 1524 ser-

296 1576 365 1620 uos.
410 1551 461 1616 59.
495 1554 582 1620 Socii
609 1578 685 1622 varo
714 1558 924 1639 nationesque
955 1561 1082 1618 exterae
1110 1574 1199 1638 spem
1227 1553 1370 1618 omnium
1398 1563 1465 1618 tum
1487 1557 1624 1640 primum

180 1706 187 1716 .
297 1652 482 1716 abiecerunt
503 1645 609 1715 rerum
631 1672 669 1716 ac
689 1651 888 1716 fortunarum
911 1670 1056 1724 suarum,
1079 1656 1248 1732 propterea
1262 1648 1349 1733 quod
1372 1669 1447 1714 casu
1466 1650 1562 1734 legati
1584 1669 1624 1713 ex

295 1747 372 1810 Asia
393 1752 491 1829 atque
511 1746 631 1810 Achaia
652 1745 780 1830 plurimi
803 1747 921 1809 Romae
944 1753 1019 1806 tunc
1042 1741 1190 1818 luerunt,
1220 1742 1275 1827 qui
1303 1743 1435 1808 deorum
1457 1745 1624 1808 simulacra

174 1860 180 1873 ¹
297 1862 338 1904 ex
359 1842 425 1905 suis
446 1841 529 1906 lanis
553 1842 678 1906 sublata
699 1843 733 1904 in
755 1840 826 1904 l'oro
848 1839 1095 1914 venerabantur;
1119 1837 1260 1920 itemque
1283 1845 1388 1901 cetera
1409 1839 1499 1922 signa
1520 1847 1553 1903 et
1573 1859 1624 1902 or-

259 1943 445 2020 tinamenta
475 1957 547 2000 cum
576 1942 821 2020 cognoscerent,
852 1935 915 1998 alia
944 1933 1007 1996 alio
1036 1933 1069 1994 iu
1096 1931 1167 1994 loco
1190 1931 1388 1996 lacrimantes
1411 1933 1623 1998 intuebantur.

297 2032 441 2107 Quorum
469 2032 611 2095 omnium
639 2031 725 2093 hunc
752 2049 932 2094 sermonem
960 2036 1027 2090 tum
1050 2047 1120 2090 esse
1141 2026 1365 2091 audiebamus:
1400 2028 1509 2091 oNihil
1539 2049 1623 2103 esse,

296 2125 384 2209 quod
406 2125 577 2210 quisquam
600 2123 759 2188 dubitaret
780 2125 819 2187 de
842 2123 940 2186 exitio
964 2122 1124 2186 sociorum
1142 2128 1239 2206 atque
1253 2123 1444 2198 amicorum,
1467 2143 1538 2187 oum
1553 2123 1624 2208 qui-

296 2220 369 2284 dam
390 2220 537 2285 viderent
558 2221 591 2283 in
613 2218 684 2283 loro
705 2219 819 2303 populi
834 2217 984 2291 Romani,
1008 2237 1073 2300 quo
1097 2217 1131 2278 in
1152 2217 1224 2279 loco
1248 2223 1359 2294 antea,
1382 2219 1438 2301 qui
1461 2219 1556 2282 sociis
1577 2219 1625 2280 in·

295 2315 394 2378 iurias
415 2313 572 2389 fecerant,
596 2315 738 2377 accusari
761 2321 792 2377 et
815 2313 1019 2377 condemnari
1042 2309 1204 2386 solebant,
1236 2312 1280 2375 ihi
1303 2331 1373 2376 essa
1394 2313 1500 2396 palam
1522 2313 1626 2397 posita

259 2421 349 2485 toea,
382 2429 467 2494 quae
496 2408 535 2471 ab
566 2408 662 2472 sociis
689 2428 748 2492 per
774 2408 878 2472 scelus
907 2407 1012 2471 ablata
1033 2413 1206 2490 ereptaque
1229 2413 1364 2471 essent»
1410 2406 1461 2471 69.
1483 2409 1544 2472 Mic
1565 2428 1624 2490 ego

296 2525 362 2568 non
385 2504 522 2566 arbitror
541 2503 633 2568 illum
655 2509 843 2587 negaturum
866 2503 956 2586 sigua
978 2523 1011 2566 se
1034 2503 1187 2585 plurima,
1212 2502 1336 2566 tabulas
1357 2503 1459 2586 pictas
1482 2505 1626 2568 innume-

296 2598 414 2662 rabiles
439 2598 574 2676 habere3
604 2596 676 2674 sed,
698 2606 734 2662 ut
755 2597 888 2681 opinor,
918 2597 1000 2660 solet
1021 2597 1116 2672 haec,
1139 2617 1221 2682 quae
1243 2597 1349 2680 rapuit
1371 2603 1403 2660 et
1423 2597 1545 2662 iuratus
1567 2605 1625 2676 est,

297 2712 539 2777 nonnumquam
569 2693 675 2756 dicere
704 2713 739 2756 se
768 2693 897 2767 emisse,
926 2692 1078 2777 quoniam
1100 2690 1230 2776 quidem
1257 2690 1290 2753 in
1312 2690 1481 2768 Achaiam,
1508 2692 1625 2768 Asiam,

297 2780 516 2872 Pamphyliam
548 2795 677 2870 sumptu
708 2787 838 2871 publico
867 2794 900 2850 et
928 2786 1096 2868 legationis
1124 2786 1253 2848 nomine
1280 2791 1436 2850 mercator
1463 2787 1626 2871 signorum

260 2881 544 2966 attabidarumqua
566 2882 723 2965 pictarum
745 2883 861 2946 missus
884 2888 940 2945 est.
973 2879 1090 2943 xxiii.
1112 2878 1222 2942 Habeo
1239 2889 1270 2944 et
1291 2881 1382 2945 istius
1398 2888 1430 2944 et
1443 2883 1542 2966 patris
1556 2883 1625 2947 eius

300 2971 447 3060 [accepti]
470 2975 595 3040 tabulas
619 2995 742 3052 omnes,
771 2996 851 3062 quas
875 2975 1115 3057 diligentissime
1144 2973 1207 3056 legi
1234 2981 1331 3060 atque
1353 2975 1486 3059 digessi,
1517 2977 1626 3062 patris,

299 3071 407 3155 quoad
428 3070 523 3145 vixit,
545 3078 631 3147 tuas,
655 3071 761 3156 quoad
783 3071 830 3135 ais
852 3078 883 3134 te
906 3070 1090 3134 coniecisse.
1133 3069 1211 3132 Nam
1235 3070 1269 3132 in
1292 3071 1370 3146 isto,
1400 3071 1538 3150 iudices,
1564 3072 1627 3135 hoc

298 3185 417 3229 novum
438 3165 614 3248 reperietis.
628 3161 645 3240 s
648 3166 803 3229 Audimus
825 3165 965 3248 aliquem
988 3163 1112 3228 tabulm
1134 3183 1310 3247 numquam
1330 3163 1521 3242 coniecisse,
1545 3187 1626 3251 quae

300 3265 348 3323 est
369 3259 480 3342 opinio
500 3258 667 3323 bominum
689 3261 729 3323 de
751 3262 792 3324 M.
814 3259 956 3324 Antonio
977 3255 1081 3416 lalsap
1095 3277 1168 3321 nam
1189 3257 1266 3322 iecit
1288 3257 1550 3341 diligentissime:
1573 3281 1627 3325 uc·

261 3365 370 3418 aarum
397 3353 526 3418 sithoc
553 3373 653 3437 genus
681 3353 814 3439 aliquod
843 3355 973 3418 minime
1000 3374 1060 3438 pro
1082 3353 1210 3417 andum.
1254 3354 1410 3417 Audimus
1440 3355 1538 3418 alium
1561 3376 1626 3419 non

300 3448 340 3513 ab
368 3447 460 3511 initio
489 3446 620 3525 fecisse,
649 3449 769 3512 seder
798 3455 941 3531 tempora
971 3448 1081 3533 aliquo
1104 3448 1300 3512 confecisse:
1332 3456 1382 3513 est
1402 3449 1510 3534 aliqua
1533 3453 1627 3514 etiam

298 3541 433 3607 huiusce
459 3542 506 3607 rei
533 3543 625 3608 ratio.
669 3543 739 3607 lloc
768 3563 845 3606 vero
873 3563 992 3607 novum
1014 3549 1046 3606 et
1067 3542 1238 3606 ridiculum
1260 3549 1323 3619 est,
1354 3545 1441 3627 quod
1462 3543 1514 3607 hic
1536 3543 1627 3608 nobis

365 3747 390 3798 3.
406 3749 547 3812 perscripta
564 3749 596 3800 Gt
608 3747 650 3810 25
665 3748 773 3800 icodd.
785 3748 846 3800 Lbi:
865 3750 989 3812 mrcstpta
1006 3747 1053 3799 dtt.
1067 3749 1095 3800 0.
1111 3777 1138 3788 -
1157 3749 1182 3802 l.
1197 3756 1347 3802 ornamenta
1363 3747 1411 3800 dtt.
1425 3749 1454 3800 0.
1469 3759 1497 3788 -·-
1516 3751 1541 3800 5.
1554 3749 1629 3800 odor·

299 3827 390 3874 nataae
411 3822 555 3875 delendum
578 3823 682 3876 censuit
703 3825 737 3884 L;
765 3825 793 3874 at
809 3824 841 3875 ct.
861 3824 961 3874 Vitruv.
980 3825 1010 3874 X.
1029 3825 1082 3885 66..
1101 3837 1182 3889 quem
1198 3823 1288 3876 locum
1304 3825 1429 3876 indicavit
1445 3825 1531 3876 Garat.
1549 3825 1581 3875 ii.
1598 3849 1627 3862 -·

301 3898 340 3949 to.
359 3911 384 3948 se
400 3899 452 3950 tud.
471 3901 536 3950 dom.
556 3900 605 3950 dici
621 3903 651 3951 A.
671 3901 705 3949 s:
723 3899 776 3949 tud.
794 3911 820 3950 re
836 3899 901 3952 dom
921 3899 970 3950 dict
986 3901 1019 3950 64
1032 3901 1047 3950 i
1059 3902 1146 3966 1.th
1172 3901 1225 3952 tad.
1243 3915 1268 3952 aa
1285 3902 1334 3952 dict
1349 3902 1415 3952 dom.
1433 3914 1466 3962 ςῑ
1490 3900 1542 3952 tud.
1560 3899 1627 3950 dou.

299 3987 325 4025 se
341 3975 390 4024 dici
406 3974 454 4026 dtt.
467 3976 496 4026 0.
512 4003 540 4013 -
559 3977 600 4027 ta.
619 3976 763 4027 ammaum
779 3977 812 4025 ot
826 3973 908 4038 aig:
928 3977 1038 4028 obtem
1054 3977 1102 4028 dtt.
1121 4003 1148 4013 -
1167 3977 1208 4030 tl.
1226 3978 1293 4040 [ants
1309 3977 1360 4027 rota
1377 3976 1455 4040 igne.
1471 4001 1498 4010 -
1516 3976 1575 4027 itan
1586 3973 1630 4038 qut

301 4050 347 4100 63.
369 4075 396 4086 -
414 4051 455 4101 at.
473 4064 499 4102 ae
515 4053 548 4102 ct
561 4051 697 4115 tauma:
715 4063 766 4102 sese
783 4049 831 4101 dtt.
851 4051 879 4102 0.
901 4079 927 4088 -
946 4054 986 4104 23.
1005 4053 1103 4114 ossam
1120 4065 1173 4102 om.
1193 4053 1240 4102 Gt.
1261 4079 1288 4088 -
1306 4049 1347 4102 ii.
1365 4050 1465 4101 nemim
1480 4061 1538 4099 aaa
1553 4049 1630 4112 mapa

299 4125 340 4174 rto
356 4130 379 4175 ct
395 4125 521 4176 scomma
536 4131 662 4176 mercator
679 4128 707 4176 t..
726 4139 759 4176 ex
776 4127 836 4177 Asc.
862 4129 896 4178 At
913 4126 946 4178 ct.
964 4127 1049 4178 Madv.
1069 4125 1103 4177 de
1120 4129 1179 4178 Asc.
1199 4140 1225 4190 p.
1245 4125 1301 4176 too.
1323 4152 1350 4162 -
1377 4126 1418 4176 aa.
1436 4122 1513 4175 habeo
1529 4123 1560 4186 A,
1583 4121 1630 4186 qut

299 4201 391 4252 tenum
408 4200 442 4251 ab
459 4200 516 4252 aliis
533 4199 584 4266 legi
601 4202 632 4252 ob
649 4215 678 4252 eo
695 4203 723 4252 et
737 4200 834 4252 deiude
851 4204 937 4266 accept
954 4203 1011 4267 (pro
1028 4203 1130 4266 acceptat
1149 4202 1359 4253 commemorat:
1384 4201 1461 4252 hubac
1475 4213 1529 4251 orn.
1548 4197 1628 4251 codd.
1744 4209 1750 4224 ·

301 4275 355 4326 cic.
368 4279 477 4341 praeter
488 4279 524 4341 Lg
535 4278 560 4339 6,
580 4278 625 4341 qui
635 4275 719 4328 habat
729 4275 761 4327 ub
778 4290 814 4327 eo.
829 4304 856 4313 -
874 4279 941 4328 illisu
952 4279 998 4329 ot.
1013 4305 1040 4315 -
1059 4279 1100 4328 66.
1113 4278 1199 4340 accepi
1210 4276 1245 4327 G3
1257 4279 1318 4341 ng.
1332 4289 1435 4328 omnes.
1454 4275 1487 4327 Η.
1499 4281 1536 4342 ψ.
1548 4275 1628 4328 Mein.

300 4351 363 4416 (om.
381 4353 475 4414 uteo).
502 4355 532 4403 in
550 4353 628 4405 codd.
647 4355 707 4406 Asc.
726 4356 754 4405 et
770 4355 906 4405 ciceronis
923 4355 975 4404 iem
993 4353 1136 4417 antiquitus
1153 4351 1289 4404 turbatum
1306 4365 1367 4403 esse
1385 4353 1503 4417 apparet.
1523 4351 1557 4403 ct.
1569 4350 1630 4402 Bei-

298 4427 348 4477 tar.
367 4426 402 4477 ed
417 4429 478 4478 Asc.
497 4429 582 4480 Madv.
601 4427 619 4480 i.
638 4427 655 4480 Ι.
673 4443 700 4494 p.
713 4429 754 4480 99.
772 4431 828 4481 lieu
844 4431 864 4479 1.
882 4443 909 4493 p.
923 4427 980 4479 tet.
1006 4429 1059 4480 Sed
1076 4429 1133 4478 sine
1151 4427 1232 4478 dubio
1251 4429 1346 4490 accepti
1361 4427 1389 4478 h.
1408 4426 1425 4478 l.
1444 4427 1565 4494 ineptum
1577 4427 1628 4477 est.

299 4503 367 4552 Nam
389 4515 435 4554 res
451 4503 490 4554 stc
507 4517 567 4555 sese
584 4503 681 4556 habet:
700 4505 830 4556 Asconius
851 4501 985 4568 duplicem
1006 4503 1199 4553 commemorat
1215 4502 1375 4566 scripturam
1392 4502 1468 4554 habeo
1485 4504 1513 4553 et
1528 4501 1627 4565 occepi;

298 4574 381 4628 altera
398 4577 480 4642 haec,
499 4590 515 4627 a
532 4577 678 4642 glossatore
696 4581 767 4642 orta,
786 4580 813 4630 in
829 4577 975 4630 verborum
992 4577 1113 4628 ordinem
1130 4590 1145 4627 a
1163 4575 1269 4627 librario
1287 4579 1395 4643 recepte
1407 4579 1462 4639 est;
1481 4591 1548 4642 miae
1566 4589 1630 4629 cum

297 4652 415 4716 ineptam
432 4655 593 4706 sententiam
609 4653 652 4706 vet
677 4652 754 4720 plane
773 4653 871 4706 ncillam
889 4655 1021 4716 efiiceret,
1046 4653 1073 4703 in
1089 4653 1183 4715 accepti
1200 4653 1299 4705 munta
1317 4656 1375 4715 est,
1398 4654 1428 4703 ut
1445 4651 1539 4718 aliquis
1556 4653 1629 4704 certe

298 4739 394 4779 sensus
411 4727 544 4780 subesset.
574 4731 627 4782 Sed
645 4743 724 4782 nemo
742 4743 871 4796 umquam
886 4732 936 4783 has
954 4729 1051 4781 tabutas
1071 4741 1092 4780 s.
1111 4729 1227 4778 rationes
1245 4727 1405 4780 domesticas
1421 4729 1516 4791 occepit
1532 4727 1630 4780 uecta

299 4801 363 4853 dixit
380 4803 452 4868 (nam
469 4804 539 4855 Orat.
559 4805 584 4870 g.
599 4806 655 4857 ⁴58.
674 4807 769 4870 accepti
785 4807 885 4858 tabutas
901 4805 1012 4858 alteram
1029 4805 1133 4855 tantum
1150 4804 1282 4855 rationum
1299 4803 1508 4856 domesticarum
1524 4805 1629 4870 partem

298 4877 448 4942 significant
469 4882 572 4943 mensi
592 4879 689 4933 tabath
711 4882 847 4948 exclusis),
871 4881 919 4934 sed
937 4882 983 4932 aut
998 4876 1152 4943 simpliciter
1169 4877 1268 4929 tabutas
1283 4879 1312 4930 ut
1327 4879 1355 4931 h.
1373 4877 1406 4942 1.,
1434 4883 1480 4932 aut
1496 4881 1591 4944 accepti
1606 4881 1630 4930 et

298 4955 400 5018 capam
419 4954 526 5007 tabulae
552 4957 585 5009 ct.
604 4971 632 5022 p.
651 4959 727 5010 itasc.
747 4959 821 5010 Com.
841 4957 866 5022 5.
884 4959 967 5009 t-o.
993 4958 1084 5021 itaque
1102 4953 1154 5005 hoc
1173 4953 1306 5020 glossema
1322 4955 1399 5007 uncis
1409 4951 1578 5007 inclusimus.
1599 4979 1626 4992 -

298 5029 340 5080 28.
359 5030 502 5082 costumas
519 5032 566 5082 Gi.
586 5058 615 5068 -
633 5031 674 5083 29.
692 5033 728 5082 li.
746 5031 852 5084 Antonio
868 5033 898 5094 A.
917 5032 1037 5097 Zumpt:
1055 5029 1160 5082 Antonio
1177 5032 1256 5084 codd.
1275 5033 1305 5082 0.
1319 5059 1348 5072 -
1364 5029 1430 5097 tacit]
1448 5031 1506 5097 tegtt
1521 5045 1551 5094 53
1570 5030 1630 5095 epta

299 5106 331 5156 Gt
345 5105 369 5156 2.
389 5106 422 5158 ct.
440 5107 476 5159 ad
493 5107 516 5173 g.
535 5107 578 5159 37.
598 5135 626 5144 -
644 5106 740 5173 vesca]
757 5114 843 5160 utrum
860 5109 892 5158 ot
905 5109 931 5160 2.
951 5135 978 5145 -
997 5107 1038 5160 30.
1057 5107 1199 5158 audiamus
1214 5107 1337 5174 erista.
1358 5133 1386 5147 -
1404 5105 1446 5161 32.
1463 5106 1543 5164 druco
1558 5105 1629 5170 0203

297 5178 419 5233 saraed
435 5183 481 5236 tit.
508 5179 650 5251 vagatus
666 5183 755 5238 tuetur
770 5185 832 5237 Asc.
851 5181 884 5237 ct.
903 5195 953 5238 uos
969 5183 1004 5238 ad
1021 5183 1126 5239 Caecin.
1145 5197 1173 5253 p.
1191 5183 1249 5240 itt).
