<?xml version="1.0" encoding="UTF-8"?>
<!DOCTYPE html PUBLIC "-//W3C//DTD XHTML 1.0 Transitional//EN"
    "http://www.w3.org/TR/xhtml1/DTD/xhtml1-transitional.dtd">
<html xmlns="http://www.w3.org/1999/xhtml" xml:lang="en" lang="en">
 <head>
  <title>
</title>
<meta http-equiv="Content-Type" content="text/html;charset=utf-8" />
  <meta name='ocr-system' content='tesseract 3.04.00' />
  <meta name='ocr-capabilities' content='ocr_page ocr_carea ocr_par ocr_line ocrx_word'/>
</head>
<body>
  <div class='ocr_page' id='page_1' title='image "./mtulliiciceroni00baitgoog_0170.png"; bbox 0 0 3648 5888; ppageno 0'>
   <div class='ocr_carea' id='block_1_1' title="bbox 307 407 1261 484">
    <p class='ocr_par' dir='ltr' id='par_1_1' title="bbox 307 407 1261 484">
     <span class='ocr_line' id='line_1_1' title="bbox 307 407 1261 484; baseline -0.002 2"><span class='ocrx_word' id='word_1_1' title='bbox 307 407 370 476; x_wconf 67' lang='lat'><strong>⁴44</strong></span> <span class='ocrx_word' id='word_1_2' title='bbox 679 415 723 478; x_wconf 86' lang='lat' dir='ltr'><strong>IN</strong></span> <span class='ocrx_word' id='word_1_3' title='bbox 743 413 909 480; x_wconf 79' lang='lat' dir='ltr'><strong>VERREM</strong></span> <span class='ocrx_word' id='word_1_4' title='bbox 929 413 1052 482; x_wconf 83' lang='lat' dir='ltr'>ACTIO</span> <span class='ocrx_word' id='word_1_5' title='bbox 1076 413 1261 484; x_wconf 81' lang='lat' dir='ltr'>SECUNDA</span> 
     </span>
    </p>
   </div>
   <div class='ocr_carea' id='block_1_2' title="bbox 151 582 1638 3975">
    <p class='ocr_par' dir='ltr' id='par_1_2' title="bbox 151 582 1638 3975">
     <span class='ocr_line' id='line_1_2' title="bbox 307 582 1638 672; baseline 0.005 -26"><span class='ocrx_word' id='word_1_6' title='bbox 307 584 409 646; x_wconf 89' lang='lat' dir='ltr'><strong>maior</strong></span> <span class='ocrx_word' id='word_1_7' title='bbox 429 582 524 647; x_wconf 90' lang='lat' dir='ltr'><strong>etiam</strong></span> <span class='ocrx_word' id='word_1_8' title='bbox 549 582 630 647; x_wconf 88' lang='lat' dir='ltr'><strong>haec</strong></span> <span class='ocrx_word' id='word_1_9' title='bbox 658 584 860 649; x_wconf 78' lang='lat' dir='ltr'><strong>necessitudo</strong></span> <span class='ocrx_word' id='word_1_10' title='bbox 881 585 979 650; x_wconf 85' lang='lat' dir='ltr'><strong>luerit</strong></span> <span class='ocrx_word' id='word_1_11' title='bbox 999 606 1095 672; x_wconf 88' lang='lat' dir='ltr'><strong>quam</strong></span> <span class='ocrx_word' id='word_1_12' title='bbox 1116 586 1173 651; x_wconf 88' lang='lat' dir='ltr'><strong>illa</strong></span> <span class='ocrx_word' id='word_1_13' title='bbox 1195 585 1365 662; x_wconf 89' lang='lat' dir='ltr'><strong>Carbonis,</strong></span> <span class='ocrx_word' id='word_1_14' title='bbox 1396 607 1434 651; x_wconf 89' lang='lat' dir='ltr'><strong>ac</strong></span> <span class='ocrx_word' id='word_1_15' title='bbox 1454 587 1526 672; x_wconf 89' lang='lat' dir='ltr'><strong>plus</strong></span> <span class='ocrx_word' id='word_1_16' title='bbox 1549 589 1638 653; x_wconf 92' lang='lat' dir='ltr'><strong>iudi·</strong></span> 
     </span>
     <span class='ocr_line' id='line_1_3' title="bbox 307 678 1635 770; baseline 0.006 -29"><span class='ocrx_word' id='word_1_17' title='bbox 307 678 392 742; x_wconf 94' lang='lat' dir='ltr'><strong>cium</strong></span> <span class='ocrx_word' id='word_1_18' title='bbox 414 678 587 742; x_wconf 86' lang='lat' dir='ltr'><strong>voluntatis</strong></span> <span class='ocrx_word' id='word_1_19' title='bbox 608 678 716 743; x_wconf 81' lang='lat' dir='ltr'><strong>valere</strong></span> <span class='ocrx_word' id='word_1_20' title='bbox 737 699 833 764; x_wconf 89' lang='lat' dir='ltr'><strong>quam</strong></span> <span class='ocrx_word' id='word_1_21' title='bbox 849 680 943 744; x_wconf 86' lang='lat' dir='ltr'><strong>sortis</strong></span> <span class='ocrx_word' id='word_1_22' title='bbox 959 679 1094 764; x_wconf 85' lang='lat' dir='ltr'><strong>debeat),</strong></span> <span class='ocrx_word' id='word_1_23' title='bbox 1117 682 1201 746; x_wconf 92' lang='lat' dir='ltr'><strong>idem</strong></span> <span class='ocrx_word' id='word_1_24' title='bbox 1223 683 1257 746; x_wconf 93' lang='lat' dir='ltr'><strong>in</strong></span> <span class='ocrx_word' id='word_1_25' title='bbox 1280 683 1336 746; x_wconf 85' lang='lat' dir='ltr'><strong>Cn.</strong></span> <span class='ocrx_word' id='word_1_26' title='bbox 1355 683 1553 748; x_wconf 79' lang='lat' dir='ltr'><strong>Dolabellam</strong></span> <span class='ocrx_word' id='word_1_27' title='bbox 1576 687 1635 770; x_wconf 90' lang='lat' dir='ltr'><strong>qui</strong></span> 
     </span>
     <span class='ocr_line' id='line_1_4' title="bbox 305 769 1636 861; baseline 0.006 -27"><span class='ocrx_word' id='word_1_28' title='bbox 305 771 339 834; x_wconf 92' lang='lat' dir='ltr'><strong>in</strong></span> <span class='ocrx_word' id='word_1_29' title='bbox 363 771 418 834; x_wconf 90' lang='lat' dir='ltr'><strong>Cn.</strong></span> <span class='ocrx_word' id='word_1_30' title='bbox 443 769 622 835; x_wconf 80' lang='lat' dir='ltr'>Carbonem</span> <span class='ocrx_word' id='word_1_31' title='bbox 642 770 714 836; x_wconf 83' lang='lat' dir='ltr'><strong>fuit.</strong></span> <span class='ocrx_word' id='word_1_32' title='bbox 757 775 836 836; x_wconf 90' lang='lat' dir='ltr'><strong>Nam</strong></span> <span class='ocrx_word' id='word_1_33' title='bbox 866 796 948 861; x_wconf 87' lang='lat' dir='ltr'><strong>quaa</strong></span> <span class='ocrx_word' id='word_1_34' title='bbox 970 777 1004 839; x_wconf 91' lang='lat' dir='ltr'><strong>in</strong></span> <span class='ocrx_word' id='word_1_35' title='bbox 1027 777 1132 860; x_wconf 88' lang='lat' dir='ltr'><strong>ipsum</strong></span> <span class='ocrx_word' id='word_1_36' title='bbox 1154 779 1303 843; x_wconf 79' lang='lat' dir='ltr'><strong>valebant</strong></span> <span class='ocrx_word' id='word_1_37' title='bbox 1332 779 1466 842; x_wconf 85' lang='lat' dir='ltr'><strong>crimina</strong></span> <span class='ocrx_word' id='word_1_38' title='bbox 1497 779 1636 843; x_wconf 87' lang='lat' dir='ltr'><strong>contulit</strong></span> 
     </span>
     <span class='ocr_line' id='line_1_5' title="bbox 305 866 1633 957; baseline 0.005 -30"><span class='ocrx_word' id='word_1_39' title='bbox 305 866 339 930; x_wconf 91' lang='lat' dir='ltr'><strong>in</strong></span> <span class='ocrx_word' id='word_1_40' title='bbox 366 866 458 930; x_wconf 93' lang='lat' dir='ltr'><strong>illum</strong></span> <span class='ocrx_word' id='word_1_41' title='bbox 487 885 680 951; x_wconf 79' lang='lat' dir='ltr'>causamque</span> <span class='ocrx_word' id='word_1_42' title='bbox 708 867 795 931; x_wconf 92' lang='lat' dir='ltr'><strong>illius</strong></span> <span class='ocrx_word' id='word_1_43' title='bbox 824 889 950 932; x_wconf 88' lang='lat' dir='ltr'><strong>omnem</strong></span> <span class='ocrx_word' id='word_1_44' title='bbox 978 871 1018 934; x_wconf 93' lang='lat' dir='ltr'><strong>ad</strong></span> <span class='ocrx_word' id='word_1_45' title='bbox 1040 872 1187 936; x_wconf 92' lang='lat' dir='ltr'><strong>inimicos</strong></span> <span class='ocrx_word' id='word_1_46' title='bbox 1209 879 1477 957; x_wconf 74' lang='lat' dir='ltr'><strong>accusatoresque</strong></span> <span class='ocrx_word' id='word_1_47' title='bbox 1500 873 1633 936; x_wconf 88' lang='lat' dir='ltr'><strong>detulit:</strong></span> 
     </span>
     <span class='ocr_line' id='line_1_6' title="bbox 282 960 1633 1051; baseline 0.005 -28"><span class='ocrx_word' id='word_1_48' title='bbox 282 960 374 1045; x_wconf 63' lang='lat' dir='ltr'><strong>eipso</strong></span> <span class='ocrx_word' id='word_1_49' title='bbox 396 963 430 1024; x_wconf 95' lang='lat' dir='ltr'><strong>in</strong></span> <span class='ocrx_word' id='word_1_50' title='bbox 453 981 542 1036; x_wconf 90' lang='lat' dir='ltr'><strong>eum,</strong></span> <span class='ocrx_word' id='word_1_51' title='bbox 565 963 616 1025; x_wconf 93' lang='lat' dir='ltr'><strong>cui</strong></span> <span class='ocrx_word' id='word_1_52' title='bbox 639 962 776 1045; x_wconf 88' lang='lat' dir='ltr'><strong>legatus,</strong></span> <span class='ocrx_word' id='word_1_53' title='bbox 799 965 850 1026; x_wconf 87' lang='lat' dir='ltr'><strong>cui</strong></span> <span class='ocrx_word' id='word_1_54' title='bbox 872 985 930 1048; x_wconf 94' lang='lat' dir='ltr'><strong>pro</strong></span> <span class='ocrx_word' id='word_1_55' title='bbox 947 973 1115 1051; x_wconf 79' lang='lat' dir='ltr'><strong>quaestore</strong></span> <span class='ocrx_word' id='word_1_56' title='bbox 1129 967 1246 1043; x_wconf 86' lang='lat' dir='ltr'><strong>luerat,</strong></span> <span class='ocrx_word' id='word_1_57' title='bbox 1269 967 1522 1031; x_wconf 89' lang='lat' dir='ltr'><strong>inimicissimum</strong></span> <span class='ocrx_word' id='word_1_58' title='bbox 1537 974 1633 1050; x_wconf 91' lang='lat' dir='ltr'><strong>atque</strong></span> 
     </span>
     <span class='ocr_line' id='line_1_7' title="bbox 304 1055 1632 1143; baseline 0.002 -24"><span class='ocrx_word' id='word_1_59' title='bbox 304 1055 574 1140; x_wconf 90' lang='lat' dir='ltr'><strong>improbissimum</strong></span> <span class='ocrx_word' id='word_1_60' title='bbox 596 1057 813 1120; x_wconf 86' lang='lat' dir='ltr'><strong>testimonium</strong></span> <span class='ocrx_word' id='word_1_61' title='bbox 836 1058 926 1122; x_wconf 86' lang='lat' dir='ltr'><strong>dixit.</strong></span> <span class='ocrx_word' id='word_1_62' title='bbox 960 1060 1017 1123; x_wconf 90' lang='lat' dir='ltr'><strong>llle</strong></span> <span class='ocrx_word' id='word_1_63' title='bbox 1040 1059 1135 1124; x_wconf 88' lang='lat' dir='ltr'><strong>miser</strong></span> <span class='ocrx_word' id='word_1_64' title='bbox 1156 1081 1228 1124; x_wconf 85' lang='lat' dir='ltr'><strong>cum</strong></span> <span class='ocrx_word' id='word_1_65' title='bbox 1250 1068 1335 1124; x_wconf 88' lang='lat' dir='ltr'><strong>esset</strong></span> <span class='ocrx_word' id='word_1_66' title='bbox 1356 1081 1428 1124; x_wconf 90' lang='lat' dir='ltr'><strong>cum</strong></span> <span class='ocrx_word' id='word_1_67' title='bbox 1450 1059 1632 1143; x_wconf 91' lang='lat' dir='ltr'><strong>proditione</strong></span> 
     </span>
     <span class='ocr_line' id='line_1_8' title="bbox 303 1149 1632 1232; baseline 0.002 -20"><span class='ocrx_word' id='word_1_68' title='bbox 303 1149 397 1215; x_wconf 87' lang='lat' dir='ltr'><strong>istius</strong></span> <span class='ocrx_word' id='word_1_69' title='bbox 419 1150 539 1214; x_wconf 82' lang='lat' dir='ltr'><strong>nefaria</strong></span> <span class='ocrx_word' id='word_1_70' title='bbox 561 1157 628 1212; x_wconf 92' lang='lat' dir='ltr'><strong>tum</strong></span> <span class='ocrx_word' id='word_1_71' title='bbox 649 1150 794 1232; x_wconf 90' lang='lat' dir='ltr'><strong>improbo</strong></span> <span class='ocrx_word' id='word_1_72' title='bbox 817 1172 854 1215; x_wconf 90' lang='lat' dir='ltr'><strong>ac</strong></span> <span class='ocrx_word' id='word_1_73' title='bbox 876 1152 958 1217; x_wconf 84' lang='lat' dir='ltr'><strong>falso</strong></span> <span class='ocrx_word' id='word_1_74' title='bbox 981 1155 1125 1218; x_wconf 91' lang='lat' dir='ltr'><strong>eiusdem</strong></span> <span class='ocrx_word' id='word_1_75' title='bbox 1147 1155 1346 1228; x_wconf 87' lang='lat' dir='ltr'><strong>testimonio,</strong></span> <span class='ocrx_word' id='word_1_76' title='bbox 1379 1161 1447 1217; x_wconf 85' lang='lat' dir='ltr'><strong>tum</strong></span> <span class='ocrx_word' id='word_1_77' title='bbox 1470 1153 1570 1216; x_wconf 89' lang='lat' dir='ltr'><strong>multo</strong></span> <span class='ocrx_word' id='word_1_78' title='bbox 1592 1173 1632 1215; x_wconf 85' lang='lat' dir='ltr'><strong>ex</strong></span> 
     </span>
     <span class='ocr_line' id='line_1_9' title="bbox 304 1244 1631 1332; baseline 0.001 -25"><span class='ocrx_word' id='word_1_79' title='bbox 304 1245 441 1309; x_wconf 86' lang='lat' dir='ltr'><strong>maxima</strong></span> <span class='ocrx_word' id='word_1_80' title='bbox 471 1253 560 1328; x_wconf 88' lang='lat' dir='ltr'><strong>parte</strong></span> <span class='ocrx_word' id='word_1_81' title='bbox 582 1244 674 1308; x_wconf 90' lang='lat' dir='ltr'><strong>istius</strong></span> <span class='ocrx_word' id='word_1_82' title='bbox 696 1244 852 1308; x_wconf 85' lang='lat' dir='ltr'><strong>furtorum</strong></span> <span class='ocrx_word' id='word_1_83' title='bbox 875 1266 911 1310; x_wconf 90' lang='lat' dir='ltr'><strong>ac</strong></span> <span class='ocrx_word' id='word_1_84' title='bbox 934 1248 1126 1330; x_wconf 87' lang='lat' dir='ltr'><strong>flagitiorum</strong></span> <span class='ocrx_word' id='word_1_85' title='bbox 1148 1249 1268 1312; x_wconf 86' lang='lat' dir='ltr'><strong>invidia</strong></span> <span class='ocrx_word' id='word_1_86' title='bbox 1290 1249 1505 1332; x_wconf 76' lang='lat' dir='ltr'><strong>conflagravit</strong></span> <span class='ocrx_word' id='word_1_87' title='bbox 1549 1249 1631 1310; x_wconf 76' lang='lat' dir='ltr'><strong>xvi.</strong></span> 
     </span>
     <span class='ocr_line' id='line_1_10' title="bbox 304 1335 1631 1426; baseline 0.002 -25"><span class='ocrx_word' id='word_1_88' title='bbox 304 1335 354 1401; x_wconf 72' lang='lat' dir='ltr'><strong>la.</strong></span> <span class='ocrx_word' id='word_1_89' title='bbox 378 1339 463 1416; x_wconf 88' lang='lat' dir='ltr'><strong>Quid</strong></span> <span class='ocrx_word' id='word_1_90' title='bbox 486 1337 546 1402; x_wconf 92' lang='lat' dir='ltr'><strong>hoc</strong></span> <span class='ocrx_word' id='word_1_91' title='bbox 567 1338 698 1402; x_wconf 89' lang='lat' dir='ltr'><strong>homine</strong></span> <span class='ocrx_word' id='word_1_92' title='bbox 719 1338 845 1403; x_wconf 83' lang='lat' dir='ltr'><strong>faciatis</strong></span> <span class='ocrx_word' id='word_1_93' title='bbox 867 1343 984 1404; x_wconf 88' lang='lat' dir='ltr'><strong>autad</strong></span> <span class='ocrx_word' id='word_1_94' title='bbox 1007 1362 1103 1426; x_wconf 93' lang='lat' dir='ltr'><strong>quam</strong></span> <span class='ocrx_word' id='word_1_95' title='bbox 1126 1361 1215 1424; x_wconf 90' lang='lat' dir='ltr'><strong>spem</strong></span> <span class='ocrx_word' id='word_1_96' title='bbox 1238 1349 1302 1404; x_wconf 88' lang='lat' dir='ltr'><strong>tam</strong></span> <span class='ocrx_word' id='word_1_97' title='bbox 1324 1339 1548 1426; x_wconf 86' lang='lat' dir='ltr'><strong>perfidiosum,</strong></span> <span class='ocrx_word' id='word_1_98' title='bbox 1568 1347 1631 1404; x_wconf 87' lang='lat' dir='ltr'><strong>tam</strong></span> 
     </span>
     <span class='ocr_line' id='line_1_11' title="bbox 265 1433 1632 1519; baseline 0.001 -22"><span class='ocrx_word' id='word_1_99' title='bbox 265 1435 519 1518; x_wconf 68' lang='lat' dir='ltr'><strong>reimpartunum</strong></span> <span class='ocrx_word' id='word_1_100' title='bbox 543 1433 660 1496; x_wconf 89' lang='lat' dir='ltr'><strong>animal</strong></span> <span class='ocrx_word' id='word_1_101' title='bbox 681 1434 874 1496; x_wconf 89' lang='lat' dir='ltr'><strong>reservetis‘l</strong></span> <span class='ocrx_word' id='word_1_102' title='bbox 897 1435 953 1519; x_wconf 91' lang='lat' dir='ltr'><strong>qui</strong></span> <span class='ocrx_word' id='word_1_103' title='bbox 975 1436 1009 1498; x_wconf 91' lang='lat' dir='ltr'><strong>in</strong></span> <span class='ocrx_word' id='word_1_104' title='bbox 1027 1435 1083 1498; x_wconf 89' lang='lat' dir='ltr'><strong>Cn.</strong></span> <span class='ocrx_word' id='word_1_105' title='bbox 1100 1435 1244 1500; x_wconf 85' lang='lat' dir='ltr'><strong>Carbone</strong></span> <span class='ocrx_word' id='word_1_106' title='bbox 1259 1445 1394 1512; x_wconf 88' lang='lat' dir='ltr'><strong>sortem,</strong></span> <span class='ocrx_word' id='word_1_107' title='bbox 1416 1438 1450 1500; x_wconf 90' lang='lat' dir='ltr'><strong>in</strong></span> <span class='ocrx_word' id='word_1_108' title='bbox 1466 1437 1522 1500; x_wconf 85' lang='lat' dir='ltr'><strong>Cn.</strong></span> <span class='ocrx_word' id='word_1_109' title='bbox 1536 1436 1632 1499; x_wconf 89' lang='lat' dir='ltr'><strong>Dola-</strong></span> 
     </span>
     <span class='ocr_line' id='line_1_12' title="bbox 274 1528 1631 1613; baseline 0 -21"><span class='ocrx_word' id='word_1_110' title='bbox 274 1535 276 1559; x_wconf 91' lang='lat'>&#39;</span> <span class='ocrx_word' id='word_1_111' title='bbox 302 1529 387 1593; x_wconf 91' lang='lat' dir='ltr'><strong>bella</strong></span> <span class='ocrx_word' id='word_1_112' title='bbox 408 1529 604 1592; x_wconf 89' lang='lat' dir='ltr'><strong>voluntatem</strong></span> <span class='ocrx_word' id='word_1_113' title='bbox 626 1528 804 1610; x_wconf 80' lang='lat' dir='ltr'><strong>neglexerit</strong></span> <span class='ocrx_word' id='word_1_114' title='bbox 825 1547 861 1591; x_wconf 91' lang='lat' dir='ltr'><strong>ac</strong></span> <span class='ocrx_word' id='word_1_115' title='bbox 882 1528 1011 1592; x_wconf 83' lang='lat' dir='ltr'><strong>violarit</strong></span> <span class='ocrx_word' id='word_1_116' title='bbox 1033 1549 1154 1613; x_wconf 89' lang='lat' dir='ltr'><strong>eosque</strong></span> <span class='ocrx_word' id='word_1_117' title='bbox 1175 1531 1269 1594; x_wconf 89' lang='lat' dir='ltr'><strong>ambo</strong></span> <span class='ocrx_word' id='word_1_118' title='bbox 1291 1551 1356 1594; x_wconf 92' lang='lat' dir='ltr'><strong>non</strong></span> <span class='ocrx_word' id='word_1_119' title='bbox 1371 1531 1467 1596; x_wconf 92' lang='lat' dir='ltr'><strong>modo</strong></span> <span class='ocrx_word' id='word_1_120' title='bbox 1483 1531 1631 1594; x_wconf 88' lang='lat' dir='ltr'><strong>deserue-</strong></span> 
     </span>
     <span class='ocr_line' id='line_1_13' title="bbox 302 1622 1630 1709; baseline -0.002 -21"><span class='ocrx_word' id='word_1_121' title='bbox 302 1626 359 1700; x_wconf 89' lang='lat' dir='ltr'><strong>rit,</strong></span> <span class='ocrx_word' id='word_1_122' title='bbox 389 1624 445 1688; x_wconf 88' lang='lat' dir='ltr'><strong>sed</strong></span> <span class='ocrx_word' id='word_1_123' title='bbox 474 1622 570 1686; x_wconf 90' lang='lat' dir='ltr'><strong>etiam</strong></span> <span class='ocrx_word' id='word_1_124' title='bbox 599 1622 778 1704; x_wconf 86' lang='lat' dir='ltr'><strong>prodiderit</strong></span> <span class='ocrx_word' id='word_1_125' title='bbox 804 1629 900 1705; x_wconf 87' lang='lat' dir='ltr'><strong>atque</strong></span> <span class='ocrx_word' id='word_1_126' title='bbox 928 1624 1131 1706; x_wconf 86' lang='lat' dir='ltr'><strong>oppugnarit.</strong></span> <span class='ocrx_word' id='word_1_127' title='bbox 1173 1625 1295 1700; x_wconf 89' lang='lat' dir='ltr'><strong>Nolite,</strong></span> <span class='ocrx_word' id='word_1_128' title='bbox 1325 1645 1462 1709; x_wconf 85' lang='lat' dir='ltr'><strong>quaeso,</strong></span> <span class='ocrx_word' id='word_1_129' title='bbox 1491 1623 1630 1698; x_wconf 85' lang='lat' dir='ltr'><strong>iudices,</strong></span> 
     </span>
     <span class='ocr_line' id='line_1_14' title="bbox 301 1716 1631 1801; baseline -0.003 -19"><span class='ocrx_word' id='word_1_130' title='bbox 301 1717 455 1782; x_wconf 88' lang='lat' dir='ltr'><strong>brevitate</strong></span> <span class='ocrx_word' id='word_1_131' title='bbox 485 1716 641 1780; x_wconf 86' lang='lat' dir='ltr'><strong>orationis</strong></span> <span class='ocrx_word' id='word_1_132' title='bbox 669 1735 759 1778; x_wconf 90' lang='lat' dir='ltr'><strong>meac</strong></span> <span class='ocrx_word' id='word_1_133' title='bbox 790 1717 1015 1800; x_wconf 91' lang='lat' dir='ltr'><strong>potiusquam</strong></span> <span class='ocrx_word' id='word_1_134' title='bbox 1040 1736 1146 1779; x_wconf 87' lang='lat' dir='ltr'><strong>rerum</strong></span> <span class='ocrx_word' id='word_1_135' title='bbox 1168 1717 1308 1801; x_wconf 85' lang='lat' dir='ltr'><strong>ipsarum</strong></span> <span class='ocrx_word' id='word_1_136' title='bbox 1322 1716 1548 1800; x_wconf 80' lang='lat' dir='ltr'><strong>magnitudine</strong></span> <span class='ocrx_word' id='word_1_137' title='bbox 1570 1716 1631 1779; x_wconf 90' lang='lat' dir='ltr'><strong>cri-</strong></span> 
     </span>
     <span class='ocr_line' id='line_1_15' title="bbox 301 1809 1630 1896; baseline -0.004 -19"><span class='ocrx_word' id='word_1_138' title='bbox 301 1814 388 1877; x_wconf 89' lang='lat' dir='ltr'><strong>mina</strong></span> <span class='ocrx_word' id='word_1_139' title='bbox 408 1811 596 1896; x_wconf 92' lang='lat' dir='ltr'><strong>ponderare.</strong></span> <span class='ocrx_word' id='word_1_140' title='bbox 639 1809 718 1872; x_wconf 86' lang='lat' dir='ltr'><strong>Mihi</strong></span> <span class='ocrx_word' id='word_1_141' title='bbox 740 1809 824 1872; x_wconf 90' lang='lat' dir='ltr'><strong>enim</strong></span> <span class='ocrx_word' id='word_1_142' title='bbox 847 1811 1084 1893; x_wconf 91' lang='lat' dir='ltr'><strong>properandum</strong></span> <span class='ocrx_word' id='word_1_143' title='bbox 1106 1811 1287 1876; x_wconf 89' lang='lat' dir='ltr'><strong>necessario</strong></span> <span class='ocrx_word' id='word_1_144' title='bbox 1309 1820 1372 1887; x_wconf 87' lang='lat' dir='ltr'><strong>est,</strong></span> <span class='ocrx_word' id='word_1_145' title='bbox 1395 1820 1431 1874; x_wconf 92' lang='lat' dir='ltr'><strong>ut</strong></span> <span class='ocrx_word' id='word_1_146' title='bbox 1452 1811 1558 1876; x_wconf 89' lang='lat' dir='ltr'><strong>omnia</strong></span> <span class='ocrx_word' id='word_1_147' title='bbox 1573 1829 1630 1873; x_wconf 85' lang='lat' dir='ltr'><strong>vo·</strong></span> 
     </span>
     <span class='ocr_line' id='line_1_16' title="bbox 264 1902 1629 1991; baseline -0.002 -20"><span class='ocrx_word' id='word_1_148' title='bbox 264 1909 367 1983; x_wconf 70' lang='lat' dir='ltr'><strong>rabis,</strong></span> <span class='ocrx_word' id='word_1_149' title='bbox 391 1925 473 1991; x_wconf 90' lang='lat' dir='ltr'><strong>quae</strong></span> <span class='ocrx_word' id='word_1_150' title='bbox 495 1904 574 1968; x_wconf 94' lang='lat' dir='ltr'><strong>mihi</strong></span> <span class='ocrx_word' id='word_1_151' title='bbox 596 1903 769 1967; x_wconf 82' lang='lat' dir='ltr'><strong>constituta</strong></span> <span class='ocrx_word' id='word_1_152' title='bbox 783 1912 870 1979; x_wconf 88' lang='lat' dir='ltr'><strong>sunl,</strong></span> <span class='ocrx_word' id='word_1_153' title='bbox 893 1905 1014 1988; x_wconf 90' lang='lat' dir='ltr'><strong>possim</strong></span> <span class='ocrx_word' id='word_1_154' title='bbox 1029 1925 1201 1988; x_wconf 84' lang='lat' dir='ltr'><strong>exponere.</strong></span> <span class='ocrx_word' id='word_1_155' title='bbox 1233 1902 1285 1968; x_wconf 68' lang='lat'><strong>43.</strong></span> <span class='ocrx_word' id='word_1_156' title='bbox 1301 1907 1515 1982; x_wconf 87' lang='lat' dir='ltr'><strong>Quamobrem</strong></span> <span class='ocrx_word' id='word_1_157' title='bbox 1530 1924 1629 1991; x_wconf 88' lang='lat' dir='ltr'><strong>quae-</strong></span> 
     </span>
     <span class='ocr_line' id='line_1_17' title="bbox 301 1997 1629 2084; baseline -0.004 -17"><span class='ocrx_word' id='word_1_158' title='bbox 301 2009 389 2067; x_wconf 89' lang='lat' dir='ltr'><strong>stura</strong></span> <span class='ocrx_word' id='word_1_159' title='bbox 415 2000 509 2064; x_wconf 88' lang='lat' dir='ltr'><strong>istius</strong></span> <span class='ocrx_word' id='word_1_160' title='bbox 538 1998 757 2061; x_wconf 85' lang='lat' dir='ltr'><strong>demonstrata</strong></span> <span class='ocrx_word' id='word_1_161' title='bbox 783 1997 942 2083; x_wconf 86' lang='lat' dir='ltr'><strong>primique</strong></span> <span class='ocrx_word' id='word_1_162' title='bbox 972 2001 1172 2084; x_wconf 82' lang='lat' dir='ltr'><strong>magistratus</strong></span> <span class='ocrx_word' id='word_1_163' title='bbox 1202 2008 1234 2064; x_wconf 90' lang='lat' dir='ltr'><strong>et</strong></span> <span class='ocrx_word' id='word_1_164' title='bbox 1253 1999 1338 2064; x_wconf 84' lang='lat' dir='ltr'><strong>furlo</strong></span> <span class='ocrx_word' id='word_1_165' title='bbox 1362 2008 1394 2064; x_wconf 94' lang='lat' dir='ltr'><strong>et</strong></span> <span class='ocrx_word' id='word_1_166' title='bbox 1416 1999 1534 2063; x_wconf 86' lang='lat' dir='ltr'><strong>scelere</strong></span> <span class='ocrx_word' id='word_1_167' title='bbox 1557 2017 1629 2082; x_wconf 90' lang='lat' dir='ltr'><strong>per-</strong></span> 
     </span>
     <span class='ocr_line' id='line_1_18' title="bbox 173 2089 1629 2182; baseline -0.005 -21"><span class='ocrx_word' id='word_1_168' title='bbox 173 2123 179 2133; x_wconf 62' lang='lat'><em>*</em></span> <span class='ocrx_word' id='word_1_169' title='bbox 301 2102 411 2182; x_wconf 89' lang='lat' dir='ltr'><strong>specto</strong></span> <span class='ocrx_word' id='word_1_170' title='bbox 439 2093 564 2177; x_wconf 91' lang='lat' dir='ltr'><strong>reliqua</strong></span> <span class='ocrx_word' id='word_1_171' title='bbox 593 2089 756 2156; x_wconf 86' lang='lat' dir='ltr'><strong>attendite.</strong></span> <span class='ocrx_word' id='word_1_172' title='bbox 799 2092 836 2153; x_wconf 96' lang='lat' dir='ltr'><strong>ln</strong></span> <span class='ocrx_word' id='word_1_173' title='bbox 865 2093 981 2177; x_wconf 89' lang='lat' dir='ltr'><strong>quibus</strong></span> <span class='ocrx_word' id='word_1_174' title='bbox 1012 2094 1091 2157; x_wconf 94' lang='lat' dir='ltr'><strong>illud</strong></span> <span class='ocrx_word' id='word_1_175' title='bbox 1120 2101 1246 2178; x_wconf 90' lang='lat' dir='ltr'><strong>tempus</strong></span> <span class='ocrx_word' id='word_1_176' title='bbox 1268 2095 1471 2157; x_wconf 91' lang='lat' dir='ltr'><strong>Sullanarum</strong></span> <span class='ocrx_word' id='word_1_177' title='bbox 1492 2093 1629 2177; x_wconf 90' lang='lat' dir='ltr'><strong>proscri-</strong></span> 
     </span>
     <span class='ocr_line' id='line_1_19' title="bbox 299 2186 1628 2276; baseline -0.006 -20"><span class='ocrx_word' id='word_1_178' title='bbox 299 2194 446 2276; x_wconf 90' lang='lat' dir='ltr'><strong>ptionum</strong></span> <span class='ocrx_word' id='word_1_179' title='bbox 468 2209 505 2252; x_wconf 91' lang='lat' dir='ltr'><strong>ac</strong></span> <span class='ocrx_word' id='word_1_180' title='bbox 527 2186 710 2270; x_wconf 87' lang='lat' dir='ltr'><strong>rapinarum</strong></span> <span class='ocrx_word' id='word_1_181' title='bbox 733 2189 997 2268; x_wconf 70' lang='lat' dir='ltr'><strong>praetermittam</strong></span> <span class='ocrx_word' id='word_1_182' title='bbox 1018 2208 1124 2272; x_wconf 92' lang='lat' dir='ltr'><strong>neque</strong></span> <span class='ocrx_word' id='word_1_183' title='bbox 1147 2208 1206 2272; x_wconf 89' lang='lat' dir='ltr'><strong>ego</strong></span> <span class='ocrx_word' id='word_1_184' title='bbox 1225 2189 1322 2251; x_wconf 89' lang='lat' dir='ltr'><strong>istum</strong></span> <span class='ocrx_word' id='word_1_185' title='bbox 1336 2187 1397 2250; x_wconf 90' lang='lat' dir='ltr'><strong>sibi</strong></span> <span class='ocrx_word' id='word_1_186' title='bbox 1413 2207 1454 2250; x_wconf 84' lang='lat' dir='ltr'><strong>ex</strong></span> <span class='ocrx_word' id='word_1_187' title='bbox 1467 2187 1628 2250; x_wconf 88' lang='lat' dir='ltr'><strong>communi</strong></span> 
     </span>
     <span class='ocr_line' id='line_1_20' title="bbox 254 2280 1628 2365; baseline -0.006 -15"><span class='ocrx_word' id='word_1_188' title='bbox 254 2283 255 2286; x_wconf 63' lang='grc'>’</span> <span class='ocrx_word' id='word_1_189' title='bbox 300 2285 477 2350; x_wconf 85' lang='lat' dir='ltr'><strong>calamitate</strong></span> <span class='ocrx_word' id='word_1_190' title='bbox 499 2281 718 2344; x_wconf 86' lang='lat' dir='ltr'><strong>defensionem</strong></span> <span class='ocrx_word' id='word_1_191' title='bbox 740 2280 838 2343; x_wconf 91' lang='lat' dir='ltr'><strong>ullam</strong></span> <span class='ocrx_word' id='word_1_192' title='bbox 860 2283 961 2346; x_wconf 88' lang='lat' dir='ltr'><strong>sinam</strong></span> <span class='ocrx_word' id='word_1_193' title='bbox 983 2303 1124 2346; x_wconf 76' lang='lat' dir='ltr'><strong>sumeret</strong></span> <span class='ocrx_word' id='word_1_194' title='bbox 1147 2283 1213 2347; x_wconf 90' lang='lat' dir='ltr'><strong>suis</strong></span> <span class='ocrx_word' id='word_1_195' title='bbox 1228 2304 1302 2347; x_wconf 89' lang='lat' dir='ltr'><strong>eum</strong></span> <span class='ocrx_word' id='word_1_196' title='bbox 1317 2283 1411 2346; x_wconf 87' lang='lat' dir='ltr'><strong>certis</strong></span> <span class='ocrx_word' id='word_1_197' title='bbox 1426 2281 1628 2365; x_wconf 89' lang='lat' dir='ltr'><strong>propriisque</strong></span> 
     </span>
     <span class='ocr_line' id='line_1_21' title="bbox 261 2373 1628 2460; baseline -0.005 -16"><span class='ocrx_word' id='word_1_198' title='bbox 261 2379 484 2453; x_wconf 68' lang='lat' dir='ltr'><strong>socriminibus</strong></span> <span class='ocrx_word' id='word_1_199' title='bbox 506 2373 673 2440; x_wconf 87' lang='lat' dir='ltr'><strong>accusabo.</strong></span> <span class='ocrx_word' id='word_1_200' title='bbox 718 2373 933 2450; x_wconf 90' lang='lat' dir='ltr'><strong>Quamobrem</strong></span> <span class='ocrx_word' id='word_1_201' title='bbox 954 2375 1016 2440; x_wconf 87' lang='lat' dir='ltr'><strong>hoc</strong></span> <span class='ocrx_word' id='word_1_202' title='bbox 1038 2377 1125 2440; x_wconf 90' lang='lat' dir='ltr'><strong>omni</strong></span> <span class='ocrx_word' id='word_1_203' title='bbox 1147 2384 1292 2460; x_wconf 87' lang='lat' dir='ltr'><strong>tempore</strong></span> <span class='ocrx_word' id='word_1_204' title='bbox 1319 2377 1451 2440; x_wconf 88' lang='lat' dir='ltr'><strong>Sullano</strong></span> <span class='ocrx_word' id='word_1_205' title='bbox 1473 2393 1514 2440; x_wconf 84' lang='lat' dir='ltr'><strong>ex</strong></span> <span class='ocrx_word' id='word_1_206' title='bbox 1536 2394 1628 2438; x_wconf 87' lang='lat' dir='ltr'><strong>accu-</strong></span> 
     </span>
     <span class='ocr_line' id='line_1_22' title="bbox 299 2466 1424 2554; baseline -0.007 -13"><span class='ocrx_word' id='word_1_207' title='bbox 299 2477 424 2540; x_wconf 89' lang='lat' dir='ltr'><strong>satione</strong></span> <span class='ocrx_word' id='word_1_208' title='bbox 446 2469 687 2551; x_wconf 89' lang='lat' dir='ltr'><strong>circumscripto</strong></span> <span class='ocrx_word' id='word_1_209' title='bbox 708 2466 900 2551; x_wconf 82' lang='lat' dir='ltr'><strong>legationem</strong></span> <span class='ocrx_word' id='word_1_210' title='bbox 923 2471 992 2534; x_wconf 87' lang='lat' dir='ltr'><strong>eius</strong></span> <span class='ocrx_word' id='word_1_211' title='bbox 1013 2471 1207 2554; x_wconf 87' lang='lat' dir='ltr'><strong>praeclaram</strong></span> <span class='ocrx_word' id='word_1_212' title='bbox 1230 2472 1424 2554; x_wconf 78' lang='lat' dir='ltr'><strong>cognoscite.</strong></span> 
     </span>
     <span class='ocr_line' id='line_1_23' title="bbox 384 2563 1626 2648; baseline -0.004 -17"><span class='ocrx_word' id='word_1_213' title='bbox 384 2566 435 2631; x_wconf 81' lang='lat' dir='ltr'><strong>ll.</strong></span> <span class='ocrx_word' id='word_1_214' title='bbox 464 2568 677 2647; x_wconf 86' lang='lat' dir='ltr'><strong>Posteaquam</strong></span> <span class='ocrx_word' id='word_1_215' title='bbox 708 2563 764 2625; x_wconf 90' lang='lat' dir='ltr'><strong>Cn.</strong></span> <span class='ocrx_word' id='word_1_216' title='bbox 785 2563 970 2629; x_wconf 86' lang='lat' dir='ltr'><strong>Dolabellae</strong></span> <span class='ocrx_word' id='word_1_217' title='bbox 1000 2565 1165 2648; x_wconf 84' lang='lat' dir='ltr'><strong>provincia</strong></span> <span class='ocrx_word' id='word_1_218' title='bbox 1187 2565 1298 2628; x_wconf 87' lang='lat' dir='ltr'><strong>Cilicia</strong></span> <span class='ocrx_word' id='word_1_219' title='bbox 1319 2564 1491 2629; x_wconf 87' lang='lat' dir='ltr'><strong>constituta</strong></span> <span class='ocrx_word' id='word_1_220' title='bbox 1512 2570 1578 2638; x_wconf 91' lang='lat' dir='ltr'><strong>est,</strong></span> <span class='ocrx_word' id='word_1_221' title='bbox 1607 2583 1626 2626; x_wconf 96' lang='lat' dir='ltr'><strong>o</strong></span> 
     </span>
     <span class='ocr_line' id='line_1_24' title="bbox 300 2657 1626 2743; baseline -0.006 -15"><span class='ocrx_word' id='word_1_222' title='bbox 300 2663 333 2728; x_wconf 89' lang='lat' dir='ltr'><strong>di</strong></span> <span class='ocrx_word' id='word_1_223' title='bbox 357 2658 573 2727; x_wconf 89' lang='lat' dir='ltr'><strong>immortales!</strong></span> <span class='ocrx_word' id='word_1_224' title='bbox 605 2663 725 2741; x_wconf 90' lang='lat' dir='ltr'><strong>quanta</strong></span> <span class='ocrx_word' id='word_1_225' title='bbox 745 2657 806 2720; x_wconf 90' lang='lat' dir='ltr'><strong>iste</strong></span> <span class='ocrx_word' id='word_1_226' title='bbox 829 2659 1020 2741; x_wconf 90' lang='lat' dir='ltr'><strong>cupiditate,</strong></span> <span class='ocrx_word' id='word_1_227' title='bbox 1049 2659 1166 2743; x_wconf 87' lang='lat' dir='ltr'><strong>quibus</strong></span> <span class='ocrx_word' id='word_1_228' title='bbox 1188 2658 1434 2741; x_wconf 89' lang='lat' dir='ltr'><strong>allegationibus</strong></span> <span class='ocrx_word' id='word_1_229' title='bbox 1456 2659 1543 2721; x_wconf 89' lang='lat' dir='ltr'><strong>illam</strong></span> <span class='ocrx_word' id='word_1_230' title='bbox 1565 2658 1626 2722; x_wconf 91' lang='lat' dir='ltr'><strong>sibi</strong></span> 
     </span>
     <span class='ocr_line' id='line_1_25' title="bbox 298 2750 1627 2846; baseline -0.008 -21"><span class='ocrx_word' id='word_1_231' title='bbox 298 2760 491 2846; x_wconf 86' lang='lat' dir='ltr'><strong>legationem</strong></span> <span class='ocrx_word' id='word_1_232' title='bbox 513 2750 724 2836; x_wconf 75' lang='lat' dir='ltr'><strong>expugnavit!</strong></span> <span class='ocrx_word' id='word_1_233' title='bbox 748 2751 780 2812; x_wconf 94' lang='lat' dir='ltr'><strong>id</strong></span> <span class='ocrx_word' id='word_1_234' title='bbox 803 2753 890 2835; x_wconf 92' lang='lat' dir='ltr'><strong>quod</strong></span> <span class='ocrx_word' id='word_1_235' title='bbox 914 2753 969 2816; x_wconf 88' lang='lat' dir='ltr'><strong>Cn.</strong></span> <span class='ocrx_word' id='word_1_236' title='bbox 990 2752 1174 2817; x_wconf 87' lang='lat' dir='ltr'><strong>Dolabellae</strong></span> <span class='ocrx_word' id='word_1_237' title='bbox 1197 2753 1388 2836; x_wconf 85' lang='lat' dir='ltr'><strong>principium</strong></span> <span class='ocrx_word' id='word_1_238' title='bbox 1404 2753 1560 2816; x_wconf 90' lang='lat' dir='ltr'><strong>maximae</strong></span> <span class='ocrx_word' id='word_1_239' title='bbox 1575 2773 1627 2815; x_wconf 91' lang='lat' dir='ltr'><strong>ca·</strong></span> 
     </span>
     <span class='ocr_line' id='line_1_26' title="bbox 261 2845 1624 2931; baseline -0.01 -10"><span class='ocrx_word' id='word_1_240' title='bbox 261 2851 448 2921; x_wconf 73' lang='lat' dir='ltr'><strong>solamitalis</strong></span> <span class='ocrx_word' id='word_1_241' title='bbox 481 2847 551 2910; x_wconf 83' lang='lat' dir='ltr'><strong>fuit.</strong></span> <span class='ocrx_word' id='word_1_242' title='bbox 594 2848 673 2909; x_wconf 92' lang='lat' dir='ltr'><strong>Nam</strong></span> <span class='ocrx_word' id='word_1_243' title='bbox 702 2851 739 2908; x_wconf 93' lang='lat' dir='ltr'><strong>ut</strong></span> <span class='ocrx_word' id='word_1_244' title='bbox 759 2853 808 2909; x_wconf 87' lang='lat' dir='ltr'><strong>est</strong></span> <span class='ocrx_word' id='word_1_245' title='bbox 829 2845 1009 2928; x_wconf 83' lang='lat' dir='ltr'><strong>profectus,</strong></span> <span class='ocrx_word' id='word_1_246' title='bbox 1040 2867 1242 2931; x_wconf 90' lang='lat' dir='ltr'><strong>quacumque</strong></span> <span class='ocrx_word' id='word_1_247' title='bbox 1263 2847 1324 2911; x_wconf 88' lang='lat' dir='ltr'><strong>iter</strong></span> <span class='ocrx_word' id='word_1_248' title='bbox 1343 2846 1436 2920; x_wconf 84' lang='lat' dir='ltr'><strong>lecit,</strong></span> <span class='ocrx_word' id='word_1_249' title='bbox 1467 2847 1624 2910; x_wconf 89' lang='lat' dir='ltr'><strong>eiusmodi</strong></span> 
     </span>
     <span class='ocr_line' id='line_1_27' title="bbox 297 2941 1624 3024; baseline -0.01 -9"><span class='ocrx_word' id='word_1_250' title='bbox 297 2951 376 3023; x_wconf 83' lang='lat' dir='ltr'><strong>luit,</strong></span> <span class='ocrx_word' id='word_1_251' title='bbox 398 2964 465 3011; x_wconf 95' lang='lat' dir='ltr'><strong>non</strong></span> <span class='ocrx_word' id='word_1_252' title='bbox 485 2949 521 3006; x_wconf 91' lang='lat' dir='ltr'><strong>ut</strong></span> <span class='ocrx_word' id='word_1_253' title='bbox 542 2943 665 3024; x_wconf 87' lang='lat' dir='ltr'><strong>legatus</strong></span> <span class='ocrx_word' id='word_1_254' title='bbox 687 2941 799 3023; x_wconf 89' lang='lat' dir='ltr'><strong>populi</strong></span> <span class='ocrx_word' id='word_1_255' title='bbox 814 2941 959 3016; x_wconf 85' lang='lat' dir='ltr'><strong>Romani,</strong></span> <span class='ocrx_word' id='word_1_256' title='bbox 982 2942 1037 3005; x_wconf 87' lang='lat' dir='ltr'><strong>sed</strong></span> <span class='ocrx_word' id='word_1_257' title='bbox 1052 2949 1088 3004; x_wconf 89' lang='lat' dir='ltr'><strong>ut</strong></span> <span class='ocrx_word' id='word_1_258' title='bbox 1102 2943 1259 3024; x_wconf 89' lang='lat' dir='ltr'><strong>quaedam</strong></span> <span class='ocrx_word' id='word_1_259' title='bbox 1274 2941 1435 3005; x_wconf 86' lang='lat' dir='ltr'><strong>calamitas</strong></span> <span class='ocrx_word' id='word_1_260' title='bbox 1450 2941 1624 3023; x_wconf 87' lang='lat' dir='ltr'><strong>pervadere</strong></span> 
     </span>
     <span class='ocr_line' id='line_1_28' title="bbox 297 3033 1625 3119; baseline -0.009 -11"><span class='ocrx_word' id='word_1_261' title='bbox 297 3042 469 3109; x_wconf 86' lang='lat' dir='ltr'><strong>videretur.</strong></span> <span class='ocrx_word' id='word_1_262' title='bbox 504 3035 603 3099; x_wconf 84' lang='lat' dir='ltr'><strong>xvll.</strong></span> <span class='ocrx_word' id='word_1_263' title='bbox 625 3035 661 3096; x_wconf 96' lang='lat' dir='ltr'><strong>ln</strong></span> <span class='ocrx_word' id='word_1_264' title='bbox 675 3033 795 3098; x_wconf 82' lang='lat' dir='ltr'><strong>Achaia</strong></span> <span class='ocrx_word' id='word_1_265' title='bbox 809 3067 852 3081; x_wconf 91' lang='lat'><em>-</em></span> <span class='ocrx_word' id='word_1_266' title='bbox 867 3036 1114 3119; x_wconf 89' lang='lat' dir='ltr'><strong>praetermittam</strong></span> <span class='ocrx_word' id='word_1_267' title='bbox 1136 3036 1261 3098; x_wconf 91' lang='lat' dir='ltr'><strong>minora</strong></span> <span class='ocrx_word' id='word_1_268' title='bbox 1276 3035 1399 3109; x_wconf 90' lang='lat' dir='ltr'><strong>omnia,</strong></span> <span class='ocrx_word' id='word_1_269' title='bbox 1421 3055 1559 3118; x_wconf 90' lang='lat' dir='ltr'><strong>quorum</strong></span> <span class='ocrx_word' id='word_1_270' title='bbox 1582 3034 1625 3097; x_wconf 87' lang='lat' dir='ltr'><strong>si-</strong></span> 
     </span>
     <span class='ocr_line' id='line_1_29' title="bbox 297 3129 1625 3216; baseline -0.008 -14"><span class='ocrx_word' id='word_1_271' title='bbox 297 3138 373 3202; x_wconf 91' lang='lat' dir='ltr'><strong>mile</strong></span> <span class='ocrx_word' id='word_1_272' title='bbox 400 3131 535 3196; x_wconf 81' lang='lat' dir='ltr'><strong>forsitan</strong></span> <span class='ocrx_word' id='word_1_273' title='bbox 562 3129 645 3193; x_wconf 86' lang='lat' dir='ltr'><strong>alius</strong></span> <span class='ocrx_word' id='word_1_274' title='bbox 676 3147 806 3215; x_wconf 91' lang='lat' dir='ltr'><strong>quoque</strong></span> <span class='ocrx_word' id='word_1_275' title='bbox 835 3130 957 3216; x_wconf 92' lang='lat' dir='ltr'><strong>aliquid</strong></span> <span class='ocrx_word' id='word_1_276' title='bbox 979 3130 1152 3216; x_wconf 87' lang='lat' dir='ltr'><strong>aliquando</strong></span> <span class='ocrx_word' id='word_1_277' title='bbox 1174 3129 1303 3194; x_wconf 72' lang='lat' dir='ltr'><strong>iecerit:</strong></span> <span class='ocrx_word' id='word_1_278' title='bbox 1334 3129 1415 3194; x_wconf 92' lang='lat' dir='ltr'><strong>nihil</strong></span> <span class='ocrx_word' id='word_1_279' title='bbox 1436 3131 1540 3194; x_wconf 90' lang='lat' dir='ltr'><strong>dicam</strong></span> <span class='ocrx_word' id='word_1_280' title='bbox 1562 3129 1625 3192; x_wconf 89' lang='lat' dir='ltr'><strong>nisi</strong></span> 
     </span>
     <span class='ocr_line' id='line_1_30' title="bbox 297 3222 1624 3316; baseline -0.008 -19"><span class='ocrx_word' id='word_1_281' title='bbox 297 3229 474 3316; x_wconf 90' lang='lat' dir='ltr'><strong>singulare,</strong></span> <span class='ocrx_word' id='word_1_282' title='bbox 495 3225 557 3289; x_wconf 90' lang='lat' dir='ltr'><strong>nisi</strong></span> <span class='ocrx_word' id='word_1_283' title='bbox 580 3225 631 3299; x_wconf 88' lang='lat' dir='ltr'><strong>id,</strong></span> <span class='ocrx_word' id='word_1_284' title='bbox 661 3223 749 3308; x_wconf 90' lang='lat' dir='ltr'><strong>quod</strong></span> <span class='ocrx_word' id='word_1_285' title='bbox 777 3223 803 3285; x_wconf 88' lang='lat' dir='ltr'><strong>si</strong></span> <span class='ocrx_word' id='word_1_286' title='bbox 834 3223 868 3286; x_wconf 96' lang='lat' dir='ltr'><strong>in</strong></span> <span class='ocrx_word' id='word_1_287' title='bbox 889 3225 987 3288; x_wconf 91' lang='lat' dir='ltr'><strong>alium</strong></span> <span class='ocrx_word' id='word_1_288' title='bbox 1009 3245 1099 3288; x_wconf 90' lang='lat' dir='ltr'><strong>reum</strong></span> <span class='ocrx_word' id='word_1_289' title='bbox 1121 3223 1296 3299; x_wconf 86' lang='lat' dir='ltr'><strong>diceretur,</strong></span> <span class='ocrx_word' id='word_1_290' title='bbox 1327 3222 1514 3287; x_wconf 87' lang='lat' dir='ltr'><strong>incredibile</strong></span> <span class='ocrx_word' id='word_1_291' title='bbox 1535 3223 1624 3286; x_wconf 84' lang='lat' dir='ltr'><strong>vide·</strong></span> 
     </span>
     <span class='ocr_line' id='line_1_31' title="bbox 259 3319 1624 3406; baseline -0.012 -9"><span class='ocrx_word' id='word_1_292' title='bbox 259 3339 384 3396; x_wconf 81' lang='lat' dir='ltr'><strong>aretur</strong></span> <span class='ocrx_word' id='word_1_293' title='bbox 396 3345 453 3402; x_wconf 91' lang='lat'><strong>·-·,</strong></span> <span class='ocrx_word' id='word_1_294' title='bbox 476 3323 695 3406; x_wconf 86' lang='lat' dir='ltr'><strong>magistratum</strong></span> <span class='ocrx_word' id='word_1_295' title='bbox 711 3319 896 3404; x_wconf 81' lang='lat' dir='ltr'><strong>Sicyonium</strong></span> <span class='ocrx_word' id='word_1_296' title='bbox 910 3340 1057 3382; x_wconf 89' lang='lat' dir='ltr'><strong>nummos</strong></span> <span class='ocrx_word' id='word_1_297' title='bbox 1072 3320 1230 3402; x_wconf 76' lang='lat' dir='ltr'><strong>poposcit</strong></span> <span class='ocrx_word' id='word_1_298' title='bbox 1263 3321 1309 3382; x_wconf 90' lang='lat' dir='ltr'><strong>Ne</strong></span> <span class='ocrx_word' id='word_1_299' title='bbox 1324 3319 1441 3382; x_wconf 87' lang='lat' dir='ltr'><strong>sithoc</strong></span> <span class='ocrx_word' id='word_1_300' title='bbox 1457 3319 1576 3382; x_wconf 89' lang='lat' dir='ltr'><strong>crimen</strong></span> <span class='ocrx_word' id='word_1_301' title='bbox 1592 3319 1624 3380; x_wconf 93' lang='lat' dir='ltr'><strong>in</strong></span> 
     </span>
     <span class='ocr_line' id='line_1_32' title="bbox 295 3413 1625 3496; baseline -0.012 -6"><span class='ocrx_word' id='word_1_302' title='bbox 295 3427 443 3492; x_wconf 83' lang='lat' dir='ltr'><strong>Verrem:</strong></span> <span class='ocrx_word' id='word_1_303' title='bbox 472 3419 619 3484; x_wconf 87' lang='lat' dir='ltr'><strong>lecerunt</strong></span> <span class='ocrx_word' id='word_1_304' title='bbox 638 3416 704 3480; x_wconf 90' lang='lat' dir='ltr'><strong>alii.</strong></span> <span class='ocrx_word' id='word_1_305' title='bbox 755 3415 834 3478; x_wconf 88' lang='lat' dir='ltr'><strong>Cum</strong></span> <span class='ocrx_word' id='word_1_306' title='bbox 854 3414 909 3478; x_wconf 91' lang='lat' dir='ltr'><strong>ille</strong></span> <span class='ocrx_word' id='word_1_307' title='bbox 931 3433 997 3477; x_wconf 92' lang='lat' dir='ltr'><strong>non</strong></span> <span class='ocrx_word' id='word_1_308' title='bbox 1019 3413 1123 3487; x_wconf 86' lang='lat' dir='ltr'><strong>daret,</strong></span> <span class='ocrx_word' id='word_1_309' title='bbox 1154 3413 1387 3476; x_wconf 83' lang='lat' dir='ltr'><strong>animadvertit.</strong></span> <span class='ocrx_word' id='word_1_310' title='bbox 1431 3413 1625 3496; x_wconf 87' lang='lat' dir='ltr'><strong>improbum,</strong></span> 
     </span>
     <span class='ocr_line' id='line_1_33' title="bbox 297 3504 1625 3592; baseline -0.012 -6"><span class='ocrx_word' id='word_1_311' title='bbox 297 3521 352 3586; x_wconf 88' lang='lat' dir='ltr'><strong>sed</strong></span> <span class='ocrx_word' id='word_1_312' title='bbox 381 3539 447 3582; x_wconf 93' lang='lat' dir='ltr'><strong>non</strong></span> <span class='ocrx_word' id='word_1_313' title='bbox 475 3513 663 3578; x_wconf 88' lang='lat' dir='ltr'><strong>inauditum.</strong></span> <span class='ocrx_word' id='word_1_314' title='bbox 707 3505 758 3574; x_wconf 70' lang='lat'><strong>45.</strong></span> <span class='ocrx_word' id='word_1_315' title='bbox 781 3509 889 3573; x_wconf 90' lang='lat' dir='ltr'><strong>Genus</strong></span> <span class='ocrx_word' id='word_1_316' title='bbox 911 3504 1196 3573; x_wconf 81' lang='lat' dir='ltr'><strong>animadversionis</strong></span> <span class='ocrx_word' id='word_1_317' title='bbox 1217 3507 1339 3571; x_wconf 84' lang='lat' dir='ltr'><strong>videte:</strong></span> <span class='ocrx_word' id='word_1_318' title='bbox 1374 3508 1552 3592; x_wconf 89' lang='lat' dir='ltr'><strong>quaeretis,</strong></span> <span class='ocrx_word' id='word_1_319' title='bbox 1585 3527 1625 3570; x_wconf 85' lang='lat' dir='ltr'><strong>ex</strong></span> 
     </span>
     <span class='ocr_line' id='line_1_34' title="bbox 297 3601 1624 3701; baseline -0.009 -24"><span class='ocrx_word' id='word_1_320' title='bbox 297 3635 361 3701; x_wconf 91' lang='lat' dir='ltr'><strong>quo</strong></span> <span class='ocrx_word' id='word_1_321' title='bbox 391 3627 505 3696; x_wconf 86' lang='lat' dir='ltr'><strong>genere</strong></span> <span class='ocrx_word' id='word_1_322' title='bbox 533 3606 696 3670; x_wconf 90' lang='lat' dir='ltr'><strong>hominem</strong></span> <span class='ocrx_word' id='word_1_323' title='bbox 717 3605 814 3666; x_wconf 88' lang='lat' dir='ltr'><strong>istum</strong></span> <span class='ocrx_word' id='word_1_324' title='bbox 835 3603 993 3666; x_wconf 89' lang='lat' dir='ltr'><strong>iudicetis.</strong></span> <span class='ocrx_word' id='word_1_325' title='bbox 1036 3601 1145 3684; x_wconf 89' lang='lat' dir='ltr'><strong>lgnem</strong></span> <span class='ocrx_word' id='word_1_326' title='bbox 1170 3621 1211 3665; x_wconf 87' lang='lat' dir='ltr'><strong>ex</strong></span> <span class='ocrx_word' id='word_1_327' title='bbox 1232 3601 1328 3684; x_wconf 90' lang='lat' dir='ltr'><strong>lignis</strong></span> <span class='ocrx_word' id='word_1_328' title='bbox 1349 3602 1504 3667; x_wconf 82' lang='lat' dir='ltr'><strong>viridibus</strong></span> <span class='ocrx_word' id='word_1_329' title='bbox 1526 3609 1624 3686; x_wconf 90' lang='lat' dir='ltr'><strong>atque</strong></span> 
     </span>
     <span class='ocr_line' id='line_1_35' title="bbox 294 3695 1624 3781; baseline -0.011 -9"><span class='ocrx_word' id='word_1_330' title='bbox 294 3705 435 3772; x_wconf 87' lang='lat' dir='ltr'><strong>humidis</strong></span> <span class='ocrx_word' id='word_1_331' title='bbox 456 3704 491 3767; x_wconf 93' lang='lat' dir='ltr'><strong>in</strong></span> <span class='ocrx_word' id='word_1_332' title='bbox 511 3701 583 3765; x_wconf 91' lang='lat' dir='ltr'><strong>loco</strong></span> <span class='ocrx_word' id='word_1_333' title='bbox 605 3703 741 3781; x_wconf 88' lang='lat' dir='ltr'><strong>angusto</strong></span> <span class='ocrx_word' id='word_1_334' title='bbox 762 3695 830 3761; x_wconf 89' lang='lat' dir='ltr'><strong>lieri</strong></span> <span class='ocrx_word' id='word_1_335' title='bbox 853 3696 955 3760; x_wconf 86' lang='lat' dir='ltr'><strong>iussit.</strong></span> <span class='ocrx_word' id='word_1_336' title='bbox 997 3695 1046 3758; x_wconf 91' lang='lat' dir='ltr'><strong>Ibi</strong></span> <span class='ocrx_word' id='word_1_337' title='bbox 1067 3695 1230 3759; x_wconf 90' lang='lat' dir='ltr'><strong>hominem</strong></span> <span class='ocrx_word' id='word_1_338' title='bbox 1250 3695 1441 3778; x_wconf 90' lang='lat' dir='ltr'><strong>ingenuum,</strong></span> <span class='ocrx_word' id='word_1_339' title='bbox 1464 3697 1552 3760; x_wconf 91' lang='lat' dir='ltr'><strong>dorni</strong></span> <span class='ocrx_word' id='word_1_340' title='bbox 1566 3715 1624 3760; x_wconf 91' lang='lat' dir='ltr'><strong>no-</strong></span> 
     </span>
     <span class='ocr_line' id='line_1_36' title="bbox 151 3773 1623 3882; baseline -0.012 -14"><span class='ocrx_word' id='word_1_341' title='bbox 151 3773 184 3880; x_wconf 63' lang='lat'><em>(</em></span> <span class='ocrx_word' id='word_1_342' title='bbox 257 3802 407 3876; x_wconf 73' lang='lat' dir='ltr'><strong>cubilem,</strong></span> <span class='ocrx_word' id='word_1_343' title='bbox 436 3796 548 3882; x_wconf 92' lang='lat' dir='ltr'><strong>populi</strong></span> <span class='ocrx_word' id='word_1_344' title='bbox 569 3792 705 3858; x_wconf 86' lang='lat' dir='ltr'><strong>Romani</strong></span> <span class='ocrx_word' id='word_1_345' title='bbox 726 3792 849 3856; x_wconf 88' lang='lat' dir='ltr'><strong>socium</strong></span> <span class='ocrx_word' id='word_1_346' title='bbox 871 3798 968 3880; x_wconf 87' lang='lat' dir='ltr'><strong>alque</strong></span> <span class='ocrx_word' id='word_1_347' title='bbox 990 3777 1143 3864; x_wconf 80' lang='lat' dir='ltr'><strong>amic&#39;um,</strong></span> <span class='ocrx_word' id='word_1_348' title='bbox 1171 3789 1262 3853; x_wconf 82' lang='lat' dir='ltr'><strong>sumo</strong></span> <span class='ocrx_word' id='word_1_349' title='bbox 1292 3790 1509 3853; x_wconf 87' lang='lat' dir='ltr'><strong>excruciatum</strong></span> <span class='ocrx_word' id='word_1_350' title='bbox 1530 3787 1623 3851; x_wconf 89' lang='lat' dir='ltr'><strong>semi·</strong></span> 
     </span>
     <span class='ocr_line' id='line_1_37' title="bbox 186 3883 1622 3975; baseline -0.012 -13"><span class='ocrx_word' id='word_1_351' title='bbox 186 3924 198 3961; x_wconf 72' lang='lat' dir='ltr'><strong>a</strong></span> <span class='ocrx_word' id='word_1_352' title='bbox 294 3898 403 3961; x_wconf 90' lang='lat' dir='ltr'><strong>vivum</strong></span> <span class='ocrx_word' id='word_1_353' title='bbox 424 3890 565 3975; x_wconf 83' lang='lat' dir='ltr'><strong>reliquit.</strong></span> <span class='ocrx_word' id='word_1_354' title='bbox 607 3889 673 3952; x_wconf 92' lang='lat' dir='ltr'><strong>lam</strong></span> <span class='ocrx_word' id='word_1_355' title='bbox 696 3906 778 3971; x_wconf 87' lang='lat' dir='ltr'><strong>quae</strong></span> <span class='ocrx_word' id='word_1_356' title='bbox 800 3886 860 3950; x_wconf 88' lang='lat' dir='ltr'><strong>iste</strong></span> <span class='ocrx_word' id='word_1_357' title='bbox 882 3885 989 3967; x_wconf 90' lang='lat' dir='ltr'><strong>signa,</strong></span> <span class='ocrx_word' id='word_1_358' title='bbox 1012 3903 1092 3968; x_wconf 77' lang='lat' dir='ltr'><strong>quas</strong></span> <span class='ocrx_word' id='word_1_359' title='bbox 1113 3884 1238 3947; x_wconf 89' lang='lat' dir='ltr'><strong>tabulas</strong></span> <span class='ocrx_word' id='word_1_360' title='bbox 1260 3883 1362 3967; x_wconf 85' lang='lat' dir='ltr'><strong>pictas</strong></span> <span class='ocrx_word' id='word_1_361' title='bbox 1378 3903 1418 3947; x_wconf 86' lang='lat' dir='ltr'><strong>ex</strong></span> <span class='ocrx_word' id='word_1_362' title='bbox 1432 3883 1552 3946; x_wconf 83' lang='lat' dir='ltr'><strong>Achaia</strong></span> <span class='ocrx_word' id='word_1_363' title='bbox 1570 3903 1622 3946; x_wconf 93' lang='lat' dir='ltr'><strong>su·</strong></span> 
     </span>
    </p>
   </div>
   <div class='ocr_carea' id='block_1_3' title="bbox 180 3972 1623 4123">
    <p class='ocr_par' dir='ltr' id='par_1_3' title="bbox 180 3972 1623 4123">
     <span class='ocr_line' id='line_1_38' title="bbox 180 3972 1623 4064; baseline -0.013 -6"><span class='ocrx_word' id='word_1_364' title='bbox 180 3972 193 3994; x_wconf 23' lang='lat' dir='ltr'><strong>“y</strong></span> <span class='ocrx_word' id='word_1_365' title='bbox 294 3989 437 4064; x_wconf 85' lang='lat' dir='ltr'><strong>etulerit,</strong></span> <span class='ocrx_word' id='word_1_366' title='bbox 464 4005 531 4062; x_wconf 86' lang='lat' dir='ltr'><strong>non</strong></span> <span class='ocrx_word' id='word_1_367' title='bbox 552 3983 656 4047; x_wconf 90' lang='lat' dir='ltr'><strong>dicam</strong></span> <span class='ocrx_word' id='word_1_368' title='bbox 678 3980 852 4045; x_wconf 82' lang='lat' dir='ltr'><strong>hocloco:</strong></span> <span class='ocrx_word' id='word_1_369' title='bbox 882 3985 931 4042; x_wconf 86' lang='lat' dir='ltr'><strong>est</strong></span> <span class='ocrx_word' id='word_1_370' title='bbox 958 3977 1037 4040; x_wconf 87' lang='lat' dir='ltr'><strong>mihi</strong></span> <span class='ocrx_word' id='word_1_371' title='bbox 1059 3972 1142 4042; x_wconf 89' lang='lat' dir='ltr'><strong>alius</strong></span> <span class='ocrx_word' id='word_1_372' title='bbox 1163 3978 1255 4041; x_wconf 89' lang='lat' dir='ltr'><strong>locus</strong></span> <span class='ocrx_word' id='word_1_373' title='bbox 1277 3976 1318 4040; x_wconf 90' lang='lat' dir='ltr'><strong>ad</strong></span> <span class='ocrx_word' id='word_1_374' title='bbox 1339 3977 1421 4040; x_wconf 93' lang='lat' dir='ltr'><strong>hanc</strong></span> <span class='ocrx_word' id='word_1_375' title='bbox 1444 3978 1511 4042; x_wconf 91' lang='lat' dir='ltr'><strong>eius</strong></span> <span class='ocrx_word' id='word_1_376' title='bbox 1534 3978 1623 4061; x_wconf 90' lang='lat' dir='ltr'><strong>cupi-</strong></span> 
     </span>
     <span class='ocr_line' id='line_1_39' title="bbox 295 4091 1621 4123; baseline -0.012 -1"><span class='ocrx_word' id='word_1_377' title='bbox 295 4091 1621 4123; x_wconf 60' lang='lat' dir='ltr'><strong>..-....-.--—---—-a-—-—-—---</strong></span> 
     </span>
    </p>
   </div>
   <div class='ocr_carea' id='block_1_4' title="bbox 288 4161 1623 5138">
    <p class='ocr_par' dir='ltr' id='par_1_4' title="bbox 288 4161 1623 5138">
     <span class='ocr_line' id='line_1_40' title="bbox 359 4161 1620 4236; baseline -0.009 -11"><span class='ocrx_word' id='word_1_378' title='bbox 359 4175 385 4225; x_wconf 75' lang='lat'><strong>2.</strong></span> <span class='ocrx_word' id='word_1_379' title='bbox 403 4173 447 4236; x_wconf 76' lang='lat' dir='ltr'><strong>qai</strong></span> <span class='ocrx_word' id='word_1_380' title='bbox 462 4170 497 4235; x_wconf 84' lang='lat' dir='ltr'><strong>ia]</strong></span> <span class='ocrx_word' id='word_1_381' title='bbox 516 4169 558 4234; x_wconf 85' lang='lat' dir='ltr'><strong>qui</strong></span> <span class='ocrx_word' id='word_1_382' title='bbox 575 4173 634 4220; x_wconf 78' lang='lat' dir='ltr'><strong>acle</strong></span> <span class='ocrx_word' id='word_1_383' title='bbox 650 4169 695 4218; x_wconf 87' lang='lat' dir='ltr'><strong>Gt.</strong></span> <span class='ocrx_word' id='word_1_384' title='bbox 716 4193 743 4204; x_wconf 93' lang='lat'>-</span> <span class='ocrx_word' id='word_1_385' title='bbox 763 4165 787 4216; x_wconf 94' lang='grc'><strong>3.</strong></span> <span class='ocrx_word' id='word_1_386' title='bbox 805 4165 833 4217; x_wconf 81' lang='lat' dir='ltr'><strong>ia</strong></span> <span class='ocrx_word' id='word_1_387' title='bbox 849 4165 930 4227; x_wconf 69' lang='lat' dir='ltr'><strong>ipsum</strong></span> <span class='ocrx_word' id='word_1_388' title='bbox 947 4163 1025 4215; x_wconf 88' lang='lat' dir='ltr'><strong>codd.</strong></span> <span class='ocrx_word' id='word_1_389' title='bbox 1045 4163 1114 4225; x_wconf 83' lang='lat' dir='ltr'><strong>noli,</strong></span> <span class='ocrx_word' id='word_1_390' title='bbox 1133 4162 1214 4213; x_wconf 86' lang='lat' dir='ltr'><strong>etiam</strong></span> <span class='ocrx_word' id='word_1_391' title='bbox 1231 4175 1256 4223; x_wconf 79' lang='grc' dir='ltr'><strong>ς.</strong></span> <span class='ocrx_word' id='word_1_392' title='bbox 1280 4161 1314 4214; x_wconf 87' lang='lat' dir='ltr'><strong>cl.</strong></span> <span class='ocrx_word' id='word_1_393' title='bbox 1328 4161 1352 4226; x_wconf 69' lang='lat' dir='ltr'><strong>S.</strong></span> <span class='ocrx_word' id='word_1_394' title='bbox 1366 4161 1431 4213; x_wconf 75' lang='lat' dir='ltr'><strong>tib:</strong></span> <span class='ocrx_word' id='word_1_395' title='bbox 1448 4163 1476 4212; x_wconf 80' lang='lat' dir='ltr'><strong>la</strong></span> <span class='ocrx_word' id='word_1_396' title='bbox 1491 4163 1544 4226; x_wconf 79' lang='lat' dir='ltr'><strong>lpse</strong></span> <span class='ocrx_word' id='word_1_397' title='bbox 1560 4165 1620 4214; x_wconf 78' lang='lat' dir='ltr'><strong>Asc.</strong></span> 
     </span>
     <span class='ocr_line' id='line_1_41' title="bbox 294 4235 1623 4304; baseline -0.011 -1"><span class='ocrx_word' id='word_1_398' title='bbox 294 4247 356 4304; x_wconf 89' lang='lat' dir='ltr'><strong>edd.</strong></span> <span class='ocrx_word' id='word_1_399' title='bbox 375 4250 440 4300; x_wconf 83' lang='lat' dir='ltr'><strong>vett.</strong></span> <span class='ocrx_word' id='word_1_400' title='bbox 460 4246 494 4298; x_wconf 90' lang='lat' dir='ltr'><strong>cl.</strong></span> <span class='ocrx_word' id='word_1_401' title='bbox 513 4245 609 4296; x_wconf 87' lang='lat' dir='ltr'><strong>Dailer.</strong></span> <span class='ocrx_word' id='word_1_402' title='bbox 629 4269 658 4280; x_wconf 98' lang='lat'><em>-</em></span> <span class='ocrx_word' id='word_1_403' title='bbox 677 4243 702 4294; x_wconf 82' lang='lat'><strong>6.</strong></span> <span class='ocrx_word' id='word_1_404' title='bbox 720 4241 796 4291; x_wconf 78' lang='lat' dir='ltr'><strong>miser</strong></span> <span class='ocrx_word' id='word_1_405' title='bbox 811 4244 943 4291; x_wconf 74' lang='lat' dir='ltr'><strong>comesset</strong></span> <span class='ocrx_word' id='word_1_406' title='bbox 960 4241 1004 4291; x_wconf 77' lang='grc' dir='ltr'><strong>θη.</strong></span> <span class='ocrx_word' id='word_1_407' title='bbox 1021 4239 1153 4290; x_wconf 80' lang='lat' dir='ltr'><strong>Dolabella</strong></span> <span class='ocrx_word' id='word_1_408' title='bbox 1170 4249 1264 4288; x_wconf 88' lang='lat' dir='ltr'><strong>omnes</strong></span> <span class='ocrx_word' id='word_1_409' title='bbox 1282 4235 1375 4298; x_wconf 87' lang='lat' dir='ltr'><strong>codd.;</strong></span> <span class='ocrx_word' id='word_1_410' title='bbox 1399 4237 1448 4288; x_wconf 90' lang='lat' dir='ltr'><strong>sed</strong></span> <span class='ocrx_word' id='word_1_411' title='bbox 1464 4239 1578 4303; x_wconf 86' lang='lat' dir='ltr'><strong>Nauger.</strong></span> <span class='ocrx_word' id='word_1_412' title='bbox 1596 4241 1623 4289; x_wconf 90' lang='lat' dir='ltr'><strong>el</strong></span> 
     </span>
     <span class='ocr_line' id='line_1_42' title="bbox 292 4311 1620 4392; baseline -0.009 -15"><span class='ocrx_word' id='word_1_413' title='bbox 292 4323 413 4392; x_wconf 90' lang='lat' dir='ltr'><strong>plerique</strong></span> <span class='ocrx_word' id='word_1_414' title='bbox 431 4323 492 4389; x_wconf 82' lang='lat' dir='ltr'><strong>post</strong></span> <span class='ocrx_word' id='word_1_415' title='bbox 508 4332 571 4372; x_wconf 87' lang='lat' dir='ltr'><strong>eum</strong></span> <span class='ocrx_word' id='word_1_416' title='bbox 589 4319 704 4370; x_wconf 73' lang='lat' dir='ltr'><strong>editores</strong></span> <span class='ocrx_word' id='word_1_417' title='bbox 722 4320 796 4368; x_wconf 87' lang='lat' dir='ltr'><strong>recle</strong></span> <span class='ocrx_word' id='word_1_418' title='bbox 808 4315 965 4367; x_wconf 85' lang='lat' dir='ltr'><strong>deleverunt</strong></span> <span class='ocrx_word' id='word_1_419' title='bbox 981 4316 1025 4366; x_wconf 81' lang='lat' dir='ltr'><strong>Ca.</strong></span> <span class='ocrx_word' id='word_1_420' title='bbox 1037 4313 1168 4366; x_wconf 83' lang='lat' dir='ltr'><strong>Dolabella</strong></span> <span class='ocrx_word' id='word_1_421' title='bbox 1178 4311 1255 4378; x_wconf 93' lang='lat' dir='ltr'><strong>prob.</strong></span> <span class='ocrx_word' id='word_1_422' title='bbox 1268 4311 1355 4364; x_wconf 88' lang='lat' dir='ltr'><strong>bladv.</strong></span> <span class='ocrx_word' id='word_1_423' title='bbox 1369 4314 1389 4363; x_wconf 90' lang='lat'><strong>1.</strong></span> <span class='ocrx_word' id='word_1_424' title='bbox 1406 4327 1433 4378; x_wconf 94' lang='lat' dir='ltr'><strong>p.</strong></span> <span class='ocrx_word' id='word_1_425' title='bbox 1447 4312 1511 4364; x_wconf 78' lang='lat' dir='ltr'><strong>als:</strong></span> <span class='ocrx_word' id='word_1_426' title='bbox 1530 4314 1620 4378; x_wconf 84' lang='lat' dir='ltr'><strong>steph.</strong></span> 
     </span>
     <span class='ocr_line' id='line_1_43' title="bbox 292 4386 1620 4462; baseline -0.01 -10"><span class='ocrx_word' id='word_1_427' title='bbox 292 4403 320 4452; x_wconf 88' lang='lat' dir='ltr'><strong>in</strong></span> <span class='ocrx_word' id='word_1_428' title='bbox 338 4400 438 4462; x_wconf 85' lang='lat' dir='ltr'><strong>corrig.</strong></span> <span class='ocrx_word' id='word_1_429' title='bbox 461 4410 518 4448; x_wconf 87' lang='lat' dir='ltr'><strong>cum</strong></span> <span class='ocrx_word' id='word_1_430' title='bbox 544 4401 604 4446; x_wconf 83' lang='lat' dir='ltr'><strong>cesel</strong></span> <span class='ocrx_word' id='word_1_431' title='bbox 624 4395 668 4446; x_wconf 82' lang='lat' dir='ltr'><strong>On.</strong></span> <span class='ocrx_word' id='word_1_432' title='bbox 690 4391 820 4444; x_wconf 82' lang='lat' dir='ltr'><strong>Dolabella</strong></span> <span class='ocrx_word' id='word_1_433' title='bbox 843 4389 927 4452; x_wconf 85' lang='lat' dir='ltr'><strong>delet,</strong></span> <span class='ocrx_word' id='word_1_434' title='bbox 953 4391 1078 4454; x_wconf 88' lang='lat' dir='ltr'><strong>inquam</strong></span> <span class='ocrx_word' id='word_1_435' title='bbox 1096 4389 1278 4439; x_wconf 86' lang='lat' dir='ltr'><strong>coniecturam</strong></span> <span class='ocrx_word' id='word_1_436' title='bbox 1294 4389 1358 4438; x_wconf 88' lang='lat' dir='ltr'><strong>item</strong></span> <span class='ocrx_word' id='word_1_437' title='bbox 1375 4386 1468 4438; x_wconf 88' lang='lat' dir='ltr'><strong>incidit</strong></span> <span class='ocrx_word' id='word_1_438' title='bbox 1484 4389 1571 4438; x_wconf 80' lang='lat' dir='ltr'><strong>Garat.</strong></span> <span class='ocrx_word' id='word_1_439' title='bbox 1589 4389 1620 4439; x_wconf 90' lang='lat' dir='ltr'><strong>ll.</strong></span> 
     </span>
     <span class='ocr_line' id='line_1_44' title="bbox 292 4463 1622 4538; baseline -0.011 -11"><span class='ocrx_word' id='word_1_440' title='bbox 292 4474 436 4538; x_wconf 89' lang='lat' dir='ltr'><strong>multisque</strong></span> <span class='ocrx_word' id='word_1_441' title='bbox 454 4484 514 4523; x_wconf 87' lang='lat' dir='ltr'><strong>eam</strong></span> <span class='ocrx_word' id='word_1_442' title='bbox 525 4471 615 4522; x_wconf 85' lang='lat' dir='ltr'><strong>verbis</strong></span> <span class='ocrx_word' id='word_1_443' title='bbox 628 4468 754 4520; x_wconf 81' lang='lat' dir='ltr'><strong>defendit.</strong></span> <span class='ocrx_word' id='word_1_444' title='bbox 777 4466 891 4517; x_wconf 83' lang='lat' dir='ltr'><strong>lllotzius</strong></span> <span class='ocrx_word' id='word_1_445' title='bbox 903 4466 945 4516; x_wconf 87' lang='lat' dir='ltr'><strong>llle</strong></span> <span class='ocrx_word' id='word_1_446' title='bbox 961 4466 1036 4515; x_wconf 85' lang='lat' dir='ltr'><strong>uncis</strong></span> <span class='ocrx_word' id='word_1_447' title='bbox 1053 4463 1166 4522; x_wconf 81' lang='lat' dir='ltr'><strong>inclusit.</strong></span> <span class='ocrx_word' id='word_1_448' title='bbox 1186 4463 1230 4514; x_wconf 85' lang='lat' dir='ltr'><strong>Ga.</strong></span> <span class='ocrx_word' id='word_1_449' title='bbox 1243 4463 1374 4514; x_wconf 83' lang='lat' dir='ltr'><strong>Dolabella</strong></span> <span class='ocrx_word' id='word_1_450' title='bbox 1389 4465 1504 4514; x_wconf 87' lang='lat' dir='ltr'><strong>retinuit.</strong></span> <span class='ocrx_word' id='word_1_451' title='bbox 1519 4491 1547 4502; x_wconf 89' lang='lat'>-</span> <span class='ocrx_word' id='word_1_452' title='bbox 1566 4477 1622 4514; x_wconf 74' lang='lat' dir='ltr'><strong>aare</strong></span> 
     </span>
     <span class='ocr_line' id='line_1_45' title="bbox 288 4538 1619 4616; baseline -0.01 -15"><span class='ocrx_word' id='word_1_453' title='bbox 288 4550 431 4616; x_wconf 65' lang='lat' dir='ltr'><strong>modiliana</strong></span> <span class='ocrx_word' id='word_1_454' title='bbox 448 4549 480 4598; x_wconf 83' lang='lat' dir='ltr'><strong>Gt</strong></span> <span class='ocrx_word' id='word_1_455' title='bbox 494 4559 511 4607; x_wconf 80' lang='grc' dir='ltr'><em>ς</em></span> <span class='ocrx_word' id='word_1_456' title='bbox 527 4543 586 4596; x_wconf 89' lang='lat' dir='ltr'><strong>cod.</strong></span> <span class='ocrx_word' id='word_1_457' title='bbox 605 4545 716 4595; x_wconf 83' lang='lat' dir='ltr'><strong>Ferrelti</strong></span> <span class='ocrx_word' id='word_1_458' title='bbox 732 4555 775 4608; x_wconf 90' lang='lat' dir='ltr'><strong>ap.</strong></span> <span class='ocrx_word' id='word_1_459' title='bbox 789 4545 875 4592; x_wconf 78' lang='lat' dir='ltr'><strong>Garat.</strong></span> <span class='ocrx_word' id='word_1_460' title='bbox 889 4541 932 4590; x_wconf 89' lang='lat' dir='ltr'><strong>ll.:</strong></span> <span class='ocrx_word' id='word_1_461' title='bbox 950 4539 1243 4602; x_wconf 60' lang='lat' dir='ltr'><strong>comprobandae.</strong></span> <span class='ocrx_word' id='word_1_462' title='bbox 1265 4565 1292 4575; x_wconf 97' lang='lat'>-</span> <span class='ocrx_word' id='word_1_463' title='bbox 1310 4539 1335 4588; x_wconf 80' lang='lat'><strong>7.</strong></span> <span class='ocrx_word' id='word_1_464' title='bbox 1353 4551 1411 4588; x_wconf 85' lang='lat' dir='ltr'><strong>cam</strong></span> <span class='ocrx_word' id='word_1_465' title='bbox 1426 4538 1538 4602; x_wconf 78' lang='lat' dir='ltr'><strong>lnsprobo</strong></span> <span class='ocrx_word' id='word_1_466' title='bbox 1550 4540 1582 4589; x_wconf 83' lang='lat' dir='ltr'><strong>Gt</strong></span> <span class='ocrx_word' id='word_1_467' title='bbox 1595 4539 1619 4588; x_wconf 74' lang='lat'><strong>2.</strong></span> 
     </span>
     <span class='ocr_line' id='line_1_46' title="bbox 294 4611 1621 4685; baseline -0.01 -8"><span class='ocrx_word' id='word_1_468' title='bbox 294 4651 322 4664; x_wconf 94' lang='lat'>-</span> <span class='ocrx_word' id='word_1_469' title='bbox 342 4638 373 4676; x_wconf 86' lang='lat' dir='ltr'><strong>ac</strong></span> <span class='ocrx_word' id='word_1_470' title='bbox 389 4624 422 4674; x_wconf 86' lang='lat' dir='ltr'><strong>Gt</strong></span> <span class='ocrx_word' id='word_1_471' title='bbox 434 4623 476 4684; x_wconf 61' lang='grc' dir='ltr'><strong>ῖς</strong></span> <span class='ocrx_word' id='word_1_472' title='bbox 491 4620 577 4685; x_wconf 68' lang='lat' dir='ltr'><strong>Lata:</strong></span> <span class='ocrx_word' id='word_1_473' title='bbox 603 4623 627 4671; x_wconf 87' lang='lat' dir='ltr'><strong>el</strong></span> <span class='ocrx_word' id='word_1_474' title='bbox 648 4618 696 4670; x_wconf 88' lang='lat' dir='ltr'><strong>dll.</strong></span> <span class='ocrx_word' id='word_1_475' title='bbox 717 4619 746 4668; x_wconf 94' lang='lat'><strong>0.</strong></span> <span class='ocrx_word' id='word_1_476' title='bbox 767 4643 793 4656; x_wconf 89' lang='lat'>-</span> <span class='ocrx_word' id='word_1_477' title='bbox 812 4615 874 4682; x_wconf 78' lang='lat' dir='ltr'><strong>bem]</strong></span> <span class='ocrx_word' id='word_1_478' title='bbox 892 4627 949 4665; x_wconf 84' lang='lat' dir='ltr'><strong>cum</strong></span> <span class='ocrx_word' id='word_1_479' title='bbox 965 4615 1010 4665; x_wconf 75' lang='lat' dir='ltr'><strong>Ga.</strong></span> <span class='ocrx_word' id='word_1_480' title='bbox 1032 4642 1059 4652; x_wconf 91' lang='lat'><em>-</em></span> <span class='ocrx_word' id='word_1_481' title='bbox 1077 4612 1249 4664; x_wconf 76' lang='lat' dir='ltr'><strong>malleatione</strong></span> <span class='ocrx_word' id='word_1_482' title='bbox 1265 4611 1356 4663; x_wconf 81' lang='lat' dir='ltr'><strong>eadlt.</strong></span> <span class='ocrx_word' id='word_1_483' title='bbox 1369 4625 1449 4664; x_wconf 88' lang='lat' dir='ltr'><strong>noun.</strong></span> <span class='ocrx_word' id='word_1_484' title='bbox 1464 4614 1493 4665; x_wconf 92' lang='lat'><strong>0.</strong></span> <span class='ocrx_word' id='word_1_485' title='bbox 1507 4638 1536 4651; x_wconf 89' lang='lat'><em>-</em></span> <span class='ocrx_word' id='word_1_486' title='bbox 1556 4613 1580 4663; x_wconf 84' lang='grc'><strong>9.</strong></span> <span class='ocrx_word' id='word_1_487' title='bbox 1593 4613 1621 4664; x_wconf 87' lang='lat' dir='ltr'><strong>de</strong></span> 
     </span>
     <span class='ocr_line' id='line_1_47' title="bbox 291 4686 1618 4761; baseline -0.012 -8"><span class='ocrx_word' id='word_1_488' title='bbox 291 4701 337 4754; x_wconf 84' lang='lat' dir='ltr'><strong>boc</strong></span> <span class='ocrx_word' id='word_1_489' title='bbox 358 4699 455 4750; x_wconf 75' lang='lat' dir='ltr'><strong>comtos</strong></span> <span class='ocrx_word' id='word_1_490' title='bbox 471 4695 549 4761; x_wconf 72' lang='lat' dir='ltr'><strong>Lgtb.</strong></span> <span class='ocrx_word' id='word_1_491' title='bbox 570 4721 597 4730; x_wconf 90' lang='lat'><em>-</em></span> <span class='ocrx_word' id='word_1_492' title='bbox 620 4695 662 4746; x_wconf 88' lang='lat' dir='ltr'><strong>lb.</strong></span> <span class='ocrx_word' id='word_1_493' title='bbox 680 4689 980 4746; x_wconf 80' lang='lat' dir='ltr'><strong>Carbone--Dolabella</strong></span> <span class='ocrx_word' id='word_1_494' title='bbox 1000 4690 1146 4742; x_wconf 80' lang='lat' dir='ltr'><strong>Manutius:</strong></span> <span class='ocrx_word' id='word_1_495' title='bbox 1171 4687 1522 4739; x_wconf 61' lang='lat' dir='ltr'><strong>carbonem-Dolabellam</strong></span> <span class='ocrx_word' id='word_1_496' title='bbox 1540 4686 1618 4738; x_wconf 80' lang='lat' dir='ltr'><strong>codd</strong></span> 
     </span>
     <span class='ocr_line' id='line_1_48' title="bbox 291 4761 1617 4836; baseline -0.012 -8"><span class='ocrx_word' id='word_1_497' title='bbox 291 4773 415 4828; x_wconf 85' lang='lat' dir='ltr'><strong>Similiter</strong></span> <span class='ocrx_word' id='word_1_498' title='bbox 431 4770 493 4823; x_wconf 81' lang='lat' dir='ltr'><strong>alibi</strong></span> <span class='ocrx_word' id='word_1_499' title='bbox 509 4774 651 4836; x_wconf 84' lang='lat' dir='ltr'><strong>peccalum</strong></span> <span class='ocrx_word' id='word_1_500' title='bbox 667 4771 725 4829; x_wconf 79' lang='lat' dir='ltr'><strong>esl3</strong></span> <span class='ocrx_word' id='word_1_501' title='bbox 745 4767 778 4819; x_wconf 88' lang='lat' dir='ltr'><strong>oi.</strong></span> <span class='ocrx_word' id='word_1_502' title='bbox 799 4767 832 4817; x_wconf 89' lang='lat' dir='ltr'><strong>ad</strong></span> <span class='ocrx_word' id='word_1_503' title='bbox 847 4767 891 4818; x_wconf 82' lang='grc' dir='ltr'><strong>Ν.</strong></span> <span class='ocrx_word' id='word_1_504' title='bbox 909 4767 934 4832; x_wconf 69' lang='lat'><strong>5.</strong></span> <span class='ocrx_word' id='word_1_505' title='bbox 946 4768 988 4818; x_wconf 78' lang='lat'><strong>53.</strong></span> <span class='ocrx_word' id='word_1_506' title='bbox 1003 4793 1031 4803; x_wconf 83' lang='lat'>-</span> <span class='ocrx_word' id='word_1_507' title='bbox 1051 4766 1091 4816; x_wconf 88' lang='lat' dir='ltr'><strong>tt.</strong></span> <span class='ocrx_word' id='word_1_508' title='bbox 1110 4763 1183 4814; x_wconf 86' lang='lat' dir='ltr'><strong>ambo</strong></span> <span class='ocrx_word' id='word_1_509' title='bbox 1200 4766 1232 4814; x_wconf 84' lang='lat' dir='ltr'><strong>Gt</strong></span> <span class='ocrx_word' id='word_1_510' title='bbox 1250 4781 1267 4828; x_wconf 79' lang='grc' dir='ltr'><em>ς</em></span> <span class='ocrx_word' id='word_1_511' title='bbox 1283 4765 1352 4828; x_wconf 74' lang='lat' dir='ltr'><strong>Lgtb</strong></span> <span class='ocrx_word' id='word_1_512' title='bbox 1365 4765 1399 4815; x_wconf 86' lang='lat' dir='ltr'><strong>C:</strong></span> <span class='ocrx_word' id='word_1_513' title='bbox 1418 4763 1504 4814; x_wconf 77' lang='lat' dir='ltr'><strong>arabae</strong></span> <span class='ocrx_word' id='word_1_514' title='bbox 1523 4761 1560 4813; x_wconf 75' lang='lat' dir='ltr'><strong>Gb</strong></span> <span class='ocrx_word' id='word_1_515' title='bbox 1571 4761 1617 4812; x_wconf 89' lang='lat' dir='ltr'><strong>Ld.</strong></span> 
     </span>
     <span class='ocr_line' id='line_1_49' title="bbox 292 4837 1618 4907; baseline -0.009 -6"><span class='ocrx_word' id='word_1_516' title='bbox 292 4877 322 4890; x_wconf 89' lang='lat'><strong>-·</strong></span> <span class='ocrx_word' id='word_1_517' title='bbox 340 4864 391 4901; x_wconf 83' lang='lat' dir='ltr'><strong>aaa</strong></span> <span class='ocrx_word' id='word_1_518' title='bbox 408 4847 483 4898; x_wconf 77' lang='lat' dir='ltr'><strong>audo</strong></span> <span class='ocrx_word' id='word_1_519' title='bbox 507 4846 540 4896; x_wconf 87' lang='lat' dir='ltr'><strong>Gt</strong></span> <span class='ocrx_word' id='word_1_520' title='bbox 552 4845 594 4904; x_wconf 69' lang='lat'><strong>25</strong></span> <span class='ocrx_word' id='word_1_521' title='bbox 615 4844 700 4907; x_wconf 77' lang='lat' dir='ltr'><strong>Lglb:</strong></span> <span class='ocrx_word' id='word_1_522' title='bbox 726 4857 777 4894; x_wconf 84' lang='lat' dir='ltr'><strong>aon</strong></span> <span class='ocrx_word' id='word_1_523' title='bbox 801 4843 881 4892; x_wconf 82' lang='lat' dir='ltr'><strong>solam</strong></span> <span class='ocrx_word' id='word_1_524' title='bbox 905 4841 953 4892; x_wconf 89' lang='lat' dir='ltr'><strong>dtl.</strong></span> <span class='ocrx_word' id='word_1_525' title='bbox 972 4841 1001 4891; x_wconf 91' lang='lat'><strong>0.</strong></span> <span class='ocrx_word' id='word_1_526' title='bbox 1021 4869 1049 4878; x_wconf 91' lang='lat'>-</span> <span class='ocrx_word' id='word_1_527' title='bbox 1077 4841 1117 4892; x_wconf 81' lang='grc'><strong>49.</strong></span> <span class='ocrx_word' id='word_1_528' title='bbox 1135 4841 1214 4890; x_wconf 82' lang='lat' dir='ltr'><strong>ullam</strong></span> <span class='ocrx_word' id='word_1_529' title='bbox 1235 4841 1296 4891; x_wconf 90' lang='lat' dir='ltr'><strong>ante</strong></span> <span class='ocrx_word' id='word_1_530' title='bbox 1313 4839 1359 4890; x_wconf 80' lang='lat' dir='ltr'><strong>sibl</strong></span> <span class='ocrx_word' id='word_1_531' title='bbox 1375 4837 1506 4891; x_wconf 86' lang='lat' dir='ltr'><strong>collocant</strong></span> <span class='ocrx_word' id='word_1_532' title='bbox 1522 4838 1570 4888; x_wconf 87' lang='lat' dir='ltr'><strong>dtt.</strong></span> <span class='ocrx_word' id='word_1_533' title='bbox 1590 4863 1618 4875; x_wconf 92' lang='lat'><em>-</em></span> 
     </span>
     <span class='ocr_line' id='line_1_50' title="bbox 290 4911 1619 4986; baseline -0.013 -8"><span class='ocrx_word' id='word_1_534' title='bbox 290 4927 332 4978; x_wconf 74' lang='lat'><strong>25.</strong></span> <span class='ocrx_word' id='word_1_535' title='bbox 350 4929 379 4976; x_wconf 78' lang='lat' dir='ltr'><strong>ul</strong></span> <span class='ocrx_word' id='word_1_536' title='bbox 394 4928 430 4974; x_wconf 81' lang='lat' dir='ltr'><strong>est</strong></span> <span class='ocrx_word' id='word_1_537' title='bbox 441 4921 511 4986; x_wconf 78' lang='lat' dir='ltr'><strong>pros.</strong></span> <span class='ocrx_word' id='word_1_538' title='bbox 530 4916 618 4981; x_wconf 68' lang='lat' dir='ltr'><strong>thl</strong></span> <span class='ocrx_word' id='word_1_539' title='bbox 634 4918 719 4982; x_wconf 73' lang='lat' dir='ltr'><strong>bgbb:</strong></span> <span class='ocrx_word' id='word_1_540' title='bbox 742 4923 771 4968; x_wconf 87' lang='lat' dir='ltr'><strong>at</strong></span> <span class='ocrx_word' id='word_1_541' title='bbox 793 4917 841 4968; x_wconf 78' lang='lat' dir='ltr'><strong>isle</strong></span> <span class='ocrx_word' id='word_1_542' title='bbox 857 4918 926 4981; x_wconf 68' lang='lat' dir='ltr'><strong>prof.</strong></span> <span class='ocrx_word' id='word_1_543' title='bbox 945 4917 1006 4968; x_wconf 68' lang='lat' dir='ltr'><strong>th</strong></span> <span class='ocrx_word' id='word_1_544' title='bbox 1023 4915 1088 4978; x_wconf 84' lang='lat' dir='ltr'><strong>dlb.;</strong></span> <span class='ocrx_word' id='word_1_545' title='bbox 1113 4921 1142 4966; x_wconf 84' lang='lat' dir='ltr'><strong>al</strong></span> <span class='ocrx_word' id='word_1_546' title='bbox 1163 4917 1209 4967; x_wconf 82' lang='lat' dir='ltr'><strong>lale</strong></span> <span class='ocrx_word' id='word_1_547' title='bbox 1220 4915 1348 4980; x_wconf 70' lang='lat' dir='ltr'><strong>profectas</strong></span> <span class='ocrx_word' id='word_1_548' title='bbox 1363 4921 1397 4967; x_wconf 82' lang='lat' dir='ltr'><strong>eal</strong></span> <span class='ocrx_word' id='word_1_549' title='bbox 1414 4915 1444 4965; x_wconf 93' lang='lat'><strong>0.</strong></span> <span class='ocrx_word' id='word_1_550' title='bbox 1466 4941 1494 4950; x_wconf 88' lang='lat'>-</span> <span class='ocrx_word' id='word_1_551' title='bbox 1512 4913 1553 4963; x_wconf 73' lang='lat'><strong>29.</strong></span> <span class='ocrx_word' id='word_1_552' title='bbox 1571 4911 1619 4962; x_wconf 70' lang='lat' dir='ltr'><strong>abi</strong></span> 
     </span>
     <span class='ocr_line' id='line_1_51' title="bbox 290 4987 1619 5058; baseline -0.011 -7"><span class='ocrx_word' id='word_1_553' title='bbox 290 5001 317 5051; x_wconf 84' lang='lat' dir='ltr'><strong>id</strong></span> <span class='ocrx_word' id='word_1_554' title='bbox 333 5001 389 5051; x_wconf 86' lang='lat' dir='ltr'><strong>PT:</strong></span> <span class='ocrx_word' id='word_1_555' title='bbox 408 4997 456 5048; x_wconf 77' lang='lat' dir='ltr'><strong>alsi</strong></span> <span class='ocrx_word' id='word_1_556' title='bbox 472 4998 518 5048; x_wconf 83' lang='lat' dir='ltr'><strong>alt.</strong></span> <span class='ocrx_word' id='word_1_557' title='bbox 539 5023 566 5033; x_wconf 94' lang='lat'>-</span> <span class='ocrx_word' id='word_1_558' title='bbox 586 4994 626 5046; x_wconf 88' lang='grc'><strong>30.</strong></span> <span class='ocrx_word' id='word_1_559' title='bbox 642 4993 721 5058; x_wconf 80' lang='lat' dir='ltr'><strong>poecll</strong></span> <span class='ocrx_word' id='word_1_560' title='bbox 737 4994 815 5055; x_wconf 69' lang='lat' dir='ltr'><strong>Gt,;;</strong></span> <span class='ocrx_word' id='word_1_561' title='bbox 839 4993 917 5057; x_wconf 73' lang='lat' dir='ltr'><strong>possit</strong></span> <span class='ocrx_word' id='word_1_562' title='bbox 934 4993 979 5042; x_wconf 71' lang='lat' dir='ltr'><strong>Ga.</strong></span> <span class='ocrx_word' id='word_1_563' title='bbox 1001 5017 1027 5026; x_wconf 90' lang='lat'>-</span> <span class='ocrx_word' id='word_1_564' title='bbox 1050 4991 1091 5042; x_wconf 91' lang='grc'><strong>33.</strong></span> <span class='ocrx_word' id='word_1_565' title='bbox 1109 4992 1236 5042; x_wconf 78' lang='lat' dir='ltr'><strong>bominum</strong></span> <span class='ocrx_word' id='word_1_566' title='bbox 1253 4991 1322 5042; x_wconf 92' lang='lat' dir='ltr'><strong>coni.</strong></span> <span class='ocrx_word' id='word_1_567' title='bbox 1341 4991 1401 5040; x_wconf 84' lang='lat' dir='ltr'><strong>llot.</strong></span> <span class='ocrx_word' id='word_1_568' title='bbox 1420 4990 1450 5039; x_wconf 94' lang='lat'><strong>0.</strong></span> <span class='ocrx_word' id='word_1_569' title='bbox 1470 5015 1498 5024; x_wconf 92' lang='lat'>-</span> <span class='ocrx_word' id='word_1_570' title='bbox 1517 4987 1559 5038; x_wconf 80' lang='grc'><strong>33.</strong></span> <span class='ocrx_word' id='word_1_571' title='bbox 1577 5001 1619 5037; x_wconf 84' lang='lat' dir='ltr'><strong>so-</strong></span> 
     </span>
     <span class='ocr_line' id='line_1_52' title="bbox 290 5063 1619 5138; baseline -0.011 -11"><span class='ocrx_word' id='word_1_572' title='bbox 290 5076 358 5126; x_wconf 78' lang='lat' dir='ltr'><strong>cium</strong></span> <span class='ocrx_word' id='word_1_573' title='bbox 371 5088 431 5138; x_wconf 82' lang='lat' dir='ltr'><strong>pop.</strong></span> <span class='ocrx_word' id='word_1_574' title='bbox 448 5074 477 5125; x_wconf 83' lang='lat' dir='ltr'><strong>a.</strong></span> <span class='ocrx_word' id='word_1_575' title='bbox 496 5073 573 5124; x_wconf 74' lang='lat' dir='ltr'><strong>trus.</strong></span> <span class='ocrx_word' id='word_1_576' title='bbox 591 5071 626 5123; x_wconf 86' lang='lat' dir='ltr'><strong>bl.</strong></span> <span class='ocrx_word' id='word_1_577' title='bbox 644 5082 671 5135; x_wconf 90' lang='lat' dir='ltr'><strong>p.</strong></span> <span class='ocrx_word' id='word_1_578' title='bbox 689 5069 746 5121; x_wconf 73' lang='lat'><strong>228.</strong></span> <span class='ocrx_word' id='word_1_579' title='bbox 767 5095 795 5106; x_wconf 89' lang='lat'>-</span> <span class='ocrx_word' id='word_1_580' title='bbox 821 5067 862 5119; x_wconf 81' lang='grc'><strong>37.</strong></span> <span class='ocrx_word' id='word_1_581' title='bbox 881 5071 917 5120; x_wconf 79' lang='lat' dir='ltr'><strong>eal</strong></span> <span class='ocrx_word' id='word_1_582' title='bbox 931 5065 992 5117; x_wconf 78' lang='lat' dir='ltr'><strong>milll</strong></span> <span class='ocrx_word' id='word_1_583' title='bbox 1008 5065 1074 5117; x_wconf 78' lang='lat' dir='ltr'><strong>aliea</strong></span> <span class='ocrx_word' id='word_1_584' title='bbox 1090 5067 1131 5118; x_wconf 84' lang='lat' dir='ltr'><strong>PT</strong></span> <span class='ocrx_word' id='word_1_585' title='bbox 1148 5070 1188 5118; x_wconf 79' lang='lat' dir='ltr'><strong>A:</strong></span> <span class='ocrx_word' id='word_1_586' title='bbox 1206 5071 1241 5119; x_wconf 82' lang='lat' dir='ltr'><strong>est</strong></span> <span class='ocrx_word' id='word_1_587' title='bbox 1257 5067 1323 5117; x_wconf 71' lang='lat' dir='ltr'><strong>allece</strong></span> <span class='ocrx_word' id='word_1_588' title='bbox 1338 5065 1399 5116; x_wconf 82' lang='lat' dir='ltr'><strong>mibi</strong></span> <span class='ocrx_word' id='word_1_589' title='bbox 1416 5065 1462 5116; x_wconf 85' lang='lat' dir='ltr'><strong>etl.</strong></span> <span class='ocrx_word' id='word_1_590' title='bbox 1475 5063 1505 5114; x_wconf 94' lang='lat'><strong>0.</strong></span> <span class='ocrx_word' id='word_1_591' title='bbox 1520 5089 1548 5100; x_wconf 88' lang='lat'>-</span> <span class='ocrx_word' id='word_1_592' title='bbox 1566 5063 1619 5113; x_wconf 75' lang='lat' dir='ltr'><strong>eise</strong></span> 
     </span>
    </p>
   </div>
   <div class='ocr_carea' id='block_1_5' title="bbox 291 5143 787 5213">
    <p class='ocr_par' dir='ltr' id='par_1_5' title="bbox 291 5143 787 5213">
     <span class='ocr_line' id='line_1_53' title="bbox 291 5143 787 5213; baseline -0.018 -10"><span class='ocrx_word' id='word_1_593' title='bbox 291 5151 331 5202; x_wconf 82' lang='grc' dir='ltr'><strong>ΡΤ</strong></span> <span class='ocrx_word' id='word_1_594' title='bbox 347 5149 410 5213; x_wconf 74' lang='grc' dir='ltr'><strong>63ς</strong></span> <span class='ocrx_word' id='word_1_595' title='bbox 426 5146 505 5202; x_wconf 89' lang='lat' dir='ltr'><strong>codd.</strong></span> <span class='ocrx_word' id='word_1_596' title='bbox 523 5145 583 5199; x_wconf 88' lang='lat' dir='ltr'><strong>hbi:</strong></span> <span class='ocrx_word' id='word_1_597' title='bbox 602 5145 674 5198; x_wconf 74' lang='lat' dir='ltr'><strong>atae</strong></span> <span class='ocrx_word' id='word_1_598' title='bbox 690 5143 739 5196; x_wconf 87' lang='lat' dir='ltr'><strong>dtt.</strong></span> <span class='ocrx_word' id='word_1_599' title='bbox 757 5145 787 5195; x_wconf 93' lang='lat'><strong>0.</strong></span> 
     </span>
    </p>
   </div>
   <div class='ocr_carea' id='block_1_6' title="bbox 0 0 1828 5888">
    <p class='ocr_par' dir='ltr' id='par_1_6' title="bbox 0 0 1828 5888">
     <span class='ocr_line' id='line_1_54' title="bbox 0 0 1828 5888; baseline 0 5"><span class='ocrx_word' id='word_1_600' title='bbox 0 0 1828 5888; x_wconf 95' lang='lat' dir='ltr'><strong> </strong></span> 
     </span>
    </p>
   </div>
  </div>
 </body>
</html>
