3578 5862
322 438 384 506 sol
671 513 675 522 ,
693 451 746 514 DE
768 449 873 514 LEGE
896 449 1074 516 AGRARIA
1094 451 1213 518 LIBER
1233 453 1258 516 l.

322 618 403 682 roris
426 626 458 683 et
478 619 570 696 mali,
592 639 664 684 cum
685 621 890 686 immittantur
910 622 945 684 in
958 622 1067 686 orbem
1082 629 1235 688 terrarum
1250 621 1418 688 decemviri
1433 643 1566 688 summo
1583 645 1660 688 curn

322 712 471 795 imperio,
493 733 615 778 summa
637 735 707 780 oum
721 715 853 779 avaritia
869 713 1055 800 infinitaque
1069 735 1174 780 rerum
1190 716 1331 781 omnium
1347 717 1548 800 cupiditate?
1574 738 1661 801 quo-

321 827 392 872 rnm
414 828 485 871 cunr
507 809 662 875 adventus
688 830 814 892 graves,
832 785 917 885 (cum
943 808 1044 872 lasees
1064 809 1277 886 formidolosi,
1306 819 1372 874 tum
1394 831 1468 876 reru
1488 811 1659 876 iudicium

322 919 359 964 ac
388 908 528 984 potestas
557 905 616 996 “Et
643 925 707 968 non
735 888 887 991 ferenda.)
918 902 1041 966 Licebit
1070 904 1154 966 enim
1184 903 1271 987 quod
1295 904 1454 968 ridebitur
1481 906 1661 991 publicum

298 994 480 1072 sindicare,
509 998 594 1082 quod
624 997 792 1062 iudicarint
818 998 967 1061 rendere.
1009 997 1111 1060 Etiam
1140 997 1236 1072 illud,
1268 997 1353 1081 quod
1375 997 1520 1062 homines
1548 1001 1659 1064 sancti

322 1107 387 1152 non
408 1088 539 1166 sacient,
562 1099 597 1156 ut
617 1093 784 1175 pecuniam
799 1092 969 1175 accipiant,
991 1110 1032 1153 ne
1046 1090 1202 1166 vendant,
1225 1098 1330 1154 tamen
1351 1092 1384 1154 id
1405 1092 1444 1155 iis
1461 1092 1574 1175 ipsum
1599 1114 1661 1176 per

321 1181 423 1264 legem
445 1183 559 1249 licebit.
602 1185 682 1250 llinc
708 1204 764 1250 vos
789 1205 868 1270 quas
890 1186 1111 1271 spoliationes,
1133 1207 1212 1270 quas
1234 1187 1414 1270 pactiones,
1437 1207 1535 1270 quam
1563 1187 1661 1250 deni·

323 1297 385 1364 que
413 1279 446 1341 in
474 1279 620 1344 omnibus
650 1281 728 1344 locis
750 1279 1010 1344 nundinationem
1031 1280 1111 1344 iuris
1132 1300 1170 1343 ac
1190 1279 1388 1344 fortunarum
1409 1280 1478 1346 lore
1499 1283 1661 1366 putatis?

322 1367 373 1434 l0.
393 1373 518 1437 Etenim
541 1375 627 1460 quod
642 1375 805 1460 superiore
823 1381 912 1457 parte
934 1375 1013 1457 legis
1034 1371 1233 1459 praefinitum
1254 1372 1313 1436 tuit
1335 1374 1423 1438 Sulla
1443 1383 1475 1440 et
1497 1378 1659 1460 Pompeio

183 1455 199 1560 ζ
287 1467 520 1542 reconsulibus,
551 1468 585 1531 id
616 1490 726 1533 rursus
754 1469 888 1532 liberum
916 1465 1137 1556 infinitumque
1166 1467 1319 1532 lecerunt
1362 1469 1531 1534 luisset
1565 1470 1658 1532 enim

322 1548 448 1628 eosdrem
470 1562 665 1628 decemviros
687 1563 834 1626 omnibus
857 1563 942 1646 agris
963 1562 1099 1646 publicis
1121 1561 1299 1646 pergrande
1316 1564 1449 1646 uectigal
1471 1565 1659 1648 imponere,

321 1663 357 1717 ut
383 1656 480 1719 iidem
509 1657 633 1740 possint
654 1666 685 1721 et
712 1656 848 1720 liberare
870 1677 961 1739 agros
986 1676 1067 1740 quos
1098 1656 1297 1720 commodum
1327 1657 1368 1719 sit
1396 1665 1428 1720 et
1457 1679 1540 1742 quos
1574 1661 1659 1743 ipsis

321 1750 419 1814 libeat
445 1752 616 1835 publicare.
657 1753 728 1828 Quo
758 1753 790 1814 in
819 1752 937 1816 iudicio
963 1751 1100 1835 perspici
1122 1770 1187 1814 non
1209 1759 1329 1833 potest,
1359 1757 1464 1814 utrum
1494 1755 1657 1818 severitas

323 1845 465 1909 acerbior
486 1866 526 1910 an
548 1846 727 1930 benignitas
749 1848 969 1931 quaestuosior
990 1848 1031 1910 sit
1051 1847 1167 1910 lutura.

286 1949 314 1997 ts
408 1941 488 2004 Sunt
514 1949 619 2004 tamen
647 1942 681 2004 in
703 1947 769 2004 tota
790 1941 860 2024 lege
882 1942 1085 2025 exceptiones
1107 1941 1204 2017 duae,
1227 1962 1293 2006 nou
1315 1949 1379 2006 tam
1400 1944 1530 2026 iniquae
1555 1963 1656 2026 quam

324 2034 528 2119 suspiciosae.
570 2035 699 2119 Excipit
726 2037 809 2100 enim
837 2036 870 2098 in
891 2035 1039 2119 vectigali
1061 2035 1254 2118 imponendo
1277 2057 1385 2119 agrum
1406 2038 1656 2102 Recentoricum

324 2128 539 2205 Siciliensem,
561 2130 596 2192 in
617 2129 792 2193 vendendis
814 2130 897 2214 agris
919 2149 974 2192 eos
996 2148 1103 2213 agros,
1126 2129 1165 2194 de
1180 2129 1296 2214 quibus
1311 2138 1435 2194 cautum
1451 2131 1492 2194 sit
1505 2130 1653 2195 loedere.
1765 2157 1766 2184 t

322 2223 365 2286 lli
387 2227 514 2288 suntin
536 2223 658 2299 Africa,
688 2225 743 2308 qui
773 2224 812 2286 ab
835 2223 1016 2309 Hiempsale
1042 2223 1255 2308 possidentur.
1299 2219 1350 2285 ll.
1372 2223 1431 2287 llic
1453 2245 1597 2309 quaero,
1628 2225 1656 2286 si

322 2317 497 2401 Hiempsali
526 2317 601 2382 satis
632 2327 679 2382 est
708 2325 835 2382 cautum
863 2317 992 2382 loedere
1024 2326 1056 2382 et
1078 2319 1303 2382 Recentoricus
1325 2337 1400 2400 ager
1421 2319 1565 2400 privatus
1590 2327 1654 2392 est,

286 2412 402 2497 sequid
430 2412 594 2477 attinuerit
622 2413 748 2496 excipi?
777 2413 827 2476 sin
850 2420 881 2476 et
900 2412 1015 2476 foedus
1037 2411 1115 2475 illud
1137 2411 1234 2474 habet
1255 2412 1396 2496 aliquam
1420 2410 1654 2478 dubitationem

323 2513 355 2570 et
385 2525 459 2588 ager
487 2507 712 2570 Recentoricus
745 2506 860 2570 dicitnr
888 2525 1126 2590 nonnumquam
1149 2525 1219 2568 esse
1247 2505 1409 2590 publicus,
1443 2525 1538 2590 quem
1561 2511 1656 2589 putet

323 2601 592 2677 existimaturum,
628 2601 706 2664 duas
734 2620 845 2664 causas
873 2601 907 2665 in
939 2601 1015 2665 orbe
1043 2609 1198 2665 terrarum
1219 2606 1378 2681 repertas,
1414 2601 1529 2683 quibus
1553 2601 1653 2683 gratis

321 2699 487 2781 parceret?
517 2697 599 2759 Num
621 2695 768 2780 quisnam
791 2703 853 2760 tam
875 2695 1037 2758 abstrusus
1058 2714 1193 2778 usquam
1215 2714 1363 2757 nummus
1385 2693 1527 2771 videtur,
1553 2715 1653 2780 quem

323 2809 389 2852 non
410 2790 571 2854 architecti
592 2789 724 2853 huiusce
746 2789 826 2871 legis
841 2788 1031 2852 olfecerint‘l
1063 2790 1265 2862 Provincias,
1287 2790 1429 2853 civitates
1444 2789 1578 2866 liberas,
1602 2809 1653 2852 so-

285 2883 404 2959 atcios,
434 2883 568 2960 amicos,
597 2903 687 2966 reges
716 2883 854 2967 denique
877 2883 1085 2947 exhauriunt:
1118 2883 1289 2946 admovent
1308 2903 1421 2947 manus
1443 2884 1652 2967 vectigalibus

322 2977 434 3061 populi
455 2977 598 3042 Romani.
631 2979 702 3040 Non
725 2984 772 3040 est
794 2977 879 3040 satis.
923 2972 974 3040 lR.
996 2977 1129 3053 Audite,
1151 2977 1258 3040 audite
1279 2997 1355 3051 ros,
1379 2979 1433 3062 qui
1453 2977 1651 3061 amplissimo

322 3070 434 3155 populi
463 3079 656 3156 senatusque
685 3069 805 3134 iudicio
829 3071 985 3134 exercitus
1013 3070 1170 3134 habuistis
1199 3077 1231 3133 et
1258 3069 1342 3134 bella
1368 3071 1529 3154 gessistis:
1564 3071 1652 3157 quod

323 3166 364 3230 ad
397 3187 556 3252 quemque
582 3167 764 3254 pervenerit
791 3187 832 3230 ex
860 3165 994 3250 praeda,
1026 3185 1066 3228 ex
1094 3163 1265 3238 manubiis,
1299 3183 1340 3226 ex
1368 3184 1444 3228 auro
1466 3166 1650 3238 coronario,

324 3263 410 3346 quod
442 3283 548 3346 neque
580 3269 802 3345 consumptum
830 3260 865 3324 in
895 3267 1099 3324 monumento
1129 3279 1235 3342 neque
1265 3257 1299 3322 in
1329 3259 1484 3322 aerarium
1514 3259 1650 3323 relatum

285 3357 380 3434 tosit,
412 3355 445 3422 id
477 3356 517 3420 ad
551 3355 745 3420 decemviros
776 3356 886 3420 referri
919 3356 1016 3418 iubet
1065 3354 1132 3418 lloe
1166 3354 1268 3437 capite
1302 3353 1402 3416 multa
1434 3361 1583 3437 sperant:
1617 3353 1649 3414 in

323 3469 434 3516 omnes
462 3450 667 3533 imperatores
693 3450 892 3535 heredesque
923 3471 1032 3514 eonrm
1054 3450 1273 3533 quaestionem
1303 3467 1362 3510 sno
1384 3446 1499 3512 iudicio
1522 3466 1651 3531 compa·
1766 3505 1767 3530 ,

323 3554 411 3620 rant,
433 3545 489 3608 sed
512 3545 682 3610 maximam
703 3546 871 3629 pecuniam
892 3564 926 3607 se
949 3565 968 3607 a
989 3546 1105 3608 Fausto
1127 3543 1288 3606 ablaturos
1310 3543 1510 3606 arbitrantur.
1547 3543 1649 3618 Quam

323 3660 451 3705 causam
475 3639 637 3723 suscipere
659 3640 753 3702 iurati
770 3638 891 3703 iudices
906 3639 1092 3712 noluerunt,
1113 3636 1196 3700 banc
1215 3636 1267 3700 isti
1282 3634 1452 3699 decemviri
1470 3653 1649 3720 suscepere.

323 3735 445 3798 ldcirco
468 3753 487 3797 a
508 3733 664 3798 iudicibus
686 3732 820 3796 Fortasse
833 3735 1087 3815 praetermissam
1103 3751 1173 3794 esse
1187 3731 1393 3805 arbitrantur,
1416 3730 1503 3814 quod
1517 3731 1559 3794 sit
1573 3729 1648 3813 lpsis

286 3835 492 3892 stresenata.
537 3821 587 3889 t3.
615 3826 740 3890 Deinde
770 3827 862 3890 etiarn
891 3828 925 3890 in
946 3827 1104 3910 reliquum
1127 3834 1251 3908 tempus
1274 3824 1512 3907 diligentissime
1533 3821 1648 3894 sancit,

325 3931 375 3999 ut,
407 3921 494 4007 quod
524 3921 660 4008 quisque
690 3921 861 4005 imperator
887 3921 1042 4004 pecuniae
1070 3920 1201 3996 babeat,
1228 3919 1373 4003 protinus
1395 3917 1434 3982 ad
1456 3916 1647 3981 decemviros

389 4203 413 4250 l.
432 4200 600 4250 immittantur
616 4197 649 4248 E:
668 4198 825 4248 impellentur
837 4199 867 4260 F;
886 4199 1052 4249 immutentur
1069 4200 1103 4260 P;
1120 4193 1379 4258 miuoeturAbRO.
1399 4194 1438 4246 Cl.
1450 4193 1586 4246 Gebhardt
1602 4193 1618 4245 l.
1630 4191 1646 4242 l.

322 4278 342 4328 1.
355 4276 514 4341 p.ttsq.-
533 4273 592 4326 orbe
607 4273 636 4325 E.
651 4299 678 4308 -
697 4274 722 4324 Ξ.
734 4286 821 4324 renen
836 4273 991 4327 mentumis:
1010 4275 1121 4324 erectum
1135 4285 1221 4323 renen
1235 4269 1375 4324 FALPO.
1389 4295 1417 4305 -
1436 4269 1461 4320 3.
1478 4283 1536 4320 men
1550 4269 1580 4334 [.]
1598 4275 1647 4319 ram

320 4356 340 4419 s.
359 4352 495 4416 Zumptius
511 4352 566 4402 bct.
585 4351 699 4400 drumm.
718 4349 742 4414 5.
759 4349 816 4399 723.
840 4348 879 4400 Cl.
898 4348 1079 4412 Stuerenburg
1096 4347 1130 4398 ad
1146 4361 1185 4398 or.
1204 4360 1231 4412 p.
1244 4345 1340 4396 Archia
1358 4345 1532 4410 (uipereor.)
1551 4359 1577 4410 p.
1591 4343 1645 4396 trs.

324 4454 351 4465 -
367 4427 392 4477 6.
409 4427 436 4476 id
451 4426 489 4492 tte]
502 4426 604 4489 idqucd
615 4425 646 4484 F;
664 4425 696 4475 lie
707 4425 733 4474 id
744 4424 835 4479 Ml.-
855 4425 879 4475 l.
891 4425 1056 4487 spoliationes]
1068 4425 1209 4486 spondoees
1220 4422 1346 4472 Pitboeus.
1358 4447 1386 4456 -
1405 4421 1430 4472 9.
1443 4422 1528 4472 litium
1538 4423 1647 4472 blemm-

322 4506 422 4556 senius.
435 4528 463 4540 -
482 4503 542 4565 quid
558 4502 587 4553 E.
608 4529 636 4539 -
654 4501 712 4551 stlte
732 4501 788 4552 EF.
804 4527 830 4536 -
850 4501 890 4551 tt.
909 4501 975 4551 erim
990 4501 1079 4551 EFP:
1098 4512 1151 4549 om.
1172 4494 1286 4548 ΑΗΘ.
1306 4495 1380 4547 Conl.
1401 4496 1476 4546 lland
1497 4497 1598 4548 tursolt
1615 4495 1644 4546 ll.

323 4593 349 4645 p.
368 4579 424 4631 397.
448 4603 474 4613 -
499 4578 539 4628 ta.
557 4578 622 4628 idem
639 4577 694 4627 FP.
715 4602 742 4613 ·-
765 4577 806 4626 te.
824 4577 934 4627 ertmll:
954 4589 1006 4626 om.
1027 4571 1166 4626 estro.
1186 4599 1209 4608 -
1229 4573 1269 4622 tr.
1287 4570 1391 4635 foedere]
1409 4572 1461 4622 eine
1476 4572 1641 4636 sardena-

324 4656 363 4706 ts.
375 4651 661 4704 tornae-stomun
677 4652 732 4702 FP.
747 4677 775 4689 -
794 4651 835 4701 ts.
847 4651 969 4702 receptori
986 4663 1048 4714 oper
1064 4649 1148 4701 EFP.
1164 4675 1190 4684 -
1210 4649 1252 4698 20.
1265 4646 1353 4697 attiae
1369 4648 1397 4697 T.
1413 4673 1441 4683 -
1459 4647 1500 4698 22.
1518 4647 1645 4698 eciam

322 4743 381 4780 nen
396 4729 451 4779 FP.
473 4753 501 4764 -
527 4725 623 4790 quibes]
645 4738 724 4788 quere
744 4724 782 4774 bie
804 4725 875 4789 apris
890 4727 919 4776 l..
940 4751 966 4760 —
994 4725 1035 4776 23.
1052 4723 1175 4789 parceret]
1192 4724 1331 4786 perciperet
1347 4723 1376 4773 E.
1397 4747 1424 4758 -
1452 4735 1514 4772 oum
1535 4725 1646 4786 poenum

324 4804 512 4856 Lauredanus:
530 4815 596 4852 eone
613 4802 727 4864 poteram
744 4799 913 4854 EFTALP.
934 4825 960 4838 —
985 4801 1045 4866 tom]
1063 4789 1163 4850 neum
1180 4799 1325 4858 EFPFA3
1350 4798 1449 4848 leodem
1468 4802 1520 4846 tom
1536 4795 1646 4848 Klotzius

325 4880 367 4930 ed.
387 4877 431 4930 alt.
452 4905 479 4916 -
498 4878 539 4928 66.
558 4877 643 4928 audite
659 4875 744 4927 semel
761 4875 888 4927 exhibent
904 4875 989 4931 sta.
1009 4901 1038 4913 -
1056 4876 1098 4926 68.
1115 4877 1256 4938 peruenerit
1272 4877 1306 4927 E:
1321 4874 1437 4938 pemenlt
1451 4877 1479 4923 ut
1495 4871 1574 4938 (vell)
1588 4885 1646 4936 per-

323 4957 391 5006 eentt
407 4957 440 5016 F3
455 4955 571 5018 perressit
586 4959 631 5004 out
644 4953 786 5016 persteterit
803 4955 866 5011 Ps;
889 4952 1016 5015 peremit,
1040 4953 1180 5014 perverterit
1203 4965 1265 5002 cum
1283 4951 1326 5002 ed.
1345 4949 1437 5001 Aldina
1455 4947 1539 5003 LFO.
1558 4947 1597 5000 Ci.
1615 4946 1646 4996 de

325 5031 383 5095 lege
400 5045 456 5094 agr.
475 5033 504 5081 ll.
524 5031 547 5094 5.
567 5030 608 5080 69.
629 5051 656 5066 ·-
676 5041 709 5079 ae
723 5027 1012 5090 praede--corcoario
1029 5029 1059 5076 Α.
1078 5025 1174 5078 Gellius
1190 5028 1255 5077 lllll.
1268 5026 1314 5087 Pl,
1332 5026 1398 5076 6.-
1416 5023 1548 5088 manubiis]
1564 5023 1647 5074 moel-

326 5107 369 5156 bus
386 5107 446 5164 EF;
467 5107 582 5156 moedau
602 5107 630 5156 P.
655 5131 681 5142 -
707 5103 747 5155 32.
766 5104 895 5154 oblotoros
912 5115 965 5154 cm.
985 5104 1013 5154 E.
1036 5129 1063 5140 -
1090 5103 1131 5152 33.
1149 5104 1282 5165 percepere]
1304 5105 1462 5162 susceperuut
1479 5098 1602 5150 Klotzius.
1619 5121 1643 5132 -

326 5183 366 5236 ee.
384 5183 479 5234 roecctt
496 5183 525 5238 Ε.
546 5211 573 5220 -
593 5182 634 5236 36.
650 5179 909 5250 protestaberis:
927 5179 1016 5231 bobeot
1028 5177 1150 5244 peremto
1166 5175 1305 5233 ΜΗΘ.
