3704 5860
499 374 568 438 er.
589 373 642 438 IV.
676 372 750 436 Cre.
771 372 973 437 LIV—LVI.
1003 368 1061 454 55.
1083 366 1275 434 itt-tat.
1486 364 1548 432 369

222 545 409 628 effugerant,
431 543 534 608 nudos
556 563 592 606 ac
615 541 805 607 deformatos
826 541 966 625 reliquit.
1012 535 1083 604 423.
1104 540 1146 604 Et
1163 537 1349 614 Marcellus,
1372 539 1429 624 qui
1450 538 1478 601 si
1492 539 1550 623 Sy·

159 671 162 678 ·
221 659 348 704 racusas
371 639 520 723 cepisset,
542 637 605 701 duo
626 636 744 720 templa
767 658 800 700 se
821 637 937 699 Romae
953 634 1169 699 dedicaturum
1184 639 1330 709 voverat,
1351 634 1379 696 is
1394 631 1442 707 id,
1464 632 1549 716 quod

223 741 291 797 erat
312 732 548 806 aedificaturus,
579 732 619 796 iis
643 732 736 794 rebus
758 737 886 804 ornare,
919 750 998 814 quas
1021 736 1163 813 ceperat,
1193 727 1309 793 noluit:
1335 728 1465 804 Verres,
1494 725 1550 810 qui

222 847 288 890 non
310 825 433 890 Honori
454 847 559 910 neque
575 827 705 899 Virtuti,
728 846 823 909 quem
844 823 884 887 ad
906 825 1034 887 modum
1056 825 1126 899 iile,
1149 822 1206 888 sed
1221 823 1339 887 Veneri
1354 831 1385 887 ct
1403 820 1551 906 Cupidini

222 929 297 986 vota
320 919 466 995 deberet,
488 920 516 984 is
539 921 699 984 Minervae
722 920 873 1002 templum
896 918 1033 1003 spoliare
1056 926 1186 987 conatus
1209 926 1266 982 est.
1297 917 1354 981 llle
1377 918 1454 982 dces
1477 916 1575 978 deo-o

222 1037 291 1080 rum
313 1014 426 1099 spoliis
449 1033 562 1077 ornare
583 1015 701 1077 noluit:
730 1014 783 1077 hic
811 1021 995 1077 ornamenta
1019 1014 1180 1076 blinervae
1203 1011 1333 1094 virginis
1354 1013 1387 1076 in
1408 1009 1552 1074 meretri-

222 1111 303 1174 ciam
328 1110 456 1172 domum
479 1109 646 1172 transtulit.
678 1109 797 1192 Viginti
820 1115 852 1172 et
873 1116 992 1190 septem
1013 1114 1176 1191 praeterea
1196 1105 1318 1170 tabulas
1340 1104 1551 1189 pulcherrime

221 1204 323 1288 pictas
346 1221 387 1265 ex
409 1205 520 1267 eadem
542 1204 622 1268 aede
645 1205 789 1279 sustulit,
810 1204 844 1266 in
870 1204 985 1287 quibus
1007 1210 1097 1266 erant
1117 1202 1270 1285 imagines
1293 1201 1420 1266 Siciliae
1442 1221 1552 1282 regum

222 1317 260 1360 ac
281 1305 504 1381 tyrannorum,
526 1319 608 1382 quae
630 1318 696 1361 non
711 1298 812 1362 solum
830 1299 986 1381 pictorum
1000 1297 1133 1361 artificio
1148 1297 1363 1369 delectabant,
1386 1293 1553 1358 sedetiam

226 1391 525 1454 commemoratione
546 1392 710 1466 hominum
738 1401 769 1456 et
791 1393 971 1474 cognitione
993 1392 1174 1455 formarum.
1217 1391 1261 1454 bc
1283 1390 1407 1465 videte,
1433 1396 1590 1472 quantote

223 1485 354 1549 taetrior
366 1484 419 1550 hic
435 1494 586 1570 tyrannus
603 1487 809 1570 Syracusanis
824 1487 935 1562 tuerit,
953 1507 1048 1571 quam
1064 1485 1233 1570 quisquam
1247 1484 1458 1568 superiorum,
1480 1501 1553 1544 cum

221 1580 271 1644 illi
294 1587 400 1643 tamen
422 1581 564 1644 ornarint
586 1582 704 1664 templa
725 1581 856 1644 deorum
879 1581 1119 1655 immortalium,
1148 1580 1201 1642 bic
1222 1579 1317 1645 etiam
1338 1578 1464 1641 illorum
1485 1595 1553 1638 me-

223 1681 374 1739 numenta
403 1681 498 1757 atque
527 1683 710 1740 ornamenta
737 1675 910 1740 sustulerit
953 1676 1032 1738 LVl.
1055 1669 1127 1738 iii.
1148 1673 1214 1736 Iam
1235 1693 1310 1736 rere
1332 1670 1410 1756 quid
1432 1689 1490 1752 ego
1512 1667 1552 1731 de

223 1769 324 1834 valvis
353 1769 438 1832 illius
462 1770 571 1853 templi
593 1774 860 1834 commemorem?
894 1772 1016 1835 Vereor
1043 1791 1100 1844 ne,
1126 1770 1207 1834 haec
1234 1769 1289 1851 qui
1318 1786 1384 1830 non
1406 1763 1553 1840 viderint,

224 1864 330 1928 emnia
351 1883 402 1927 me
425 1864 520 1926 nimis
543 1884 657 1948 augere
680 1872 776 1950 atque
799 1885 911 1928 ornare
932 1865 1141 1940 arbitrentur3
1164 1863 1249 1948 quod
1271 1869 1377 1926 nmen
1391 1880 1486 1924 neme
1501 1868 1591 1922 eu·t⁵

225 1956 340 2043 spicari
363 1956 473 2033 debet,
496 1964 560 2022 iam
582 1980 652 2024 esse
675 1980 725 2022 me
748 1959 915 2043 cupidum,
938 1966 1033 2024 uttot
1047 1961 1130 2023 viros
1148 1957 1315 2044 primarios
1329 1954 1442 2031 velim,
1463 1973 1554 2038 prae·

225 2052 333 2115 sertim
356 2070 397 2114 ex
424 2052 563 2117 iudicum
593 2074 741 2129 numero,
771 2055 827 2137 qui
859 2053 1023 2137 Syracusis
1050 2053 1185 2128 irrerint,
1214 2051 1268 2136 qui
1296 2050 1376 2115 haec
1405 2050 1554 2126 viderint,

227 2166 296 2209 esse
318 2146 486 2209 temeritati
509 2156 541 2212 et
561 2149 726 2212 mendacio
747 2168 819 2211 meo
842 2149 998 2212 conscios.
1043 2144 1236 2212 Confirmare
1256 2146 1319 2210 hee
1339 2146 1477 2230 liquido,
1506 2146 1555 2208 iu·

225 2240 330 2314 dices,
351 2260 501 2323 possum,
523 2241 630 2306 valvas
652 2243 938 2325 magnificentiores
960 2262 1002 2306 ex
1022 2262 1100 2306 auro
1122 2251 1219 2326 atque
1234 2241 1329 2305 ebore
1350 2239 1555 2325 perfectiores

120 2351 123 2358 ·
224 2335 328 2398 nullas
351 2353 503 2418 umquam
525 2334 591 2400 ullo
615 2337 649 2400 in
671 2337 790 2420 templo
811 2335 921 2400 fuisse.
953 2335 1143 2400 Incredibile
1167 2337 1253 2400 dictu
1268 2342 1332 2411 est,
1355 2355 1450 2419 quam
1465 2331 1592 2397 muliitt

226 2427 337 2492 Graeci
360 2427 400 2491 de
421 2429 538 2493 barum·
555 2431 717 2495 valvarum
747 2431 982 2513 pulchritudine
1004 2433 1154 2515 seriptum
1176 2431 1373 2515 reliquerint.
1416 2429 1556 2492 Nimium

226 2524 360 2600 forsitan
376 2505 460 2586 baec
483 2524 529 2586 illi
552 2526 704 2589 mirentur
725 2534 821 2610 atque
844 2527 985 2590 efferant.
1021 2527 1111 2602 Esio;
1134 2547 1243 2592 verum
1264 2533 1370 2590 tamen
1389 2523 1555 2588 honestius

226 2623 274 2680 esi
294 2617 341 2707 rei
362 2618 510 2701 publicae
531 2627 676 2696 nostrae,
708 2621 844 2695 iudices,
868 2641 921 2696 ea,
944 2641 1026 2704 quae
1047 2621 1112 2684 illis
1133 2620 1267 2704 pulchra
1288 2640 1357 2684 esse
1379 2620 1556 2690 videantur,

225 2711 447 2797 imperatorem
468 2720 611 2778 nestrum
633 2715 666 2777 in
688 2715 773 2779 bello
796 2715 963 2799 reliquisse
979 2735 1074 2799 quam
1097 2721 1275 2799 praetorem
1297 2716 1331 2778 in
1352 2733 1431 2798 paee
1451 2712 1557 2776 abstu-

227 2805 311 2870 lisse.
355 2807 405 2870 Ex
434 2805 528 2870 ebore
558 2807 799 2890 diligentissime
828 2809 968 2893 perfecta
994 2817 1179 2893 argumenta
1206 2815 1297 2873 erant
1320 2811 1354 2872 in
1375 2807 1491 2873 valvis:
1519 2817 1594 2870 eati

112 2963 123 2984 ‚
226 2899 421 2966 detrahenda
449 2902 570 2966 curavit
597 2903 712 2967 omnia.
757 2904 914 2986 Gorgonis
937 2924 973 2967 os
994 2904 1260 2988 pulcherrimum,
1286 2904 1423 2968 cinctum
1445 2901 1557 2986 angui-

290 3139 316 3189 2.
334 3136 356 3187 is
372 3136 399 3186 id
415 3131 585 3198 ainata:
611 3136 638 3184 iti
655 3136 687 3185 64
709 3137 736 3186 44
752 3136 817 3187 dett.
837 3163 864 3172 -
892 3137 916 3187 3.
935 3137 967 3186 tis
983 3135 1016 3188 it:
1043 3135 1080 3187 bis
1097 3137 1126 3188 0.
1146 3163 1172 3172 -
1193 3136 1218 3189 t.
1237 3137 1445 3200 commodam
1461 3134 1557 3188 attii

225 3211 306 3278 igit:
324 3217 353 3262 nt
369 3211 435 3264 dett.
455 3212 484 3262 0.
503 3237 531 3246 -
551 3211 575 3262 t.
594 3212 713 3262 ornanti
726 3212 746 3261 E
757 3212 786 3262 L.
801 3237 828 3248 -
847 3212 1012 3262 nonenim
1026 3211 1054 3264 44.
1075 3239 1102 3248 -
1121 3213 1146 3263 i.
1164 3213 1254 3277 eipina
1269 3218 1293 3264 et
1308 3217 1399 3275 netem
1414 3213 1453 3264 sic
1464 3213 1556 3277 codd,

225 3289 305 3338 etiam
323 3287 356 3336 64
371 3286 395 3337 2.
422 3286 500 3336 Errat
516 3287 619 3351 Zumpt.
645 3314 672 3323 -
699 3286 724 3336 8.
743 3287 794 3337 Sic.
813 3287 934 3352 imagines
950 3287 978 3337 E.
1003 3312 1029 3321 -
1057 3287 1081 3336 9.
1100 3289 1143 3336 sect
1159 3293 1181 3337 ct
1199 3287 1231 3337 64
1246 3289 1275 3347 2,
1293 3284 1319 3337 i.
1345 3315 1373 3324 -
1393 3291 1434 3340 44.
1453 3290 1558 3339 taetrior

224 3364 259 3413 a:
277 3361 366 3412 tetrior
383 3361 418 3422 0;
443 3359 550 3410 (44444444
567 3361 617 3421 62,
634 3359 682 3410 4.(4.
703 3386 730 3395 -
750 3361 918 3422 Syracusanis
935 3359 1031 3412 codd:
1055 3361 1232 3422 Sarracenos
1247 3362 1341 3414 Lamh.
1361 3363 1433 3418 4434.
1452 3365 1555 3428 Zumpt.

224 3437 267 3487 Or.
285 3437 310 3487 2.
330 3433 415 3486 Helm.
450 3435 503 3485 Sed
529 3433 593 3486 nibil
618 3435 771 3487 coniectura
789 3449 875 3501 opus,
902 3436 1006 3488 dativus
1031 3437 1103 3488 enim
1126 3437 1225 3502 pendet
1241 3437 1276 3488 ab
1294 3438 1425 3492 adiectivo
1442 3440 1556 3499 44444444,

223 3523 274 3561 nec
291 3509 340 3562 tuit
355 3509 463 3561 omnino
479 3510 578 3562 Verres
596 3512 724 3574 tyrannus
741 3513 932 3574 Syracrnannr,
951 3511 1000 3563 sed
1017 3512 1185 3572 Syracusanis
1202 3515 1320 3577 taetrior,
1339 3527 1421 3578 quam
1438 3515 1559 3580 superie-

223 3599 276 3638 res.
303 3586 437 3649 Syracusis
459 3585 520 3637 edd.
548 3583 648 3650 priricc.
667 3587 744 3653 proh.
764 3591 850 3640 Garat.
879 3588 913 3652 [Si
936 3600 1000 3638 vera
1018 3587 1052 3637 sit
1067 3583 1145 3638 lectio
1162 3588 1343 3652 Syracusanis,
1368 3591 1402 3642 ab
1426 3589 1557 3642 adiectivo

165 3715 170 3725 ,
224 3662 334 3730 quidem
350 3663 456 3713 taetrior
473 3662 576 3713 dativus
594 3677 646 3714 non
663 3664 772 3729 pendet.
800 3663 891 3715 Exstat
902 3663 992 3714 autem
1004 3663 1180 3724 Syracusanas
1197 3664 1223 3714 in
1237 3665 1307 3730 igit)
1319 3663 1350 3715 42
1362 3663 1402 3716 tt.
1421 3663 1514 3730 444444]
1528 3691 1555 3700 -

225 3739 384 3803 maioma
401 3750 455 3788 em.
474 3737 552 3802 igit.
573 3765 600 3773 -
620 3753 677 3789 cnm
694 3742 788 3806 Lagg.:
810 3754 887 3804 qnam
904 3741 967 3798 iiii;
987 3739 1030 3801 qai
1047 3737 1111 3798 Ld.;
1138 3740 1199 3802 guia
1216 3739 1248 3789 64
1263 3736 1316 3789 24.
1336 3765 1363 3773 -
1384 3739 1423 3790 42.
1442 3739 1560 3790 mrerint

226 3815 260 3878 44,
278 3814 359 3865 (4444.;
386 3817 507 3863 emerant
523 3813 638 3876 nigra
666 3821 820 3866 enaennnt
837 3817 887 3878 62,
906 3815 953 3865 4.(4.
974 3841 1001 3849 -
1026 3813 1127 3864 itteram
1143 3814 1194 3876 443,
1213 3813 1249 3864 Ε;
1276 3813 1379 3864 banni
1395 3812 1460 3863 dett.
1478 3813 1508 3864 0.
1528 3838 1555 3848 —

227 3887 266 3942 43.
285 3888 411 3940 manicat
427 3887 507 3940 dett:
528 3888 626 3939 sustulit
642 3889 679 3940 443
691 3891 720 3941 E.
747 3889 907 3954 Ambiguum
930 3891 971 3940 est
993 3903 1025 3940 uc
1045 3888 1177 3940 lubricum
1201 3889 1235 3940 de
1253 3889 1280 3941 h.
1298 3888 1315 3940 i.
1335 3887 1470 3940 iudicium.
1505 3889 1558 3940 Nes

225 3977 283 4014 ann
308 3964 414 4016 servate
439 3962 481 4014 bis
505 3963 703 4016 coniunctivum
725 3965 846 4029 vulgatae
869 3965 1039 4026 retinuimus,
1067 3977 1128 4015 cum
1145 3963 1188 4015 vel
1210 3965 1236 4015 in
1254 3965 1359 4030 optimis
1377 3962 1455 4014 codd.
1474 3962 1500 4013 in
1516 3962 1558 4014 his

226 4038 303 4092 verbi
319 4030 549 4090 terminationibus
566 4040 722 4104 saepissime
739 4043 880 4105 peccetur;
906 4039 1065 4092 indicativus
1081 4039 1191 4102 emtittit,
1218 4052 1299 4104 quem
1317 4037 1354 4090 444.
1374 4039 1460 4102 dedit,
1479 4037 1558 4090 nimis

226 4114 400 4166 inconcinnus
422 4113 536 4166 videtur.
569 4113 1131 4180 zumpttus‘eeta--emerunt--aatattt
1151 4113 1247 4167 eodem
1271 4116 1453 4166 concinnitatis
1476 4127 1559 4166 sensu

225 4187 334 4251 ductus3
353 4188 402 4241 sed
419 4189 446 4239 b.
465 4187 482 4239 i.
501 4189 563 4250 qaia
580 4188 667 4254 paullo
685 4190 771 4240 minus
789 4189 890 4254 piacet,
919 4201 1000 4253 quam
1017 4203 1083 4240 cnm.
1118 4187 1235 4242 Halmius
1259 4191 1360 4254 recepit
1378 4191 1558 4242 coniecturam

225 4265 268 4316 04.
286 4263 312 4316 2.
331 4265 504 4328 imperiorum
520 4277 646 4328 nnqaam;
671 4265 707 4314 itti
724 4269 808 4315 temni
824 4267 1130 4316 entamnt--snstaiitn
1158 4267 1192 4317 at
1208 4263 1319 4317 eliendii
1336 4277 1462 4328 unquam,
1486 4261 1559 4329 qued

225 4339 387 4402 nonhabet,
405 4353 458 4405 quo
475 4341 618 4406 pertineat;
637 4341 694 4391 tum
711 4339 856 4390 dicendum
874 4342 932 4390 erat
948 4353 973 4390 v.
994 4354 1017 4391 c.
1039 4346 1147 4404 «quomo
1164 4341 1269 4392 taetrior
1284 4341 1324 4391 irie
1341 4345 1465 4402 turcanae
1484 4345 1559 4390 tane

226 4411 282 4464 sive
300 4417 361 4464 inm
372 4414 398 4464 S.
410 4415 513 4478 pierii.»
526 4442 554 4451 -
568 4415 609 4466 44.
621 4415 729 4466 vident
740 4415 773 4466 64
788 4416 892 4480 Zumpt.
907 4415 950 4465 04.
963 4415 988 4466 2.
1001 4414 1040 4467 iil.
1054 4416 1150 4468 tisim:
1168 4417 1285 4468 etdsnm
1295 4416 1325 4479 44,
1338 4418 1382 4468 cti.
1396 4417 1425 4468 0.
1445 4415 1560 4482 [viderim

226 4488 313 4539 exstat
335 4499 379 4539 me
397 4489 477 4542 invito
504 4491 531 4542 in
554 4489 597 4542 ed.
615 4491 686 4556 Lips.
706 4491 799 4556 itanu]
824 4517 851 4528 -
880 4491 920 4540 44.
937 4490 1040 4553 [nerant
1051 4493 1214 4544 --eiderwit
1231 4492 1267 4544 62
1283 4491 1331 4544 Ld.
1352 4521 1380 4531 -
1406 4493 1448 4543 20.
1465 4491 1516 4541 atie
1532 4489 1560 4538 in

225 4561 315 4625 omre
332 4559 363 4625 λ,
390 4563 450 4614 cod.
469 4567 525 4618 iirs.
544 4567 630 4630 ignit:
656 4567 707 4616 atie
724 4566 814 4629 ternpte
830 4565 895 4628 EC,
914 4563 974 4616 cod.
993 4567 1054 4617 Hei.
1073 4569 1101 4619 et
1121 4567 1236 4620 Turnebi
1254 4565 1328 4632 (adv.
1346 4567 1411 4618 vni.
1430 4565 1499 4629 42),
1517 4563 1560 4616 itte

225 4637 315 4701 tenrpte
331 4639 367 4700 44,
386 4639 437 4700 Gt,
462 4639 505 4690 itte
522 4641 611 4704 empto
628 4645 736 4704 ternpore
753 4641 805 4702 62;
831 4640 874 4690 4444
896 4644 1004 4704 tempas
1021 4641 1083 4703 Ld.;
1109 4641 1159 4693 uite
1175 4643 1203 4694 in
1218 4647 1329 4706 tempere
1344 4641 1409 4693 dett.
1436 4639 1558 4692 Fortasse

226 4713 339 4777 prepter
354 4711 522 4776 praecedens
538 4726 662 4780 magunt
677 4717 704 4768 in
722 4715 782 4767 cod.
801 4717 833 4777 44,
858 4712 901 4766 vel
918 4715 944 4765 in
962 4728 1010 4778 eo,
1033 4730 1067 4767 ex
1082 4729 1136 4780 que
1154 4719 1327 4783 transcriptus
1344 4719 1398 4780 esi,
1419 4713 1517 4768 excidit
1533 4714 1560 4764 in
1595 4751 1598 4760 .

228 4789 289 4839 ante
305 4787 365 4838 uite.
388 4813 415 4824 -
435 4785 504 4840 rati
516 4791 545 4842 44.
566 4817 593 4827 -
620 4792 660 4842 24.
678 4792 745 4843 veie.
763 4793 855 4842 tantm
872 4789 936 4842 dett.
957 4792 986 4841 0.
1007 4818 1033 4827 -
1052 4792 1217 4855 relinquerint
1236 4794 1269 4849 li:
1291 4793 1444 4857 retiquemnt
1462 4788 1509 4841 4.(4.
1529 4813 1557 4823 -

227 4863 268 4916 22.
286 4863 412 4914 mirentur
427 4861 447 4912 E
463 4863 542 4928 Lagg.
560 4865 653 4917 Lamb.
673 4866 745 4918 4384.
764 4868 831 4918 Non.
849 4879 876 4931 p.
889 4865 962 4917 aaa:
980 4867 1109 4918 miranter
1124 4868 1169 4919 443.
1190 4894 1216 4903 -
1236 4869 1342 4932 efferret
1352 4881 1369 4929 ς
1381 4867 1410 4932 ii)
1428 4866 1478 4923 Gt;
1496 4864 1561 4926 effe-

228 4943 289 4988 rant
304 4938 352 4990 4.(4.
371 4935 475 5002 (reliqui
492 4939 611 5003 agnen,
631 4942 712 4992 etiem
728 4944 762 5004 44,
780 4943 859 5004 Non,
877 4943 1016 5006 Agroetius
1032 4955 1060 5008 p.
1072 4941 1156 5006 2244.)
1176 4969 1204 4979 -
1222 4942 1263 4994 23.
1281 4947 1383 4994 noerae
1397 4941 1460 5002 reip
1473 4935 1514 4988 43.
1529 4963 1558 4974 -

229 5010 270 5064 24.
287 5013 413 5066 nuntiae
427 5014 506 5080 Lgit.
526 5041 553 5050 -
580 5017 621 5068 244.
640 5017 826 5081 diagemnrinre
841 5019 871 5069 ii.
891 5044 919 5054 -
942 5017 983 5068 26.
998 5017 1174 5082 patctarimir
1189 5018 1269 5083 igit.
1288 5043 1316 5054 —
1334 5018 1442 5070 cientur
1458 5011 1556 5064 iiiitit

230 5088 324 5154 begga
342 5096 442 5144 oraim
458 5093 508 5160 62,
526 5090 590 5156 Ld.;
608 5093 726 5145 4444444444
742 5095 762 5146 0
779 5096 841 5160 pest
856 5095 969 5157 ilervag.

273 5180 362 5231 uarro
376 5181 402 5232 4.
412 5181 441 5234 44.
1309 5184 1351 5254 24
