3642 5868
463 405 466 413 ¹
497 465 568 530 un.
589 461 645 528 m.
676 459 750 528 cn.
771 461 979 526 xix-xx.
1007 457 1064 544 §i-
1086 455 1235 525 rc-ct.
1473 445 1530 522 est

208 653 364 698 summam
396 633 600 698 decumarum
628 631 822 709 addidisses,
854 633 936 696 bene
965 631 1004 695 de
1025 650 1061 695 re
1082 630 1227 716 publica,
1248 630 1330 695 bene
1352 627 1393 694 de
1414 626 1535 713 populo

208 729 350 793 Romano
372 729 504 792 meritus
524 728 676 792 viderere.
1111 757 1114 770 =

292 825 398 905 litque
420 821 552 904 perinde
573 822 702 906 loquor,
725 822 816 906 quasi
837 820 872 884 in
894 837 932 884 eo
955 822 997 884 sit
1016 820 1167 904 iniquitas
1183 820 1250 884 eius
1264 818 1537 904 reprehendenda,

208 917 296 1002 quod
317 925 447 1001 propter
466 915 588 999 gloriae
611 917 833 998 cupiditatem,
855 925 891 979 ut
913 916 1038 1000 aliquos
1061 934 1183 978 summa
1196 915 1348 980 frumenti
1368 913 1536 979 decumani

208 1011 364 1085 vinceret,
387 1011 582 1074 acerbiorem
603 1010 724 1091 legem,
746 1010 875 1073 duriora
891 1008 995 1072 edicta
1015 1009 1258 1092 interposuerit,
1282 1011 1425 1075 omnium
1444 1019 1562 1091 supe-t

207 1106 326 1169 riorum
348 1105 567 1168 auctoritatem
589 1104 772 1186 repudiarit.
805 1101 856 1167 49.
879 1106 995 1187 Magno
1011 1112 1045 1167 tu
1062 1104 1211 1167 decumas
1225 1105 1407 1168 vendidisti.
1430 1100 1538 1178 Quidt

207 1201 235 1264 si
256 1201 358 1263 doceo
379 1207 411 1262 te
432 1218 499 1261 non
521 1199 626 1260 minus
649 1197 778 1261 domum
799 1207 887 1262 tuam
909 1200 1062 1262 avertisse
1085 1217 1180 1282 quam
1196 1200 1327 1262 Romam
1342 1198 1468 1261 misisse
1484 1193 1540 1256 de·

207 1313 369 1358 cumarum
398 1295 542 1368 nomine,
576 1293 653 1377 quid
681 1292 777 1355 babet
804 1293 957 1377 populare
990 1293 1093 1357 oratio
1115 1298 1186 1368 tua,
1220 1312 1291 1355 cum
1313 1312 1354 1354 ex
1375 1289 1540 1374 provincia

207 1388 319 1474 populi
341 1389 476 1450 llomani
499 1407 635 1470 aequam
656 1394 779 1470 partem
801 1396 837 1455 tu
858 1389 916 1452 tibi
939 1386 1112 1472 sumpseris
1126 1405 1164 1449 ac
1184 1386 1306 1470 populo
1321 1387 1464 1448 Romano
1479 1383 1538 1448 mi·

207 1480 311 1546 seris?
355 1480 442 1557 Quid
472 1483 498 1546 si
526 1480 650 1544 duabus
679 1481 822 1565 partibus
852 1483 951 1544 doceo
981 1489 1012 1544 te
1035 1480 1172 1563 amplius
1197 1479 1348 1543 frumenti
1370 1477 1575 1543 abstulissem

208 1595 304 1660 quam
325 1576 447 1658 populo
469 1577 613 1640 Romano
635 1577 777 1650 misisse,
799 1581 947 1638 tamenne
968 1580 1118 1658 putamus
1139 1581 1310 1657 patronum
1325 1581 1416 1637 tuum
1429 1571 1463 1633 in
1477 1570 1539 1634 boc

207 1668 341 1732 crimine
362 1670 554 1733 cerviculam
576 1669 764 1732 iactaturum
786 1675 819 1732 et
839 1669 961 1751 populo
984 1687 1018 1730 se
1040 1687 1077 1730 ac
1099 1687 1237 1732 coronae
1259 1668 1432 1733 daturumi
1453 1666 1540 1728 Haec

207 1783 264 1827 vos
286 1770 397 1838 antea,
426 1763 565 1838 iudices,
594 1763 740 1837 audistis,
768 1782 878 1826 verum
905 1761 1041 1826 fortasse
1072 1761 1118 1824 ita
1138 1761 1292 1837 audistis,
1321 1771 1358 1826 ut
1379 1769 1540 1826 auctorem

206 1877 365 1922 rumorem
388 1859 547 1922 haberetis
571 1875 813 1940 sermonemque
835 1857 987 1920 omnium.
1032 1856 1222 1938 Cognoscite
1247 1877 1333 1921 nunc
1360 1859 1541 1921 innumera-

206 1952 303 2016 bilem
333 1953 502 2035 pecuniam
529 1950 887 2014 frumentarionomine
910 1958 1070 2033 ereptam,
1099 1957 1136 2014 ut
1169 1951 1263 2014 simul
1291 1950 1379 2015 illam
1408 1971 1539 2037 quoque
1549 1964 1578 2013 tc

206 2047 276 2110 eius
292 2065 403 2110 vocem
420 2045 595 2128 improbam
618 2044 816 2125 agnoscatis,
840 2046 896 2130 qui
921 2065 955 2108 se
976 2065 1043 2108 uno
1064 2052 1199 2128 quaestu
1215 2046 1420 2109 decumarum
1435 2047 1541 2109 omnia

207 2159 266 2204 sua
293 2138 436 2224 pericula
464 2137 703 2219 redempturum
733 2157 804 2202 esse
835 2138 970 2202 dicebat.
1014 2139 1085 2202 xx.
1108 2137 1160 2201 50.
1182 2140 1368 2205 Audivimus
1393 2139 1540 2204 bociam

207 2237 278 2312 diu,
299 2235 438 2300 iudices:
460 2253 541 2317 nego
565 2252 760 2318 quemquam
783 2253 853 2298 esse
875 2240 1033 2309 vestrum,
1060 2233 1138 2319 quin
1160 2253 1256 2317 saepe
1278 2235 1416 2299 audierit
1437 2235 1541 2298 socios

206 2330 300 2394 istius
322 2329 421 2393 fuisse
444 2331 647 2393 decumanos.
681 2329 768 2391 Nihil
791 2328 879 2391 aliud
901 2328 1037 2391 arbitror
1057 2325 1138 2390 lalso
1161 2328 1194 2390 in
1217 2329 1313 2391 istum
1336 2347 1406 2392 esse
1422 2328 1540 2393 dictum

207 2424 247 2488 ab
268 2423 323 2499 iis,
347 2425 403 2508 qui
424 2422 507 2487 male
530 2424 570 2485 dc
592 2424 654 2485 isto
677 2419 905 2496 existimarint',
928 2423 989 2485 nisi
1010 2421 1083 2484 boc.
1113 2423 1193 2485 Nam
1216 2422 1295 2486 socii
1309 2423 1442 2506 putandi
1457 2429 1578 2496 suntad

208 2539 289 2602 quos
311 2519 394 2580 inter
414 2537 464 2581 res
487 2517 721 2580 communicata
743 2521 801 2579 est.
835 2517 902 2598 Ego
925 2534 992 2578 rem
1006 2521 1106 2579 totam
1120 2516 1331 2602 fortunasque
1347 2535 1457 2580 omues
1472 2537 1542 2582 ara·

208 2619 311 2675 torum
333 2612 423 2675 istius
445 2612 544 2676 luisse
568 2611 639 2674 dico
653 2603 686 2702 ζ
681 2611 859 2693 Apronium
874 2611 1094 2694 Veneriosque
1117 2630 1244 2697 servos,
1267 2611 1355 2701 qqod
1370 2611 1431 2676 isto
1449 2631 1542 2695 prae-

207 2710 276 2767 tore
296 2703 358 2766 luit
378 2725 498 2769 novum
513 2726 614 2790 genus
629 2707 888 2790 publicanorum,
908 2710 1095 2789 ceterosque
1111 2704 1304 2769 decumanos
1319 2712 1541 2790 procuratores

205 2797 297 2862 istius
319 2807 471 2882 quaestus
493 2807 526 2864 et
547 2801 751 2864 administros
766 2799 948 2883 rapinarum
959 2797 1063 2862 'luisse
1080 2790 1175 2908 dico)
1207 2796 1258 2864 54.
1282 2801 1355 2878 Quo
1370 2802 1465 2865 modo
1479 2802 1541 2864 boc

204 2892 325 2955 doceri
346 2925 389 2939 -
422 2893 495 2970 Quo
522 2895 619 2959 modo
648 2915 689 2957 ex
717 2894 875 2958 locatione
904 2892 959 2956 illa
985 2893 1205 2958 columnarum
1228 2895 1323 2959 docui
1350 2897 1447 2960 istum
1470 2911 1578 2960 essert

203 2986 411 3071 praedatum:
436 2990 568 3072 opinor,
591 3009 632 3052 ex
655 3008 693 3052 eo
715 2989 868 3062 maxime,
891 2988 978 3071 quod
1001 2987 1143 3071 iniquam
1166 2989 1269 3072 legem
1292 3009 1472 3075 novamque
1494 2990 1542 3053 di·

204 3081 313 3145 xisset.
358 3081 438 3157 Quis
472 3085 556 3146 enim
588 3103 740 3168 umquam
768 3088 983 3145 conatus·est
1004 3081 1076 3144 iura
1097 3083 1205 3146 omnia
1226 3091 1258 3146 et
1279 3085 1541 3148 consuetudinem

206 3176 348 3239 omnium
370 3185 566 3240 commutare
588 3197 659 3240 cum
681 3177 914 3258 vituperatione
937 3177 1004 3238 sine
1027 3180 1186 3259 quaestui
1222 3178 1353 3260 Pergam
1375 3185 1471 3262 atque
1493 3179 1542 3240 in·

204 3289 322 3354 sequar
344 3270 480 3353 lougius.
524 3272 638 3356 Iniqua
658 3273 729 3353 lege
752 3269 929 3343 vendebas,
958 3289 1023 3352 quo
1045 3269 1146 3351 pluris
1168 3269 1331 3334 venderes.
1370 3272 1432 3334 Cur
1454 3270 1542 3334 addi-

205 3366 263 3427 ctis
291 3365 355 3426 iam
385 3373 417 3428 et
444 3367 581 3428 venditis
608 3365 770 3440 decumis,
799 3384 872 3426 cum
893 3363 957 3426 iam
980 3363 1019 3425 ad
1043 3381 1197 3426 summam
1219 3364 1424 3428 decumarum
1445 3365 1580 3440 nibil,to

205 3458 245 3522 ad
274 3464 364 3520 tuum
394 3465 562 3542 quaestum
592 3458 726 3522 multum
747 3464 858 3541 posset
881 3457 1053 3532 accedere,
1087 3456 1191 3520 subito
1214 3465 1311 3542 atque
1335 3478 1375 3521 ex
1397 3465 1540 3541 tempore

206 3571 291 3615 nova
311 3551 523 3614 nascebantur
546 3552 674 3615 edicta‘i
709 3554 789 3615 Nam
816 3557 852 3614 ut
872 3552 1088 3615 vadimonium
1111 3552 1305 3626 decumano,
1336 3570 1541 3636 quocumque

207 3647 235 3710 is
257 3645 372 3720 vellet,
394 3647 646 3728 promitteretur,
668 3652 705 3709 ut
725 3666 766 3709 ex
781 3664 872 3719 area,
893 3647 955 3710 nisi
969 3652 1081 3728 pactus
1097 3653 1199 3720 esset,
1221 3653 1329 3708 arator
1342 3665 1383 3708 ne
1398 3645 1540 3721 tolleret,

208 3748 243 3803 ut
264 3746 338 3803 ante
359 3740 519 3803 Kalendas
542 3741 678 3804 Sextiles
700 3741 849 3803 decumas
872 3740 1052 3823 deportatas
1075 3741 1223 3816 baberet,
1247 3740 1328 3804 baec
1350 3741 1456 3803 omnia
1478 3739 1541 3803 iam

206 3833 343 3900 venditis
365 3835 507 3898 decumis
529 3853 611 3897 anno
633 3836 727 3898 tertio
751 3841 782 3898 te
805 3834 943 3899 edixisse
965 3835 1055 3898 dico:
1078 3854 1162 3920 quae
1181 3837 1207 3899 si
1222 3834 1430 3917 reipublicae
1445 3855 1579 3906 causass

271 4058 295 4107 4.
314 4057 372 4106 bene
387 4058 417 4106 de
432 4055 560 4120 republica
576 4056 645 4120 [342
657 4071 696 4119 φτ
715 4071 769 4108 om.
788 4056 845 4108 rell.
860 4057 889 4109 0.
905 4087 932 4095 -
950 4057 974 4109 9.
994 4063 1070 4121 atquc
1086 4056 1155 4122 [342
1166 4072 1207 4120 φτ
1227 4062 1302 4119 etque
1317 4058 1378 4108 boec
1394 4053 1451 4109 rell.
1465 4057 1495 4108 0.
1510 4082 1538 4095 -

205 4134 232 4183 ia
248 4132 284 4198 co]
301 4133 374 4182 modo
392 4132 468 4196 [342.
491 4161 518 4170 -
536 4133 742 4196 reprehendendo
759 4133 827 4197 [329
838 4135 867 4184 Β.
890 4161 916 4171 -
939 4133 962 4186 4.
981 4135 1057 4197 fram.
1077 4135 1129 4186 dec.
1148 4134 1217 4198 [329
1229 4133 1260 4186 42
1273 4136 1345 4197 [φτ
1369 4133 1405 4197 fr.
1422 4134 1542 4184 domma-

205 4223 262 4259 rum
274 4209 307 4270 B3
327 4210 489 4258 decomomtm
505 4208 553 4258 dti.
567 4210 595 4259 0.
612 4234 640 4244 -
659 4211 683 4260 a.
702 4209 795 4273 tepidus
809 4211 886 4273 [342.
902 4237 930 4247 -
948 4211 1095 4274 interposuit
1107 4236 1145 4249 -·
1156 4211 1302 4274 repudiaret
1314 4208 1391 4272 [342.
1407 4233 1435 4246 —-
1453 4209 1478 4258 7.
1490 4222 1542 4259 roa

204 4283 287 4333 minate
302 4288 326 4332 te
336 4282 383 4333 dtt.
399 4311 427 4320 -
446 4283 559 4333 auce
574 4282 653 4347 [342.
669 4310 696 4320 -
715 4284 739 4335 8.
759 4287 840 4336 oratic
853 4285 936 4349 agla:
953 4288 1021 4336 ratio
1031 4283 1088 4336 rell.
1103 4287 1132 4338 0.
1147 4313 1175 4324 ·-
1195 4287 1219 4337 9.
1240 4301 1271 4337 ac
1282 4287 1370 4351 [342ε
1389 4290 1465 4348 atquc
1480 4283 1538 4336 rell.

206 4359 234 4409 0.
256 4385 283 4396 -
303 4358 342 4409 40.
362 4359 422 4420 ovid
438 4358 459 4407 ri
470 4357 614 4408 --misiase
630 4362 706 4411 Acus.
727 4361 759 4411 ll.
778 4373 804 4426 p.
817 4361 874 4412 244.
896 4389 923 4398 -
943 4361 983 4412 42.
1002 4366 1026 4411 οι
1038 4374 1099 4424 pop.
1117 4375 1143 4411 re
1159 4375 1190 4412 cc
1206 4376 1291 4413 οονοο.
1310 4378 1334 4425 φ
1351 4361 1434 4413 etsie
1451 4353 1492 4411 st.
1506 4359 1540 4411 de

205 4433 290 4484 coni:
314 4445 345 4483 ac
359 4447 418 4496 pop.
437 4445 469 4483 ac
485 4447 537 4484 cor.
556 4445 581 4483 re
598 4433 620 4483 N
627 4448 633 4494 ;
658 4447 689 4484 ac
703 4436 811 4497 populus
827 4449 859 4486 ac
875 4449 965 4487 οονοοο
983 4434 1047 4500 (sinc
1065 4437 1100 4502 re)
1120 4436 1203 4500 [342;
1227 4443 1250 4489 et
1263 4437 1358 4500 populo
1375 4449 1400 4487 ce
1416 4437 1451 4487 od
1466 4447 1542 4486 coro-

204 4521 265 4558 rom
281 4507 338 4559 rell.
365 4507 403 4558 Cl.
423 4509 517 4558 Donet.
536 4507 570 4558 ad
593 4509 653 4559 Ter.
671 4508 785 4574 Adelph.
804 4512 834 4562 V.
853 4511 877 4572 9,
896 4511 936 4562 52.
956 4513 983 4563 et
999 4525 1079 4577 supra
1097 4512 1131 4562 ad
1149 4512 1173 4577 g.
1193 4513 1217 4563 d.
1245 4511 1433 4577 [scribendum
1450 4513 1493 4562 est
1509 4523 1542 4562 ex

204 4583 321 4646 vestigiis
339 4583 400 4646 Lag.
414 4582 460 4632 42;
479 4595 511 4633 oc
524 4583 613 4648 popuii
629 4595 655 4634 cc
671 4597 779 4635 coronae
793 4585 920 4636 datum.
940 4587 1033 4652 lituu]
1048 4611 1075 4624 -
1094 4587 1134 4638 ta.
1155 4593 1214 4638 onte
1224 4590 1249 4639 .Β
1266 4590 1294 4639 et
1304 4588 1382 4651 [329.
1398 4611 1425 4624 ·-
1445 4585 1487 4638 44.
1498 4600 1544 4636 ru-

204 4671 304 4710 morum
321 4656 398 4721 [342,
419 4686 446 4694 -
471 4659 599 4710 Matinum
615 4659 658 4710 ed.
677 4661 738 4712 Asc.
758 4662 830 4712 4544.
857 4686 884 4698 -
913 4663 952 4713 li.
973 4663 1114 4713 dedicimus
1131 4662 1199 4732 [342
1217 4661 1269 4714 al.:
1296 4664 1414 4714 rodimur
1429 4665 1458 4714 L.
1478 4665 1542 4715 racc

205 4735 268 4798 (non
287 4733 358 4796 4584)
375 4732 438 4784 Poll.
453 4733 481 4783 0.
502 4760 529 4770 -
549 4735 589 4785 tc.
609 4735 651 4797 qai
667 4748 741 4798 saepe
757 4737 835 4801 [ο33.
853 4739 962 4802 praeter
978 4737 1019 4788 29.
1035 4763 1062 4775 -
1081 4739 1122 4789 49.
1139 4739 1204 4802 falso
1220 4739 1248 4790 ia
1263 4739 1339 4790 &twa
1357 4740 1427 4803 [329
1438 4739 1471 4791 42
1489 4739 1543 4803 (blo

202 4811 296 4876 talam
313 4808 345 4860 cl.
366 4809 399 4860 ad
417 4811 447 4860 ll.
467 4809 490 4874 5.
510 4809 561 4872 66.)
579 4812 644 4861 AB:
669 4812 697 4860 iu
721 4813 796 4862 ctum
815 4812 880 4875 sclao
903 4811 951 4863 dtt.
970 4812 999 4863 0.
1025 4837 1052 4849 -
1075 4813 1117 4865 20.
1135 4815 1315 4866 mammet
1331 4811 1489 4880 [3424844.
1511 4841 1539 4850 -

204 4889 245 4938 24.
262 4887 379 4950 {aanor
395 4883 473 4948 [342.
493 4884 595 4949 luecio,
613 4888 643 4936 ut
659 4887 773 4938 videtur.
792 4889 831 4938 ct.
847 4887 881 4937 cd
897 4887 928 4938 ll.
948 4887 972 4952 3.
985 4888 1025 4940 34.
1044 4889 1136 4955 Hecu]
1154 4917 1182 4929 -
1200 4905 1283 4944 marca
1300 4897 1435 4943 aratorum
1450 4889 1538 4953 Lgtt:

204 4967 337 5013 motuum
354 4973 437 5010 omncs
449 4957 503 5011 rell.
516 4961 546 5012 0.
562 4987 588 4997 -
607 4961 649 5013 24.
663 4963 823 5013 administros
839 4961 907 5025 [342
919 4964 988 5024 Nep:
1006 4965 1133 5015 ministrer
1144 4964 1201 5017 rell.
1216 4994 1243 5006 ·-
1263 4969 1339 5032 fiabra
1355 4969 1410 5017 duo
1420 4965 1489 5030 [342
1501 4979 1539 5027 φτ

204 5039 259 5088 diro
273 5038 349 5102 faiae
366 5035 422 5087 rell.
444 5061 471 5072 —
493 5037 534 5088 25.
554 5047 604 5086 aare
621 5050 675 5089 om.
694 5039 830 5102 [32942.
846 5063 871 5074 -
892 5037 934 5087 26.
953 5051 986 5088 coc
1000 5039 1048 5090 isto
1065 5039 1142 5104 [329.
1158 5069 1185 5078 -
1203 5041 1246 5092 29.
1264 5043 1370 5092 addictis
1386 5041 1438 5091 mm
1458 5039 1540 5104 [342τ

203 5110 257 5162 iam
273 5111 331 5162 edd.
350 5109 407 5162 rell.
425 5113 454 5163 0.
468 5140 495 5148 —
515 5112 555 5164 34.
574 5117 602 5162 ut
618 5119 676 5165 cate
692 5113 761 5178 [342
774 5113 810 5164 N:
829 5126 883 5164 om.
902 5113 965 5178 [33.
984 5112 1040 5165 rell.
1061 5115 1090 5167 C.
1110 5115 1141 5167 H.
1165 5117 1195 5167 In
1212 5117 1262 5167 AB
1279 5121 1308 5168 ut
1324 5129 1377 5168 om.
1397 5140 1426 5153 -
1444 5114 1544 5168 tuerat

204 5185 288 5252 [342ε
306 5185 424 5238 imment
439 5186 496 5239 rell.
515 5187 545 5240 0.
566 5215 593 5226 -
613 5189 668 5239 tom
683 5189 755 5240 cond.
773 5190 836 5253 [33.
855 5199 964 5252 omnes,
983 5190 1077 5243 ABG:
1097 5191 1169 5244 vead.
1187 5191 1240 5242 iam
1256 5191 1285 5244 1..

1617 2581 1727 2713 ,φφ
