3684 5862
315 427 359 496 20
713 431 864 498 ORATIO
885 431 963 496 PRO
985 433 1019 496 P.
1041 431 1234 510 QUlNGTIO

315 601 411 666 modo
433 600 539 685 priore
559 600 630 665 loco
652 601 832 668 dixeris-
844 605 1020 669 Dicendum
1041 603 1219 670 necessario
1240 609 1354 667 est-
1374 603 1631 670 Praestituendae

314 693 412 761 horae
439 697 479 762 ad
501 697 666 762 arbitrium
686 707 840 764 nostrum.
861 731 903 748 -
931 700 1031 764 ludex
1052 701 1121 785 ipse
1142 699 1269 764 arcebit.
1291 733 1332 748 -
1360 695 1410 761 72.
1433 699 1519 776 Quid
1539 704 1630 764 tunsi

314 798 350 856 tu
372 793 509 878 aliquem
530 801 699 878 patronum
721 795 878 871 invenies,
900 795 1062 860 hominem
1083 796 1206 880 antiqui
1225 791 1337 870 officii,
1360 795 1416 879 qui
1429 795 1632 878 splendorem

314 895 459 953 nostrum
480 897 512 953 et
533 891 665 974 gratiam
686 890 850 974 negligat‘l
879 892 939 954 Pro
955 912 1005 955 me
1019 892 1173 975 pugnabit
1186 893 1222 953 L.
1237 892 1416 974 Philippus,
1438 891 1631 976 eloquentia,

290 984 481 1064 igravitate,
503 985 626 1049 honore
648 985 889 1050 florentissimus
911 987 1063 1062 civitatis3
1086 986 1170 1048 dicet
1182 985 1387 1062 Hortensius,
1409 985 1569 1050 excellens
1583 985 1632 1048 in·

313 1081 424 1160 genio,
447 1080 630 1156 nobilitate,
654 1081 905 1156 existimatione,
933 1081 1068 1144 aderunt
1089 1087 1194 1143 autem
1215 1080 1361 1143 homines
1383 1079 1572 1144 nobilissimi
1594 1101 1631 1144 ac

311 1175 542 1256 potentissimi,
566 1197 701 1261 quorum
722 1176 934 1260 frequentiam
956 1182 988 1238 et
1009 1195 1193 1238 consessum
1215 1194 1279 1238 non
1295 1175 1390 1238 modo
1404 1176 1438 1238 P.
1454 1175 1631 1252 Quinctius,

126 1337 169 1356 ..-
312 1270 368 1352 qui
390 1269 430 1334 de
452 1273 556 1354 capite
579 1271 736 1346 decernit,
765 1271 822 1334 sed
844 1271 966 1356 quivis,
996 1271 1052 1355 qui
1075 1279 1164 1334 extra
1184 1270 1363 1352 periculum
1385 1269 1442 1346 sit,
1464 1270 1632 1354 perhorre-

130 1363 150 1392 ’Δ
311 1371 386 1427 scat.
407 1397 450 1412 -
471 1345 630 1445 73.[llaee
652 1373 699 1430 est
721 1367 833 1451 iniqua
855 1367 1001 1440 certatio,
1024 1385 1089 1430 non
1110 1366 1180 1442 illa,
1211 1385 1274 1450 qua
1296 1373 1330 1428 tu
1352 1374 1461 1430 contra
1482 1367 1630 1431 Alienum

72 1401 200 1477 Ν
273 1455 504 1550 coequitabastl
522 1459 596 1524 huic
623 1481 664 1524 ne
692 1460 747 1523 ubi
776 1460 963 1524 consisteret
985 1461 1114 1546 quidem
1144 1468 1255 1524 contra
1275 1467 1307 1523 te
1334 1461 1440 1524 locum
1462 1461 1630 1547 reliquisti.

310 1551 416 1628 Quare
439 1563 494 1618 aut
515 1555 629 1619 doceas
652 1561 794 1638 oportet,
815 1554 963 1618 Alienum
985 1574 1117 1638 negasse
1140 1575 1174 1620 se
1195 1563 1433 1639 procuratorem
1455 1575 1542 1631 esse,
1564 1575 1630 1620 non

309 1646 463 1713 deiecisse
484 1649 629 1726 libellos,
659 1651 813 1713 iudicium
834 1650 979 1734 accipere
1005 1650 1164 1725 noluisse,
1193 1657 1260 1726 aut,
1288 1671 1360 1714 cum
1380 1651 1459 1715 haec
1481 1652 1527 1716 ita
1545 1649 1630 1718 facta

308 1745 387 1823 sint,
410 1767 451 1810 ex
473 1746 576 1809 edicto
598 1754 630 1810 te
651 1745 736 1809 bona
757 1747 792 1809 P.
808 1744 951 1821 Quinctii
972 1765 1037 1810 non
1059 1745 1240 1828 possedisse
1262 1747 1427 1811 concedas.

392 1841 508 1905 XXllI.
540 1841 667 1904 Etenim
690 1840 717 1904 si
740 1859 781 1903 ex
802 1839 907 1904 edicto
929 1839 1116 1924 possedisti,
1148 1859 1284 1925 quaero,
1307 1861 1363 1904 cur
1383 1840 1467 1906 bona
1489 1861 1555 1907 non
1575 1863 1630 1908 re·

271 1935 439 2013 tinierint,
471 1957 528 2000 cur
555 1937 654 2000 ceteri
684 1954 854 2019 sponsores
883 1943 915 1998 et
942 1935 1113 1999 creditores
1142 1953 1206 1998 non
1228 1936 1444 2000 convenerint
1487 1938 1629 2002 Nemone

305 2031 382 2109 luit,
406 2032 457 2095 cui
479 2031 609 2095 deberet
630 2030 826 2106 Quinctius?
859 2031 1015 2104 Fuerunt,
1042 2035 1074 2091 et
1095 2027 1274 2110 complures
1295 2028 1438 2105 luerunt,
1461 2039 1630 2116 propterea

307 2127 393 2211 quod
427 2126 522 2190 Caius
549 2126 649 2189 frater
679 2125 877 2210 aliquanhrm
904 2125 987 2188 aeris
1009 2122 1106 2186 alieni
1127 2121 1310 2205 reliquerat.
1354 2124 1439 2200 Quid
1461 2146 1536 2210 erge
1559 2128 1628 2190 esti

305 2219 459 2286 Homines
480 2227 572 2284 erant
593 2220 632 2282 nb
654 2219 716 2284 hoc
739 2238 848 2282 omnes
863 2217 1066 2295 alienissimi,
1090 2225 1122 2280 et
1135 2218 1175 2280 iis
1191 2216 1380 2296 debebatur;
1402 2240 1508 2305 neque
1523 2228 1629 2284 tamen

306 2316 477 2401 quisquam
499 2316 648 2378 inventus
671 2320 718 2376 est
739 2320 804 2376 tam
826 2313 976 2396 insignite
998 2311 1176 2395 improbus,
1204 2312 1259 2398 qui
1290 2313 1410 2378 molare
1431 2315 1465 2377 P.
1487 2315 1628 2391 Quinctii

149 2395 154 2472 J
268 2410 576 2474 ttexistimationem
597 2409 738 2473 absentis
761 2408 903 2472 auderet.
946 2405 997 2471 74.
1022 2409 1109 2472 Unus
1129 2408 1211 2482 luit,
1232 2404 1352 2488 affinis,
1375 2410 1496 2486 socius,
1518 2429 1628 2474 neces·

140 2481 151 2509 ι
305 2505 424 2581 sarius,
447 2506 520 2569 Sem
535 2506 689 2581 Naevius,
712 2505 784 2588 qui,
799 2525 871 2568 cum
892 2505 961 2588 ipse
976 2505 1060 2568 ultro
1077 2503 1221 2578 deberet,
1245 2505 1337 2588 quasi
1352 2505 1471 2568 eximio
1486 2505 1626 2589 praemio

305 2600 435 2664 sceleris
458 2601 605 2685 exposito
622 2599 828 2683 cupidissime
844 2597 1065 2673 contenderet,
1088 2605 1125 2660 ut
1136 2616 1194 2682 per
1209 2617 1242 2660 se
1259 2597 1411 2661 afflictum
1426 2606 1521 2685 atque
1539 2617 1628 2664 erer-

305 2717 375 2759 sum
404 2696 621 2780 propinquum
650 2715 742 2758 suum
769 2714 835 2759 non
864 2693 958 2758 modo
980 2694 1114 2757 honeste
1136 2693 1235 2776 partis
1257 2692 1367 2769 bonis,
1399 2694 1626 2758 verumetiam

305 2791 465 2856 communi
487 2791 558 2854 luce
580 2790 730 2876 privaret.
763 2791 823 2854 Ubi
846 2796 935 2854 mant
955 2789 1054 2854 ceteri
1075 2788 1275 2852 creditores?
1305 2788 1444 2875 denique
1465 2789 1527 2853 hoc
1549 2797 1628 2852 tem·

266 2893 382 2971 itpore
403 2885 459 2949 ubi
482 2889 580 2950 suntl
623 2886 703 2962 Quis
727 2893 792 2960 est,
822 2887 878 2970 qui
899 2884 1110 2949 fraudationis
1131 2904 1227 2948 causa
1248 2884 1380 2948 latuisse
1403 2884 1510 2947 dicati
1545 2882 1627 2966 quis,

304 2981 361 3067 qui
383 2981 546 3045 absentem
568 2981 735 3045 defensum
756 2988 852 3063 neget
873 3001 943 3044 esse
958 2979 1166 3055 Quinctium?
1197 2981 1298 3042 Nemo
1311 2979 1482 3045 invenitur.
1515 2976 1565 3042 75.
1586 2977 1628 3040 At

305 3080 415 3140 contra
437 3096 562 3153 omnes,
584 3075 775 3162 quibuscum
797 3075 878 3139 ratio
893 3075 970 3140 huic
984 3082 1039 3138 aut
1053 3081 1102 3138 est
1116 3081 1171 3138 aut
1183 3073 1258 3149 luit,
1281 3074 1414 3151 adsunt,
1435 3072 1626 3148 defendunt3

304 3167 383 3236 fides
404 3171 500 3236 huius
522 3172 629 3236 multis
651 3171 730 3235 locis
753 3169 879 3253 cognita
900 3189 941 3233 ne
963 3165 1096 3253 perfidia
1118 3171 1192 3232 Sex.
1206 3170 1316 3234 Naevii
1332 3169 1518 3253 derogetur,
1539 3167 1628 3232 labo-

304 3274 385 3332 rant.
427 3268 464 3330 ln
493 3267 676 3332 huiusmodi
706 3266 911 3351 sponsionem
940 3271 1036 3328 testes
1066 3263 1140 3327 dare
1164 3264 1331 3347 oportebat
1353 3284 1393 3328 ex
1415 3283 1453 3328 eo
1476 3281 1625 3338 numero,

266 3362 360 3446 atqui
381 3361 461 3426 haec
482 3361 638 3426 dicerent:
659 3361 875 3426 vadimonium
898 3359 975 3424 mihi
998 3358 1155 3434 deseruit,
1185 3378 1234 3421 me
1255 3357 1431 3434 fraudavit,
1455 3378 1473 3422 a
1495 3379 1545 3422 me
1567 3377 1626 3421 no-

304 3457 398 3520 minis
420 3457 507 3532 eius,
531 3456 617 3542 quod
639 3453 791 3521 infitiatus
813 3462 915 3531 esset,
937 3454 1022 3517 diem
1044 3455 1173 3538 petivit3
1197 3475 1255 3539 ego
1279 3455 1416 3539 experiri
1438 3476 1502 3520 non
1517 3455 1625 3540 pctui;

303 3551 454 3628 latitavit,
475 3557 713 3636 procuratorem
735 3551 858 3615 nullum
879 3549 1018 3634 reliquit
1061 3551 1183 3613 Horum
1205 3550 1286 3613 nihil
1308 3549 1432 3614 dicihsr.
1472 3551 1626 3614 amman

368 3824 392 3874 i.
409 3823 618 3888 Praestitumdcc]
634 3824 813 3874 restituendus
828 3823 848 3874 li
858 3823 917 3882 GK,
931 3823 1145 3886 praestituendus
1155 3825 1184 3874 A.
1206 3849 1233 3860 -
1252 3823 1276 3874 ἱ.
1295 3823 1388 3874 amabit
1403 3819 1515 3889 Spengel
1533 3817 1625 3890 (etto-

301 3895 353 3962 logi
370 3897 533 3950 Schneider.
551 3897 603 3949 vol.
616 3899 647 3948 11.
666 3912 692 3964 p.
706 3897 772 3961 298.)
791 3897 849 3950 coll.
866 3899 891 3962 ἓ.
904 3897 952 3948 33:
977 3898 1102 3950 arcebitur
1117 3898 1197 3950 BGK
1215 3899 1272 3962 (alsi
1289 3899 1362 3964 qaod
1377 3899 1503 3952 creabitur
1519 3913 1547 3964 e,
1566 3911 1625 3952 ocor

302 3971 427 4023 acerbiter
443 3973 466 4036 a)
486 3974 513 4022 et
529 3974 562 4036 0,
589 3977 728 4024 orcossctur
744 3973 829 4026 Ate.
860 3972 962 4024 Eodem
979 3973 1117 4040 Spengelio
1134 3977 1242 4024 auctore
1259 3986 1302 4025 vv.
1320 3974 1389 4038 Neo,
1409 3978 1503 4040 iuquit,
1524 3979 1624 4028 cisi·-

297 4049 482 4111 pcritorrsscct,
505 4059 573 4111 quae
590 4046 668 4110 vulgo
691 4048 736 4098 uni
752 4049 850 4100 Naevio
867 4047 1066 4112 tribuebantur,
1093 4051 1162 4100 inter
1178 4050 1305 4100 Naevium
1323 4053 1350 4100 et
1366 4051 1517 4111 Quinctium
1533 4053 1624 4104 diubi-

302 4137 370 4175 mus.
391 4151 418 4160 -
438 4123 520 4188 Quid?
536 4128 589 4173 tun
605 4128 633 4173 tc
649 4125 679 4174 A.
699 4149 728 4160 -
747 4125 771 4174 7,
790 4125 905 4189 quorum]
922 4130 951 4175 ot
966 4139 1051 4176 comm
1066 4124 1402 4190 BGabcdlghilmn
1423 4131 1450 4179 et
1466 4130 1501 4190 A,
1518 4133 1548 4178 ct
1563 4141 1624 4190 quc-

299 4212 357 4248 ram
373 4211 397 4249 e.
418 4225 443 4237 -
464 4211 608 4250 consecrem
623 4199 811 4251 BGabcdl
819 4214 835 4265 g
846 4202 854 4250 i
866 4199 874 4251 l
886 4214 913 4252 m
931 4203 958 4252 et
973 4215 1014 4266 pr.
1033 4215 1057 4252 e.
1084 4203 1134 4252 Pro
1151 4205 1174 4251 ct
1192 4200 1262 4264 quod
1279 4201 1416 4266 praecedit
1431 4201 1532 4255 habent
1548 4207 1623 4266 cipue

299 4285 348 4322 ee.
365 4299 392 4310 —
410 4273 469 4339 ceo]
485 4279 513 4324 at
527 4273 718 4338 ocohcdeg.
732 4301 758 4312 —-
778 4275 802 4325 9.
821 4281 972 4326 contrcom.
986 4277 1011 4327 lr.
1027 4303 1055 4314 -·
1074 4277 1114 4326 ⁴0.
1132 4275 1362 4340 succumbet,
1381 4277 1445 4330 item
1463 4278 1620 4331 codexCar.

298 4347 423 4411 Stephani
440 4350 467 4399 et
483 4353 521 4398 A:
538 4348 683 4400 velocioris
699 4363 761 4400 cum
777 4351 878 4402 lentina
895 4350 978 4404 Leo.
1006 4351 1101 4402 Totum
1117 4350 1205 4402 locum
1222 4353 1260 4403 sic
1277 4351 1451 4405 audacissime
1468 4355 1574 4407 refinxit
1587 4355 1619 4406 L:

297 4421 363 4471 llaec
380 4427 414 4472 cst
429 4423 518 4486 iniqua
533 4426 651 4486 corditio,
670 4438 721 4488 quc
736 4426 793 4476 iscic
808 4439 840 4476 cc
855 4426 897 4476 obi
913 4427 1054 4476 coodsterct
1064 4427 1162 4489 quidem
1172 4433 1261 4477 corbo
1271 4432 1308 4489 ic,
1327 4427 1408 4479 hcm
1417 4429 1555 4494 reliquisti:
1571 4441 1622 4479 nco

295 4493 353 4557 iiio,
372 4508 423 4558 poc
438 4501 465 4547 tc
475 4499 710 4562 coctrcAiplsmson
719 4499 871 4551 emeccasis.
886 4527 913 4538 -
927 4502 966 4552 ts.
979 4502 1017 4550 iic
1027 4514 1089 4553 cum
1101 4501 1273 4553 Cratandrina
1285 4516 1339 4554 om.
1352 4501 1407 4560 Le.
1421 4531 1449 4542 -
1469 4506 1509 4557 aa.
1522 4517 1622 4569 apome-

294 4569 343 4633 rcs]
357 4583 506 4632 possessores
521 4572 538 4622 lr
552 4574 622 4636 (cum
638 4573 729 4625 codice
746 4577 829 4627 Ursini
847 4579 874 4626 et
887 4576 968 4626 Onon.
981 4576 1016 4638 S).
1037 4603 1064 4614 -
1088 4577 1128 4628 il.
1148 4578 1230 4642 cusu]
1248 4577 1351 4630 cecilius
1365 4581 1395 4630 A.
1416 4605 1444 4617 —-
1468 4581 1509 4633 48.
1527 4582 1567 4645 its]
1584 4581 1622 4632 bis

295 4644 426 4696 aehlm
444 4648 471 4696 et
486 4649 517 4698 A.
538 4673 566 4684 -
585 4649 625 4699 se.
644 4650 773 4714 insigniter
789 4651 806 4701 lc
823 4652 893 4714 (cam
911 4652 971 4703 cod.
990 4652 1090 4716 Ursini).
1111 4680 1137 4688 —
1157 4653 1196 4706 20.
1218 4655 1285 4704 Unus
1299 4649 1349 4713 sui
1363 4679 1378 4692 -
1390 4655 1508 4707 --citro
1525 4655 1621 4707 deberet

294 4733 347 4772 om.
365 4720 391 4771 k.
412 4747 439 4756 -
457 4719 498 4770 tl.
518 4721 567 4784 ipsi
582 4723 644 4773 citii
661 4723 803 4786 abacis,
821 4726 888 4777 ultro
904 4729 938 4787 L,
959 4728 1011 4790 ipsc
1026 4729 1094 4778 ultro
1111 4729 1239 4794 &scedas
1255 4729 1350 4782 debeor
1367 4731 1546 4796 Hotomanus,
1565 4729 1618 4782 «d.

291 4795 343 4858 ipsc
360 4795 383 4844 ei
397 4795 465 4844 miro
481 4795 607 4848 conadae
623 4797 738 4849 doinst»
756 4811 808 4863 mg.
828 4799 853 4853 i.
873 4803 947 4866 (sacro
960 4803 1098 4867 «insuper»
1111 4803 1242 4868 explicant
1256 4806 1328 4857 Grut.
1342 4807 1435 4858 Graes.
1447 4807 1490 4859 W.
1510 4807 1617 4868 «immo,

293 4870 477 4932 econtrario»,
495 4870 631 4924 Forcellin.
651 4873 749 4924 «adeo»
764 4872 889 4926 scheller.
902 4879 957 4941 On.)
971 4905 999 4916 -
1016 4878 1097 4944 quoa]
1115 4879 1158 4942 qui
1172 4880 1245 4941 quasi
1261 4880 1362 4933 Boeo
1373 4896 1388 4934 c
1399 4882 1443 4934 de
1455 4882 1492 4948 lg
1503 4879 1619 4932 hllmn

292 4947 320 4996 et
335 4947 365 4996 A.
385 4947 415 4996 ln
432 4945 450 4995 h
467 4958 516 5011 pro
533 4949 607 5020 quasi
622 4961 637 4999 a
653 4962 695 5013 pr.
713 4963 749 5000 m.
769 4951 900 5004 incertum
917 4955 980 5019 quid
997 4952 1068 5006 eliud
1085 4955 1178 5006 luerat.
1197 4981 1222 4994 -·
1243 4957 1283 5008 22.
1301 4960 1413 5021 seposito
1429 4957 1527 5008 scm
1541 4955 1568 5006 k.
1587 4979 1617 4990 ·-

291 5021 332 5073 27.
350 5022 407 5074 huic
424 5033 478 5074 om.
496 5022 521 5074 k.
544 5051 572 5062 -
591 5025 631 5078 28.
648 5027 709 5091 fider
724 5053 739 5064 -
749 5054 764 5065 -
774 5053 789 5066 -
805 5030 944 5096 derogetur]
967 5031 1024 5082 Vid.
1043 5031 1167 5082 Heinrich
1189 5031 1223 5083 nd
1244 5047 1283 5085 or.
1309 5047 1359 5100 pro
1374 5033 1467 5086 Flacco
1483 5029 1617 5099 supplem.

290 5097 360 5148 lned.
380 5111 407 5164 p.
425 5098 457 5150 98
474 5110 515 5163 sq.
533 5123 563 5140 ν·-
588 5102 629 5154 29.
650 5103 769 5154 momodi
785 5103 806 5168 Ι,
832 5105 968 5157 otimmcdi
984 5107 1010 5162 t.
1031 5133 1059 5145 -
1076 5108 1205 5170 speciose
1228 5109 1324 5178 alm,
1349 5122 1403 5164 om.
1420 5107 1438 5163 l.
1458 5135 1487 5151 -
1513 5107 1554 5160 ii.
1572 5107 1618 5158 hoc

290 5172 366 5224 Gsls
382 5174 409 5224 et
426 5172 511 5230 codex
528 5175 587 5229 Car.
605 5177 739 5244 Stephani,
756 5178 796 5246 {A0
811 5179 854 5233 alil
870 5179 978 5248 plures.)
1334 5213 1336 5218 ·
1411 5195 1419 5204 ·
1437 5210 1440 5218 Δ
