<?xml version="1.0" encoding="UTF-8"?>
<!DOCTYPE html PUBLIC "-//W3C//DTD XHTML 1.0 Transitional//EN"
    "http://www.w3.org/TR/xhtml1/DTD/xhtml1-transitional.dtd">
<html xmlns="http://www.w3.org/1999/xhtml" xml:lang="en" lang="en">
 <head>
  <title>
</title>
<meta http-equiv="Content-Type" content="text/html;charset=utf-8" />
  <meta name='ocr-system' content='tesseract 3.04.00' />
  <meta name='ocr-capabilities' content='ocr_page ocr_carea ocr_par ocr_line ocrx_word'/>
</head>
<body>
  <div class='ocr_page' id='page_1' title='image "./mtulliiciceroni00baitgoog_0205.png"; bbox 0 0 3642 5868; ppageno 0'>
   <div class='ocr_carea' id='block_1_1' title="bbox 590 463 1549 557">
    <p class='ocr_par' dir='ltr' id='par_1_1' title="bbox 590 463 1549 557">
     <span class='ocr_line' id='line_1_1' title="bbox 590 463 1549 557; baseline -0.009 -17"><span class='ocrx_word' id='word_1_1' title='bbox 590 475 659 540; x_wconf 84' lang='lat' dir='ltr'>Lis.</span> <span class='ocrx_word' id='word_1_2' title='bbox 680 475 721 539; x_wconf 95' lang='lat' dir='ltr'>ll.</span> <span class='ocrx_word' id='word_1_3' title='bbox 751 471 826 539; x_wconf 76' lang='lat' dir='ltr'>Gar.</span> <span class='ocrx_word' id='word_1_4' title='bbox 846 472 970 538; x_wconf 91' lang='lat' dir='ltr'>l-lll.</span> <span class='ocrx_word' id='word_1_5' title='bbox 997 469 1054 557; x_wconf 67' lang='grc'>55.</span> <span class='ocrx_word' id='word_1_6' title='bbox 1076 467 1182 536; x_wconf 86' lang='lat' dir='ltr'>t-7.</span> <span class='ocrx_word' id='word_1_7' title='bbox 1487 463 1549 532; x_wconf 79' lang='lat' dir='ltr'>tit</span> 
     </span>
    </p>
   </div>
   <div class='ocr_carea' id='block_1_2' title="bbox 213 600 1766 3177">
    <p class='ocr_par' dir='ltr' id='par_1_2' title="bbox 223 600 1732 1011">
     <span class='ocr_line' id='line_1_2' title="bbox 225 600 1732 747; baseline -0.001 -39"><span class='ocrx_word' id='word_1_8' title='bbox 225 644 378 709; x_wconf 85' lang='lat' dir='ltr'>classibus</span> <span class='ocrx_word' id='word_1_9' title='bbox 406 645 522 709; x_wconf 85' lang='lat' dir='ltr'>nastris</span> <span class='ocrx_word' id='word_1_10' title='bbox 551 642 765 730; x_wconf 67' lang='lat' dir='ltr'>pateretlll.</span> <span class='ocrx_word' id='word_1_11' title='bbox 789 645 895 723; x_wconf 87' lang='lat' dir='ltr'>Quare</span> <span class='ocrx_word' id='word_1_12' title='bbox 915 645 948 708; x_wconf 86' lang='grc' dir='ltr'>Ρ.</span> <span class='ocrx_word' id='word_1_13' title='bbox 970 643 1136 708; x_wconf 78' lang='lat' dir='ltr'>Africanus</span> <span class='ocrx_word' id='word_1_14' title='bbox 1159 641 1351 725; x_wconf 74' lang='lat' dir='ltr'>Karthagine</span> <span class='ocrx_word' id='word_1_15' title='bbox 1374 639 1479 712; x_wconf 88' lang='lat' dir='ltr'>deleta</span> <span class='ocrx_word' id='word_1_16' title='bbox 1501 643 1550 706; x_wconf 90' lang='lat' dir='ltr'>Si·</span> <span class='ocrx_word' id='word_1_17' title='bbox 1619 600 1732 747; x_wconf 42' lang='lat' dir='ltr'>fib</span> 
     </span>
     <span class='ocr_line' id='line_1_3' title="bbox 225 736 1693 828; baseline 0 -26"><span class='ocrx_word' id='word_1_18' title='bbox 225 740 367 802; x_wconf 90' lang='lat' dir='ltr'>culorum</span> <span class='ocrx_word' id='word_1_19' title='bbox 388 740 483 803; x_wconf 86' lang='lat' dir='ltr'>urbes</span> <span class='ocrx_word' id='word_1_20' title='bbox 511 740 608 824; x_wconf 75' lang='lat' dir='ltr'>signis</span> <span class='ocrx_word' id='word_1_21' title='bbox 630 740 905 824; x_wconf 74' lang='lat' dir='ltr'><strong>monumentisque</strong></span> <span class='ocrx_word' id='word_1_22' title='bbox 934 737 1154 824; x_wconf 73' lang='lat' dir='ltr'>puloberdmis</span> <span class='ocrx_word' id='word_1_23' title='bbox 1176 736 1358 814; x_wconf 77' lang='lat' dir='ltr'><strong>exornavit,</strong></span> <span class='ocrx_word' id='word_1_24' title='bbox 1386 745 1439 814; x_wconf 88' lang='lat' dir='ltr'>ut,</span> <span class='ocrx_word' id='word_1_25' title='bbox 1468 759 1549 823; x_wconf 91' lang='lat' dir='ltr'>quos</span> <span class='ocrx_word' id='word_1_26' title='bbox 1675 760 1693 828; x_wconf 59' lang='lat' dir='ltr'>p</span> 
     </span>
     <span class='ocr_line' id='line_1_4' title="bbox 223 829 1679 918; baseline 0.001 -22"><span class='ocrx_word' id='word_1_27' title='bbox 223 833 354 896; x_wconf 82' lang='lat' dir='ltr'>victoria</span> <span class='ocrx_word' id='word_1_28' title='bbox 375 833 487 918; x_wconf 90' lang='lat' dir='ltr'>populi</span> <span class='ocrx_word' id='word_1_29' title='bbox 507 835 640 897; x_wconf 84' lang='lat' dir='ltr'>Romani</span> <span class='ocrx_word' id='word_1_30' title='bbox 656 833 791 897; x_wconf 82' lang='lat' dir='ltr'>maxime</span> <span class='ocrx_word' id='word_1_31' title='bbox 808 833 917 897; x_wconf 87' lang='lat' dir='ltr'>laetari</span> <span class='ocrx_word' id='word_1_32' title='bbox 932 831 1155 907; x_wconf 80' lang='lat' dir='ltr'>arbitrabatur,</span> <span class='ocrx_word' id='word_1_33' title='bbox 1178 831 1262 916; x_wconf 92' lang='lat' dir='ltr'>apud</span> <span class='ocrx_word' id='word_1_34' title='bbox 1278 851 1332 895; x_wconf 88' lang='lat' dir='ltr'>eos</span> <span class='ocrx_word' id='word_1_35' title='bbox 1346 839 1551 897; x_wconf 89' lang='lat' dir='ltr'>monumenta</span> <span class='ocrx_word' id='word_1_36' title='bbox 1660 829 1679 856; x_wconf 74' lang='grc'>”’</span> 
     </span>
     <span class='ocr_line' id='line_1_5' title="bbox 224 924 1549 1011; baseline -0.002 -21"><span class='ocrx_word' id='word_1_37' title='bbox 224 927 373 991; x_wconf 83' lang='lat' dir='ltr'>victoriae</span> <span class='ocrx_word' id='word_1_38' title='bbox 395 928 532 1011; x_wconf 89' lang='lat' dir='ltr'>plurima</span> <span class='ocrx_word' id='word_1_39' title='bbox 553 928 731 990; x_wconf 79' lang='lat' dir='ltr'>collocaret.</span> <span class='ocrx_word' id='word_1_40' title='bbox 772 924 802 990; x_wconf 85' lang='lat' dir='ltr'>i.</span> <span class='ocrx_word' id='word_1_41' title='bbox 823 928 967 1010; x_wconf 89' lang='lat' dir='ltr'>Denique</span> <span class='ocrx_word' id='word_1_42' title='bbox 988 926 1043 988; x_wconf 90' lang='lat' dir='ltr'>ille</span> <span class='ocrx_word' id='word_1_43' title='bbox 1065 926 1135 1009; x_wconf 90' lang='lat' dir='ltr'>ipse</span> <span class='ocrx_word' id='word_1_44' title='bbox 1149 928 1190 990; x_wconf 87' lang='grc' dir='ltr'>Μ.</span> <span class='ocrx_word' id='word_1_45' title='bbox 1206 925 1390 1001; x_wconf 79' lang='lat' dir='ltr'>Marcellus,</span> <span class='ocrx_word' id='word_1_46' title='bbox 1412 927 1502 990; x_wconf 88' lang='lat' dir='ltr'>cuius</span> <span class='ocrx_word' id='word_1_47' title='bbox 1516 927 1549 990; x_wconf 92' lang='lat' dir='ltr'>in</span> 
     </span>
    </p>

    <p class='ocr_par' dir='ltr' id='par_1_3' title="bbox 224 1016 1573 1198">
     <span class='ocr_line' id='line_1_6' title="bbox 225 1016 1573 1118; baseline -0.001 -35"><span class='ocrx_word' id='word_1_48' title='bbox 225 1019 330 1084; x_wconf 83' lang='lat' dir='ltr'>Sicilia</span> <span class='ocrx_word' id='word_1_49' title='bbox 351 1021 498 1086; x_wconf 81' lang='lat' dir='ltr'>virtutem</span> <span class='ocrx_word' id='word_1_50' title='bbox 518 1023 644 1097; x_wconf 91' lang='lat' dir='ltr'>hostes,</span> <span class='ocrx_word' id='word_1_51' title='bbox 673 1022 921 1085; x_wconf 87' lang='lat' dir='ltr'>misericordiam</span> <span class='ocrx_word' id='word_1_52' title='bbox 942 1020 1031 1094; x_wconf 88' lang='lat' dir='ltr'>victi,</span> <span class='ocrx_word' id='word_1_53' title='bbox 1060 1016 1154 1082; x_wconf 85' lang='lat' dir='ltr'>fidem</span> <span class='ocrx_word' id='word_1_54' title='bbox 1185 1020 1279 1083; x_wconf 88' lang='lat' dir='ltr'>ceteri</span> <span class='ocrx_word' id='word_1_55' title='bbox 1302 1019 1398 1083; x_wconf 88' lang='lat' dir='ltr'>Siculi</span> <span class='ocrx_word' id='word_1_56' title='bbox 1420 1035 1573 1118; x_wconf 70' lang='lat' dir='ltr'>perspes</span> 
     </span>
     <span class='ocr_line' id='line_1_7' title="bbox 224 1113 1549 1198; baseline 0 -21"><span class='ocrx_word' id='word_1_57' title='bbox 224 1122 355 1191; x_wconf 85' lang='lat' dir='ltr'>xerunt,</span> <span class='ocrx_word' id='word_1_58' title='bbox 384 1135 448 1179; x_wconf 95' lang='lat' dir='ltr'>non</span> <span class='ocrx_word' id='word_1_59' title='bbox 470 1117 575 1180; x_wconf 91' lang='lat' dir='ltr'>solum</span> <span class='ocrx_word' id='word_1_60' title='bbox 597 1117 691 1180; x_wconf 90' lang='lat' dir='ltr'>sociis</span> <span class='ocrx_word' id='word_1_61' title='bbox 711 1116 744 1178; x_wconf 96' lang='lat' dir='ltr'>in</span> <span class='ocrx_word' id='word_1_62' title='bbox 767 1136 806 1180; x_wconf 93' lang='lat' dir='ltr'>eo</span> <span class='ocrx_word' id='word_1_63' title='bbox 827 1114 912 1178; x_wconf 93' lang='lat' dir='ltr'>bello</span> <span class='ocrx_word' id='word_1_64' title='bbox 935 1113 1109 1196; x_wconf 88' lang='lat' dir='ltr'>consuluit,</span> <span class='ocrx_word' id='word_1_65' title='bbox 1137 1133 1246 1176; x_wconf 86' lang='lat' dir='ltr'>verum</span> <span class='ocrx_word' id='word_1_66' title='bbox 1277 1113 1371 1176; x_wconf 87' lang='lat' dir='ltr'>etiam</span> <span class='ocrx_word' id='word_1_67' title='bbox 1394 1115 1549 1198; x_wconf 84' lang='lat' dir='ltr'>superetis</span> 
     </span>
    </p>

    <p class='ocr_par' dir='ltr' id='par_1_4' title="bbox 223 1191 1693 1481">
     <span class='ocr_line' id='line_1_8' title="bbox 223 1191 1693 1296; baseline -0.001 -25"><span class='ocrx_word' id='word_1_68' title='bbox 223 1208 368 1273; x_wconf 80' lang='lat' dir='ltr'>hostibus</span> <span class='ocrx_word' id='word_1_69' title='bbox 390 1211 586 1293; x_wconf 83' lang='lat' dir='ltr'>temperavit.</span> <span class='ocrx_word' id='word_1_70' title='bbox 613 1197 745 1296; x_wconf 79' lang='lat' dir='ltr'>(Urbem</span> <span class='ocrx_word' id='word_1_71' title='bbox 767 1208 1028 1294; x_wconf 80' lang='lat' dir='ltr'>pulcherrimam,</span> <span class='ocrx_word' id='word_1_72' title='bbox 1052 1199 1345 1296; x_wconf 50' lang='lat' dir='ltr'>Syracusaquuae</span> <span class='ocrx_word' id='word_1_73' title='bbox 1367 1229 1438 1272; x_wconf 88' lang='lat' dir='ltr'>cum</span> <span class='ocrx_word' id='word_1_74' title='bbox 1454 1228 1550 1272; x_wconf 88' lang='lat' dir='ltr'>manu</span> <span class='ocrx_word' id='word_1_75' title='bbox 1665 1191 1693 1290; x_wconf 75' lang='lat' dir='ltr'>p&#39;</span> 
     </span>
     <span class='ocr_line' id='line_1_9' title="bbox 223 1291 1550 1379; baseline 0.002 -15"><span class='ocrx_word' id='word_1_76' title='bbox 223 1301 433 1371; x_wconf 83' lang='lat' dir='ltr'>munitissima</span> <span class='ocrx_word' id='word_1_77' title='bbox 465 1310 566 1378; x_wconf 89' lang='lat' dir='ltr'>esset,</span> <span class='ocrx_word' id='word_1_78' title='bbox 597 1311 664 1366; x_wconf 90' lang='lat' dir='ltr'>tum</span> <span class='ocrx_word' id='word_1_79' title='bbox 688 1291 755 1368; x_wconf 84' lang='lat' dir='ltr'>loci</span> <span class='ocrx_word' id='word_1_80' title='bbox 777 1310 889 1366; x_wconf 88' lang='lat' dir='ltr'>natura</span> <span class='ocrx_word' id='word_1_81' title='bbox 912 1308 997 1364; x_wconf 87' lang='lat' dir='ltr'>terra</span> <span class='ocrx_word' id='word_1_82' title='bbox 1018 1321 1054 1364; x_wconf 86' lang='lat' dir='ltr'>aa</span> <span class='ocrx_word' id='word_1_83' title='bbox 1075 1301 1154 1362; x_wconf 91' lang='lat' dir='ltr'>mari</span> <span class='ocrx_word' id='word_1_84' title='bbox 1177 1298 1391 1379; x_wconf 84' lang='lat' dir='ltr'>clauderetur,</span> <span class='ocrx_word' id='word_1_85' title='bbox 1426 1323 1497 1367; x_wconf 90' lang='lat' dir='ltr'>cum</span> <span class='ocrx_word' id='word_1_86' title='bbox 1518 1302 1550 1368; x_wconf 78' lang='lat' dir='ltr'>vi</span> 
     </span>
     <span class='ocr_line' id='line_1_10' title="bbox 223 1377 1550 1481; baseline 0.002 -22"><span class='ocrx_word' id='word_1_87' title='bbox 223 1395 421 1481; x_wconf 90' lang='lat' dir='ltr'>consilioque</span> <span class='ocrx_word' id='word_1_88' title='bbox 444 1399 599 1480; x_wconf 87' lang='lat' dir='ltr'>cepisset,</span> <span class='ocrx_word' id='word_1_89' title='bbox 621 1417 686 1460; x_wconf 90' lang='lat' dir='ltr'>non</span> <span class='ocrx_word' id='word_1_90' title='bbox 709 1398 812 1460; x_wconf 91' lang='lat' dir='ltr'>solum</span> <span class='ocrx_word' id='word_1_91' title='bbox 834 1395 1024 1459; x_wconf 88' lang='lat' dir='ltr'>incolumem</span> <span class='ocrx_word' id='word_1_92' title='bbox 1045 1413 1157 1478; x_wconf 90' lang='lat' dir='ltr'>passus</span> <span class='ocrx_word' id='word_1_93' title='bbox 1173 1401 1221 1458; x_wconf 91' lang='lat' dir='ltr'>est</span> <span class='ocrx_word' id='word_1_94' title='bbox 1239 1413 1327 1472; x_wconf 89' lang='lat' dir='ltr'>esse,</span> <span class='ocrx_word' id='word_1_95' title='bbox 1350 1377 1464 1478; x_wconf 81' lang='lat' dir='ltr'>sed(ita</span> <span class='ocrx_word' id='word_1_96' title='bbox 1477 1395 1550 1461; x_wconf 90' lang='lat' dir='ltr'>reli-</span> 
     </span>
    </p>

    <p class='ocr_par' dir='ltr' id='par_1_5' title="bbox 222 1481 1721 1677">
     <span class='ocr_line' id='line_1_11' title="bbox 223 1481 1721 1592; baseline 0.001 -39"><span class='ocrx_word' id='word_1_97' title='bbox 223 1490 293 1575; x_wconf 90' lang='lat' dir='ltr'>quit</span> <span class='ocrx_word' id='word_1_98' title='bbox 315 1497 475 1566; x_wconf 87' lang='lat' dir='ltr'>ornatam,</span> <span class='ocrx_word' id='word_1_99' title='bbox 497 1498 534 1554; x_wconf 92' lang='lat' dir='ltr'>ut</span> <span class='ocrx_word' id='word_1_100' title='bbox 548 1499 632 1555; x_wconf 89' lang='lat' dir='ltr'>esset</span> <span class='ocrx_word' id='word_1_101' title='bbox 644 1491 730 1554; x_wconf 91' lang='lat' dir='ltr'>idem</span> <span class='ocrx_word' id='word_1_102' title='bbox 744 1499 982 1554; x_wconf 88' lang='lat' dir='ltr'>monumentum</span> <span class='ocrx_word' id='word_1_103' title='bbox 997 1489 1165 1564; x_wconf 86' lang='lat' dir='ltr'>victoriae,</span> <span class='ocrx_word' id='word_1_104' title='bbox 1186 1489 1452 1566; x_wconf 87' lang='lat' dir='ltr'>mansuetudinis,</span> <span class='ocrx_word' id='word_1_105' title='bbox 1474 1508 1588 1555; x_wconf 82' lang='lat' dir='ltr'>con-io</span> <span class='ocrx_word' id='word_1_106' title='bbox 1631 1481 1721 1592; x_wconf 48' lang='lat' dir='ltr'>A*</span> 
     </span>
     <span class='ocr_line' id='line_1_12' title="bbox 222 1571 1550 1677; baseline 0.002 -30"><span class='ocrx_word' id='word_1_107' title='bbox 222 1576 482 1677; x_wconf 51' lang='lat' dir='ltr'>tinentiaeicum</span> <span class='ocrx_word' id='word_1_108' title='bbox 503 1585 650 1648; x_wconf 84' lang='lat' dir='ltr'>bomines</span> <span class='ocrx_word' id='word_1_109' title='bbox 673 1571 833 1659; x_wconf 78' lang='lat' dir='ltr'>iiderent,</span> <span class='ocrx_word' id='word_1_110' title='bbox 862 1591 893 1647; x_wconf 90' lang='lat' dir='ltr'>et</span> <span class='ocrx_word' id='word_1_111' title='bbox 915 1582 992 1668; x_wconf 91' lang='lat' dir='ltr'>quid</span> <span class='ocrx_word' id='word_1_112' title='bbox 1014 1588 1228 1666; x_wconf 79' lang='lat' dir='ltr'>expugnasset</span> <span class='ocrx_word' id='word_1_113' title='bbox 1248 1591 1279 1645; x_wconf 89' lang='lat' dir='ltr'>et</span> <span class='ocrx_word' id='word_1_114' title='bbox 1301 1583 1415 1666; x_wconf 90' lang='lat' dir='ltr'>quibus</span> <span class='ocrx_word' id='word_1_115' title='bbox 1437 1604 1550 1669; x_wconf 90' lang='lat' dir='ltr'>peper-</span> 
     </span>
    </p>

    <p class='ocr_par' dir='ltr' id='par_1_6' title="bbox 223 1675 1551 1766">
     <span class='ocr_line' id='line_1_13' title="bbox 223 1675 1551 1766; baseline 0.002 -24"><span class='ocrx_word' id='word_1_116' title='bbox 223 1679 317 1743; x_wconf 88' lang='lat' dir='ltr'>cisset</span> <span class='ocrx_word' id='word_1_117' title='bbox 339 1675 478 1763; x_wconf 87' lang='lat' dir='ltr'>et&#39;quae</span> <span class='ocrx_word' id='word_1_118' title='bbox 499 1679 691 1766; x_wconf 81' lang='lat' dir='ltr'>reliquisset</span> <span class='ocrx_word' id='word_1_119' title='bbox 731 1681 867 1744; x_wconf 76' lang='lat' dir='ltr'>&#39;lantiam</span> <span class='ocrx_word' id='word_1_120' title='bbox 887 1679 942 1741; x_wconf 90' lang='lat' dir='ltr'>ille</span> <span class='ocrx_word' id='word_1_121' title='bbox 963 1678 1118 1743; x_wconf 89' lang='lat' dir='ltr'>honorem</span> <span class='ocrx_word' id='word_1_122' title='bbox 1141 1677 1267 1742; x_wconf 87' lang='lat' dir='ltr'>Siciliae</span> <span class='ocrx_word' id='word_1_123' title='bbox 1288 1677 1470 1742; x_wconf 87' lang='lat' dir='ltr'>babendum</span> <span class='ocrx_word' id='word_1_124' title='bbox 1491 1700 1551 1763; x_wconf 92' lang='lat' dir='ltr'>pu·</span> 
     </span>
    </p>

    <p class='ocr_par' dir='ltr' id='par_1_7' title="bbox 222 1771 1550 1858">
     <span class='ocr_line' id='line_1_14' title="bbox 222 1771 1550 1858; baseline 0.001 -22"><span class='ocrx_word' id='word_1_125' title='bbox 222 1774 315 1849; x_wconf 83' lang='lat' dir='ltr'>tavit,</span> <span class='ocrx_word' id='word_1_126' title='bbox 337 1781 375 1837; x_wconf 90' lang='lat' dir='ltr'>ut</span> <span class='ocrx_word' id='word_1_127' title='bbox 395 1793 436 1836; x_wconf 94' lang='lat' dir='ltr'>ne</span> <span class='ocrx_word' id='word_1_128' title='bbox 457 1773 597 1836; x_wconf 90' lang='lat' dir='ltr'>hostium</span> <span class='ocrx_word' id='word_1_129' title='bbox 621 1773 750 1858; x_wconf 92' lang='lat' dir='ltr'>quidem</span> <span class='ocrx_word' id='word_1_130' title='bbox 771 1774 882 1838; x_wconf 89' lang='lat' dir='ltr'>urbem</span> <span class='ocrx_word' id='word_1_131' title='bbox 905 1793 945 1837; x_wconf 87' lang='lat' dir='ltr'>ex</span> <span class='ocrx_word' id='word_1_132' title='bbox 968 1773 1125 1837; x_wconf 84' lang='lat' dir='ltr'>soeiomm</span> <span class='ocrx_word' id='word_1_133' title='bbox 1145 1773 1251 1836; x_wconf 88' lang='lat' dir='ltr'>insula</span> <span class='ocrx_word' id='word_1_134' title='bbox 1272 1771 1445 1838; x_wconf 90' lang='lat' dir='ltr'>tollendam</span> <span class='ocrx_word' id='word_1_135' title='bbox 1468 1775 1550 1838; x_wconf 85' lang='lat' dir='ltr'>arbi·</span> 
     </span>
    </p>

    <p class='ocr_par' dir='ltr' id='par_1_8' title="bbox 222 1865 1550 1951">
     <span class='ocr_line' id='line_1_15' title="bbox 222 1865 1550 1951; baseline 0.002 -22"><span class='ocrx_word' id='word_1_136' title='bbox 222 1873 366 1930; x_wconf 81' lang='lat' dir='ltr'>trenetur.</span> <span class='ocrx_word' id='word_1_137' title='bbox 418 1865 448 1930; x_wconf 80' lang='lat'>5.</span> <span class='ocrx_word' id='word_1_138' title='bbox 476 1867 588 1951; x_wconf 87' lang='lat' dir='ltr'>ltaque</span> <span class='ocrx_word' id='word_1_139' title='bbox 618 1867 659 1932; x_wconf 90' lang='lat' dir='ltr'>ad</span> <span class='ocrx_word' id='word_1_140' title='bbox 688 1887 797 1931; x_wconf 91' lang='lat' dir='ltr'>omnes</span> <span class='ocrx_word' id='word_1_141' title='bbox 825 1888 874 1931; x_wconf 90' lang='lat' dir='ltr'>res</span> <span class='ocrx_word' id='word_1_142' title='bbox 905 1867 1011 1932; x_wconf 87' lang='lat' dir='ltr'>Sicilia</span> <span class='ocrx_word' id='word_1_143' title='bbox 1028 1867 1192 1950; x_wconf 87' lang='lat' dir='ltr'>provincia</span> <span class='ocrx_word' id='word_1_144' title='bbox 1214 1885 1339 1950; x_wconf 90' lang='lat' dir='ltr'>semper</span> <span class='ocrx_word' id='word_1_145' title='bbox 1358 1867 1409 1930; x_wconf 92' lang='lat' dir='ltr'>usi</span> <span class='ocrx_word' id='word_1_146' title='bbox 1431 1887 1550 1943; x_wconf 86' lang='lat' dir='ltr'>sunaus,</span> 
     </span>
    </p>

    <p class='ocr_par' dir='ltr' id='par_1_9' title="bbox 223 1960 1588 2140">
     <span class='ocr_line' id='line_1_16' title="bbox 223 1960 1588 2045; baseline 0.003 -23"><span class='ocrx_word' id='word_1_147' title='bbox 223 1967 274 2036; x_wconf 94' lang='lat' dir='ltr'>ut,</span> <span class='ocrx_word' id='word_1_148' title='bbox 298 1960 455 2045; x_wconf 90' lang='lat' dir='ltr'>quidquid</span> <span class='ocrx_word' id='word_1_149' title='bbox 478 1981 518 2024; x_wconf 82' lang='lat' dir='ltr'>ex</span> <span class='ocrx_word' id='word_1_150' title='bbox 541 1981 610 2025; x_wconf 89' lang='lat' dir='ltr'>sese</span> <span class='ocrx_word' id='word_1_151' title='bbox 638 1969 748 2045; x_wconf 89' lang='lat' dir='ltr'>posset</span> <span class='ocrx_word' id='word_1_152' title='bbox 770 1963 898 2038; x_wconf 84' lang='lat' dir='ltr'>efferre,</span> <span class='ocrx_word' id='word_1_153' title='bbox 926 1961 959 2024; x_wconf 95' lang='lat' dir='ltr'>id</span> <span class='ocrx_word' id='word_1_154' title='bbox 981 1979 1046 2023; x_wconf 93' lang='lat' dir='ltr'>non</span> <span class='ocrx_word' id='word_1_155' title='bbox 1068 1961 1154 2044; x_wconf 91' lang='lat' dir='ltr'>apud</span> <span class='ocrx_word' id='word_1_156' title='bbox 1175 1980 1231 2024; x_wconf 91' lang='lat' dir='ltr'>eos</span> <span class='ocrx_word' id='word_1_157' title='bbox 1251 1961 1355 2037; x_wconf 90' lang='lat' dir='ltr'>nasci,</span> <span class='ocrx_word' id='word_1_158' title='bbox 1384 1960 1441 2024; x_wconf 89' lang='lat' dir='ltr'>sed</span> <span class='ocrx_word' id='word_1_159' title='bbox 1464 1961 1588 2030; x_wconf 77' lang='lat' dir='ltr'>domiin</span> 
     </span>
     <span class='ocr_line' id='line_1_17' title="bbox 223 2054 1551 2140; baseline 0 -23"><span class='ocrx_word' id='word_1_160' title='bbox 223 2062 350 2119; x_wconf 84' lang='lat' dir='ltr'>nostrae</span> <span class='ocrx_word' id='word_1_161' title='bbox 372 2055 535 2119; x_wconf 89' lang='lat' dir='ltr'>conditum</span> <span class='ocrx_word' id='word_1_162' title='bbox 556 2056 619 2118; x_wconf 91' lang='lat' dir='ltr'>iam</span> <span class='ocrx_word' id='word_1_163' title='bbox 641 2065 833 2139; x_wconf 90' lang='lat' dir='ltr'>putaremus.</span> <span class='ocrx_word' id='word_1_164' title='bbox 870 2055 1007 2132; x_wconf 85' lang='lat' dir='ltr'>Quando</span> <span class='ocrx_word' id='word_1_165' title='bbox 1029 2056 1085 2119; x_wconf 89' lang='lat' dir='ltr'>illa</span> <span class='ocrx_word' id='word_1_166' title='bbox 1105 2055 1299 2120; x_wconf 83' lang='lat' dir='ltr'>frumentum</span> <span class='ocrx_word' id='word_1_167' title='bbox 1313 2055 1401 2140; x_wconf 88' lang='lat' dir='ltr'>quod</span> <span class='ocrx_word' id='word_1_168' title='bbox 1422 2054 1551 2118; x_wconf 89' lang='lat' dir='ltr'>deberet</span> 
     </span>
    </p>

    <p class='ocr_par' dir='ltr' id='par_1_10' title="bbox 223 2148 1551 2235">
     <span class='ocr_line' id='line_1_18' title="bbox 223 2148 1551 2235; baseline 0.001 -24"><span class='ocrx_word' id='word_1_169' title='bbox 223 2169 288 2212; x_wconf 94' lang='lat' dir='ltr'>non</span> <span class='ocrx_word' id='word_1_170' title='bbox 309 2148 350 2212; x_wconf 89' lang='lat' dir='ltr'>ad</span> <span class='ocrx_word' id='word_1_171' title='bbox 373 2149 456 2212; x_wconf 92' lang='lat' dir='ltr'>diem</span> <span class='ocrx_word' id='word_1_172' title='bbox 478 2148 588 2213; x_wconf 85' lang='lat' dir='ltr'>dediti</span> <span class='ocrx_word' id='word_1_173' title='bbox 610 2151 738 2234; x_wconf 90' lang='lat' dir='ltr'>quando</span> <span class='ocrx_word' id='word_1_174' title='bbox 760 2148 809 2225; x_wconf 93' lang='lat' dir='ltr'>id,</span> <span class='ocrx_word' id='word_1_175' title='bbox 834 2151 920 2235; x_wconf 92' lang='lat' dir='ltr'>quod</span> <span class='ocrx_word' id='word_1_176' title='bbox 943 2171 1024 2234; x_wconf 90' lang='lat' dir='ltr'>opus</span> <span class='ocrx_word' id='word_1_177' title='bbox 1047 2169 1117 2215; x_wconf 86' lang='lat' dir='ltr'>esse</span> <span class='ocrx_word' id='word_1_178' title='bbox 1139 2157 1281 2234; x_wconf 90' lang='lat' dir='ltr'>putaret,</span> <span class='ocrx_word' id='word_1_179' title='bbox 1303 2171 1368 2216; x_wconf 92' lang='lat' dir='ltr'>non</span> <span class='ocrx_word' id='word_1_180' title='bbox 1382 2151 1466 2214; x_wconf 89' lang='lat' dir='ltr'>ultro</span> <span class='ocrx_word' id='word_1_181' title='bbox 1481 2149 1551 2234; x_wconf 90' lang='lat' dir='ltr'>pol-</span> 
     </span>
    </p>

    <p class='ocr_par' dir='ltr' id='par_1_11' title="bbox 222 2243 1549 2329">
     <span class='ocr_line' id='line_1_19' title="bbox 222 2243 1549 2329; baseline 0.001 -24"><span class='ocrx_word' id='word_1_182' title='bbox 222 2243 308 2307; x_wconf 88' lang='lat' dir='ltr'>licita</span> <span class='ocrx_word' id='word_1_183' title='bbox 329 2246 401 2308; x_wconf 85' lang='lat' dir='ltr'>estt</span> <span class='ocrx_word' id='word_1_184' title='bbox 426 2244 553 2328; x_wconf 89' lang='lat' dir='ltr'>qnando</span> <span class='ocrx_word' id='word_1_185' title='bbox 576 2244 627 2321; x_wconf 85' lang='lat' dir='ltr'>id,</span> <span class='ocrx_word' id='word_1_186' title='bbox 649 2244 735 2328; x_wconf 90' lang='lat' dir='ltr'>quod</span> <span class='ocrx_word' id='word_1_187' title='bbox 756 2245 983 2328; x_wconf 89' lang='lat' dir='ltr'>imperaretur,</span> <span class='ocrx_word' id='word_1_188' title='bbox 1005 2245 1186 2308; x_wconf 74' lang='lat' dir='ltr'>recusanti</span> <span class='ocrx_word' id='word_1_189' title='bbox 1219 2244 1330 2329; x_wconf 89' lang='lat' dir='ltr'>ltaque</span> <span class='ocrx_word' id='word_1_190' title='bbox 1344 2245 1399 2308; x_wconf 91' lang='lat' dir='ltr'>ille</span> <span class='ocrx_word' id='word_1_191' title='bbox 1414 2247 1456 2310; x_wconf 86' lang='lat' dir='ltr'>bl.</span> <span class='ocrx_word' id='word_1_192' title='bbox 1472 2244 1549 2307; x_wconf 86' lang='lat' dir='ltr'>Cato</span> 
     </span>
    </p>

    <p class='ocr_par' dir='ltr' id='par_1_12' title="bbox 223 2336 1549 2422">
     <span class='ocr_line' id='line_1_20' title="bbox 223 2336 1549 2422; baseline 0.002 -23"><span class='ocrx_word' id='word_1_193' title='bbox 223 2336 356 2420; x_wconf 88' lang='lat' dir='ltr'>Sapiens</span> <span class='ocrx_word' id='word_1_194' title='bbox 379 2337 492 2401; x_wconf 87' lang='lat' dir='ltr'>cellam</span> <span class='ocrx_word' id='word_1_195' title='bbox 513 2339 675 2420; x_wconf 88' lang='lat' dir='ltr'>penariam</span> <span class='ocrx_word' id='word_1_196' title='bbox 697 2339 744 2401; x_wconf 91' lang='lat' dir='ltr'>rei</span> <span class='ocrx_word' id='word_1_197' title='bbox 766 2339 912 2422; x_wconf 89' lang='lat' dir='ltr'>publicae</span> <span class='ocrx_word' id='word_1_198' title='bbox 934 2347 1075 2415; x_wconf 91' lang='lat' dir='ltr'>nostrae,</span> <span class='ocrx_word' id='word_1_199' title='bbox 1096 2339 1251 2403; x_wconf 86' lang='lat' dir='ltr'>nutricem</span> <span class='ocrx_word' id='word_1_200' title='bbox 1272 2339 1375 2421; x_wconf 84' lang='lat' dir='ltr'>plebis</span> <span class='ocrx_word' id='word_1_201' title='bbox 1388 2339 1549 2402; x_wconf 82' lang='lat' dir='ltr'>Romanae</span> 
     </span>
    </p>

    <p class='ocr_par' dir='ltr' id='par_1_13' title="bbox 223 2429 1587 2517">
     <span class='ocr_line' id='line_1_21' title="bbox 223 2429 1587 2517; baseline 0.005 -24"><span class='ocrx_word' id='word_1_202' title='bbox 223 2429 360 2495; x_wconf 91' lang='lat' dir='ltr'>Siciliam</span> <span class='ocrx_word' id='word_1_203' title='bbox 381 2431 573 2496; x_wconf 90' lang='lat' dir='ltr'>nominabat.</span> <span class='ocrx_word' id='word_1_204' title='bbox 607 2433 672 2496; x_wconf 90' lang='lat' dir='ltr'>Nos</span> <span class='ocrx_word' id='word_1_205' title='bbox 693 2453 769 2496; x_wconf 84' lang='lat' dir='ltr'>vero</span> <span class='ocrx_word' id='word_1_206' title='bbox 793 2434 915 2517; x_wconf 82' lang='lat' dir='ltr'>experti</span> <span class='ocrx_word' id='word_1_207' title='bbox 938 2455 1046 2498; x_wconf 92' lang='lat' dir='ltr'>sumus</span> <span class='ocrx_word' id='word_1_208' title='bbox 1068 2433 1178 2496; x_wconf 88' lang='lat' dir='ltr'>ltalico</span> <span class='ocrx_word' id='word_1_209' title='bbox 1193 2433 1330 2496; x_wconf 82' lang='lat' dir='ltr'>maximo</span> <span class='ocrx_word' id='word_1_210' title='bbox 1347 2431 1587 2500; x_wconf 80' lang='lat' dir='ltr'>difficillimo-so</span> 
     </span>
    </p>

    <p class='ocr_par' dir='ltr' id='par_1_14' title="bbox 221 2525 1766 2894">
     <span class='ocr_line' id='line_1_22' title="bbox 223 2525 1548 2612; baseline 0.002 -24"><span class='ocrx_word' id='word_1_211' title='bbox 223 2545 286 2610; x_wconf 89' lang='lat' dir='ltr'>que</span> <span class='ocrx_word' id='word_1_212' title='bbox 313 2525 399 2589; x_wconf 89' lang='lat' dir='ltr'>bello</span> <span class='ocrx_word' id='word_1_213' title='bbox 429 2527 567 2590; x_wconf 90' lang='lat' dir='ltr'>Siciliam</span> <span class='ocrx_word' id='word_1_214' title='bbox 593 2527 685 2591; x_wconf 90' lang='lat' dir='ltr'>nobis</span> <span class='ocrx_word' id='word_1_215' title='bbox 713 2548 779 2592; x_wconf 94' lang='lat' dir='ltr'>non</span> <span class='ocrx_word' id='word_1_216' title='bbox 807 2546 865 2612; x_wconf 90' lang='lat' dir='ltr'>pro</span> <span class='ocrx_word' id='word_1_217' title='bbox 894 2529 1026 2611; x_wconf 88' lang='lat' dir='ltr'>penaria</span> <span class='ocrx_word' id='word_1_218' title='bbox 1055 2527 1149 2603; x_wconf 89' lang='lat' dir='ltr'>cella,</span> <span class='ocrx_word' id='word_1_219' title='bbox 1185 2525 1241 2592; x_wconf 89' lang='lat' dir='ltr'>sed</span> <span class='ocrx_word' id='word_1_220' title='bbox 1268 2547 1327 2611; x_wconf 90' lang='lat' dir='ltr'>pro</span> <span class='ocrx_word' id='word_1_221' title='bbox 1348 2527 1470 2592; x_wconf 86' lang='lat' dir='ltr'>aerario</span> <span class='ocrx_word' id='word_1_222' title='bbox 1492 2527 1548 2591; x_wconf 94' lang='lat' dir='ltr'>illo</span> 
     </span>
     <span class='ocr_line' id='line_1_23' title="bbox 223 2611 1679 2713; baseline 0.001 -31"><span class='ocrx_word' id='word_1_223' title='bbox 223 2620 378 2683; x_wconf 88' lang='lat' dir='ltr'>maiorum</span> <span class='ocrx_word' id='word_1_224' title='bbox 400 2629 507 2685; x_wconf 85' lang='lat' dir='ltr'>vetere</span> <span class='ocrx_word' id='word_1_225' title='bbox 530 2640 567 2684; x_wconf 89' lang='lat' dir='ltr'>ao</span> <span class='ocrx_word' id='word_1_226' title='bbox 588 2621 704 2685; x_wconf 79' lang='lat' dir='ltr'>referto</span> <span class='ocrx_word' id='word_1_227' title='bbox 725 2621 835 2686; x_wconf 83' lang='lat' dir='ltr'>fuisse.</span> <span class='ocrx_word' id='word_1_228' title='bbox 863 2611 957 2707; x_wconf 72' lang='lat' dir='ltr'>(Nam</span> <span class='ocrx_word' id='word_1_229' title='bbox 983 2621 1052 2686; x_wconf 93' lang='lat' dir='ltr'>sine</span> <span class='ocrx_word' id='word_1_230' title='bbox 1074 2620 1141 2684; x_wconf 93' lang='lat' dir='ltr'>ullo</span> <span class='ocrx_word' id='word_1_231' title='bbox 1163 2628 1291 2705; x_wconf 91' lang='lat' dir='ltr'>sumptu</span> <span class='ocrx_word' id='word_1_232' title='bbox 1313 2630 1421 2686; x_wconf 90' lang='lat' dir='ltr'>nostro</span> <span class='ocrx_word' id='word_1_233' title='bbox 1443 2621 1548 2697; x_wconf 86' lang='lat' dir='ltr'>coriis,</span> <span class='ocrx_word' id='word_1_234' title='bbox 1663 2665 1679 2713; x_wconf 25' lang='lat'>¹,</span> 
     </span>
     <span class='ocr_line' id='line_1_24' title="bbox 221 2673 1766 2814; baseline 0.003 -38"><span class='ocrx_word' id='word_1_235' title='bbox 221 2712 336 2776; x_wconf 89' lang='lat' dir='ltr'>tunicis</span> <span class='ocrx_word' id='word_1_236' title='bbox 350 2711 576 2800; x_wconf 87' lang='lat' dir='ltr'>frumentoque</span> <span class='ocrx_word' id='word_1_237' title='bbox 597 2715 798 2802; x_wconf 69' lang='lat' dir='ltr'>suppeditato</span> <span class='ocrx_word' id='word_1_238' title='bbox 814 2717 968 2780; x_wconf 83' lang='lat' dir='ltr'>maximos</span> <span class='ocrx_word' id='word_1_239' title='bbox 984 2715 1143 2780; x_wconf 85' lang='lat' dir='ltr'>exercitus</span> <span class='ocrx_word' id='word_1_240' title='bbox 1155 2723 1284 2780; x_wconf 89' lang='lat' dir='ltr'>nostros</span> <span class='ocrx_word' id='word_1_241' title='bbox 1298 2708 1449 2814; x_wconf 74' lang='lat' dir='ltr'>vestivit.)</span> <span class='ocrx_word' id='word_1_242' title='bbox 1461 2715 1549 2790; x_wconf 90' lang='lat' dir='ltr'>aluit,</span> <span class='ocrx_word' id='word_1_243' title='bbox 1623 2712 1730 2783; x_wconf 52' lang='lat'>4701&amp;-</span> <span class='ocrx_word' id='word_1_244' title='bbox 1748 2673 1766 2758; x_wconf 64' lang='lat'>⁸3</span> 
     </span>
     <span class='ocr_line' id='line_1_25' title="bbox 223 2807 1549 2894; baseline 0.003 -24"><span class='ocrx_word' id='word_1_245' title='bbox 223 2807 361 2870; x_wconf 79' lang='lat' dir='ltr'>armavit.</span> <span class='ocrx_word' id='word_1_246' title='bbox 405 2808 460 2872; x_wconf 91' lang='lat' dir='ltr'>lll.</span> <span class='ocrx_word' id='word_1_247' title='bbox 484 2807 514 2871; x_wconf 87' lang='grc'>6.</span> <span class='ocrx_word' id='word_1_248' title='bbox 538 2809 645 2885; x_wconf 78' lang='lat' dir='ltr'>Quint</span> <span class='ocrx_word' id='word_1_249' title='bbox 672 2809 743 2885; x_wconf 89' lang='lat' dir='ltr'>illa,</span> <span class='ocrx_word' id='word_1_250' title='bbox 771 2829 853 2893; x_wconf 88' lang='lat' dir='ltr'>quae</span> <span class='ocrx_word' id='word_1_251' title='bbox 881 2810 1015 2875; x_wconf 83' lang='lat' dir='ltr'>forsitan</span> <span class='ocrx_word' id='word_1_252' title='bbox 1036 2829 1077 2874; x_wconf 91' lang='lat' dir='ltr'>ne</span> <span class='ocrx_word' id='word_1_253' title='bbox 1099 2811 1271 2874; x_wconf 88' lang='lat' dir='ltr'>sentiamus</span> <span class='ocrx_word' id='word_1_254' title='bbox 1293 2811 1439 2894; x_wconf 87' lang='lat' dir='ltr'>quidem,</span> <span class='ocrx_word' id='word_1_255' title='bbox 1466 2809 1549 2874; x_wconf 92' lang='lat' dir='ltr'>iudi-</span> 
     </span>
    </p>

    <p class='ocr_par' dir='ltr' id='par_1_15' title="bbox 220 2901 1586 2990">
     <span class='ocr_line' id='line_1_26' title="bbox 220 2901 1586 2990; baseline 0.006 -28"><span class='ocrx_word' id='word_1_256' title='bbox 220 2919 287 2974; x_wconf 90' lang='lat' dir='ltr'>ces,</span> <span class='ocrx_word' id='word_1_257' title='bbox 310 2909 430 2984; x_wconf 85' lang='lat' dir='ltr'>quanta</span> <span class='ocrx_word' id='word_1_258' title='bbox 451 2901 541 2966; x_wconf 92' lang='lat' dir='ltr'>suntl</span> <span class='ocrx_word' id='word_1_259' title='bbox 571 2902 657 2987; x_wconf 92' lang='lat' dir='ltr'>quod</span> <span class='ocrx_word' id='word_1_260' title='bbox 680 2903 787 2968; x_wconf 91' lang='lat' dir='ltr'>multis</span> <span class='ocrx_word' id='word_1_261' title='bbox 808 2903 1067 2987; x_wconf 88' lang='lat' dir='ltr'>locupletioribus</span> <span class='ocrx_word' id='word_1_262' title='bbox 1082 2905 1204 2969; x_wconf 84' lang='lat' dir='ltr'>civibus</span> <span class='ocrx_word' id='word_1_263' title='bbox 1226 2904 1361 2981; x_wconf 88' lang='lat' dir='ltr'>utimur,</span> <span class='ocrx_word' id='word_1_264' title='bbox 1384 2905 1471 2990; x_wconf 91' lang='lat' dir='ltr'>quod</span> <span class='ocrx_word' id='word_1_265' title='bbox 1491 2905 1586 2970; x_wconf 78' lang='lat' dir='ltr'>ba-tt</span> 
     </span>
    </p>

    <p class='ocr_par' dir='ltr' id='par_1_16' title="bbox 213 2993 1549 3084">
     <span class='ocr_line' id='line_1_27' title="bbox 213 2993 1549 3084; baseline 0.005 -28"><span class='ocrx_word' id='word_1_266' title='bbox 213 2993 295 3058; x_wconf 90' lang='lat' dir='ltr'>bent</span> <span class='ocrx_word' id='word_1_267' title='bbox 315 2996 550 3083; x_wconf 90' lang='lat' dir='ltr'>propinquam,</span> <span class='ocrx_word' id='word_1_268' title='bbox 571 2995 699 3062; x_wconf 89' lang='lat' dir='ltr'>fidelem</span> <span class='ocrx_word' id='word_1_269' title='bbox 719 2997 980 3083; x_wconf 79' lang='lat' dir='ltr'>fructuosamque</span> <span class='ocrx_word' id='word_1_270' title='bbox 1002 2998 1213 3082; x_wconf 85' lang='lat' dir='ltr'>provinciam,</span> <span class='ocrx_word' id='word_1_271' title='bbox 1235 3019 1300 3084; x_wconf 91' lang='lat' dir='ltr'>quo</span> <span class='ocrx_word' id='word_1_272' title='bbox 1320 2997 1414 3062; x_wconf 81' lang='lat' dir='ltr'>facile</span> <span class='ocrx_word' id='word_1_273' title='bbox 1437 3019 1549 3063; x_wconf 78' lang='lat' dir='ltr'>exaur-</span> 
     </span>
    </p>

    <p class='ocr_par' dir='ltr' id='par_1_17' title="bbox 218 3091 1549 3177">
     <span class='ocr_line' id='line_1_28' title="bbox 218 3091 1549 3177; baseline 0.005 -26"><span class='ocrx_word' id='word_1_274' title='bbox 218 3095 306 3165; x_wconf 91' lang='lat' dir='ltr'>rant,</span> <span class='ocrx_word' id='word_1_275' title='bbox 327 3091 383 3154; x_wconf 91' lang='lat' dir='ltr'>nbi</span> <span class='ocrx_word' id='word_1_276' title='bbox 405 3091 540 3155; x_wconf 90' lang='lat' dir='ltr'>libenter</span> <span class='ocrx_word' id='word_1_277' title='bbox 560 3093 725 3176; x_wconf 75' lang='lat' dir='ltr'>negotium</span> <span class='ocrx_word' id='word_1_278' title='bbox 747 3099 873 3175; x_wconf 72' lang='lat' dir='ltr'>gerant3</span> <span class='ocrx_word' id='word_1_279' title='bbox 903 3113 984 3175; x_wconf 90' lang='lat' dir='ltr'>quos</span> <span class='ocrx_word' id='word_1_280' title='bbox 1006 3095 1062 3157; x_wconf 90' lang='lat' dir='ltr'>illa</span> <span class='ocrx_word' id='word_1_281' title='bbox 1082 3093 1198 3176; x_wconf 90' lang='lat' dir='ltr'>partim</span> <span class='ocrx_word' id='word_1_282' title='bbox 1220 3093 1376 3157; x_wconf 89' lang='lat' dir='ltr'>mercibus</span> <span class='ocrx_word' id='word_1_283' title='bbox 1399 3092 1549 3177; x_wconf 90' lang='lat' dir='ltr'>suppedi-</span> 
     </span>
    </p>
   </div>
   <div class='ocr_carea' id='block_1_3' title="bbox 87 3183 1549 3276">
    <p class='ocr_par' dir='ltr' id='par_1_18' title="bbox 87 3183 1549 3276">
     <span class='ocr_line' id='line_1_29' title="bbox 87 3183 1549 3276; baseline 0.004 -31"><span class='ocrx_word' id='word_1_284' title='bbox 87 3253 98 3276; x_wconf 38' lang='grc' dir='ltr'><em>ο</em></span> <span class='ocrx_word' id='word_1_285' title='bbox 218 3183 325 3247; x_wconf 82' lang='lat' dir='ltr'>tendis</span> <span class='ocrx_word' id='word_1_286' title='bbox 347 3203 418 3248; x_wconf 90' lang='lat' dir='ltr'>cum</span> <span class='ocrx_word' id='word_1_287' title='bbox 441 3193 576 3270; x_wconf 88' lang='lat' dir='ltr'>quaestu</span> <span class='ocrx_word' id='word_1_288' title='bbox 599 3187 854 3273; x_wconf 85' lang='lat' dir='ltr'>compendioque</span> <span class='ocrx_word' id='word_1_289' title='bbox 877 3187 1020 3263; x_wconf 90' lang='lat' dir='ltr'>dimittit,</span> <span class='ocrx_word' id='word_1_290' title='bbox 1042 3187 1156 3271; x_wconf 87' lang='lat' dir='ltr'>partim</span> <span class='ocrx_word' id='word_1_291' title='bbox 1175 3189 1308 3263; x_wconf 87' lang='lat' dir='ltr'>retinet,</span> <span class='ocrx_word' id='word_1_292' title='bbox 1329 3194 1366 3250; x_wconf 90' lang='lat' dir='ltr'>ut</span> <span class='ocrx_word' id='word_1_293' title='bbox 1387 3205 1492 3264; x_wconf 87' lang='lat' dir='ltr'>arare,</span> <span class='ocrx_word' id='word_1_294' title='bbox 1512 3194 1549 3251; x_wconf 89' lang='lat' dir='ltr'>ut</span> 
     </span>
    </p>
   </div>
   <div class='ocr_carea' id='block_1_4' title="bbox 218 3279 1685 4119">
    <p class='ocr_par' dir='ltr' id='par_1_19' title="bbox 218 3279 1548 3364">
     <span class='ocr_line' id='line_1_30' title="bbox 218 3279 1548 3364; baseline 0.003 -23"><span class='ocrx_word' id='word_1_295' title='bbox 218 3297 367 3360; x_wconf 86' lang='lat' dir='ltr'>pascere,</span> <span class='ocrx_word' id='word_1_296' title='bbox 395 3285 433 3341; x_wconf 93' lang='lat' dir='ltr'>ut</span> <span class='ocrx_word' id='word_1_297' title='bbox 452 3279 608 3362; x_wconf 80' lang='lat' dir='ltr'>negotiari</span> <span class='ocrx_word' id='word_1_298' title='bbox 628 3279 742 3355; x_wconf 91' lang='lat' dir='ltr'>libeat,</span> <span class='ocrx_word' id='word_1_299' title='bbox 768 3288 805 3344; x_wconf 91' lang='lat' dir='ltr'>ut</span> <span class='ocrx_word' id='word_1_300' title='bbox 833 3280 971 3364; x_wconf 91' lang='lat' dir='ltr'>denique</span> <span class='ocrx_word' id='word_1_301' title='bbox 993 3281 1086 3346; x_wconf 88' lang='lat' dir='ltr'>sedes</span> <span class='ocrx_word' id='word_1_302' title='bbox 1107 3301 1144 3344; x_wconf 88' lang='lat' dir='ltr'>ae</span> <span class='ocrx_word' id='word_1_303' title='bbox 1166 3280 1358 3345; x_wconf 88' lang='lat' dir='ltr'>domicilium</span> <span class='ocrx_word' id='word_1_304' title='bbox 1380 3279 1548 3346; x_wconf 86' lang='lat' dir='ltr'>collocare.</span> 
     </span>
    </p>

    <p class='ocr_par' dir='ltr' id='par_1_20' title="bbox 220 3372 1585 3459">
     <span class='ocr_line' id='line_1_31' title="bbox 220 3372 1585 3459; baseline 0.007 -24"><span class='ocrx_word' id='word_1_305' title='bbox 220 3372 315 3448; x_wconf 86' lang='lat' dir='ltr'>Quod</span> <span class='ocrx_word' id='word_1_306' title='bbox 337 3373 539 3436; x_wconf 88' lang='lat' dir='ltr'>commodum</span> <span class='ocrx_word' id='word_1_307' title='bbox 560 3394 626 3438; x_wconf 91' lang='lat' dir='ltr'>non</span> <span class='ocrx_word' id='word_1_308' title='bbox 647 3373 807 3439; x_wconf 88' lang='lat' dir='ltr'>mediocre</span> <span class='ocrx_word' id='word_1_309' title='bbox 828 3374 875 3438; x_wconf 89' lang='lat' dir='ltr'>rei</span> <span class='ocrx_word' id='word_1_310' title='bbox 896 3375 1045 3459; x_wconf 87' lang='lat' dir='ltr'>publicae</span> <span class='ocrx_word' id='word_1_311' title='bbox 1068 3383 1132 3453; x_wconf 88' lang='lat' dir='ltr'>est,</span> <span class='ocrx_word' id='word_1_312' title='bbox 1153 3383 1277 3439; x_wconf 84' lang='lat' dir='ltr'>tantum</span> <span class='ocrx_word' id='word_1_313' title='bbox 1298 3375 1416 3440; x_wconf 84' lang='lat' dir='ltr'>civium</span> <span class='ocrx_word' id='word_1_314' title='bbox 1436 3395 1585 3444; x_wconf 82' lang='lat' dir='ltr'>nume-et</span> 
     </span>
    </p>

    <p class='ocr_par' dir='ltr' id='par_1_21' title="bbox 218 3463 1685 4040">
     <span class='ocr_line' id='line_1_32' title="bbox 219 3463 1649 3555; baseline 0.003 -25"><span class='ocrx_word' id='word_1_315' title='bbox 219 3485 291 3530; x_wconf 88' lang='lat' dir='ltr'>rum</span> <span class='ocrx_word' id='word_1_316' title='bbox 312 3472 377 3530; x_wconf 84' lang='lat' dir='ltr'>tam</span> <span class='ocrx_word' id='word_1_317' title='bbox 398 3487 499 3550; x_wconf 92' lang='lat' dir='ltr'>prope</span> <span class='ocrx_word' id='word_1_318' title='bbox 520 3469 560 3532; x_wconf 89' lang='lat' dir='ltr'>ab</span> <span class='ocrx_word' id='word_1_319' title='bbox 583 3469 698 3545; x_wconf 88' lang='lat' dir='ltr'>domo,</span> <span class='ocrx_word' id='word_1_320' title='bbox 720 3477 783 3532; x_wconf 90' lang='lat' dir='ltr'>tam</span> <span class='ocrx_word' id='word_1_321' title='bbox 804 3469 897 3533; x_wconf 89' lang='lat' dir='ltr'>bonis</span> <span class='ocrx_word' id='word_1_322' title='bbox 919 3469 1154 3555; x_wconf 79' lang='lat' dir='ltr'>fructuosisque</span> <span class='ocrx_word' id='word_1_323' title='bbox 1176 3469 1272 3536; x_wconf 90' lang='lat' dir='ltr'>rebus</span> <span class='ocrx_word' id='word_1_324' title='bbox 1287 3469 1430 3534; x_wconf 86' lang='lat' dir='ltr'>detineri.</span> <span class='ocrx_word' id='word_1_325' title='bbox 1463 3465 1494 3533; x_wconf 83' lang='lat'>7.</span> <span class='ocrx_word' id='word_1_326' title='bbox 1508 3469 1549 3534; x_wconf 88' lang='lat' dir='ltr'>Et</span> <span class='ocrx_word' id='word_1_327' title='bbox 1646 3463 1649 3469; x_wconf 46' lang='lat'><strong>¹</strong></span> 
     </span>
     <span class='ocr_line' id='line_1_33' title="bbox 220 3559 1673 3668; baseline 0.004 -45"><span class='ocrx_word' id='word_1_328' title='bbox 220 3559 372 3644; x_wconf 86' lang='lat' dir='ltr'>quoniam</span> <span class='ocrx_word' id='word_1_329' title='bbox 405 3563 497 3645; x_wconf 90' lang='lat' dir='ltr'>quasi</span> <span class='ocrx_word' id='word_1_330' title='bbox 524 3563 682 3646; x_wconf 89' lang='lat' dir='ltr'>quaedam</span> <span class='ocrx_word' id='word_1_331' title='bbox 707 3563 838 3647; x_wconf 87' lang='lat' dir='ltr'>praedia</span> <span class='ocrx_word' id='word_1_332' title='bbox 864 3565 974 3649; x_wconf 90' lang='lat' dir='ltr'>populi</span> <span class='ocrx_word' id='word_1_333' title='bbox 1002 3565 1136 3628; x_wconf 88' lang='lat' dir='ltr'>Romani</span> <span class='ocrx_word' id='word_1_334' title='bbox 1158 3570 1233 3628; x_wconf 90' lang='lat' dir='ltr'>sunt</span> <span class='ocrx_word' id='word_1_335' title='bbox 1254 3564 1419 3648; x_wconf 77' lang='lat' dir='ltr'>vectigalia</span> <span class='ocrx_word' id='word_1_336' title='bbox 1438 3571 1548 3654; x_wconf 73' lang='lat' dir='ltr'>nostra</span> <span class='ocrx_word' id='word_1_337' title='bbox 1659 3572 1673 3668; x_wconf 66' lang='lat' dir='ltr'>J</span> 
     </span>
     <span class='ocr_line' id='line_1_34' title="bbox 219 3655 1547 3748; baseline 0.003 -31"><span class='ocrx_word' id='word_1_338' title='bbox 219 3659 316 3738; x_wconf 89' lang='lat' dir='ltr'>atque</span> <span class='ocrx_word' id='word_1_339' title='bbox 338 3655 534 3738; x_wconf 83' lang='lat' dir='ltr'>provinciae,</span> <span class='ocrx_word' id='word_1_340' title='bbox 557 3657 822 3742; x_wconf 89' lang='lat' dir='ltr'>quemadmodum</span> <span class='ocrx_word' id='word_1_341' title='bbox 843 3677 901 3722; x_wconf 79' lang='lat' dir='ltr'>vos</span> <span class='ocrx_word' id='word_1_342' title='bbox 923 3659 1113 3743; x_wconf 89' lang='lat' dir='ltr'>propinquis</span> <span class='ocrx_word' id='word_1_343' title='bbox 1129 3659 1244 3722; x_wconf 88' lang='lat' dir='ltr'>vestris</span> <span class='ocrx_word' id='word_1_344' title='bbox 1257 3657 1396 3748; x_wconf 89' lang='lat' dir='ltr'>praediis</span> <span class='ocrx_word' id='word_1_345' title='bbox 1410 3658 1547 3722; x_wconf 86' lang='lat' dir='ltr'>maxime</span> 
     </span>
     <span class='ocr_line' id='line_1_35' title="bbox 220 3746 1548 3836; baseline 0.003 -26"><span class='ocrx_word' id='word_1_346' title='bbox 220 3746 438 3825; x_wconf 85' lang='lat' dir='ltr'>delectamini,</span> <span class='ocrx_word' id='word_1_347' title='bbox 468 3750 514 3814; x_wconf 90' lang='lat' dir='ltr'>sic</span> <span class='ocrx_word' id='word_1_348' title='bbox 536 3751 657 3836; x_wconf 92' lang='lat' dir='ltr'>populo</span> <span class='ocrx_word' id='word_1_349' title='bbox 679 3753 821 3816; x_wconf 85' lang='lat' dir='ltr'>Romano</span> <span class='ocrx_word' id='word_1_350' title='bbox 844 3753 983 3817; x_wconf 91' lang='lat' dir='ltr'>iucunda</span> <span class='ocrx_word' id='word_1_351' title='bbox 1004 3752 1227 3818; x_wconf 87' lang='lat' dir='ltr'>suburbanitas</span> <span class='ocrx_word' id='word_1_352' title='bbox 1250 3759 1298 3817; x_wconf 91' lang='lat' dir='ltr'>est</span> <span class='ocrx_word' id='word_1_353' title='bbox 1318 3751 1451 3815; x_wconf 88' lang='lat' dir='ltr'>huiusce</span> <span class='ocrx_word' id='word_1_354' title='bbox 1471 3771 1548 3834; x_wconf 90' lang='lat' dir='ltr'>pra·</span> 
     </span>
     <span class='ocr_line' id='line_1_36' title="bbox 218 3842 1685 3952; baseline 0.001 -46"><span class='ocrx_word' id='word_1_355' title='bbox 218 3843 353 3908; x_wconf 87' lang='lat' dir='ltr'>vinciae.</span> <span class='ocrx_word' id='word_1_356' title='bbox 395 3842 462 3908; x_wconf 86' lang='lat' dir='ltr'>lam</span> <span class='ocrx_word' id='word_1_357' title='bbox 483 3866 559 3910; x_wconf 83' lang='lat' dir='ltr'>vero</span> <span class='ocrx_word' id='word_1_358' title='bbox 580 3845 746 3910; x_wconf 90' lang='lat' dir='ltr'>bominum</span> <span class='ocrx_word' id='word_1_359' title='bbox 766 3848 924 3931; x_wconf 88' lang='lat' dir='ltr'>ipsorum,</span> <span class='ocrx_word' id='word_1_360' title='bbox 951 3848 1088 3925; x_wconf 89' lang='lat' dir='ltr'>iudices,</span> <span class='ocrx_word' id='word_1_361' title='bbox 1112 3867 1150 3910; x_wconf 90' lang='lat' dir='ltr'>ea</span> <span class='ocrx_word' id='word_1_362' title='bbox 1171 3847 1340 3932; x_wconf 90' lang='lat' dir='ltr'>patientia,</span> <span class='ocrx_word' id='word_1_363' title='bbox 1362 3845 1461 3909; x_wconf 84' lang='lat' dir='ltr'>virtus</span> <span class='ocrx_word' id='word_1_364' title='bbox 1480 3843 1583 3915; x_wconf 71' lang='lat' dir='ltr'>fra-as</span> <span class='ocrx_word' id='word_1_365' title='bbox 1666 3867 1685 3952; x_wconf 72' lang='lat'><em>3</em></span> 
     </span>
     <span class='ocr_line' id='line_1_37' title="bbox 220 3925 1545 4040; baseline 0.002 -38"><span class='ocrx_word' id='word_1_366' title='bbox 220 3936 396 4025; x_wconf 74' lang='lat' dir='ltr'>galliasque</span> <span class='ocrx_word' id='word_1_367' title='bbox 418 3948 483 4040; x_wconf 70' lang='lat' dir='ltr'>est,</span> <span class='ocrx_word' id='word_1_368' title='bbox 511 3945 548 4004; x_wconf 89' lang='lat' dir='ltr'>ut</span> <span class='ocrx_word' id='word_1_369' title='bbox 574 3943 719 4024; x_wconf 84' lang='lat' dir='ltr'>proxime</span> <span class='ocrx_word' id='word_1_370' title='bbox 741 3941 782 4004; x_wconf 89' lang='lat' dir='ltr'>ad</span> <span class='ocrx_word' id='word_1_371' title='bbox 803 3950 945 4004; x_wconf 90' lang='lat' dir='ltr'>nostram</span> <span class='ocrx_word' id='word_1_372' title='bbox 967 3925 1165 4024; x_wconf 70' lang='lat' dir='ltr'>disciplinalis</span> <span class='ocrx_word' id='word_1_373' title='bbox 1185 3940 1274 4005; x_wconf 89' lang='lat' dir='ltr'>illam</span> <span class='ocrx_word' id='word_1_374' title='bbox 1295 3947 1453 4016; x_wconf 78' lang='lat' dir='ltr'>veterem,</span> <span class='ocrx_word' id='word_1_375' title='bbox 1479 3958 1545 4004; x_wconf 92' lang='lat' dir='ltr'>non</span> 
     </span>
    </p>

    <p class='ocr_par' dir='ltr' id='par_1_22' title="bbox 219 4031 1545 4119">
     <span class='ocr_line' id='line_1_38' title="bbox 219 4031 1545 4119; baseline 0.002 -24"><span class='ocrx_word' id='word_1_376' title='bbox 219 4031 259 4096; x_wconf 89' lang='lat' dir='ltr'>ad</span> <span class='ocrx_word' id='word_1_377' title='bbox 284 4031 384 4112; x_wconf 88' lang='lat' dir='ltr'>banc,</span> <span class='ocrx_word' id='word_1_378' title='bbox 419 4054 501 4119; x_wconf 91' lang='lat' dir='ltr'>quae</span> <span class='ocrx_word' id='word_1_379' title='bbox 529 4054 615 4100; x_wconf 92' lang='lat' dir='ltr'>nunc</span> <span class='ocrx_word' id='word_1_380' title='bbox 642 4034 833 4111; x_wconf 86' lang='lat' dir='ltr'>increbruit,</span> <span class='ocrx_word' id='word_1_381' title='bbox 865 4034 1033 4100; x_wconf 75' lang='lat' dir='ltr'>rideantur</span> <span class='ocrx_word' id='word_1_382' title='bbox 1057 4035 1217 4099; x_wconf 88' lang='lat' dir='ltr'>accedere.</span> <span class='ocrx_word' id='word_1_383' title='bbox 1260 4033 1346 4098; x_wconf 88' lang='lat' dir='ltr'>Nihil</span> <span class='ocrx_word' id='word_1_384' title='bbox 1368 4042 1545 4099; x_wconf 84' lang='lat' dir='ltr'>ceterorum</span> 
     </span>
    </p>
   </div>
   <div class='ocr_carea' id='block_1_5' title="bbox 216 4293 1648 5192">
    <p class='ocr_par' dir='ltr' id='par_1_23' title="bbox 216 4293 1648 5192">
     <span class='ocr_line' id='line_1_39' title="bbox 283 4293 1543 4364; baseline -0.002 -14"><span class='ocrx_word' id='word_1_385' title='bbox 283 4295 575 4364; x_wconf 71' lang='lat' dir='ltr'>b.fldem1sieomnes</span> <span class='ocrx_word' id='word_1_386' title='bbox 595 4297 684 4356; x_wconf 79' lang='lat' dir='ltr'>codd:</span> <span class='ocrx_word' id='word_1_387' title='bbox 710 4299 831 4364; x_wconf 67' lang='lat' dir='ltr'>flauaque</span> <span class='ocrx_word' id='word_1_388' title='bbox 851 4299 946 4349; x_wconf 84' lang='lat' dir='ltr'>Greev.</span> <span class='ocrx_word' id='word_1_389' title='bbox 970 4293 997 4336; x_wconf 87' lang='lat'>-&#39;</span> <span class='ocrx_word' id='word_1_390' title='bbox 1024 4297 1048 4349; x_wconf 87' lang='lat'>8.</span> <span class='ocrx_word' id='word_1_391' title='bbox 1070 4296 1230 4348; x_wconf 72' lang='lat' dir='ltr'>ctaadaetar</span> <span class='ocrx_word' id='word_1_392' title='bbox 1247 4295 1358 4362; x_wconf 75' lang='lat' dir='ltr'>egreie</span> <span class='ocrx_word' id='word_1_393' title='bbox 1375 4308 1402 4362; x_wconf 90' lang='lat' dir='ltr'>p.</span> <span class='ocrx_word' id='word_1_394' title='bbox 1416 4309 1460 4360; x_wconf 88' lang='lat' dir='ltr'>m.</span> <span class='ocrx_word' id='word_1_395' title='bbox 1486 4297 1543 4358; x_wconf 77' lang='grc' dir='ltr'>φΛ</span> 
     </span>
     <span class='ocr_line' id='line_1_40' title="bbox 217 4370 1543 4440; baseline -0.002 -16"><span class='ocrx_word' id='word_1_396' title='bbox 217 4371 295 4440; x_wconf 89' lang='lat' dir='ltr'>prob.</span> <span class='ocrx_word' id='word_1_397' title='bbox 314 4375 402 4427; x_wconf 82' lang='lat' dir='ltr'>Garat.</span> <span class='ocrx_word' id='word_1_398' title='bbox 420 4375 466 4426; x_wconf 92' lang='lat' dir='ltr'>ll.:</span> <span class='ocrx_word' id='word_1_399' title='bbox 492 4375 656 4428; x_wconf 68' lang='lat' dir='ltr'>abutebatur</span> <span class='ocrx_word' id='word_1_400' title='bbox 672 4377 718 4426; x_wconf 90' lang='lat' dir='ltr'>ctt.</span> <span class='ocrx_word' id='word_1_401' title='bbox 732 4376 761 4426; x_wconf 90' lang='lat'>0.</span> <span class='ocrx_word' id='word_1_402' title='bbox 783 4401 811 4413; x_wconf 88' lang='lat'><em>-</em></span> <span class='ocrx_word' id='word_1_403' title='bbox 838 4375 879 4425; x_wconf 73' lang='lat' dir='ltr'>lt.</span> <span class='ocrx_word' id='word_1_404' title='bbox 897 4374 1035 4425; x_wconf 78' lang='lat' dir='ltr'>babendum</span> <span class='ocrx_word' id='word_1_405' title='bbox 1055 4374 1106 4424; x_wconf 87' lang='lat' dir='ltr'>Sic.</span> <span class='ocrx_word' id='word_1_406' title='bbox 1125 4373 1193 4438; x_wconf 75' lang='lat' dir='ltr'>agre</span> <span class='ocrx_word' id='word_1_407' title='bbox 1207 4373 1267 4424; x_wconf 79' lang='grc' dir='ltr'>ΑΒ.</span> <span class='ocrx_word' id='word_1_408' title='bbox 1291 4400 1319 4413; x_wconf 95' lang='grc'><strong>-</strong></span> <span class='ocrx_word' id='word_1_409' title='bbox 1347 4371 1387 4422; x_wconf 86' lang='lat' dir='ltr'>td.</span> <span class='ocrx_word' id='word_1_410' title='bbox 1404 4371 1458 4422; x_wconf 81' lang='lat' dir='ltr'>tam</span> <span class='ocrx_word' id='word_1_411' title='bbox 1475 4370 1543 4434; x_wconf 77' lang='lat' dir='ltr'>1.ng</span> 
     </span>
     <span class='ocr_line' id='line_1_41' title="bbox 216 4445 1648 4516; baseline -0.006 -13"><span class='ocrx_word' id='word_1_412' title='bbox 216 4462 244 4516; x_wconf 88' lang='lat' dir='ltr'>p.</span> <span class='ocrx_word' id='word_1_413' title='bbox 261 4462 298 4502; x_wconf 89' lang='lat' dir='ltr'>m.</span> <span class='ocrx_word' id='word_1_414' title='bbox 315 4452 385 4515; x_wconf 76' lang='grc' dir='ltr'>Νφτ</span> <span class='ocrx_word' id='word_1_415' title='bbox 414 4463 467 4502; x_wconf 89' lang='lat' dir='ltr'>om.</span> <span class='ocrx_word' id='word_1_416' title='bbox 492 4453 537 4502; x_wconf 89' lang='lat' dir='ltr'>ott.</span> <span class='ocrx_word' id='word_1_417' title='bbox 559 4452 589 4502; x_wconf 90' lang='lat'>0.</span> <span class='ocrx_word' id='word_1_418' title='bbox 613 4477 641 4489; x_wconf 90' lang='lat'>·-</span> <span class='ocrx_word' id='word_1_419' title='bbox 663 4451 704 4502; x_wconf 72' lang='grc' dir='ltr'>ΞΟ.</span> <span class='ocrx_word' id='word_1_420' title='bbox 722 4449 868 4502; x_wconf 80' lang='lat' dir='ltr'>amntoabat</span> <span class='ocrx_word' id='word_1_421' title='bbox 883 4449 949 4512; x_wconf 80' lang='lat' dir='ltr'>lrp:</span> <span class='ocrx_word' id='word_1_422' title='bbox 973 4450 1112 4500; x_wconf 78' lang='lat' dir='ltr'>nominavit</span> <span class='ocrx_word' id='word_1_423' title='bbox 1128 4449 1176 4500; x_wconf 92' lang='lat' dir='ltr'>dtt.</span> <span class='ocrx_word' id='word_1_424' title='bbox 1197 4451 1226 4501; x_wconf 88' lang='lat'>0.</span> <span class='ocrx_word' id='word_1_425' title='bbox 1245 4475 1274 4486; x_wconf 95' lang='lat'><em>-</em></span> <span class='ocrx_word' id='word_1_426' title='bbox 1300 4447 1341 4502; x_wconf 69' lang='grc' dir='ltr'>ΞΒ.</span> <span class='ocrx_word' id='word_1_427' title='bbox 1365 4445 1544 4510; x_wconf 65' lang='lat' dir='ltr'>suppeditando</span> <span class='ocrx_word' id='word_1_428' title='bbox 1645 4496 1648 4505; x_wconf 82' lang='grc'><strong>,</strong></span> 
     </span>
     <span class='ocr_line' id='line_1_42' title="bbox 217 4522 1544 4592; baseline -0.002 -18"><span class='ocrx_word' id='word_1_429' title='bbox 217 4523 286 4588; x_wconf 75' lang='lat' dir='ltr'>igin</span> <span class='ocrx_word' id='word_1_430' title='bbox 306 4538 333 4590; x_wconf 93' lang='lat' dir='ltr'>p.</span> <span class='ocrx_word' id='word_1_431' title='bbox 351 4537 399 4587; x_wconf 83' lang='lat' dir='ltr'>m..</span> <span class='ocrx_word' id='word_1_432' title='bbox 424 4525 496 4592; x_wconf 88' lang='lat' dir='ltr'>quod</span> <span class='ocrx_word' id='word_1_433' title='bbox 518 4539 617 4590; x_wconf 89' lang='lat' dir='ltr'>perse</span> <span class='ocrx_word' id='word_1_434' title='bbox 639 4539 692 4578; x_wconf 91' lang='lat' dir='ltr'>non</span> <span class='ocrx_word' id='word_1_435' title='bbox 714 4525 801 4577; x_wconf 91' lang='lat' dir='ltr'>minus</span> <span class='ocrx_word' id='word_1_436' title='bbox 822 4529 896 4577; x_wconf 88' lang='lat' dir='ltr'>recte</span> <span class='ocrx_word' id='word_1_437' title='bbox 921 4525 973 4576; x_wconf 87' lang='lat' dir='ltr'>dici</span> <span class='ocrx_word' id='word_1_438' title='bbox 992 4525 1019 4576; x_wconf 91' lang='lat' dir='ltr'>h.</span> <span class='ocrx_word' id='word_1_439' title='bbox 1042 4522 1059 4576; x_wconf 95' lang='lat' dir='ltr'>l.</span> <span class='ocrx_word' id='word_1_440' title='bbox 1084 4526 1187 4589; x_wconf 88' lang='lat' dir='ltr'>potest;</span> <span class='ocrx_word' id='word_1_441' title='bbox 1213 4523 1262 4576; x_wconf 90' lang='lat' dir='ltr'>sed</span> <span class='ocrx_word' id='word_1_442' title='bbox 1284 4523 1416 4587; x_wconf 73' lang='lat' dir='ltr'>vulgatam</span> <span class='ocrx_word' id='word_1_443' title='bbox 1435 4523 1544 4587; x_wconf 85' lang='lat' dir='ltr'>praeter</span> 
     </span>
     <span class='ocr_line' id='line_1_43' title="bbox 218 4597 1540 4664; baseline -0.002 -15"><span class='ocrx_word' id='word_1_444' title='bbox 218 4600 323 4653; x_wconf 86' lang='lat' dir='ltr'>ceteros</span> <span class='ocrx_word' id='word_1_445' title='bbox 344 4597 422 4651; x_wconf 87' lang='lat' dir='ltr'>codd.</span> <span class='ocrx_word' id='word_1_446' title='bbox 445 4602 535 4652; x_wconf 87' lang='lat' dir='ltr'>tuetur</span> <span class='ocrx_word' id='word_1_447' title='bbox 558 4602 639 4653; x_wconf 89' lang='lat' dir='ltr'>etiam</span> <span class='ocrx_word' id='word_1_448' title='bbox 661 4601 802 4652; x_wconf 84' lang='lat' dir='ltr'>auotoritas</span> <span class='ocrx_word' id='word_1_449' title='bbox 820 4601 902 4650; x_wconf 88' lang='lat' dir='ltr'>Servii</span> <span class='ocrx_word' id='word_1_450' title='bbox 925 4599 959 4650; x_wconf 88' lang='lat' dir='ltr'>ed</span> <span class='ocrx_word' id='word_1_451' title='bbox 980 4603 1045 4651; x_wconf 78' lang='lat' dir='ltr'>Aen.</span> <span class='ocrx_word' id='word_1_452' title='bbox 1069 4601 1089 4650; x_wconf 92' lang='lat' dir='ltr'>i.</span> <span class='ocrx_word' id='word_1_453' title='bbox 1109 4601 1144 4659; x_wconf 88' lang='lat' dir='ltr'>t.;</span> <span class='ocrx_word' id='word_1_454' title='bbox 1170 4598 1343 4664; x_wconf 64' lang='lat' dir='ltr'>suppeditabat</span> <span class='ocrx_word' id='word_1_455' title='bbox 1361 4601 1439 4650; x_wconf 78' lang='lat' dir='ltr'>irus.</span> <span class='ocrx_word' id='word_1_456' title='bbox 1458 4597 1492 4648; x_wconf 82' lang='lat' dir='ltr'>ii.</span> <span class='ocrx_word' id='word_1_457' title='bbox 1514 4609 1540 4660; x_wconf 90' lang='lat' dir='ltr'>p.</span> 
     </span>
     <span class='ocr_line' id='line_1_44' title="bbox 216 4670 1540 4742; baseline -0.004 -16"><span class='ocrx_word' id='word_1_458' title='bbox 216 4673 275 4726; x_wconf 71' lang='lat' dir='ltr'>stt.</span> <span class='ocrx_word' id='word_1_459' title='bbox 300 4698 330 4712; x_wconf 94' lang='lat'><em>-</em></span> <span class='ocrx_word' id='word_1_460' title='bbox 356 4673 397 4726; x_wconf 80' lang='lat' dir='ltr'>ei.</span> <span class='ocrx_word' id='word_1_461' title='bbox 419 4675 554 4726; x_wconf 64' lang='lat' dir='ltr'>mmmmm</span> <span class='ocrx_word' id='word_1_462' title='bbox 573 4675 642 4740; x_wconf 74' lang='lat' dir='ltr'>igit</span> <span class='ocrx_word' id='word_1_463' title='bbox 663 4690 690 4742; x_wconf 93' lang='lat' dir='ltr'>p.</span> <span class='ocrx_word' id='word_1_464' title='bbox 709 4690 746 4728; x_wconf 93' lang='lat' dir='ltr'>m.</span> <span class='ocrx_word' id='word_1_465' title='bbox 764 4677 842 4727; x_wconf 79' lang='lat' dir='ltr'>lise:</span> <span class='ocrx_word' id='word_1_466' title='bbox 868 4677 986 4726; x_wconf 80' lang='lat' dir='ltr'>sentimas</span> <span class='ocrx_word' id='word_1_467' title='bbox 1007 4677 1051 4726; x_wconf 87' lang='lat' dir='ltr'>ott.</span> <span class='ocrx_word' id='word_1_468' title='bbox 1074 4674 1102 4726; x_wconf 90' lang='lat'>0.</span> <span class='ocrx_word' id='word_1_469' title='bbox 1129 4673 1162 4726; x_wconf 90' lang='lat' dir='ltr'>cl.</span> <span class='ocrx_word' id='word_1_470' title='bbox 1183 4673 1267 4726; x_wconf 88' lang='lat' dir='ltr'>lland.</span> <span class='ocrx_word' id='word_1_471' title='bbox 1289 4673 1364 4726; x_wconf 85' lang='lat' dir='ltr'>Ture.</span> <span class='ocrx_word' id='word_1_472' title='bbox 1386 4673 1418 4724; x_wconf 95' lang='lat' dir='ltr'>ll.</span> <span class='ocrx_word' id='word_1_473' title='bbox 1435 4683 1463 4734; x_wconf 92' lang='lat' dir='ltr'>p.</span> <span class='ocrx_word' id='word_1_474' title='bbox 1483 4670 1540 4722; x_wconf 78' lang='lat'>7⁴5.</span> 
     </span>
     <span class='ocr_line' id='line_1_45' title="bbox 220 4743 1648 4820; baseline -0.004 -20"><span class='ocrx_word' id='word_1_475' title='bbox 220 4775 247 4786; x_wconf 90' lang='lat'>-</span> <span class='ocrx_word' id='word_1_476' title='bbox 265 4747 307 4800; x_wconf 74' lang='lat'>25.</span> <span class='ocrx_word' id='word_1_477' title='bbox 324 4747 403 4801; x_wconf 78' lang='lat' dir='ltr'>multo</span> <span class='ocrx_word' id='word_1_478' title='bbox 420 4763 436 4800; x_wconf 92' lang='lat' dir='ltr'>e</span> <span class='ocrx_word' id='word_1_479' title='bbox 452 4751 545 4802; x_wconf 84' lang='lat' dir='ltr'>Nannii</span> <span class='ocrx_word' id='word_1_480' title='bbox 562 4764 636 4817; x_wconf 88' lang='lat' dir='ltr'>susp.</span> <span class='ocrx_word' id='word_1_481' title='bbox 654 4753 683 4802; x_wconf 89' lang='lat' dir='ltr'>L.</span> <span class='ocrx_word' id='word_1_482' title='bbox 703 4779 731 4787; x_wconf 94' lang='lat'>—</span> <span class='ocrx_word' id='word_1_483' title='bbox 750 4751 790 4803; x_wconf 85' lang='lat'>30.</span> <span class='ocrx_word' id='word_1_484' title='bbox 811 4749 977 4814; x_wconf 77' lang='lat' dir='ltr'>reipublicae</span> <span class='ocrx_word' id='word_1_485' title='bbox 992 4749 1022 4812; x_wconf 79' lang='lat' dir='ltr'>i,</span> <span class='ocrx_word' id='word_1_486' title='bbox 1043 4749 1112 4800; x_wconf 84' lang='lat' dir='ltr'>FM:</span> <span class='ocrx_word' id='word_1_487' title='bbox 1135 4749 1224 4812; x_wconf 75' lang='lat' dir='ltr'>popelli</span> <span class='ocrx_word' id='word_1_488' title='bbox 1239 4749 1268 4800; x_wconf 80' lang='lat' dir='ltr'>a.</span> <span class='ocrx_word' id='word_1_489' title='bbox 1287 4747 1336 4800; x_wconf 89' lang='lat' dir='ltr'>dtt.</span> <span class='ocrx_word' id='word_1_490' title='bbox 1356 4747 1385 4798; x_wconf 92' lang='lat'>0.</span> <span class='ocrx_word' id='word_1_491' title='bbox 1406 4771 1432 4780; x_wconf 89' lang='lat'><em>-</em></span> <span class='ocrx_word' id='word_1_492' title='bbox 1450 4743 1543 4796; x_wconf 74' lang='lat' dir='ltr'>clotten</span> <span class='ocrx_word' id='word_1_493' title='bbox 1644 4809 1648 4820; x_wconf 31' lang='grc' dir='ltr'>ι</span> 
     </span>
     <span class='ocr_line' id='line_1_46' title="bbox 217 4817 1540 4888; baseline -0.002 -14"><span class='ocrx_word' id='word_1_494' title='bbox 217 4821 287 4888; x_wconf 77' lang='lat' dir='ltr'>1.ng</span> <span class='ocrx_word' id='word_1_495' title='bbox 303 4823 358 4878; x_wconf 79' lang='lat' dir='ltr'>sn</span> <span class='ocrx_word' id='word_1_496' title='bbox 367 4839 374 4875; x_wconf 73' lang='lat' dir='ltr'>a</span> <span class='ocrx_word' id='word_1_497' title='bbox 391 4825 484 4876; x_wconf 69' lang='lat' dir='ltr'>motam</span> <span class='ocrx_word' id='word_1_498' title='bbox 498 4827 669 4878; x_wconf 75' lang='lat' dir='ltr'>ltonmoorum</span> <span class='ocrx_word' id='word_1_499' title='bbox 685 4829 730 4878; x_wconf 88' lang='lat' dir='ltr'>ott.</span> <span class='ocrx_word' id='word_1_500' title='bbox 744 4826 773 4878; x_wconf 90' lang='lat'>0.</span> <span class='ocrx_word' id='word_1_501' title='bbox 797 4826 839 4876; x_wconf 90' lang='lat' dir='ltr'>Sic</span> <span class='ocrx_word' id='word_1_502' title='bbox 856 4823 917 4878; x_wconf 85' lang='lat' dir='ltr'>alibi</span> <span class='ocrx_word' id='word_1_503' title='bbox 934 4826 1094 4878; x_wconf 86' lang='lat' dir='ltr'>adiectlvum</span> <span class='ocrx_word' id='word_1_504' title='bbox 1111 4825 1137 4875; x_wconf 90' lang='lat' dir='ltr'>in</span> <span class='ocrx_word' id='word_1_505' title='bbox 1154 4821 1202 4876; x_wconf 89' lang='lat' dir='ltr'>dtt.</span> <span class='ocrx_word' id='word_1_506' title='bbox 1222 4823 1335 4876; x_wconf 83' lang='lat' dir='ltr'>additur.</span> <span class='ocrx_word' id='word_1_507' title='bbox 1354 4819 1388 4872; x_wconf 90' lang='lat' dir='ltr'>ot.</span> <span class='ocrx_word' id='word_1_508' title='bbox 1400 4819 1431 4870; x_wconf 81' lang='lat' dir='ltr'>V.</span> <span class='ocrx_word' id='word_1_509' title='bbox 1445 4817 1470 4883; x_wconf 71' lang='lat' dir='ltr'>fl.</span> <span class='ocrx_word' id='word_1_510' title='bbox 1484 4819 1540 4871; x_wconf 77' lang='lat' dir='ltr'>iti.</span> 
     </span>
     <span class='ocr_line' id='line_1_47' title="bbox 220 4893 1542 4967; baseline -0.003 -18"><span class='ocrx_word' id='word_1_511' title='bbox 220 4923 247 4934; x_wconf 88' lang='lat'>·-</span> <span class='ocrx_word' id='word_1_512' title='bbox 266 4897 308 4951; x_wconf 78' lang='grc'>34.</span> <span class='ocrx_word' id='word_1_513' title='bbox 327 4900 435 4952; x_wconf 74' lang='lat' dir='ltr'>datiam</span> <span class='ocrx_word' id='word_1_514' title='bbox 449 4898 483 4965; x_wconf 84' lang='lat' dir='ltr'>i,</span> <span class='ocrx_word' id='word_1_515' title='bbox 502 4899 562 4953; x_wconf 73' lang='grc' dir='ltr'>ΡΜ.</span> <span class='ocrx_word' id='word_1_516' title='bbox 577 4927 605 4940; x_wconf 94' lang='lat'><em>-</em></span> <span class='ocrx_word' id='word_1_517' title='bbox 623 4901 663 4954; x_wconf 79' lang='lat'>³3.</span> <span class='ocrx_word' id='word_1_518' title='bbox 681 4915 725 4954; x_wconf 82' lang='lat' dir='ltr'>aas</span> <span class='ocrx_word' id='word_1_519' title='bbox 736 4903 855 4964; x_wconf 72' lang='lat' dir='ltr'>proptrea.</span> <span class='ocrx_word' id='word_1_520' title='bbox 874 4899 942 4966; x_wconf 76' lang='lat' dir='ltr'>1.ng</span> <span class='ocrx_word' id='word_1_521' title='bbox 959 4915 986 4967; x_wconf 89' lang='lat' dir='ltr'>p.</span> <span class='ocrx_word' id='word_1_522' title='bbox 1000 4914 1048 4954; x_wconf 78' lang='lat' dir='ltr'>m:</span> <span class='ocrx_word' id='word_1_523' title='bbox 1071 4913 1144 4964; x_wconf 82' lang='lat' dir='ltr'>prop.</span> <span class='ocrx_word' id='word_1_524' title='bbox 1160 4913 1206 4950; x_wconf 77' lang='lat' dir='ltr'>aaa</span> <span class='ocrx_word' id='word_1_525' title='bbox 1222 4899 1267 4950; x_wconf 85' lang='lat' dir='ltr'>ott.</span> <span class='ocrx_word' id='word_1_526' title='bbox 1286 4899 1315 4950; x_wconf 88' lang='lat'>0.</span> <span class='ocrx_word' id='word_1_527' title='bbox 1330 4925 1358 4937; x_wconf 87' lang='lat'>-</span> <span class='ocrx_word' id='word_1_528' title='bbox 1372 4893 1412 4947; x_wconf 81' lang='lat' dir='ltr'>et.</span> <span class='ocrx_word' id='word_1_529' title='bbox 1431 4900 1467 4946; x_wconf 79' lang='lat' dir='ltr'>cet</span> <span class='ocrx_word' id='word_1_530' title='bbox 1482 4895 1542 4946; x_wconf 62' lang='grc' dir='ltr'>πιὼ-</span> 
     </span>
     <span class='ocr_line' id='line_1_48' title="bbox 216 4970 1539 5042; baseline -0.005 -14"><span class='ocrx_word' id='word_1_531' title='bbox 216 4971 273 5024; x_wconf 69' lang='lat' dir='ltr'>vrb.</span> <span class='ocrx_word' id='word_1_532' title='bbox 291 4972 362 5038; x_wconf 66' lang='lat' dir='ltr'>iaso</span> <span class='ocrx_word' id='word_1_533' title='bbox 379 4986 415 5026; x_wconf 91' lang='lat' dir='ltr'>m.</span> <span class='ocrx_word' id='word_1_534' title='bbox 431 4988 458 5042; x_wconf 94' lang='lat' dir='ltr'>p.</span> <span class='ocrx_word' id='word_1_535' title='bbox 475 4974 507 5027; x_wconf 83' lang='lat' dir='ltr'>ie</span> <span class='ocrx_word' id='word_1_536' title='bbox 525 4989 558 5027; x_wconf 83' lang='lat' dir='ltr'>ex</span> <span class='ocrx_word' id='word_1_537' title='bbox 572 4989 642 5028; x_wconf 83' lang='lat' dir='ltr'>corr.</span> <span class='ocrx_word' id='word_1_538' title='bbox 662 5005 690 5015; x_wconf 90' lang='lat'>-</span> <span class='ocrx_word' id='word_1_539' title='bbox 713 4977 754 5028; x_wconf 76' lang='lat'>37.</span> <span class='ocrx_word' id='word_1_540' title='bbox 774 4978 808 5027; x_wconf 87' lang='lat' dir='ltr'>ad</span> <span class='ocrx_word' id='word_1_541' title='bbox 823 4977 889 5028; x_wconf 80' lang='lat' dir='ltr'>tanc</span> <span class='ocrx_word' id='word_1_542' title='bbox 907 4976 1004 5040; x_wconf 71' lang='lat' dir='ltr'>LngC</span> <span class='ocrx_word' id='word_1_543' title='bbox 1020 4975 1132 5028; x_wconf 83' lang='lat' dir='ltr'>vindob.</span> <span class='ocrx_word' id='word_1_544' title='bbox 1151 4976 1173 5026; x_wconf 83' lang='grc' dir='ltr'>Α</span> <span class='ocrx_word' id='word_1_545' title='bbox 1189 4987 1233 5039; x_wconf 90' lang='lat' dir='ltr'>ep.</span> <span class='ocrx_word' id='word_1_546' title='bbox 1246 4975 1361 5037; x_wconf 77' lang='lat' dir='ltr'>Zumpt:</span> <span class='ocrx_word' id='word_1_547' title='bbox 1379 4971 1444 5020; x_wconf 79' lang='lat' dir='ltr'>baua</span> <span class='ocrx_word' id='word_1_548' title='bbox 1461 4970 1539 5035; x_wconf 78' lang='lat' dir='ltr'>Lagg.</span> 
     </span>
     <span class='ocr_line' id='line_1_49' title="bbox 217 5044 1541 5113; baseline -0.002 -15"><span class='ocrx_word' id='word_1_549' title='bbox 217 5046 275 5100; x_wconf 92' lang='lat' dir='ltr'>rell.</span> <span class='ocrx_word' id='word_1_550' title='bbox 287 5049 370 5113; x_wconf 78' lang='grc' dir='ltr'>ΑΒφ</span> <span class='ocrx_word' id='word_1_551' title='bbox 381 5051 442 5104; x_wconf 80' lang='lat' dir='ltr'>Asa.</span> <span class='ocrx_word' id='word_1_552' title='bbox 460 5050 495 5102; x_wconf 77' lang='lat' dir='ltr'>lt</span> <span class='ocrx_word' id='word_1_553' title='bbox 508 5051 536 5102; x_wconf 92' lang='lat' dir='ltr'>in</span> <span class='ocrx_word' id='word_1_554' title='bbox 553 5051 682 5105; x_wconf 85' lang='lat' dir='ltr'>membris</span> <span class='ocrx_word' id='word_1_555' title='bbox 699 5054 823 5104; x_wconf 89' lang='lat' dir='ltr'>orationis</span> <span class='ocrx_word' id='word_1_556' title='bbox 841 5053 978 5104; x_wconf 86' lang='lat' dir='ltr'>contrariis</span> <span class='ocrx_word' id='word_1_557' title='bbox 996 5052 1024 5102; x_wconf 85' lang='lat' dir='ltr'>et</span> <span class='ocrx_word' id='word_1_558' title='bbox 1040 5051 1105 5102; x_wconf 86' lang='lat' dir='ltr'>ratio</span> <span class='ocrx_word' id='word_1_559' title='bbox 1117 5051 1144 5102; x_wconf 89' lang='lat' dir='ltr'>et</span> <span class='ocrx_word' id='word_1_560' title='bbox 1155 5047 1320 5102; x_wconf 89' lang='lat' dir='ltr'>consuetudo</span> <span class='ocrx_word' id='word_1_561' title='bbox 1331 5044 1447 5098; x_wconf 86' lang='lat' dir='ltr'>Tulliana</span> <span class='ocrx_word' id='word_1_562' title='bbox 1464 5058 1541 5110; x_wconf 86' lang='lat' dir='ltr'>prae·</span> 
     </span>
     <span class='ocr_line' id='line_1_50' title="bbox 218 5117 1539 5192; baseline 0 -21"><span class='ocrx_word' id='word_1_563' title='bbox 218 5123 378 5187; x_wconf 90' lang='lat' dir='ltr'>positionem</span> <span class='ocrx_word' id='word_1_564' title='bbox 393 5126 479 5191; x_wconf 87' lang='lat' dir='ltr'>repeti</span> <span class='ocrx_word' id='word_1_565' title='bbox 496 5125 582 5187; x_wconf 89' lang='lat' dir='ltr'>iubet;</span> <span class='ocrx_word' id='word_1_566' title='bbox 601 5126 633 5178; x_wconf 88' lang='lat' dir='ltr'>cl.</span> <span class='ocrx_word' id='word_1_567' title='bbox 652 5127 687 5178; x_wconf 86' lang='lat' dir='ltr'>ed</span> <span class='ocrx_word' id='word_1_568' title='bbox 698 5128 740 5178; x_wconf 88' lang='lat' dir='ltr'>iv.</span> <span class='ocrx_word' id='word_1_569' title='bbox 760 5127 784 5192; x_wconf 71' lang='lat'>5.</span> <span class='ocrx_word' id='word_1_570' title='bbox 798 5127 838 5179; x_wconf 87' lang='lat'>6⁰.</span> <span class='ocrx_word' id='word_1_571' title='bbox 856 5125 936 5178; x_wconf 85' lang='lat' dir='ltr'>Paulo</span> <span class='ocrx_word' id='word_1_572' title='bbox 947 5125 1053 5177; x_wconf 87' lang='lat' dir='ltr'>diversa</span> <span class='ocrx_word' id='word_1_573' title='bbox 1066 5128 1107 5178; x_wconf 90' lang='lat' dir='ltr'>est</span> <span class='ocrx_word' id='word_1_574' title='bbox 1121 5125 1188 5176; x_wconf 86' lang='lat' dir='ltr'>ratio</span> <span class='ocrx_word' id='word_1_575' title='bbox 1198 5123 1241 5175; x_wconf 89' lang='lat' dir='ltr'>iv.</span> <span class='ocrx_word' id='word_1_576' title='bbox 1255 5123 1279 5190; x_wconf 66' lang='grc' dir='ltr'>ἓ.</span> <span class='ocrx_word' id='word_1_577' title='bbox 1293 5121 1360 5186; x_wconf 74' lang='lat' dir='ltr'>iit..</span> <span class='ocrx_word' id='word_1_578' title='bbox 1378 5117 1424 5172; x_wconf 89' lang='lat' dir='ltr'>ubi</span> <span class='ocrx_word' id='word_1_579' title='bbox 1440 5121 1539 5172; x_wconf 69' lang='lat' dir='ltr'>ombsa</span> 
     </span>
    </p>
   </div>
   <div class='ocr_carea' id='block_1_6' title="bbox 220 5199 1188 5269">
    <p class='ocr_par' dir='ltr' id='par_1_24' title="bbox 220 5199 1188 5269">
     <span class='ocr_line' id='line_1_51' title="bbox 220 5199 1188 5269; baseline 0.017 -21"><span class='ocrx_word' id='word_1_580' title='bbox 220 5199 262 5251; x_wconf 87' lang='lat' dir='ltr'>est</span> <span class='ocrx_word' id='word_1_581' title='bbox 276 5202 447 5268; x_wconf 84' lang='lat' dir='ltr'>praepositio.</span> <span class='ocrx_word' id='word_1_582' title='bbox 467 5228 495 5243; x_wconf 92' lang='lat'>—</span> <span class='ocrx_word' id='word_1_583' title='bbox 513 5202 650 5257; x_wconf 63' lang='lat' dir='ltr'>metuat</span> <span class='ocrx_word' id='word_1_584' title='bbox 664 5202 775 5269; x_wconf 67' lang='lat' dir='ltr'>Lt²29²</span> <span class='ocrx_word' id='word_1_585' title='bbox 792 5201 914 5257; x_wconf 72' lang='lat' dir='ltr'>imaus</span> <span class='ocrx_word' id='word_1_586' title='bbox 929 5203 958 5254; x_wconf 89' lang='lat'>0.</span> <span class='ocrx_word' id='word_1_587' title='bbox 980 5229 1005 5242; x_wconf 97' lang='lat'><em>-</em></span> <span class='ocrx_word' id='word_1_588' title='bbox 1024 5202 1140 5255; x_wconf 61' lang='lat' dir='ltr'>cusator</span> <span class='ocrx_word' id='word_1_589' title='bbox 1155 5215 1188 5263; x_wconf 81' lang='grc' dir='ltr'>φ·</span> 
     </span>
    </p>
   </div>
   <div class='ocr_carea' id='block_1_7' title="bbox 0 0 1826 5868">
    <p class='ocr_par' dir='ltr' id='par_1_25' title="bbox 0 0 1826 5868">
     <span class='ocr_line' id='line_1_52' title="bbox 0 0 1826 5868; baseline 0 3"><span class='ocrx_word' id='word_1_590' title='bbox 0 0 1826 5868; x_wconf 95' lang='lat' dir='ltr'> </span> 
     </span>
    </p>
   </div>
  </div>
 </body>
</html>
