3648 5888
306 431 368 498 too
484 433 487 439 '
694 435 737 499 IN
757 433 925 501 VERREM
945 433 1067 500 nerto
1093 435 1275 501 sucatum

307 606 385 669 orda
418 607 457 668 ad
484 606 609 668 Pisonis
640 605 749 668 sellam
778 606 839 668 isto
866 610 1012 688 praetore
1034 605 1148 668 solitus
1170 605 1212 668 ait
1233 605 1420 681 convenire,
1454 627 1549 691 quem
1572 608 1635 671 isto

306 700 461 782 collegam
482 700 544 762 nisi
566 699 744 774 habuisset,
773 699 931 782 lapidibus
954 707 1123 782 coopertus
1146 707 1229 763 esset
1250 699 1292 762 -in
1314 699 1394 764 loro.
1439 701 1501 764 Sed
1524 720 1564 764 eo
1586 701 1635 765 lc-

306 796 411 859 riores
436 795 529 858 istius
557 794 691 857 iniuriae
722 794 924 868 videbantur,
956 795 1044 876 quod
1074 802 1141 857 erat
1163 796 1195 856 in
1217 796 1378 879 aequitate
1399 795 1634 882 prudentiaque

306 890 430 953 Pisonis
457 889 693 972 paratissimum
718 889 914 972 perfugium,
946 909 1010 972 quo
1033 889 1102 952 sine
1124 888 1250 965 labore,
1279 890 1347 952 sina
1369 890 1533 966 molestia,
1562 891 1632 954 sine

283 985 467 1066 simpensa,
501 984 596 1046 etiam
628 983 696 1045 sine
724 990 858 1066 patrono
887 982 1032 1044 homines
1053 991 1227 1046 uterentur.
1272 979 1343 1045 l20.
1370 987 1466 1060 Nam,
1499 1004 1631 1070 quaeso,
1720 983 1725 992 ’

308 1079 408 1141 redite
428 1079 463 1140 in
486 1077 688 1150 memoriam,
719 1075 854 1149 iudices,
879 1093 961 1158 quae
983 1075 1083 1139 libido
1105 1077 1197 1140 istius
1219 1078 1251 1140 in
1274 1079 1343 1141 iure
1367 1079 1503 1142 dicundo
1526 1080 1631 1155 fuerit,

308 1191 390 1257 quae
412 1172 548 1235 varietas
571 1171 785 1244 decretarum,
809 1189 890 1253 quae
912 1169 1117 1244 nundinatio,
1141 1191 1236 1254 quam
1257 1173 1367 1236 inanes
1390 1173 1503 1236 donrus
1522 1193 1632 1238 aarum

309 1267 468 1340 omniurn,
493 1265 548 1348 qui
571 1265 610 1326 de
633 1265 701 1326 iure
723 1265 809 1327 civili
832 1265 955 1328 consuli
978 1264 1099 1340 solent,
1122 1285 1217 1350 quarn
1239 1267 1335 1350 plena
1356 1286 1392 1330 ac
1414 1268 1529 1332 referta
1552 1269 1634 1332 Che·

307 1362 438 1424 lidonis:
468 1381 487 1422 a
517 1379 579 1443 qua
610 1359 742 1422 muliere
764 1379 836 1424 aum
859 1368 925 1421 erat
946 1359 986 1421 ad
1008 1380 1080 1422 eum
1103 1369 1232 1424 ventum
1254 1369 1287 1425 et
1307 1363 1341 1424 in
1361 1380 1471 1425 aurern
1493 1364 1563 1427 eius
1584 1365 1632 1426 ln·

270 1461 520 1528 tasusurratum,
543 1452 621 1516 alias
642 1452 811 1514 revocabat
833 1472 905 1526 eos,
932 1454 1015 1516 inter
1038 1475 1120 1537 quos
1142 1457 1204 1518 iam
1227 1455 1424 1529 decreverat,
1457 1457 1632 1520 decretum-

310 1569 373 1633 que
388 1549 545 1624 mutabat;
561 1548 639 1610 alias
655 1549 738 1610 inter
752 1547 877 1629 aliquos
893 1549 1085 1611 contrarium
1100 1550 1168 1612 sina
1183 1549 1248 1613 nlla
1263 1549 1417 1631 religione
1433 1549 1631 1625 decernebat,

308 1665 344 1708 ac
367 1645 519 1727 proximis
548 1642 644 1726 paulo
672 1649 745 1704 anta
769 1640 960 1703 decreverat.
1005 1636 1076 1704 l2l.
1099 1643 1180 1706 Hinc
1202 1643 1249 1705 illi
1271 1643 1418 1706 homines
1441 1651 1548 1718 erant,
1576 1645 1632 1729 qui

308 1739 402 1801 etiam
423 1737 550 1799 ridiculi
572 1736 816 1799 inveniebantur
838 1754 878 1796 er
900 1734 1025 1798 dolore:
1050 1755 1185 1819 quorum
1208 1737 1280 1811 alii,
1302 1737 1334 1799 id
1349 1737 1437 1822 quod
1459 1757 1555 1820 saepe
1576 1757 1633 1801 au-

308 1833 413 1907 distis,
445 1832 604 1916 negabant
632 1830 811 1892 mirandum
838 1849 907 1891 esse
937 1829 987 1892 ius
1015 1837 1079 1892 tam
1108 1848 1245 1913 nequam
1276 1848 1346 1894 esse
1368 1831 1545 1894 verrinum:
1577 1830 1632 1894 alii

271 1927 403 1990 raetiam
425 1926 606 2008 frigidiores
628 1930 735 1997 erant,
766 1923 838 1998 sed,
868 1923 942 2005 quia
972 1923 1266 1999 stomachabantur,
1296 1925 1420 1988 ridiculi
1444 1925 1633 1989 videbantur

309 2041 392 2095 esse,
415 2040 485 2083 aum
509 2017 712 2082 Sacerdotem
735 2016 995 2091 exsecrabantur,
1019 2019 1074 2100 qui
1096 2039 1219 2082 verrem
1241 2027 1304 2082 tam
1326 2038 1464 2104 nequam
1485 2022 1632 2106 reliquis-

309 2121 366 2177 set.
410 2113 500 2189 Quae
523 2132 581 2194 ega
603 2130 668 2173 uon
691 2129 968 2174 commemorarem
997 2109 1113 2196 (neque
1134 2115 1220 2176 euim
1241 2113 1399 2197 perfacete
1422 2115 1507 2178 diota
1528 2133 1633 2198 nequa

307 2227 403 2290 porro
424 2206 483 2268 hac
506 2205 672 2268 severitate
694 2203 790 2285 digua
811 2204 909 2286 sunt),
932 2205 994 2268 nisi
1016 2225 1073 2270 vos
1095 2207 1174 2270 illud
1198 2209 1311 2272 vellem
1333 2209 1508 2284 recordari,
1540 2209 1632 2272 istius

309 2301 483 2385 nequitiam
513 2307 582 2363 tum
609 2300 642 2361 in
673 2317 728 2361 cre
749 2298 835 2380 vulgi
858 2305 955 2383 atque
976 2300 1009 2362 iu
1031 2303 1252 2366 communibus
1274 2303 1450 2386 proverbiis
1473 2320 1543 2367 esse
1563 2323 1634 2367 rer-

270 2405 419 2460 rosatum.

282 2477 284 2481 ’
371 2488 496 2552 XLVII.
519 2483 591 2549 423.
613 2487 649 2548 ln
671 2485 796 2569 plebem
818 2507 893 2550 vero
916 2489 1089 2552 Romanam
1111 2497 1216 2553 utrum
1237 2493 1415 2574 superbiam
1437 2494 1527 2576 prius
1549 2513 1634 2557 canr-

309 2601 481 2646 memorem
508 2601 549 2642 an
575 2581 820 2646 crudelitatem?
871 2584 945 2646 Sine
977 2584 1074 2646 dubia
1108 2585 1278 2649 crudelitas
1307 2588 1433 2669 gravior
1460 2595 1508 2650 est
1537 2595 1633 2671 atqua

309 2676 456 2741 atrocior.
493 2673 658 2737 Oblitosnc
680 2675 777 2757 igitur
797 2676 856 2739 hos
878 2677 996 2760 putatis
1012 2697 1099 2753 esse,
1123 2699 1218 2762 quern
1233 2677 1273 2743 ad
1288 2679 1417 2743 modum
1438 2678 1561 2743 sitista
1583 2699 1634 2744 so-

309 2773 384 2834 litus
413 2769 511 2851 virgis
540 2769 666 2850 plebem
695 2770 868 2835 Romanam
899 2769 1091 2835 concideret
1141 2772 1242 2848 Quam
1272 2791 1338 2836 rem
1365 2774 1462 2836 etiam
1490 2773 1633 2836 triburms

272 2865 411 2949 replebis
433 2864 466 2925 in
488 2863 637 2926 contione
659 2865 738 2946 egit,
768 2885 839 2928 cum
861 2887 950 2939 eum,
983 2886 1079 2949 quem
1101 2868 1161 2930 iste
1183 2867 1281 2950 virgis
1304 2869 1475 2942 ceciderat,
1501 2868 1537 2930 iu
1558 2887 1634 2931 can-

310 2965 452 3042 spectum
480 2957 591 3040 populi
621 2958 754 3020 Romani
780 2958 1002 3041 produxissetr
1037 2961 1127 3024 cuius
1149 2963 1195 3024 rei
1221 2962 1495 3045 recognoscendae
1520 2963 1633 3027 faciam

309 3053 400 3115 vobis
427 3069 485 3114 suo
513 3056 653 3134 tempora
684 3058 881 3134 potestatem.
930 3050 1001 3115 l23.
1031 3055 1185 3138 Superbia
1213 3075 1288 3119 vera
1318 3075 1400 3140 quae
1427 3055 1537 3132 luerit,
1560 3057 1633 3140 quis

309 3148 455 3230 ignorat?
477 3145 744 3229 quemadmodum
764 3148 824 3210 istc
845 3149 1067 3212 tenuissimum
1083 3170 1243 3234 quemque
1261 3152 1499 3233 contempserit,
1522 3150 1635 3233 despe-

308 3241 408 3316 xerit,
430 3241 564 3303 liberum
587 3260 657 3304 esse
678 3260 852 3326 numquam
874 3242 1021 3306 duxerit‘l
1049 3246 1082 3307 P.
1105 3245 1280 3308 Trebonius
1302 3245 1387 3308 viros
1407 3244 1509 3308 bonos
1531 3246 1632 3308 etha-

273 3343 416 3399 aanestos
439 3335 618 3417 complures
639 3334 717 3398 fecit
737 3335 888 3399 heredes:
918 3337 951 3398 iu
973 3339 1012 3400 iis
1034 3338 1109 3400 fecit
1131 3357 1223 3401 suum
1245 3339 1403 3402 libertum.
1447 3340 1477 3402 ls
1498 3342 1535 3403 A.
1558 3342 1634 3402 Tre·

308 3430 441 3492 bouium
462 3428 590 3491 fratrem
611 3428 766 3492 babuerat
786 3431 1008 3513 proscriptum.
1051 3433 1088 3494 Ei
1112 3451 1183 3494 aum
1206 3440 1334 3495 cautum
1357 3433 1468 3508 vellet,
1498 3434 1633 3517 scripsit,

308 3531 345 3586 ut
371 3523 506 3586 heredes
533 3523 676 3587 iurarent
701 3543 735 3586 se
761 3530 943 3598 curaturos,
977 3531 1013 3587 ut
1035 3545 1075 3588 ex
1098 3544 1154 3588 sua
1176 3526 1333 3610 cuiusque
1355 3534 1444 3608 parte
1466 3545 1506 3589 ne
1528 3527 1634 3589 minus

310 3616 476 3679 dimidium
505 3617 544 3679 ad
572 3615 767 3678 Trebonium
803 3617 893 3680 illum
923 3619 1134 3701 proscriptum
1166 3621 1354 3702 perveniret.
1404 3609 1551 3684 Libertus
1584 3621 1633 3682 iu-

308 3717 373 3774 rat:
396 3711 492 3773 ceteri
514 3710 649 3774 heredes
672 3711 790 3774 adeunt
810 3712 851 3774 ad
873 3712 1024 3775 Verrem:
1046 3714 1162 3776 docent
1183 3733 1248 3778 uon
1270 3723 1417 3797 oportere
1432 3715 1513 3779 aeid
1528 3715 1632 3778 iurare

375 4019 398 4068 4.
422 4028 471 4068 essa
492 4017 578 4068 salitas
597 4018 628 4068 stt
650 4017 727 4068 codd.
754 4020 809 4069 nati
827 4023 853 4070 et
870 4019 930 4070 edd.
950 4033 1035 4085 usque
1054 4020 1087 4071 ed
1104 4023 1216 4086 Nauger.
1238 4049 1265 4059 -
1289 4024 1313 4072 a.
1332 4023 1435 4086 topanta
1451 4023 1482 4072 V.
1503 4045 1530 4058 -
1549 4021 1574 4072 o.
1592 4021 1633 4072 dt-

308 4095 387 4146 caada
398 4095 428 4154 V,
447 4093 528 4144 Prisc.
540 4091 558 4143 l.
572 4091 600 4143 l.:
620 4095 800 4157 repungor
813 4092 845 4145 al.
860 4122 885 4130 -
901 4095 925 4147 8.
939 4111 970 4146 ac
980 4101 1010 4158 A,
1025 4098 1085 4160 ng.
1100 4099 1215 4161 (praeter
1225 4095 1265 4160 434
1279 4100 1306 4148 et
1317 4095 1427 4161 Sangall.
1441 4111 1484 4164 ep.
1498 4099 1632 4150 Baitemrn

309 4170 419 4220 adlisa.
438 4181 464 4232 p.
484 4167 548 4217 tot:
567 4172 642 4230 utqm
659 4170 706 4228 eV,
724 4168 773 4218 dtt.
793 4170 821 4219 0.
837 4195 864 4205 -
884 4170 923 4220 l0.
943 4171 1016 4236 altar]
1034 4173 1097 4222 alios
1107 4173 1137 4222 V.
1153 4201 1180 4209 -
1201 4174 1240 4223 44.
1259 4173 1356 4236 aliquos
1373 4175 1407 4223 V:
1426 4176 1490 4225 altas
1506 4176 1551 4224 att.
1565 4175 1630 4224 0.-

309 4245 348 4296 43.
373 4245 399 4292 td
420 4244 486 4305 qaod
501 4256 574 4305 aaapa
590 4245 649 4294 aad.
670 4243 768 4308 vagao
786 4244 845 4294 cod.
864 4247 935 4296 Urs:
959 4253 987 4297 at
1009 4248 1113 4298 audatis
1129 4247 1177 4297 dtt.
1196 4250 1226 4298 0.
1248 4273 1275 4283 -
1295 4248 1335 4298 46.
1353 4249 1537 4316 acaoabaqtur
1552 4250 1583 4300 V.
1603 4276 1630 4285 -

306 4333 404 4370 carram
417 4323 470 4368 tam
480 4331 536 4380 aaa.
549 4318 639 4380 codd,
658 4320 750 4370 Prisc:
769 4323 821 4368 tam
832 4333 887 4382 aaa.
898 4335 966 4372 om.
979 4321 1064 4372 Rullo.
1077 4324 1096 4373 l.
1107 4321 1131 4374 l.
1142 4349 1169 4359 -
1188 4323 1228 4372 47.
1246 4323 1370 4386 perfucata
1381 4324 1496 4389 vtgtu:
1513 4325 1633 4389 perfacile

307 4395 401 4461 pleriq.
425 4392 502 4445 codd.
528 4422 555 4431 —
582 4395 621 4446 48.
639 4397 666 4444 ot
682 4396 713 4444 V.
740 4397 796 4458 (atsi
820 4398 909 4447 tuetur
926 4398 1005 4447 etiam
1023 4398 1114 4460 Prisc.)
1135 4425 1161 4434 —
1182 4398 1222 4448 49.
1240 4400 1378 4460 reputatam
1394 4399 1430 4448 V:
1457 4401 1594 4462 nequitiam
1610 4404 1634 4450 at

307 4471 463 4532 iniquitatem
480 4471 524 4519 att.
538 4470 566 4520 0.
580 4497 607 4506 —
626 4477 679 4520 tam
696 4484 748 4522 om.
762 4473 809 4523 ev.
825 4495 852 4509 -
869 4471 936 4536 aotpt
952 4471 1015 4522 V.--
1034 4473 1075 4523 rt.
1094 4485 1282 4523 commercarere
1292 4475 1314 4523 V
1324 4475 1392 4536 agra
1409 4474 1466 4536 (sed
1483 4475 1526 4524 tric
1537 4488 1579 4540 pr.
1594 4487 1630 4524 m.

307 4546 550 4608 commemorarem:
568 4556 701 4596 marcorem
718 4547 765 4597 dtt.
785 4548 814 4598 0.
837 4575 860 4586 -
882 4549 922 4598 22.
942 4553 1016 4610 atqua
1032 4549 1155 4597 audacter
1170 4549 1239 4612 [389
1255 4561 1282 4614 p.
1301 4561 1337 4600 m.
1358 4577 1386 4586 -
1405 4549 1445 4600 23.
1465 4547 1633 4600 cattum--

308 4620 457 4671 cauetdera?
478 4620 559 4670 Prisc.
580 4647 607 4655 -
631 4625 846 4684 qaenammadum
861 4623 890 4673 V.
918 4623 968 4686 (Sic
985 4623 1064 4674 etiam
1081 4623 1166 4687 intre.)
1193 4649 1220 4660 -
1245 4623 1285 4676 84.
1305 4630 1337 4675 tr.
1353 4625 1388 4686 pt.
1409 4627 1523 4686 Quintiae
1539 4625 1569 4676 V.
1597 4626 1631 4676 cl.

306 4697 392 4750 Madv.
404 4699 425 4746 l.
444 4709 470 4760 p.
485 4695 541 4746 327.
560 4723 587 4733 —
605 4698 646 4748 85.
665 4699 709 4748 lata
724 4700 803 4763 atrptr
814 4699 927 4763 vagao:
944 4699 1023 4765 otrpts
1037 4700 1083 4749 ista
1100 4699 1147 4750 dtt.
1161 4700 1189 4749 0.
1206 4727 1232 4736 -
1251 4707 1407 4763 cmrpaaaum
1418 4701 1486 4764 Lata
1502 4703 1630 4752 lannoels

225 4830 232 4842 ⁶
306 4777 437 4834 conspecta
452 4771 483 4832 V,
502 4775 660 4833 prospectam
677 4772 725 4824 dtt.
739 4775 768 4825 0.
789 4801 817 4811 —
835 4775 876 4823 26.
892 4773 1085 4836 pradactssatll
1100 4772 1177 4837 proh.
1196 4775 1323 4826 Weseub.
1343 4773 1359 4826 l.
1378 4774 1395 4826 l.
1413 4789 1439 4840 p.
1452 4774 1493 4827 l.:
1509 4777 1633 4838 producit

307 4850 352 4899 ctt.
367 4850 395 4898 0.
412 4875 438 4884 -
456 4850 665 4912 recaprrosceodue
677 4849 710 4899 V:
729 4851 910 4913 copoasccudoa
920 4848 976 4900 rell.
990 4851 1018 4899 0.
1033 4875 1060 4884 -
1079 4849 1119 4897 tl.
1133 4861 1199 4910 quaa
1210 4849 1233 4898 V
1244 4850 1314 4914 4329
1331 4848 1364 4900 al.
1383 4851 1463 4902 Prisc.
1477 4851 1509 4902 ll.
1526 4865 1552 4916 p.
1567 4851 1629 4902 ⁴58:

306 4937 357 4987 qua
375 4922 442 4987 Lgll
452 4921 483 4974 45
493 4923 522 4972 0.
535 4951 562 4959 -
580 4923 621 4974 28.
639 4925 684 4975 iata
699 4926 780 4976 Prisc.
800 4925 885 4975 Madv.
899 4926 918 4974 1.
938 4937 964 4988 p.
976 4924 1042 4974 838.;
1061 4929 1096 4973 stc
1114 4923 1138 4986 (t.
1153 4937 1176 4973 a.
1195 4924 1248 4986 aaa)
1266 4926 1301 4986 νς
1320 4925 1341 4974 tr
1358 4924 1421 4984 dlt.;
1440 4927 1506 4977 Non.
1526 4940 1552 4990 p.
1570 4925 1629 4976 288.

307 4997 373 5062 (coll.
393 5011 418 5062 p.
438 4998 505 5062 436.)
524 5009 576 5048 om.
596 4999 625 5049 is.
647 5027 673 5035 —
693 4999 732 5050 30.
751 5001 881 5062 conplures
896 5001 935 5059 V;
955 5001 1038 5062 pluras
1055 4998 1132 5062 Lsslll.
1154 5025 1181 5036 ·-
1200 5001 1227 5050 to
1243 5001 1274 5050 ita
1289 5001 1325 5051 V:
1343 5002 1369 5052 ia
1385 5002 1422 5052 latr
1439 5003 1483 5052 att.
1501 5001 1531 5051 0.
1552 5027 1580 5038 -
1597 4999 1630 5065 la]

304 5075 336 5124 tls
350 5071 381 5121 V.
403 5099 430 5107 -
449 5071 490 5123 33.
511 5073 656 5124 Treboniam
672 5075 711 5124 V:
736 5077 765 5125 A.
786 5075 931 5126 Trebonium
949 5076 1056 5138 fratrem
1079 5076 1122 5123 att.
1142 5075 1171 5124 Ο.
1191 5075 1248 5138 (sad
1265 5076 1334 5140 ngat
1351 5077 1408 5129 sine
1424 5077 1465 5142 Δ.)
1490 5103 1517 5114 -
1544 5075 1584 5128 34.
1595 5076 1631 5127 ‘td

304 5149 392 5200 iurare
408 5147 477 5200 caui.
496 5145 584 5204 Klotz:
604 5151 726 5202 adorare
741 5151 778 5212 V;
795 5151 883 5204 tarara
899 5151 926 5204 td
941 5151 1024 5220 agra,
1043 5151 1131 5229 ipram
1147 5153 1193 5205 etl.
1212 5151 1242 5205 0.
