3610 5860
283 325 345 399 508
692 333 844 402 ORATIO
864 335 944 404 PRO
966 335 1003 402 t.
1026 335 1199 405 CAECINA

283 527 353 568 rum
374 506 456 570 sitne
476 505 574 582 iacta3
596 511 628 570 te
650 527 725 570 vero
747 507 834 572 nullo
856 508 952 572 modo
975 529 1070 592 posse
1087 507 1274 584 defendere,
1296 509 1329 573 in
1344 529 1455 594 quare
1470 515 1504 574 tu
1520 510 1615 574 velis

283 600 379 664 verba
406 600 539 684 spectari
569 609 727 684 oportere,
756 603 789 665 in
813 623 875 688 qna
901 623 936 666 re
959 605 1041 667 nolis
1064 623 1128 666 non
1150 611 1305 688 oportere.
1340 605 1443 667 XXX.
1465 603 1516 670 88.
1544 610 1615 669 Ve-

282 715 351 759 rum
372 703 476 759 tamen
498 695 613 780 ecquid
635 696 712 760 mihi
734 696 944 780 respondetur
965 697 1005 760 ad
1026 697 1122 772 illud,
1145 699 1231 782 quod
1248 717 1306 781 ego
1329 698 1391 762 iarn
1406 705 1499 761 antea
1521 698 1611 781 dixi,

282 806 347 851 non
368 790 470 853 solum
491 810 526 854 re
547 797 578 853 et
598 791 770 866 sententia,
800 790 857 854 sed
877 790 982 854 verbis
1005 810 1134 876 quoque
1157 793 1215 856 lroc
1242 792 1441 856 interdictum
1462 793 1507 856 ita
1528 813 1610 858 esse

258 885 506 966 tcompositunr,
527 893 564 949 nt
575 883 655 947 nihil
670 885 923 949 commutandum
938 884 1116 949 rideretur?
1137 885 1308 962 Attendite,
1323 906 1450 970 quaeso,
1465 887 1611 972 diligen-

282 985 346 1054 ter,
373 987 630 1062 recuperatores:
659 985 708 1042 est
737 979 821 1043 enim
843 983 938 1045 vestri
966 981 1100 1063 ingenii,
1129 999 1193 1044 non
1215 1001 1336 1054 meam,
1366 982 1423 1044 sed
1445 984 1607 1048 maiorum

282 1072 480 1157 prudentiam
502 1091 707 1156 cognoscere;
730 1093 793 1136 non
817 1075 900 1138 enim
924 1076 954 1139 id
971 1095 1040 1137 snm
1055 1073 1212 1149 dicturus,
1237 1075 1322 1160 quod
1337 1095 1396 1159 ego
1414 1077 1605 1154 invenerim,

282 1168 337 1233 sed
360 1169 446 1252 quod
468 1168 540 1231 illos
561 1187 626 1230 non
647 1165 772 1249 ingerit.
811 1167 888 1232 Cum
911 1170 950 1231 de
971 1169 1003 1231 ri
1025 1169 1240 1244 interdicitur,
1269 1169 1330 1233 dno
1353 1189 1469 1252 genera
1490 1191 1607 1234 cansa-

281 1263 351 1328 rum'
373 1283 442 1327 esse
463 1261 696 1346 intelligebant,
718 1260 758 1325 ad
781 1283 862 1349 quae
884 1263 1084 1326 interdictum
1100 1263 1288 1347 pertineret:
1310 1284 1424 1338 unum,
1447 1265 1473 1327 si
1489 1265 1544 1348 qui
1560 1285 1607 1328 ex

245 1359 321 1424 ¹⁰eo
342 1359 430 1436 loco,
459 1358 513 1422 uhi
534 1355 663 1429 luisset,
695 1375 729 1419 se
752 1355 907 1420 deiectum
930 1356 1063 1432 diceret;
1095 1357 1243 1434 alterum,
1273 1358 1299 1421 si
1322 1359 1375 1440 qni
1397 1358 1436 1420 al)
1458 1377 1496 1421 eo
1518 1358 1606 1432 loco,

282 1474 346 1539 quo
367 1457 504 1529 reniret3
527 1459 559 1516 et
580 1451 692 1514 horum
711 1457 896 1537 utrumqne,
918 1471 1023 1535 neque
1042 1459 1204 1535 praeterea
1219 1451 1407 1536 quidquam,
1429 1460 1535 1536 potest
1547 1472 1607 1516 ae-

280 1548 401 1622 cidere,
423 1552 669 1632 recuperatores.
711 1542 762 1608 87.
784 1545 819 1607 ld
842 1544 922 1609 adeo
943 1546 988 1608 sic
1017 1545 1219 1609 considerate.
1253 1546 1286 1608 Si
1308 1545 1363 1631 qui
1378 1567 1486 1610 meam
1508 1547 1605 1611 iami-

280 1645 354 1707 liam
376 1643 414 1706 de
429 1660 500 1705 meo
514 1641 613 1706 t'undo
628 1638 795 1714 deiecerit,
817 1659 858 1702 ex
872 1659 910 1704 eo
926 1660 976 1703 me
994 1641 1065 1704 loco
1082 1639 1247 1704 deiecerit:
1270 1641 1296 1704 si
1311 1640 1366 1726 qui
1380 1642 1457 1705 milri
1471 1650 1603 1726 praesto

281 1737 376 1802 luerit
404 1757 475 1800 cum
504 1735 630 1800 armatis
652 1732 831 1798 hominibus
857 1742 945 1798 extra
966 1755 1069 1798 meum
1089 1733 1223 1798 fundum
1246 1741 1278 1797 et
1298 1755 1349 1798 me
1370 1735 1502 1798 introire
1523 1756 1602 1820 pro-

244 1831 435 1906 llhibuerit,
456 1851 521 1894 nou
543 1850 583 1892 ex
605 1849 660 1903 eo,
682 1828 738 1891 sed
761 1827 800 1891 ab
822 1849 859 1892 eo
881 1829 953 1892 loeo
975 1849 1025 1891 me
1047 1829 1207 1892 deiecerit.
1240 1828 1288 1890 Ad
1309 1829 1387 1892 haec
1401 1830 1464 1892 duo
1481 1851 1601 1913 genera

279 1947 384 1991 rernm
404 1946 502 1989 unum
525 1925 668 1997 verbum,
687 1921 773 2007 qnod
795 1924 872 1986 satis
888 1922 1059 1987 declararet
1079 1930 1229 2006 utrasque
1243 1943 1310 1997 res,
1333 1925 1530 1998 invenerunt,
1551 1933 1598 1998 ut,

281 2021 348 2084 sive
370 2039 409 2083 ex
430 2019 529 2083 tundo
551 2018 617 2082 sire
638 2037 658 2080 a
677 2015 776 2080 fundo
798 2017 938 2081 deiectus
961 2037 1081 2092 essem,
1102 2036 1167 2079 nno
1190 2025 1284 2100 atque
1299 2017 1410 2081 eodem
1430 2018 1597 2080 interdicto

278 2116 475 2189 restituerer,
504 2133 585 2178 rnen
614 2133 664 2176 rr.
701 2113 768 2176 Hoc
789 2112 918 2175 verbum
941 2131 1020 2174 rann
1042 2119 1212 2195 utrumque
1235 2111 1388 2186 declarat,
1417 2118 1448 2175 et
1469 2131 1510 2175 ex
1532 2131 1597 2195 quo

279 2208 350 2271 loco
372 2215 404 2270 et
424 2227 442 2271 a
465 2228 528 2291 quo
550 2210 631 2272 loco.
668 2207 757 2271 Unde
785 2205 924 2270 deiectus
947 2213 995 2268 est
1016 2205 1139 2268 Cinna?
1169 2207 1218 2268 Ex
1240 2206 1328 2268 urhe.
1366 2206 1455 2270 Unde
1478 2205 1599 2269 Telesi-

242 2303 365 2366 ²⁰nust
386 2301 434 2363 Ab
455 2303 542 2366 urbe.
576 2303 666 2366 Unde
688 2302 801 2365 deiecti
816 2301 920 2364 Galli?
942 2300 1150 2383 ACapitolio.
1184 2300 1272 2362 Unde
1294 2301 1348 2383 qui
1370 2321 1442 2364 cnm
1457 2300 1596 2364 Graccho

278 2396 429 2460 inerunt?
451 2395 500 2458 Ex
524 2395 686 2481 Capitolio.
720 2395 842 2458 Videtis
863 2396 974 2478 igitur,
997 2395 1058 2459 hoc
1077 2413 1141 2457 uno
1158 2394 1254 2458 verbo
1269 2414 1348 2456 vanu
1365 2391 1530 2477 significari
1545 2416 1596 2458 res

280 2489 372 2564 duas,
396 2496 428 2552 et
448 2510 489 2552 ex
511 2510 573 2573 quo
597 2498 627 2553 et
649 2509 667 2553 a
689 2509 764 2574 qno.
804 2486 854 2550 88.
878 2489 955 2551 Cum
978 2497 1081 2552 autem
1103 2509 1144 2552 no
1166 2489 1288 2550 restitui
1310 2487 1412 2562 iubet,
1435 2490 1478 2551 ita
1499 2490 1595 2565 iubet,

278 2591 329 2657 ut,
352 2585 378 2647 si
401 2583 482 2646 Galli
507 2604 525 2647 a
546 2585 715 2648 maioribus
738 2583 853 2646 nostris
875 2583 1088 2667 postularent,
1121 2589 1156 2646 ut
1178 2601 1215 2645 eo
1237 2583 1488 2658 restituerentur,
1511 2582 1596 2645 unde

280 2678 391 2740 deiecti
421 2685 542 2751 essent,
571 2687 602 2741 et
623 2677 780 2761 eliquari
800 2677 861 2739 hoc
885 2679 1012 2760 assequi
1038 2685 1184 2760 possent,
1216 2695 1296 2750 non,
1327 2678 1454 2761 opinor,
1484 2695 1539 2740 eos
1560 2677 1595 2739 in

242 2771 476 2847 acunicutum,
498 2792 562 2857 qua
582 2773 720 2856 aggressi
743 2778 844 2845 erant,
869 2770 924 2834 sed
946 2774 979 2834 in
995 2770 1183 2854 Capitolium
1199 2771 1320 2834 restitui
1336 2777 1503 2855 oporteret.
1525 2771 1594 2835 Hoc

344 3015 368 3066 3.
386 3015 481 3078 ecquid]
503 3019 526 3066 et
542 3015 584 3078 qut
600 3015 634 3074 T,
661 3019 684 3065 et
704 3015 763 3078 qnid
779 3016 843 3073 RA;
867 3015 926 3078 quid
942 3015 970 3064 L.
1002 3013 1121 3064 Correxit
1140 3013 1167 3063 P.
1186 3013 1326 3064 Manutius.
1346 3041 1373 3049 -
1401 3015 1466 3078 qaod
1480 3028 1525 3080 epo
1541 3015 1595 3066 tom

279 3095 353 3141 anteo
370 3091 406 3142 T:
432 3091 498 3152 quod
514 3095 589 3139 cetea
606 3090 666 3148 (om.
685 3079 729 3152 epe
746 3089 805 3152 Um)
823 3087 965 3142 444480.
985 3114 1012 3123 -
1039 3087 1063 3139 4.
1081 3089 1125 3138 loc
1142 3101 1194 3138 orn.
1214 3089 1242 3138 4.
1262 3114 1288 3124 -
1316 3090 1340 3140 5.
1360 3103 1449 3152 quaem
1466 3091 1594 3156 diligenter

279 3169 343 3220 ET:
362 3165 491 3229 diligenter
507 3177 597 3228 quaeso
614 3163 755 3218 anteo.
775 3165 855 3228 (queso
873 3165 911 3228 E.)
929 3191 956 3200 -
976 3164 1000 3213 7.
1019 3164 1045 3212 ld
1060 3164 1123 3226 sum]
1141 3161 1475 3229 ETVanempqtli:
1498 3179 1552 3216 arm
1567 3167 1594 3215 id

279 3243 357 3294 ltka
375 3243 401 3291 et
417 3238 504 3298 nem
522 3253 578 3289 ram
595 3240 656 3301 (om.
670 3239 745 3302 4844.
761 3267 785 3274 -
807 3240 831 3290 9.
850 3253 926 3290 eaeo
942 3240 995 3288 toco
1012 3239 1054 3288 ult
1069 3240 1234 3302 fuisset--et
1250 3238 1339 3288 horrus
1355 3240 1419 3290 Er:
1438 3253 1472 3290 cc
1488 3253 1515 3290 co
1531 3241 1591 3303 toro,

278 3319 305 3368 to
321 3330 370 3380 qao
386 3320 446 3367 esset
460 3315 488 3364 ut
504 3315 662 3376 densetur,
681 3315 787 3364 atterum
803 3316 825 3364 st
841 3315 872 3364 nb
888 3329 916 3364 eo
933 3315 985 3364 loco
1002 3326 1050 3375 qno
1066 3314 1178 3363 ueniret:
1196 3317 1218 3362 et
1233 3313 1322 3362 trorum
1338 3314 1368 3370 lr;
1386 3327 1419 3364 ac
1435 3328 1463 3365 eo
1479 3316 1532 3365 tcco
1545 3330 1593 3378 qao

278 3395 373 3444 ueniret
389 3397 412 3443 ct
427 3391 516 3442 torrem
533 3389 635 3454 [mediis
653 3390 765 3453 omissis)
783 3391 816 3448 a;
839 3403 871 3439 er
887 3403 915 3438 eo
931 3389 996 3449 loco,
1018 3389 1045 3436 io
1062 3401 1110 3450 quo
1127 3391 1203 3437 esset:
1225 3387 1330 3438 atteram
1347 3388 1368 3438 st
1385 3389 1417 3438 ab
1433 3403 1460 3440 co
1477 3391 1591 3453 locoque

277 3469 391 3520 matra:
408 3473 431 3517 ct
446 3467 535 3516 tomos
551 3469 586 3525 A3
604 3479 637 3516 err
653 3478 681 3515 eo
698 3465 763 3524 toco,
781 3465 808 3514 tn
825 3478 873 3526 qno
889 3469 965 3513 esset:
982 3463 1100 3524 atterum,
1118 3461 1182 3512 sao
1198 3475 1226 3512 co
1242 3462 1308 3522 loco,
1328 3477 1376 3525 quo
1393 3465 1500 3527 ueniret,
1518 3467 1591 3516 etde·

277 3545 353 3594 tectas
369 3546 446 3592 esset:
471 3545 494 3592 et
509 3541 598 3591 lemen
622 3553 684 3592 curn
700 3541 860 3592 Ascensiena
877 3537 958 3590 altera
975 3536 1058 3591 480.
1082 3563 1109 3576 -·
1136 3539 1176 3588 ro.
1195 3550 1220 3587 se
1238 3539 1341 3588 eertum
1356 3539 1413 3589 ET.
1440 3540 1592 3593 Emendavit

277 3617 401 3670 Klotzlus.
425 3615 465 3666 Ct.
483 3615 507 3679 5.
526 3616 568 3666 88.
586 3616 627 3666 98.
648 3641 673 3652 -
693 3616 715 3665 st
731 3615 792 3676 quid
807 3614 838 3664 ab
855 3613 883 3664 T.
902 3639 929 3649 -
948 3613 989 3662 48.
1007 3613 1034 3662 ld
1049 3614 1111 3663 adeo
1127 3613 1162 3661 sic
1177 3615 1373 3664 coniceretel':
1391 3615 1417 3664 id
1432 3616 1494 3666 adeo
1505 3617 1591 3666 stcoo·

277 3694 383 3744 ederctc
399 3692 419 3741 E
438 3691 486 3755 (pr.
499 3691 560 3753 m.);
579 3691 605 3740 r'd
621 3691 683 3741 adeo
699 3691 720 3740 si
734 3690 816 3752 placet
832 3687 983 3738 considerate
999 3688 1019 3738 a
1037 3687 1059 3751 (a
1078 3699 1156 3737 mann
1173 3699 1228 3738 sec.
1247 3688 1325 3738 etiem
1337 3687 1364 3750 Ε)
1382 3689 1495 3744 Anto.
1513 3691 1551 3742 Cl.
1562 3706 1588 3757 p.

279 3765 398 3817 Cluentio
418 3764 442 3828 g.
461 3765 517 3816 ae:
540 3766 569 3815 ld
589 3766 650 3816 adeo
670 3767 706 3815 stc
721 3765 865 3829 cognoscite.
887 3763 961 3811 verr.
979 3763 1073 3812 Aecus.
1091 3761 1134 3812 lV.
1153 3761 1177 3825 5.
1196 3761 1266 3813 444.;
1289 3763 1318 3812 ld
1332 3765 1487 3815 adce--sr'c
1501 3779 1545 3816 oos
1559 3781 1591 3816 oc

277 3855 317 3891 mc
331 3840 475 3905 copnosctte.
495 3865 524 3879 ·-
549 3840 589 3890 43.
609 3835 724 3906 detepertt
740 3840 788 3890 ET
806 3839 879 3902 (non,
897 3841 926 3886 ut
942 3837 1024 3886 retert
1039 3835 1179 3896 lordanus,
1203 3837 1324 3901 dettpcrtt)
1340 3838 1448 3890 VGlla
1459 3843 1588 3905 empqt.

279 3916 318 3967 Cl.
337 3914 361 3979 S.
379 3913 419 3965 ts.
440 3939 468 3950 -·
486 3927 519 3966 ac
534 3927 562 3964 eo
577 3928 617 3965 me
633 3915 685 3964 loco
701 3914 814 3964 deecott
830 3927 882 3964 om.
901 3910 924 3964 84
942 3913 1054 3976 (praeter
1070 3911 1095 3973 k)
1112 3914 1143 3961 4.
1165 3911 1272 3961 Addidit
1286 3913 1430 3976 Naugerius
1446 3915 1472 3964 in
1489 3913 1588 3966 Aldina.

277 3992 321 4057 (ccc
330 4004 359 4042 eo
369 4004 408 4041 me
419 3991 531 4040 dctccem
542 3989 579 4053 k.)
594 4017 620 4026 -
640 3988 680 4040 44.
692 3995 767 4041 estro
777 3988 866 4052 owen]
877 3993 1025 4038 extraneum
1036 3987 1064 4037 l'.
1080 4013 1107 4024 -
1126 3987 1167 4038 46.
1180 3989 1309 4039 declarare
1318 3995 1372 4039 tam
1382 4003 1510 4052 paeones
1519 3992 1546 4042 4.
1562 4017 1590 4028 -

277 4069 318 4118 48.
331 4067 442 4117 declarat
457 4078 490 4116 ac
501 4067 563 4126 (orn.
575 4065 606 4128 ct)
619 4065 647 4115 T.
658 4091 685 4102 -
704 4065 744 4117 49.
763 4065 844 4116 &aaa
860 4065 950 4115 ELO:
967 4076 1051 4125 cynas
1062 4063 1095 4121 4;
1114 4063 1216 4113 cecinna
1230 4077 1252 4114 s.
1265 4065 1349 4114 cectaa
1361 4066 1423 4126 an;
1442 4065 1548 4117 θαοείνιιι
1563 4066 1589 4121 8.

280 4169 307 4179 -
319 4143 385 4192 ande
397 4141 516 4191 Telesinus
532 4152 596 4190 nos:
614 4141 679 4190 node
696 4140 780 4189 ddectt
796 4139 865 4188 dnos
882 4139 942 4202 (non
953 4139 1040 4198 amos,
1060 4137 1088 4186 nt
1103 4137 1185 4188 relert
1196 4138 1331 4200 tordenus)
1345 4140 1377 4198 Τ;
1394 4141 1459 4190 uode
1475 4142 1592 4192 ἀοίεοῑεείε

278 4219 313 4276 V;
331 4217 396 4267 uode
412 4216 518 4266 delectati
533 4217 599 4274 lint
618 4216 683 4264 ande
698 4215 804 4265 docetur
818 4213 859 4247 *⁴*
876 4215 909 4272 03
927 4215 992 4263 ando
1003 4214 1125 4264 Samnites
1135 4215 1324 4276 Pantagathns3
1342 4215 1408 4265 ande
1423 4217 1508 4267 detecti
1520 4217 1592 4267 Poeni

278 4294 310 4350 L;
328 4294 392 4342 uode
408 4291 514 4342 detcctses
529 4290 609 4342 Carbo
626 4301 688 4340 cunr
704 4290 867 4340 ascensiana
884 4290 917 4353 ta.
930 4288 1014 4350 4534.)
1031 4287 1060 4346 a
1078 4290 1143 4338 node
1159 4289 1377 4352 ceccacneptcus
1388 4292 1511 4352 Beclius;
1528 4293 1592 4343 aede

277 4369 363 4418 ddcctt
380 4367 449 4417 Terret
466 4362 532 4428 (coll.
551 4365 605 4415 Liv.
623 4365 654 4415 n.
672 4365 724 4425 84.)
742 4365 914 4414 Buttmannus
931 4365 983 4414 Act.
1000 4365 1033 4415 N.
1046 4365 1101 4415 Soc.
1118 4365 1168 4415 len.
1182 4365 1201 4414 l.
1219 4378 1246 4429 p.
1259 4365 1300 4415 89.
1321 4367 1448 4418 Omnibus
1464 4369 1505 4419 his
1522 4380 1592 4418 conr-

277 4444 373 4493 mentis
389 4442 494 4492 reiectis
512 4439 633 4491 substitui
651 4439 784 4490 Telesiam
801 4441 828 4490 et
850 4441 959 4504 propter
975 4440 1051 4491 huius
1069 4441 1180 4491 nominis
1197 4441 1223 4490 in
1240 4441 1331 4492 codice
1348 4443 1367 4492 Τ
1384 4441 1455 4492 haud
1470 4441 1528 4493 leve
1545 4457 1592 4493 vc·

276 4518 381 4580 stigium
399 4519 426 4566 et
443 4517 566 4580 quoniam
582 4517 639 4566 eins
656 4529 700 4565 res
717 4517 807 4579 gestae
824 4528 886 4566 cunr
903 4516 1026 4566 Cinnanis
1044 4516 1147 4578 egregie
1165 4517 1331 4566 conveniunt.
1351 4517 1390 4568 Cl.
1407 4517 1472 4569 Vell.
1490 4519 1589 4569 Patere.

277 4593 307 4642 ll.
326 4592 366 4642 84.
392 4590 437 4642 lnli
460 4590 525 4641 Flori
547 4592 613 4655 Epit.
636 4599 663 4656 p.
682 4592 722 4642 90.
741 4590 783 4641 ed.
807 4591 880 4641 lehn.
898 4589 964 4640 Plut.
983 4589 1051 4640 Sulla
1075 4603 1098 4640 c.
1117 4591 1156 4641 49.
1184 4617 1211 4627 -
1237 4591 1278 4641 tt).
1304 4593 1399 4642 Gracco
1419 4593 1502 4642 rvu
1518 4595 1545 4641 et
1560 4595 1588 4642 Α.

277 4666 350 4718 Conl.
377 4667 444 4717 Frid.
469 4665 639 4717 llitschelinm
663 4666 693 4716 de
717 4666 787 4715 tltulo
811 4666 963 4716 llmnmteno
988 4679 1014 4729 p.
1032 4666 1073 4726 V..
1099 4667 1129 4715 de
1152 4665 1261 4716 mittem
1285 4666 1421 4728 Poplttieeo
1444 4677 1471 4731 p.
1494 4666 1535 4716 87.
1562 4694 1587 4702 -

276 4743 317 4793 tt.
334 4741 408 4792 verbo
429 4742 495 4791 ende
515 4741 652 4804 sanificet-t
675 4741 741 4790 ET:
768 4741 843 4791 nerto
867 4743 894 4790 to
914 4740 1050 4805 rtpaittcnrt
1064 4741 1112 4804 {tn
1132 4755 1148 4790 a
1172 4754 1227 4792 sec.
1245 4753 1281 4791 m.
1300 4753 1381 4806 supra
1404 4740 1528 4803 versum)
1552 4741 1588 4799 νς

275 4817 351 4868 certo
367 4817 503 4881 significan·
526 4816 589 4879 (om.
607 4815 679 4878 ende)
701 4815 842 4871 444880.
870 4815 908 4867 Ct.
928 4815 952 4880 5.
970 4816 1010 4867 89.
1031 4841 1058 4850 —
1081 4817 1243 4866 deterreri.
1270 4817 1366 4867 Deerat
1387 4815 1455 4866 haec
1471 4813 1548 4865 lectio
1565 4815 1590 4864 in

277 4891 444 4944 llomnrsenii
461 4891 575 4942 schedis.
595 4915 622 4926 -
641 4890 682 4940 88.
700 4903 718 4939 a
734 4903 782 4953 qno
798 4893 830 4942 T:
849 4905 868 4942 c
883 4905 932 4953 quo
947 4891 975 4940 ot
991 4891 1027 4948 V;
1046 4905 1064 4940 c
1080 4905 1128 4953 quc
1144 4892 1197 4942 toco
1208 4892 1235 4942 et
1249 4889 1360 4957 [delicet]
1373 4892 1435 4951 RA;
1453 4905 1470 4939 c
1480 4903 1528 4950 qno
1539 4889 1590 4940 loco

277 4981 339 5018 curn
355 4969 383 5018 P.
402 4967 516 5018 llenutio
532 4964 618 5020 LEO.
637 4991 664 5002 -
683 4967 720 5017 ttn
736 4967 817 5017 tabet:
839 4967 926 5018 Vrtur
943 4967 983 5016 44
997 4967 1169 5030 4484804844,
1188 4967 1231 5018 80
1247 4965 1424 5019 austures,
1441 4970 1469 5015 nt
1484 4965 1506 5014 si
1521 4966 1549 5015 L.
1560 4989 1586 5002 -

276 5043 317 5096 43.
334 5041 371 5111 ct]
387 5043 425 5093 ott
440 5043 469 5096 T.
488 5069 515 5082 α
534 5043 575 5098 48.
593 5042 742 5109 opertorii,
763 5042 909 5108 oportmb
926 5045 954 5094 et
968 5043 999 5095 A.
