3610 5860
578 507 651 572 cn.
673 506 810 572 rur-v.
837 503 893 590 pp.
916 499 1065 570 7-ra
1406 503 1470 570 raa

152 676 290 740 minibus
319 676 446 739 armatis
476 674 589 739 iactam
616 677 755 762 relinqui
786 681 877 760 putet
905 683 1053 759 oportere
1082 682 1140 739 eut·
1157 675 1225 739 eius
1246 675 1293 739 rei
1314 675 1469 740 leniorem

151 771 306 835 actionem
328 770 419 833 nobis
440 770 578 854 aliquam
600 772 814 836 demonstrare
836 770 963 856 possiti
991 771 1040 833 Ex
1062 792 1126 855 quo
1141 789 1256 854 genere
1274 771 1413 854 peccati,
1435 779 1471 834 ut

151 865 199 928 illi
228 864 403 940 clamitant,
433 865 483 929 vel
511 865 696 930 iniuriarum
718 869 769 932 vel
794 867 905 949 capitis
927 864 1043 929 iudicia
1065 867 1235 928 constituta
1257 872 1346 939 sunt,
1374 867 1469 928 ineo

150 960 284 1042 potestis
298 958 494 1024 atrocitatem
507 967 646 1023 nostram
661 961 903 1045 reprehendere,
920 981 991 1023 cum
1005 959 1140 1023 rideatis
1156 959 1237 1022 nibil
1251 959 1339 1023 aliud
1355 965 1468 1033 actum,

150 1053 213 1117 nisi
234 1054 469 1138 possessionem
490 1073 547 1137 per
567 1053 768 1118 interdictum
791 1075 860 1118 esse
881 1055 1071 1139 repetitam?
1110 1056 1164 1118 lv.
1185 1054 1302 1117 Verum
1310 1053 1390 1130 (sive
1412 1070 1494 1117 vose

151 1150 393 1213 existimationis
421 1149 507 1212 illius
532 1149 709 1232 perieulum
731 1149 797 1213 sive
818 1149 896 1212 iuris
919 1147 1073 1212 dubitatio
1095 1147 1250 1213 tardiores
1269 1144 1470 1244 ierit)adbue
1565 1121 1651 1208 mi.

151 1242 433 1319 adiudicandum,
464 1241 593 1307 alterius
615 1246 660 1308 rei
684 1263 809 1308 causam
831 1250 953 1308 vosmet
973 1244 1034 1328 ipsi
1055 1243 1119 1306 iam
1140 1243 1229 1308 vobis
1252 1243 1378 1326 saepius
1399 1261 1471 1326 pro-

151 1339 215 1403 lato
237 1338 355 1402 iudicio
378 1337 567 1414 sustulistis,
590 1339 718 1403 alterius
741 1358 799 1421 ego
822 1339 912 1403 vobis
933 1338 1089 1401 hodierno
1113 1337 1165 1401 dic
1180 1357 1306 1401 causam
1327 1328 1470 1421 proiecto

151 1432 306 1509 auferam,
328 1452 369 1495 ne
391 1432 508 1496 diutius
531 1434 570 1496 de
593 1435 806 1497 controversia
819 1439 928 1496 nostra
943 1452 980 1495 ac
995 1432 1034 1495 de
1050 1431 1210 1496 communi
1224 1433 1294 1495 iure
1309 1430 1471 1495 dubitetis.

151 1522 201 1588 40.
223 1527 264 1590 Et
291 1527 318 1590 si
344 1525 426 1591 forte
454 1525 586 1590 videbor
607 1528 700 1590 altius
722 1527 848 1590 initium
870 1527 915 1589 rei
938 1525 1201 1590 demonstrandae
1218 1526 1352 1610 petisse,
1376 1543 1509 1608 quamso

151 1639 200 1683 me
228 1622 309 1684 ratio
339 1621 417 1684 iuris
445 1621 528 1696 eius,
556 1621 595 1684 de
625 1641 687 1706 quo
718 1619 870 1683 iudicium
900 1629 962 1698 est,
992 1628 1025 1684 et
1053 1628 1164 1686 natura
1186 1639 1300 1684 causae
1322 1620 1471 1702 coegerit,

151 1721 327 1797 quaesout
349 1716 529 1800 ignoscatis.
571 1718 643 1779 Non
666 1715 748 1779 enim
770 1716 874 1778 minus
896 1715 1019 1780 laborat
1039 1718 1076 1779 Α.
1099 1716 1248 1791 Caecina,
1281 1736 1322 1779 ne
1347 1734 1471 1778 summo

151 1807 219 1870 iure
241 1809 361 1891 egisse,
390 1828 484 1892 quam
505 1829 545 1872 ne
569 1817 687 1874 certum
710 1811 759 1873 ius
781 1830 846 1872 non
868 1810 1044 1874 obtinuisse
1066 1813 1218 1875 videatur.

118 1919 120 1924 ’
235 1905 278 1967 M.
298 1903 461 1966 Fulcinius
482 1903 558 1978 luit,
588 1911 841 1988 recuperatores,
868 1907 1079 1989 emunicipio
1102 1905 1338 1988 Tarquiniensi,
1362 1903 1473 1988 quiet

152 1997 238 2061 domi
267 2018 342 2061 suae
370 2017 441 2060 cum
466 1998 576 2080 primis
604 1996 758 2062 bonosius
780 2000 978 2064 existimatus
1001 2009 1049 2064 est
1071 2007 1103 2064 et
1124 2000 1240 2064 Romae
1262 1999 1509 2082 argentariamse

151 2111 215 2155 non
238 2089 408 2173 ignobilem
430 2091 513 2154 iecit.
549 2093 580 2155 ls
600 2091 711 2155 babuit
732 2093 765 2156 in
783 2093 984 2157 matrimonio
1001 2095 1222 2171 Caesenniam,
1244 2095 1356 2159 eodem
1372 2114 1389 2158 e
1404 2115 1473 2158 mu-

151 2186 286 2269 nicipio,
315 2185 436 2248 summo
466 2186 537 2249 loco
565 2193 671 2250 natam
700 2193 732 2250 et
757 2189 1011 2272 probatissimam
1031 2189 1197 2264 feminam,
1227 2189 1310 2254 sicut
1330 2195 1362 2253 et
1381 2189 1473 2254 virm

151 2281 219 2364 ipse
241 2279 346 2343 multis
368 2278 461 2342 rebus
481 2281 619 2343 ostendit
633 2286 665 2343 et
679 2281 714 2343 in
729 2289 829 2344 morte
844 2302 902 2345 sua
916 2271 1110 2347 testamen't'd
1121 2282 1303 2348 declaravit.
1326 2279 1375 2346 ll.
1390 2283 1473 2347 Huic
1536 2301 1547 2324 ·

152 2373 345 2437 Caesenniae
366 2370 498 2437 fundum
521 2374 553 2437 iu
576 2393 651 2457 agro
676 2375 900 2459 Tarquiniensi
922 2377 1066 2441 vendidit
1086 2379 1283 2463 temporibus
1304 2377 1368 2442 illis
1391 2375 1472 2440 diffi-

61 2527 64 2538 ,
151 2468 274 2531 eillimis
296 2468 473 2532 solutionis.
509 2469 586 2531 Cum
607 2475 750 2532 uteretur
769 2469 878 2533 uxoris
900 2469 973 2534 dote
994 2481 1176 2550 numerata,
1198 2494 1262 2560 quo
1276 2473 1401 2537 mulieri
1420 2489 1519 2540 restit

151 2570 234 2626 esset
265 2563 402 2636 cautior,
433 2563 552 2625 curavit
572 2568 608 2626 ut
629 2563 662 2626 in
685 2559 843 2626 aeliando
865 2561 922 2627 dos
945 2564 1161 2630 collocaretur.
1195 2567 1367 2651 Aliquanto
1389 2576 1471 2651 post,

149 2657 211 2722 iam
233 2657 408 2740 argentaria
431 2654 601 2731 dissoluta,
627 2655 789 2719 Fulcinius
810 2656 885 2721 huie
904 2656 1005 2722 fundo
1027 2659 1137 2724 uxoris
1159 2662 1354 2725 continentia
1376 2681 1472 2745 quee-

151 2747 223 2816 dam
251 2751 379 2838 praedia
408 2760 502 2834 atque
531 2750 678 2814 adiuncta
699 2757 864 2814 mercatur.
906 2754 1041 2817 bloritur
1060 2754 1224 2818 Fulcinius
1248 2753 1357 2838 (multa
1378 2759 1471 2832 enirn,

151 2866 233 2931 quae
255 2846 382 2910 suntin
402 2865 454 2919 re,
478 2845 553 2929 quia
573 2853 693 2909 remota
714 2853 789 2909 sunt
809 2865 829 2910 a
849 2866 959 2923 causa,
981 2848 1253 2934 praetermittamle
1283 2858 1472 2915 testamento

150 2939 225 3007 iacit
238 2940 386 3005 heredem
402 2962 494 3025 quem
514 2941 650 3006 babebat
665 2963 682 3006 e
700 2941 874 3006 Caesennia
887 2939 1004 3017 lilium3
1027 2963 1121 3006 usum
1137 2951 1169 3007 et
1181 2944 1317 3009 inretum
1332 2946 1472 3009 omnium
1481 2959 1511 3008 aa

150 3039 304 3102 bonorum
325 3055 454 3099 suorum
476 3035 668 3100 Caesenniae
690 3036 790 3119 legat,
813 3031 848 3101 rit
868 3037 1026 3103 frueretur
1046 3060 1111 3103 una
1132 3061 1204 3103 eum
1224 3039 1301 3102 filio.
1335 3035 1386 3102 l2.
1407 3039 1473 3103 bla-

151 3151 229 3215 guus
256 3131 359 3194 bonos
386 3129 446 3191 riri
475 3129 630 3193 iucundus
661 3129 786 3194 mulieri
807 3130 936 3208 luisset,
966 3133 993 3196 si
1016 3132 1200 3197 diuturnum
1222 3152 1291 3196 esse
1312 3133 1472 3207 licuisset;

149 3225 305 3290 frueretur
326 3223 410 3286 enim
431 3222 523 3285 bonis
546 3242 618 3285 oum
640 3242 695 3296 eo,
718 3244 813 3307 quem
836 3227 902 3289 suis
924 3225 1016 3289 bonis
1029 3227 1178 3290 heredem
1198 3247 1267 3292 esse
1282 3226 1428 3309 cupiebat
1443 3234 1474 3288 et

151 3340 192 3382 ex
213 3341 276 3404 quo
299 3317 469 3380 maximum
491 3316 628 3380 fructum
650 3317 719 3400 ipsa
741 3319 892 3402 capiebat.
926 3319 990 3382 Sed
1011 3319 1095 3382 bunc
1116 3319 1253 3382 fructum
1274 3326 1396 3383 mature
1409 3319 1475 3382 for·

150 3424 229 3479 tuna
248 3413 374 3477 ademit.
415 3413 496 3475 Nam
516 3410 603 3475 breui
626 3419 766 3495 tempore
792 3414 834 3476 M.
855 3413 1015 3476 Fulcinius
1036 3413 1222 3477 adolescens
1244 3422 1387 3478 mortuus
1410 3421 1511 3478 est:ao

150 3509 301 3573 heredem
321 3509 355 3570 P.
371 3504 581 3571 Caesennium
602 3504 692 3570 lecit:
715 3506 808 3569 uxori
822 3508 939 3589 grande
954 3505 1081 3592 pondus
1095 3509 1216 3591 argenti
1230 3510 1388 3593 matrique
1402 3529 1475 3593 par·

151 3610 216 3666 tem
237 3602 388 3666 maiorem
409 3601 564 3663 bonorum
587 3600 710 3683 legavit
741 3603 851 3685 ltaque
873 3603 906 3665 in
926 3608 1048 3684 partem
1069 3601 1217 3664 rnulieres
1238 3609 1370 3667 vocatae
1392 3611 1475 3667 sunt.

234 3697 273 3762 V.
295 3689 345 3758 43.
370 3693 447 3757 Cum
470 3701 554 3758 esset
573 3694 652 3759 haee
674 3696 776 3760 auctio
797 3695 991 3760 hereditaria
1013 3697 1198 3771 constituta,
1227 3694 1382 3760 Aebutius
1404 3697 1475 3774 iste,

152 3793 207 3876 qui
235 3791 298 3857 iam
327 3788 384 3853 diu
411 3789 604 3854 Caesenniae
632 3789 788 3854 viduitate
818 3809 855 3853 ac
884 3789 1057 3854 solitudine
1079 3790 1215 3852 aleretur
1236 3809 1272 3852 ac
1294 3811 1329 3854 se
1351 3793 1385 3854 iu
1407 3793 1475 3856 eius

151 3885 394 3951 familiaritatem
415 3883 608 3948 insinuasset
627 3883 687 3948 bae
708 3884 848 3961 ratione,
868 3889 906 3948 ut
927 3903 999 3948 cum
1017 3883 1127 3968 aliquo
1143 3903 1201 3947 suo
1216 3883 1405 3967 compendio
1420 3897 1513 3949 ne-ae

217 4103 241 4154 4.
260 4096 663 4163 leuioremETVabcmpqt,
682 4097 817 4150 4444444444
831 4100 864 4151 P:
882 4093 1140 4162 kabrentllraliy
1157 4094 1305 4151 444540.
1319 4122 1346 4132 -
1360 4095 1384 4148 4.
1397 4095 1476 4164 oliui]

152 4177 223 4230 aliud
239 4175 309 4227 44444444
324 4175 354 4226 Ε.
369 4199 405 4222 -.
416 4175 440 4225 6.
459 4175 579 4225 tardioris
594 4175 623 4225 Τ,
638 4203 666 4212 -
684 4173 708 4226 i.
726 4175 803 4240 vobis]
818 4187 864 4226 atos
874 4176 902 4225 T.
916 4201 944 4210 -
963 4173 988 4224 9.
1006 4173 1121 4236 cosmam
1132 4169 1278 4226 Ereto:
1297 4174 1404 4237 afferam
1415 4175 1474 4224 BA.

154 4277 181 4288 -
200 4250 241 4302 40.
260 4249 342 4314 4444444]
359 4251 463 4302 4444444444
478 4251 507 4301 T.
522 4277 550 4286 -
569 4251 609 4300 lt.
627 4250 691 4300 444444
707 4251 760 4302 44444
776 4251 805 4302 de
822 4263 870 4314 qao
886 4262 949 4301 oum
962 4251 990 4300 P.
1002 4247 1087 4300 Fabro
1099 4249 1137 4298 0:
1155 4247 1219 4298 iuris
1234 4253 1257 4299 44
1272 4249 1394 4312 isdeqao
1405 4261 1473 4299 corr.

151 4327 210 4388 bc;
231 4325 492 4393 444444444444ς
519 4323 1003 4389 toaetoamqoccorrqetm
1029 4320 1426 4385 torisetttaceqooastt.
1447 4351 1475 4375 -,

153 4401 193 4454 43.
211 4401 301 4466 epist.
316 4427 343 4437 -
363 4406 428 4452 44444
443 4401 472 4451 Τ.
486 4425 514 4438 -
533 4400 666 4464 optinuisse
682 4401 740 4454 ET.
759 4401 797 4452 Cl.
816 4400 842 4466 5.
861 4401 901 4452 ta.
920 4399 960 4450 65.
973 4398 1014 4450 75.
1032 4411 1060 4462 p.
1072 4395 1155 4448 Tullio
1172 4397 1196 4461 5.
1209 4397 1250 4448 45.
1269 4398 1356 4450 Osann
1373 4399 1408 4450 ad
1420 4400 1474 4451 Cic.

153 4477 187 4530 de
203 4479 268 4542 sep.
286 4489 313 4541 p.
331 4473 379 4526 ill)
396 4489 436 4540 sq.
456 4502 483 4511 -
503 4473 544 4526 44.
561 4476 740 4539 reciperatores
757 4475 814 4526 ET.
837 4473 875 4526 Cl.
895 4473 919 4538 5.
938 4475 962 4524 6.
982 4499 1009 4509 -
1029 4473 1069 4524 46.
1088 4474 1228 4523 4444444444
1244 4472 1264 4522 T
1281 4475 1309 4524 et
1323 4472 1399 4529 sut
1415 4473 1477 4525 ubi-

153 4567 215 4620 que.
229 4577 256 4588 -
276 4551 359 4602 rodem
374 4551 508 4615 4444444444
525 4551 579 4602 (ik.
594 4577 621 4587 -
642 4549 682 4602 48.
699 4551 751 4614 ipse
765 4551 850 4601 44444444
865 4551 927 4602 ET:
945 4548 1029 4599 44444444
1043 4549 1095 4612 ipsc
1111 4545 1255 4602 ascio.
1271 4575 1298 4585 -
1316 4560 1364 4598 44444
1378 4561 1431 4599 om.
1450 4561 1475 4599 a.

152 4628 206 4680 Sed
223 4626 256 4680 cl.
274 4640 302 4692 p.
321 4625 440 4686 Quinctio
457 4627 482 4690 5.
501 4624 541 4677 44.
566 4653 592 4664 -
622 4625 661 4676 49.
678 4626 788 4676 uendidit
809 4631 832 4676 ct
852 4624 1199 4688 temportaas--sotottooir,
1225 4637 1282 4674 44444
1300 4628 1412 4674 4444444444
1428 4625 1475 4676 Τ44.

153 4705 310 4756 mommsen.
329 4699 368 4752 cr.
386 4702 482 4752 aeuus
501 4701 574 4752 verr.
586 4701 662 4752 reu.
675 4701 706 4751 11.
718 4713 745 4765 p.
760 4701 816 4752 444.
831 4725 858 4737 -
877 4700 1037 4764 armamus
1053 4701 1091 4764 (us
1106 4679 1254 4766 suspicati
1271 4700 1314 4749 ess
1324 4698 1476 4763 armoinus)

153 4791 178 4829 a.
198 4805 226 4816 -
244 4777 285 4828 20.
303 4775 393 4827 4444444
409 4776 464 4825 dote
479 4775 542 4826 ET:
559 4776 614 4826 iate
629 4773 877 4830 scabinio.
898 4789 984 4828 -res
998 4772 1427 4828 westmonasterium
1448 4797 1476 4808 -

152 4854 194 4905 il.
207 4851 251 4904 dos
261 4864 315 4903 om.
329 4851 358 4902 T.
369 4875 398 4888 -
417 4848 458 4902 23.
475 4849 585 4901 44444444
595 4853 841 4912 --444444444444444
853 4850 1025 4912 Quintilianus
1041 4851 1083 4901 IV.
1096 4851 1121 4914 2,
1134 4849 1175 4902 49.
1189 4876 1216 4886 -
1235 4850 1277 4900 25.
1294 4862 1368 4900 4444444
1383 4853 1406 4900 et
1421 4848 1479 4912 4444·

153 4928 251 4980 eamr
268 4927 295 4978 et
310 4938 351 4992 pr.
370 4925 405 4976 E:
423 4937 496 4976 444444
510 4925 652 4990 [4444444414
670 4925 758 4989 (etiam
775 4927 884 4990 coruli)
902 4925 1017 4979 4560.
1036 4923 1075 4977 64.
1094 4925 1118 4991 5.
1132 4925 1172 4976 49.
1186 4924 1220 4976 ad
1232 4921 1321 4976 Famll.
1334 4923 1388 4974 Vll.
1401 4921 1441 4985 30,
1452 4923 1477 4973 4.

157 5029 184 5041 -
206 5002 247 5054 26.
266 5000 303 5068 444]
319 5006 348 5052 444
363 5003 391 5052 at
408 5001 436 5052 T.
457 4999 496 5052 Cl.
514 4999 538 5064 5.
557 5001 597 5052 ia.
610 5027 637 5036 -
656 4999 698 5051 27.
715 5003 796 5053 oiri.
816 5028 844 5038 -
863 5001 983 5052 4444444444
999 4999 1079 5051 Eub.
1095 5026 1122 5036 -
1139 5000 1188 5064 44444
1205 5001 1282 5066 (corr.
1294 4999 1322 5049 in
1337 4997 1430 5061 44444444)
1448 4997 1477 5047 Ε.

157 5106 185 5117 -
203 5077 243 5130 34.
261 5075 624 5130 444444454444444441444
642 5076 763 5128 54444444
777 5079 900 5128 maiorem
915 5074 1060 5130 444540.
1074 5099 1102 5112 -
1121 5075 1163 5128 33.
1180 5074 1332 5126 4444444444
1348 5071 1481 5124 4444444444

156 5151 312 5206 etaim„
323 5153 470 5219 aspersorio
484 5152 608 5216 4444444444
622 5151 705 5207 osbati
720 5191 726 5204 .
742 5189 748 5206 .
768 5151 800 5216 (5.
818 5149 869 5214 46.)
885 5149 967 5206 babet
982 5154 1011 5204 P.
1026 5177 1055 5190 -
1072 5149 1113 5206 34.
1131 5163 1157 5204 44
1172 5151 1225 5206 eim
1239 5153 1267 5202 44
1278 5149 1480 5215 familiaritates

156 5239 219 5283 sum
235 5227 279 5284 ed.
296 5228 469 5285 Cratandrina
487 5225 515 5284 2.
