3638 5868
585 434 653 496 er.
675 431 729 498 lv.
758 429 833 495 Car.
854 427 1027 494 xl—xss.
1056 425 1113 514 55.
1134 423 1282 494 23-27.
1522 427 1584 494 333

260 573 619 693 dignitasilllamertini
640 623 691 668 me
713 600 840 686 publice
860 620 926 664 non
949 601 1131 665 invitarunt.
1164 601 1310 664 Mecum
1332 597 1414 674 dico,
1436 599 1506 665 leve
1523 609 1585 666 est:

260 710 438 768 senatorem
452 698 563 782 populi
580 698 713 762 Romani
729 698 756 760 si
769 715 836 759 non
849 697 1032 770 invitarunt,
1053 694 1209 758 honorem
1224 694 1366 759 debitum
1382 695 1588 758 detraxerunt

257 815 323 860 non
344 794 481 868 homini,
504 792 560 856 sed
583 791 698 855 ordini.
741 793 821 854 Nam
842 791 904 873 ipsi
926 789 1033 853 Tullio
1055 789 1183 870 patebat
1204 789 1316 852 domus
1338 788 1587 873 locupletissima

261 891 317 956 Cn.
338 889 470 973 Pompei
491 886 655 961 Basilisci,
678 905 753 970 quo,
776 885 900 948 etiamsi
921 890 1006 948 esset
1026 883 1177 947 invitatus
1199 883 1333 958 avobis,
1355 891 1462 946 tamen
1477 883 1588 947 dover-

248 987 359 1049 ,sisset
401 985 478 1046 Erat
498 981 594 1045 etiam
616 978 878 1054 Percenniorum,
908 979 963 1061 qui
989 997 1074 1041 nuno
1104 978 1181 1041 item
1202 978 1332 1061 Pompei
1355 987 1444 1054 sunt,
1474 979 1611 1043 domuso

247 1078 497 1150 ¹honestissima,
536 1095 601 1160 quo
631 1075 666 1136 L.
697 1073 794 1137 frater
825 1091 915 1135 meus
944 1090 1067 1136 summa
1096 1070 1224 1135 illorum
1250 1072 1414 1137 voluntate
1443 1073 1587 1138 devertit.

259 1172 394 1236 Senator
415 1170 527 1254 populi
549 1168 701 1242 Romani,
731 1165 819 1250 quod
841 1166 875 1228 in
898 1165 987 1229 vobis
1008 1164 1086 1241 fuit,
1113 1165 1147 1228 in
1168 1172 1274 1229 vestro
1295 1167 1415 1250 oppido
1438 1166 1537 1230 iacuit
1557 1175 1590 1230 ot

258 1266 455 1350 pernoctavit
481 1267 515 1328 in
544 1262 685 1347 publico.
727 1260 822 1324 Nulla
853 1260 914 1324 hoo
945 1260 1055 1324 civitae
1084 1279 1234 1345 umquam
1264 1260 1589 1326 411444ωωὶ444.-
1671 1302 1676 1311 ,

261 1359 430 1428 «Amicum
452 1359 537 1422 enim
558 1363 702 1421 nostrum
724 1355 758 1419 in
779 1354 934 1418 iudicium
949 1354 1121 1417 vocabas.»
1138 1356 1253 1428 -Τ11,
1277 1355 1355 1437 quid
1369 1373 1429 1438 ego
1444 1358 1589 1439 privatim

258 1455 379 1538 negotii
401 1473 518 1538 goram,
540 1451 790 1534 interpretabere
812 1449 1030 1512 imminuendo
1044 1448 1167 1513 honore
1182 1451 1367 1513 senatorio?
1398 1447 1449 1514 26.
1471 1453 1589 1516 Verum
1599 1467 1626 1516 44

259 1549 339 1614 haec
362 1558 430 1613 tum
452 1565 633 1632 queremur,
656 1545 683 1608 si
705 1542 783 1629 quid
806 1543 845 1605 de
867 1543 956 1606 volvis
979 1561 1124 1626 pereum
1139 1543 1283 1606 ordinem
1298 1551 1418 1626 agetur,
1440 1546 1496 1629 qui
1511 1547 1590 1610 ordo

259 1664 279 1708 a
292 1644 385 1707 vobis
400 1643 505 1706 adhuc
520 1640 596 1703 solis
612 1645 811 1721 contemptus
827 1646 884 1702 est.
906 1638 944 1700 ln
958 1637 1070 1721 populi
1080 1637 1214 1701 Romani
1229 1637 1359 1722 quidem
1374 1648 1590 1724 conspectum,

260 1757 325 1822 quo
348 1757 403 1800 ore
429 1755 487 1800 vos
516 1732 739 1798 commisistis?
768 1751 828 1795 nec
857 1733 947 1815 prius
974 1730 1062 1792 illam
1094 1750 1238 1805 crucem,
1268 1751 1351 1816 quae
1381 1734 1476 1796 etiam
1505 1755 1590 1798 nunc

260 1831 341 1895 civis
362 1829 497 1893 Romani
527 1830 681 1910 sanguine
709 1826 883 1901 redundat,
913 1845 995 1907 quae
1021 1821 1085 1888 lixa
1114 1833 1163 1888 est
1189 1823 1230 1887 ad
1259 1833 1386 1908 portum
1414 1830 1590 1914 urbemque

261 1932 409 2010 vestrjam,
431 1922 599 1988 revellistis
620 1941 725 2007 neque
747 1922 780 1983 in
794 1920 988 2004 profundum
1002 1918 1162 1982 abiecistis
1176 1919 1347 2004 locumque
1360 1921 1450 1986 illum
1465 1943 1592 1988 omnem
1602 1939 1630 1988 41
1686 1919 1753 2014 [ᾖ

262 2018 425 2100 expiastis,
448 2035 543 2101 quam
558 2017 691 2078 Romam
712 2020 809 2099 atque
832 2014 866 2076 in
886 2014 1000 2077 horum
1015 2020 1206 2076 conventum
1221 2013 1371 2080 adiretis?
1407 2018 1444 2080 ln
1458 2019 1593 2082 Mamer·

262 2112 401 2176 tinorum
430 2110 500 2174 solo
529 2108 692 2173 foederato
722 2114 818 2194 atque
853 2115 966 2192 pacato
998 2117 1239 2173 monumentum
1272 2110 1365 2174 istius
1398 2112 1593 2176 crudelitatis

264 2208 469 2270 constitutum
490 2210 548 2268 est
598 2204 753 2267 Vestrane
780 2202 856 2267 urbs
885 2204 984 2266 electa
1014 2211 1077 2278 est,
1105 2203 1146 2268 ad
1175 2223 1272 2289 quam
1300 2224 1371 2268 cum
1400 2207 1525 2270 adirent
1553 2225 1594 2270 ox

263 2301 372 2378 ltalia,
404 2319 529 2364 crucem
565 2298 643 2362 civis
671 2299 803 2361 Romani
839 2298 928 2379 prius
964 2315 1060 2380 quam
1096 2315 1289 2382 quemquam
1318 2299 1455 2363 amioum
1482 2301 1595 2385 populi

263 2395 398 2460 llomani
419 2394 585 2458 viderent?
608 2411 705 2476 qrrem
726 2411 784 2456 vos
799 2391 946 2474 Reginis,
969 2410 1106 2476 quorum
1129 2391 1248 2456 civitati
1263 2393 1430 2471 invidetis,
1453 2395 1633 2481 itemquero

263 2489 378 2554 incolis
400 2488 526 2562 vestris,
548 2486 670 2568 cirinus
692 2487 853 2561 Romanis,
876 2485 1045 2548 ostendere
1068 2486 1188 2560 soletis,
1211 2506 1276 2570 quo
1298 2488 1403 2554 minus
1425 2490 1486 2554 sibi
1508 2511 1596 2554 arro·

265 2591 340 2668 gent
360 2585 531 2667 minusque
553 2602 611 2646 vos
633 2581 827 2664 despiciant,
858 2601 931 2644 cum
959 2580 1089 2644 videant
1114 2582 1165 2644 ins
1194 2582 1329 2646 civitatis
1358 2583 1413 2648 illo
1436 2585 1594 2670 supplicio

265 2697 334 2742 esse
356 2683 536 2742 macutum.
557 2676 738 2740 -Verum
760 2676 839 2740 haec
860 2675 976 2738 emisse
997 2681 1030 2738 te
1051 2675 1140 2740 dieis.
1162 2709 1205 2723 -
1225 2676 1297 2740 XII.
1326 2675 1377 2742 27.
1401 2678 1512 2755 Quid:
1540 2680 1597 2744 illa

264 2773 398 2836 Attalica
424 2777 491 2835 tota
525 2767 635 2833 Sicilia
669 2770 831 2834 nominata
860 2770 899 2834 ab
937 2769 1049 2833 eodem
1079 2771 1160 2835 Heio
1191 2767 1460 2857 [peripetasmata]
1491 2795 1597 2840 emere

265 2867 384 2930 oblitus
407 2867 465 2929 est
508 2862 614 2926 Licuit
636 2861 749 2926 eodem
771 2863 883 2939 modo,
906 2872 943 2927 nt
964 2866 1064 2948 signa.
1109 2865 1195 2942 Quid
1218 2869 1303 2931 enim
1325 2877 1430 2932 aetum
1453 2873 1519 2933 esti
1556 2883 1636 2937 411114

264 2962 379 3026 litteris
400 2959 592 3046 pepercistii
635 2959 752 3022 Verum
773 2958 936 3023 hominem
958 2967 1116 3024 amentem
1137 2961 1199 3025 hoc
1219 2961 1317 3046 sugit:
1349 2965 1454 3028 minus
1476 2965 1597 3029 clarum

266 3057 391 3139 putavit
416 3055 503 3129 iore,
532 3053 619 3138 quod
646 3052 686 3116 de
713 3054 849 3117 armario
880 3073 975 3137 quam
1005 3055 1093 3137 quod
1119 3055 1159 3118 de
1182 3057 1320 3120 sacrario
1342 3065 1427 3121 esset
1448 3058 1597 3124 ablatum.

266 3151 309 3212 At
334 3169 400 3233 quo
429 3148 524 3211 modo
554 3148 705 3212 abstulit?
734 3150 804 3210 Non
835 3166 966 3230 possum
994 3147 1099 3210 dicere
1121 3149 1263 3232 planius,
1293 3170 1387 3235 quam
1414 3151 1484 3235 ipse
1511 3153 1597 3237 apud

267 3263 325 3307 vos
349 3242 432 3306 dixit
452 3241 562 3306 lleius.
607 3243 685 3306 Cum
715 3243 927 3325 quaesissem,
961 3242 1118 3324 numquid
1144 3243 1229 3305 allud
1261 3243 1414 3308 debonis
1437 3245 1505 3308 eius
1527 3265 1599 3328 per-

266 3336 408 3400 venisset
439 3337 481 3401 ad
507 3338 656 3412 Verrem,
684 3338 851 3420 respondit
879 3338 976 3401 istum
1004 3335 1045 3400 ad
1074 3355 1109 3398 se
1139 3337 1276 3412 misisse,
1305 3344 1341 3400 ut
1369 3336 1430 3401 sibi
1461 3339 1636 3407 mitteretao

268 3431 475 3514 Agrigentum
497 3433 752 3516 peripetasmata.
797 3431 965 3507 Quaesivi,
994 3450 1035 3494 an
1061 3429 1216 3495 misisset:
1245 3432 1413 3516 respondit
1433 3431 1483 3508 id,
1512 3435 1599 3517 quod

268 3545 400 3590 neccsse
422 3532 490 3590 erat
505 3526 648 3602 scilicet,
677 3526 763 3590 dicto
784 3526 966 3592 audientem
987 3527 1088 3591 luisse
1110 3527 1266 3610 praetori:
1290 3527 1425 3592 misisse.
1468 3529 1600 3614 Rogavi,

335 3795 359 3846 4.
377 3794 553 3848 414444144414
571 3793 629 3860 (bis)
647 3796 675 3846 et
690 3794 746 3846 aiii:
763 3795 934 3847 4443444444
950 3795 1029 3861 Lagg.
1049 3798 1077 3848 et
1093 3795 1217 3862 attilii:
1234 3796 1435 3852 44144444114440
1452 3802 1600 3867 4414441444

270 3869 338 3924 4444.
352 3897 380 3910 -
393 3871 418 3922 3.
433 3871 626 3934 coaptamus
636 3871 682 3934 143,
700 3873 716 3924 4
728 3870 807 3924 codd.
821 3869 881 3922 Lbi:
900 3871 1366 3936 44444444444114444414444144144441444.
1380 3875 1409 3925 0.
1425 3901 1452 3912 -
1465 3876 1490 3928 4.
1502 3879 1602 3941 Pompei

205 3967 208 3974 ·
270 3947 303 3998 lt:
320 3945 517 4008 1411444443-
535 3947 635 3997 1441444444
652 3947 688 4007 C:
705 3947 817 3997 1441444144
833 3945 883 4007 Ga:
900 3947 1003 3996 Basilici
1020 3946 1074 3998 Pel.
1093 3959 1147 3998 sec.
1168 3973 1195 3983 -
1215 3948 1351 4000 dtomtrsei
1368 3950 1400 4001 Gi
1415 3951 1432 4001 4
1449 3951 1477 4002 44
1492 3953 1512 4002 44
1530 3965 1600 4006 corr.

271 4032 297 4087 p.
314 4034 353 4073 m.
372 4046 400 4056 -
418 4021 443 4072 s.
461 4023 657 4074 14411444444444111
673 4023 719 4083 Gt,
737 4021 784 4073 Ld.
805 4049 833 4059 -
851 4021 951 4083 Pompei
967 4022 997 4082 14,
1014 4021 1098 4084 ngas:
1117 4021 1225 4084 1444114444
1242 4023 1272 4074 0.
1288 4049 1313 4062 -
1335 4024 1359 4074 o.
1378 4025 1436 4088 qrso]
1454 4040 1505 4089 quo
1521 4029 1600 4093 Lagg.

271 4097 379 4163 praeter
394 4097 436 4148 29.
450 4124 478 4135 -
492 4099 517 4150 ’1.
536 4112 568 4149 44
580 4111 654 4163 pou.
673 4098 721 4149 Ld.
737 4123 764 4134 -
777 4098 803 4150 8.
822 4097 883 4148 1444
900 4097 946 4157 Gt,
965 4094 1011 4146 Ld.
1026 4121 1055 4132 -
1067 4096 1121 4147 4444
1136 4097 1226 4148 44114444
1240 4111 1363 4161 4444114111
1379 4101 1457 4164 Legg.
1472 4126 1499 4138 -
1513 4102 1537 4153 3.
1548 4106 1603 4168 444-

269 4170 979 4236 44444413.-444.414111411414114414,441.-44144111
994 4177 1079 4222 mmor
1099 4171 1160 4222 41444
1176 4174 1408 4235 41484444444411
1423 4175 1469 4227 irco
1484 4189 1542 4228 441111
1559 4191 1601 4242 qo.

272 4247 318 4309 (13,
337 4246 384 4297 Ld.
404 4271 431 4282 -
453 4248 493 4298 44.
512 4261 664 4311 quanm
679 4249 709 4298 14.
729 4271 757 4282 -
776 4247 817 4296 43.
835 4251 947 4297 1444444444
963 4248 993 4298 14.
1018 4271 1045 4282 -
1068 4247 1197 4298 mavum
1219 4259 1279 4312 sqq.
1303 4251 1384 4302 Prisc.
1404 4252 1422 4301 1.
1447 4265 1474 4318 p.
1493 4251 1552 4306 198.
1573 4279 1600 4292 -

271 4321 313 4371 43.
330 4321 357 4371 411
373 4322 470 4386 tonan]
487 4335 587 4374 4444141414
603 4322 655 4379 Gt:
678 4319 812 4386 vulgatam
828 4323 919 4373 tuetur
935 4321 1016 4372 etiem
1032 4323 1109 4373 Arus.
1129 4323 1162 4373 41.
1182 4335 1209 4387 p.
1228 4321 1285 4374 343.
1306 4349 1333 4360 -
1354 4326 1394 4377 48.
1413 4327 1552 4379 444444143.
1572 4355 1599 4365 -

271 4395 336 4461 411114]
353 4399 407 4446 444114
423 4396 474 4456 Ld:
500 4399 544 4460 4144
560 4399 588 4449 i..
609 4425 637 4434 -
655 4397 697 4448 49.
712 4410 741 4459 p.
759 4398 788 4448 14.
805 4397 917 4448 uiderem
933 4399 961 4458 14,
981 4397 1026 4458 Gt,
1045 4396 1092 4456 1.(1,
1110 4397 1192 4460 ussa:
1211 4397 1261 4449 oid.
1277 4411 1305 4462 p.
1323 4401 1352 4451 14.
1371 4401 1404 4451 Gt
1426 4401 1491 4454 dett.
1512 4429 1540 4440 -
1558 4403 1601 4456 2⁰.

272 4473 420 4536 4444444144
444 4473 559 4538 1444941141
573 4475 603 4525 0.
625 4501 653 4512 -
671 4473 797 4524 4444444444
814 4473 940 4538 441444.,-
958 4472 1017 4523 444111
1037 4473 1115 4536 Legg.
1135 4472 1201 4524 deti.
1220 4473 1249 4525 0.
1270 4500 1297 4510 -
1316 4476 1358 4526 2⁴.
1382 4477 1505 4544 adrogent
1522 4479 1551 4530 14.
1572 4507 1600 4518 -

272 4547 314 4600 at.
326 4547 442 4614 Attalico]
454 4549 489 4599 444
500 4549 588 4600 4444444
599 4551 627 4608 14,
641 4550 674 4601 Gt
686 4563 693 4610 3
712 4549 746 4600 444
756 4547 857 4600 1444441111
867 4549 905 4599 uu
915 4548 962 4598 ld.
977 4571 1004 4584 ·—
1014 4549 1212 4611 pertpotoernoto
1222 4546 1274 4599 del.
1288 4548 1373 4601 Halm.
1387 4549 1446 4601 ooli.
1459 4550 1524 4603 Ptin.
1537 4552 1603 4604 Vili.

272 4621 315 4684 18,
327 4622 385 4673 iso.
403 4627 442 4675 Ac
458 4635 524 4676 441114
540 4623 678 4676 collocatio
693 4623 771 4676 verbi
788 4621 891 4688 glossae
912 4624 1091 4688 suspicionem
1108 4625 1207 4675 movet.
1221 4623 1314 4675 Lami).
1328 4627 1504 4691 transposuit:
1519 4629 1602 4692 444444.

274 4696 307 4748 ab
322 4699 407 4749 44444411
422 4697 491 4750 11144,
505 4726 533 4735 -
552 4701 593 4751 26.
611 4700 701 4751 44444444
716 4703 802 4751 4111414
818 4698 951 4764 duplicata
968 4696 1051 4748 habet
1066 4699 1147 4750 etiem
1164 4701 1193 4750 14.
1214 4724 1241 4734 -
1262 4700 1425 4751 edormisce
1440 4701 1462 4751 14
1476 4713 1504 4766 p.
1523 4713 1559 4752 m.
1573 4727 1601 4738 —

274 4773 315 4824 47.
328 4773 414 4838 41141144
429 4773 479 4825 ott.
492 4777 611 4827 Donatus
628 4769 733 4826 ed‘i'er.
746 4774 827 4828 Andr.
841 4775 860 4825 1.
880 4775 905 4837 3,
918 4771 959 4824 43.
973 4799 1001 4810 -
1015 4773 1056 4824 34.
1073 4773 1269 4836 peripetasmata
1279 4799 1316 4812 -·
1325 4776 1523 4838 peuentsssotoo
1532 4774 1606 4840 Agra·-

274 4852 376 4914 4414444111
392 4861 446 4900 4111.
465 4849 510 4902 143.
541 4851 652 4901 cumin
670 4851 777 4915 optimis
793 4848 874 4901 codd.
893 4851 964 4900 totus
982 4849 1025 4898 1114
1042 4845 1116 4899 locus
1134 4849 1249 4900 omissus
1265 4848 1314 4908 sit,
1341 4850 1398 4901 iure
1422 4850 1546 4916 suspecta
1564 4854 1607 4902 est

276 4922 402 4990 particula
419 4939 463 4987 414,
482 4937 564 4990 quam
581 4924 645 4976 dett.
664 4924 744 4976 codd.
763 4924 871 4976 habent.
891 4924 923 4975 ci.
937 4923 1023 4975 lladv.
1037 4924 1085 4989 Op.
1099 4926 1129 4974 ii.
1148 4937 1174 4989 p.
1187 4923 1246 4976 434.
1269 4927 1361 4990 itaque
1373 4925 1491 4977 Halmius
1507 4924 1603 4979 edidit:

277 5011 353 5049 4441114
361 4999 491 5051 mutaret.»
508 5002 548 5052 An
560 4999 621 5050 luit:
641 5011 718 5051 144111
727 5001 879 5051 misisset-t
891 5027 919 5037 -
932 5001 973 5050 34.
984 5011 1079 5050 11444114
1090 5004 1145 5050 4444
1155 5001 1256 5062 44444444,
1273 5000 1346 5066 144444]
1364 5002 1403 5053 sic
1416 5001 1607 5066 interpungunt

277 5072 363 5124 iladv.
381 5086 408 5139 p.
426 5073 468 5125 83.
496 5073 637 5126 3411414114).
656 5074 690 5125 441
706 5075 787 5126 141441.
806 5088 833 5140 p.
852 5075 892 5126 43.
912 5073 947 5124 441
963 5076 987 5124 i:
1013 5087 1109 5124 11444414
1124 5080 1193 5136 4444,
1214 5075 1307 5126 44444444
1324 5075 1389 5125 dioto
1406 5076 1439 5135 ⁰3
1464 5074 1603 5138 4444444441,

276 5149 304 5200 444
319 5151 386 5214 qaod
399 5163 496 5205 morae
510 5155 575 5215 4444,
591 5163 618 5205 44
632 5151 698 5204 dioto
714 5163 749 5204 ex
764 5151 870 5204 11444111.
888 5148 1062 5214 4444484141,
1080 5151 1232 5204 4144414444
1248 5149 1318 5202 coni.
1335 5149 1433 5203 1441111.
1445 5160 1472 5215 p.
1485 5145 1526 5200 34.
1546 5145 1606 5214 [Qut
