3648 5888
623 419 877 488 ena-xa
904 413 1132 504 §car-er.
1473 410 1536 482 rar

217 594 274 660 Gn.
295 593 500 669 Tremellius,
526 593 623 656 bomo
652 611 773 656 summa
802 591 957 674 religione
984 597 1016 654 et
1044 586 1224 670 diligentia,
1251 593 1315 650 tres
1336 584 1370 648 bi
1391 584 1536 649 homines

215 695 338 754 veteres
359 687 477 752 tribuni
498 671 651 750 militares
673 693 747 750 sunt
768 684 942 767 designati3
965 705 1006 748 ex
1024 681 1093 746 llal.
1107 682 1233 744 Ianuar.
1255 700 1321 744 non
1341 679 1536 743 iudicabunt.

216 781 453 847 subsortiemur
473 783 567 846 etiam
588 781 621 844 in
635 782 679 845 ld.
693 780 812 845 Metelli
828 780 951 854 locum,
973 777 1124 862 quoniam
1146 777 1173 838 is
1191 773 1266 838 lruic
1280 773 1342 857 ipsi
1357 773 1537 858 quaestioni

215 876 417 960 praefuturus
445 883 503 940 est.
545 875 592 938 lta
620 874 794 938 secuudum
822 872 982 939 Kalendas
1009 872 1134 936 Ianuar.
1157 876 1189 932 et
1216 877 1363 951 praetore
1385 874 1418 932 et
1437 886 1537 950 prope

216 978 282 1034 toto
311 969 446 1033 consilio
475 975 667 1032 commutato
696 986 825 1054 magpas
853 968 1046 1030 accusatoris
1074 964 1174 1028 minas
1196 982 1406 1047 magnamque
1428 961 1576 1026 iudiciis
1669 933 1689 1024 3

216 1063 484 1147 exspectationem
507 1064 547 1127 ad
569 1067 712 1142 nostrum
728 1061 891 1125 arbitrium
906 1061 1136 1143 libidinemque
1152 1045 1327 1122 eludemus.
1363 1052 1414 1120 3l.
1429 1059 1538 1120 Nonae
1645 1053 1706 1126 j..
1816 1059 1818 1138 ',

125 1159 132 1176 '
216 1167 291 1222 sunt
310 1157 405 1221 hodie
429 1157 582 1220 Sextiles:
612 1156 691 1218 bora
720 1163 830 1218 ecura
858 1155 1028 1221 convenire
1051 1153 1211 1235 coepistis.
1255 1149 1347 1215 Hunc
1370 1150 1454 1216 diem
1474 1152 1538 1214 iam

216 1273 257 1316 ne
285 1258 453 1316 numerant
480 1251 619 1335 quidem.
662 1252 778 1314 Decem
808 1249 876 1312 dies
902 1255 976 1312 sunt
996 1255 1071 1311 ante
1092 1247 1185 1310 ludos
1207 1246 1348 1320 votivos,
1378 1265 1460 1330 quos
1483 1245 1539 1308 Cn.

215 1347 386 1430 Pompeius
405 1346 547 1410 facturus
569 1352 636 1409 est:
660 1344 694 1409 bi
717 1342 783 1407 ludi
805 1344 873 1408 dies
896 1342 1078 1427 quindecim
1098 1342 1252 1406 auferent
1294 1338 1416 1405 Deinde
1438 1338 1541 1402 conti-

217 1461 281 1505 nuo
302 1440 436 1504 Romani
458 1445 702 1522 consequentur.
731 1439 778 1502 lta
798 1457 898 1521 prope
920 1456 963 1500 xx
985 1435 1098 1500 diebus
1112 1434 1307 1518 interpositis
1321 1443 1388 1499 tum
1404 1433 1580 1519 deniquerc

218 1556 252 1599 se
273 1535 314 1598 ad
336 1555 390 1607 ea,
412 1553 496 1617 quae
517 1532 641 1598 anobis
657 1532 740 1596 dicta
757 1538 866 1605 erunt,
888 1549 1096 1614 responsuros
1112 1548 1181 1594 esse
1195 1529 1401 1593 arbitrantur:
1424 1528 1540 1592 deinde

218 1649 252 1693 se
273 1628 422 1692 ducturos
445 1633 477 1690 et
497 1625 632 1689 dicendo
654 1633 686 1688 et
706 1623 887 1688 excusando
908 1624 1000 1688 facile
1021 1622 1061 1686 ad
1083 1623 1176 1686 ludos
1191 1623 1356 1687 Victoriae.
1394 1621 1473 1686 Cum
1492 1621 1542 1686 bis

218 1721 359 1806 plebeios
382 1739 452 1784 esse
474 1719 673 1792 coniunctos,
695 1717 869 1782 secundum
892 1739 973 1802 quos
994 1725 1049 1782 aut
1069 1717 1148 1780 nulli
1169 1726 1224 1780 aut
1244 1717 1393 1799 perpauci
1413 1716 1480 1780 dies
1501 1713 1542 1782 ad

213 1813 375 1898 ,agendum
396 1813 495 1876 futuri
516 1820 599 1876 suut.
632 1814 678 1876 lta
700 1812 825 1876 defessa
845 1832 882 1875 ac
900 1811 1084 1894 refrigerata
1098 1811 1296 1876 accusatione
1310 1831 1377 1875 reru
1391 1811 1542 1893 integram

219 1909 259 1973 ad
280 1909 322 1973 Μ.
337 1907 501 1972 Metellum
523 1914 699 1989 praetorem
721 1927 791 1970 esse
812 1914 991 1971 venturam:
1019 1925 1113 1990 quern
1136 1926 1194 1988 ego
1222 1905 1399 1979 bominem,
1427 1903 1454 1968 si
1476 1905 1582 1969 eiusce

220 1999 293 2066 fidei
315 1997 435 2064 diffisus
458 2020 575 2075 essem,
597 2001 731 2064 iudicem
752 2020 818 2064 non
832 2001 1040 2064 retinuissem.
1073 1995 1125 2062 32.
1139 2001 1230 2062 Nunc
1243 2007 1349 2063 tamen
1362 1999 1424 2062 boc
1438 2001 1543 2064 animo

142 2095 146 2103 '
220 2115 307 2170 sum,
329 2102 365 2158 ut
385 2115 424 2158 eo
444 2092 547 2158 indice
563 2113 658 2178 quam
679 2102 824 2177 praetore
838 2095 919 2158 banc
935 2113 1001 2158 rem
1017 2093 1147 2176 transigi
1161 2093 1266 2158 malim
1281 2100 1314 2158 et
1326 2094 1428 2158 iurato
1444 2113 1544 2169 suem,

221 2210 316 2274 quam
337 2188 475 2252 iniurato
496 2188 629 2251 abosum
650 2189 780 2252 tabellas
803 2189 1006 2253 committere.

304 2282 359 2345 lll.
380 2284 471 2345 Nunc
485 2301 559 2364 ego,
581 2280 716 2357 iudices,
735 2283 869 2348 iamvos
884 2283 1026 2358 consulo,
1041 2280 1118 2366 quid
1132 2281 1208 2345 mibi
1226 2279 1404 2346 laciendum
1418 2281 1544 2366 putetis.

218 2378 255 2442 ld
278 2378 362 2442 enim
383 2376 507 2440 consilii
528 2377 604 2440 mihi
625 2375 766 2459 profecto
785 2377 870 2440 taciti
884 2377 1014 2452 debitis,
1036 2374 1123 2460 quod
1138 2385 1263 2458 egomet
1275 2376 1353 2440 mibi
1365 2376 1583 2442 necessariott

220 2469 407 2555 capiendum
432 2469 585 2552 intelligo.
629 2470 662 2533 Si
690 2478 762 2534 utar
788 2469 1020 2534 addicendum
1041 2491 1112 2534 meo
1134 2470 1274 2552 legitimo
1296 2478 1456 2554 tempore,
1480 2473 1545 2562 mei
1645 2484 1698 2574 jn

220 2566 353 2639 laboris,
373 2563 549 2628 industriae
572 2564 815 2648 diligentiaeque
837 2564 958 2647 capiam
979 2565 1115 2628 unctum
1137 2571 1169 2628 et
1192 2583 1233 2626 err
1253 2565 1453 2628 accusatione
1474 2583 1546 2648 per-

222 2656 335 2732 ficiam,
356 2666 394 2720 ut
414 2676 509 2720 nemo
530 2677 682 2742 umquam
700 2665 774 2742 post
794 2658 958 2721 bominum
979 2661 1161 2722 memoriam
1184 2659 1337 2742 paratior,
1359 2657 1546 2741 vigilantior,

223 2753 424 2836 compositior
448 2751 491 2816 ad
518 2749 668 2814 iudicium
690 2751 814 2816 venisse
842 2751 997 2817 rideatur.
1040 2752 1102 2815 Sed
1124 2754 1157 2816 in
1177 2753 1238 2817 bac
1259 2750 1354 2816 laude
1374 2751 1547 2816 industriae

222 2865 309 2911 meae
335 2865 408 2910 reus
435 2865 477 2909 ne
500 2845 643 2908 elabatur
669 2865 826 2910 summum
847 2846 1023 2928 periculum
1045 2853 1102 2909 est.
1146 2844 1231 2922 Quid
1254 2853 1302 2910 est
1321 2846 1431 2928 igitur,
1461 2844 1586 2930 quodtt

220 2937 287 3004 lieri
307 2943 429 3025 possiti
463 2941 535 3002 Non
557 2939 741 3014 obscurum,
769 2941 898 3022 opinor,
929 2959 1034 3023 neque
1056 2939 1283 3005 absconditum.
1326 2936 1378 3002 33.
1399 2940 1548 3004 Fructum

219 3036 313 3100 istum
341 3033 461 3110 laudis,
492 3034 548 3117 qui
570 3053 610 3096 ex
639 3042 792 3118 perpetua
814 3034 955 3097 oratione
976 3033 1098 3118 percipi
1119 3035 1239 3118 potuit,
1266 3035 1301 3097 in
1322 3035 1385 3099 alia
1405 3042 1549 3121 tempora

219 3149 434 3194 reservemus:
457 3147 542 3192 nunc
562 3126 723 3190 bominem
745 3125 876 3199 tabulis,
898 3127 1049 3203 testibus,
1071 3129 1200 3211 privatis
1215 3128 1415 3212 publicisque
1437 3130 1548 3194 litteris

220 3222 524 3303 auctoritatibusque
546 3239 740 3283 accusemus.
773 3219 835 3282 lies
857 3221 959 3284 omnis
980 3221 1056 3284 mibi
1077 3229 1181 3284 tecum
1203 3221 1279 3296 erit,
1304 3222 1464 3288 Hortensi.
1495 3225 1549 3288 Ili·

221 3337 291 3381 cam
313 3323 431 3399 aperte.
466 3315 499 3378 Si
521 3321 551 3378 te
574 3333 698 3376 mecum
720 3311 854 3376 dicendo
876 3333 913 3376 ac
936 3313 1092 3378 diluendis
1115 3314 1295 3378 criminibus
1317 3317 1350 3378 in
1372 3317 1432 3381 bac
1454 3331 1587 3382 causato

223 3409 413 3473 contendere
435 3416 597 3491 putarem,
620 3427 679 3490 ego
701 3425 830 3490 quoque
851 3406 884 3470 in
906 3406 1085 3470 accusando
1107 3416 1203 3492 atque
1225 3408 1260 3471 in
1275 3410 1471 3493 explicandis
1491 3412 1550 3476 cri-

223 3502 360 3566 minibus
382 3521 511 3584 operam
533 3520 767 3564 consumerem:
795 3520 897 3576 nunc,
923 3503 1073 3585 quoniam
1095 3521 1237 3584 pugnare
1260 3512 1368 3568 contra
1389 3525 1440 3570 me
1461 3507 1551 3570 iusti-

223 3596 310 3660 tuisti
332 3615 397 3658 non
419 3601 483 3660 tam
506 3615 547 3658 ex
567 3602 623 3657 tua
642 3601 754 3657 natura
775 3615 871 3678 quam
893 3596 1044 3663 eristius
1067 3605 1208 3680 tempore
1231 3604 1262 3662 et
1276 3617 1371 3664 causa
1385 3601 1551 3676 malitiose,

224 3709 354 3754 necesse
377 3697 425 3754 est
445 3688 623 3754 istiusmodi
644 3687 758 3752 rationi
779 3688 886 3773 aliquo
902 3689 1034 3754 consilio
1051 3691 1213 3754 obsistere.
1249 3687 1300 3753 34.
1317 3694 1385 3758 Tua
1399 3694 1479 3756 ratio
1494 3702 1552 3769 est,

225 3790 260 3847 ut
279 3783 455 3846 secundum
474 3783 567 3846 binos
589 3782 681 3846 ludos
703 3781 780 3846 mibi
803 3782 997 3865 respondere
1014 3785 1167 3868 incipias:
1189 3805 1275 3862 mea,
1296 3793 1333 3850 ut
1345 3793 1419 3851 ante
1433 3789 1591 3870 primores

223 3875 315 3940 ludos
338 3876 623 3959 comperendinem.
645 3877 693 3939 lta
712 3872 784 3950 fiet,
805 3884 842 3938 ut
855 3884 909 3939 tua
924 3879 984 3941 ista
999 3878 1079 3941 ratio
1095 3879 1292 3942 existimetur
1304 3885 1425 3954 astuta,
1446 3899 1552 3943 meum

223 3971 284 4034 boc
306 3971 472 4036 consilium
494 3969 718 4035 necessarium.
762 3970 832 4033 llll.
854 3972 972 4034 Verum
996 3972 1090 4047 illud,
1112 3971 1200 4056 quod
1221 3973 1420 4038 institueram
1438 3975 1552 4050 dicere,

223 4064 300 4130 mibi
321 4086 388 4130 rem
410 4073 514 4130 tecum
537 4085 623 4140 esse,
644 4063 828 4128 huiusmodi
850 4072 908 4128 est
942 4066 1010 4148 Ego
1032 4085 1105 4130 cum
1124 4066 1208 4131 bano
1231 4085 1358 4132 causam
1374 4068 1552 4133 Siculorum

290 4369 314 4425 i.
330 4373 489 4436 proceribus
506 4372 577 4434 ⁶35-
593 4399 620 4409 —
639 4373 663 4422 b.
682 4372 734 4422 tud.
753 4370 933 4449 cosp-fdus
951 4385 1021 4436 cosp.
1040 4373 1093 4424 iud.
1112 4373 1144 4426 Gt
1158 4375 1182 4426 9.
1199 4397 1226 4412 -
1249 4374 1273 4426 7.
1292 4379 1383 4426 octorro
1400 4374 1450 4440 (vel
1466 4377 1553 4442 petius

187 4475 194 4488 ‘
224 4453 288 4520 Vill)
302 4459 333 4508 Gt
346 4459 374 4508 9ε
393 4470 462 4508 ccco
473 4457 521 4509 dtt.
532 4457 561 4507 0.
576 4481 604 4491 -
622 4457 647 4508 9.
660 4455 808 4520 quindecim]
825 4455 882 4506 XXI
897 4455 975 4519 egre.
995 4483 1022 4494 —
1050 4458 1090 4508 ld.
1108 4463 1293 4522 consequuntur
1309 4459 1355 4510 99.
1369 4485 1398 4498 ·-
1417 4462 1457 4510 49.
1476 4473 1555 4511 ecus·

225 4532 302 4581 rorrdo
322 4532 369 4582 AS
394 4534 467 4583 Perr.
489 4529 567 4582 Lali:
595 4531 736 4582 seuuemo
758 4533 821 4582 cett.
846 4529 939 4592 codd.;
965 4534 1103 4583 rucuoode
1119 4535 1149 4583 1..
1170 4559 1197 4570 -
1225 4534 1265 4585 43.
1280 4534 1404 4596 moed
1420 4535 1453 4584 Gt
1466 4534 1553 4598 Lgtbz

223 4606 301 4670 pauci
316 4608 361 4655 ctt.
372 4607 401 4657 0.
422 4633 450 4644 -
469 4607 509 4656 46.
528 4607 573 4656 boc
590 4606 675 4656 eosne
687 4606 719 4656 Gt
732 4603 844 4670 2ng:
862 4619 891 4656 eo
907 4607 993 4656 ocimo
1010 4606 1099 4659 erro.
1115 4632 1142 4644 -
1162 4608 1203 4660 47.
1218 4609 1288 4659 melo
1304 4609 1370 4660 subu
1385 4609 1502 4660 wales
1519 4609 1555 4672 (in

226 4679 369 4744 lemmate),
380 4681 448 4732 molo
459 4682 481 4732 et
492 4681 577 4731 lueto
588 4682 669 4732 Prisc.
682 4683 702 4731 1.
715 4693 742 4746 p.
755 4679 812 4731 iol.
831 4679 896 4730 lnde
908 4677 989 4732 Klotz.
1002 4681 1087 4732 Praei.
1100 4695 1128 4746 p.
1141 4683 1195 4733 Vll.
1210 4683 1278 4734 coni.
1291 4684 1394 4734 malim:
1409 4683 1479 4734 molo
1489 4684 1556 4734 enim

226 4754 276 4806 tur.
293 4753 376 4816 llale;
394 4769 458 4807 nam
475 4757 587 4820 uterque
605 4753 716 4807 alteram
733 4755 881 4807 sententiae
897 4757 1004 4820 partem
1020 4755 1135 4807 efferens
1150 4757 1239 4808 malim
1256 4759 1368 4810 mutavit
1384 4759 1411 4808 in
1426 4757 1507 4820 mab,
1526 4759 1556 4808 ut

225 4843 276 4894 per
291 4832 348 4881 erat
364 4831 463 4882 omissa
479 4829 605 4895 particule
622 4836 663 4894 ut,
682 4830 753 4882 unde
771 4829 954 4881 coniunctivus
971 4831 1048 4896 aptus
1061 4831 1125 4882 erat.
1140 4859 1168 4869 -
1186 4831 1228 4883 rs.
1245 4845 1312 4883 crure
1328 4832 1406 4885 codd.
1422 4833 1486 4884 AS:
1504 4845 1555 4882 noc

227 4906 295 4958 ceni.
314 4905 375 4956 Ern.
396 4931 423 4940 -
440 4905 482 4954 99.
501 4909 525 4955 et
541 4905 581 4966 ecc]
599 4918 632 4955 ac
648 4906 699 4966 ⁶23
717 4910 741 4956 et
757 4919 788 4956 ec
804 4905 873 4956 coni.
892 4903 970 4966 Ern.;
997 4907 1098 4968 copiam
1113 4907 1224 4970 [nutum
1239 4920 1273 4957 ec
1289 4907 1461 4958 samsone:
1477 4908 1555 4971 perfl-

226 4980 293 5030 er'cm
304 4981 372 5032 coni.
384 4978 471 5032 Madv.
483 4979 504 5029 1.
522 4991 549 5043 p.
563 4978 620 5031 3l0.
638 4982 672 5031 Al
688 4979 810 5045 displicet
826 4979 976 5044 asyndeton
985 4980 1184 5046 verberumque
1202 4980 1347 5034 collocatio.
1371 4981 1452 5044 blegis
1467 4979 1555 5045 placet

227 5053 294 5105 coni.
313 5055 433 5106 Schuetz.
452 5059 476 5105 et
490 5054 656 5106 causatione.
668 5081 697 5092 -
709 5057 840 5120 confidem
856 5058 917 5106 Asc.
932 5053 993 5106 edd.
1006 5058 1071 5106 vett.
1090 5058 1118 5106 et
1133 5057 1186 5107 ΜΒ.
1204 5056 1277 5108 Leid.
1292 5081 1320 5094 -
1338 5057 1380 5108 95.
1397 5055 1484 5120 igino]
1495 5068 1555 5121 ergo

227 5129 272 5180 99.
293 5156 321 5166 -
339 5128 381 5182 96.
398 5127 484 5195 oeque]
502 5133 578 5193 utque
594 5129 639 5180 Gt.
657 5155 685 5166 -
703 5131 745 5183 99.
762 5131 824 5184 mibi
840 5143 895 5182 om.
908 5131 940 5182 Gt
953 5130 1003 5194 tc.
1019 5131 1054 5184 Αῖ
1070 5129 1103 5184 cl.
1116 5130 1140 5196 5.
1154 5129 1195 5186 al.
1208 5129 1249 5183 36.
1264 5157 1292 5169 -·
1310 5131 1351 5183 38.
1368 5143 1423 5184 reu
1432 5131 1495 5184 mut
1506 5131 1552 5184 69.
