3610 5860
258 431 320 498 353
652 432 802 500 ORATIO
823 432 902 500 PRO
924 436 962 500 Α.
985 433 1184 502 cemento

343 607 519 671 Acersatim
546 607 609 672 iam
637 606 778 690 reliqua,
807 605 943 682 iudices,
972 605 1088 680 dicam,
1121 613 1159 670 ut
1178 606 1218 671 ad
1242 625 1299 682 ea,
1331 626 1413 692 quae
1433 609 1592 693 propiora

258 702 392 766 huiusce
415 719 528 764 causae
551 709 583 765 et
603 701 800 766 adiunctiora
821 708 909 776 sunt,
937 701 1129 784 perveniam.
1161 703 1245 777 Vos,
1267 721 1402 788 quaese,
1429 701 1591 766 memoria

257 797 406 870 teneatis,
435 814 501 858 nen
529 794 605 859 mihi
625 795 687 858 hoc
709 814 778 857 esse
806 795 1022 878 prepositum,
1050 801 1086 858 ut
1107 815 1251 860 accusem
1273 794 1478 880 Oppianicum
1500 817 1590 861 mor·

258 898 362 965 tuum,
390 889 446 952 sed
468 905 539 954 cum
559 889 621 953 hoc
642 888 835 972 persuadere
856 889 946 953 vebis
968 889 1079 963 velim,
1109 889 1260 954 iudicium
1283 889 1404 953 abhoc
1426 908 1489 953 nen
1512 910 1590 954 esse

236 990 456 1067 ecorruptum,
476 984 539 1046 hoc
559 984 605 1047 uti
626 983 717 1046 initio
738 1001 775 1046 ae
796 983 1000 1048 fundamento
1016 982 1227 1058 defensionis,
1250 983 1460 1068 Oppianicum
1480 984 1591 1048 homi-

159 1059 176 1164 ῥ
259 1097 332 1141 nem
354 1077 629 1142 sceleratissimum
656 1083 688 1140 et
715 1077 974 1142 nocentissimum
996 1097 1065 1140 esse
1089 1078 1285 1142 damnatum:
1317 1071 1484 1160 quiunori
1507 1097 1591 1143 suae

262 1171 439 1246 Cluentiae,
472 1190 555 1254 quae
583 1172 678 1234 amita
705 1170 798 1235 huius
827 1171 933 1235 Habiti
960 1170 1035 1246 luit,
1069 1191 1140 1235 cum
1169 1173 1237 1254 ipse
1257 1171 1406 1256 peculum
1428 1171 1589 1248 dedisset,

260 1266 365 1329 subito
392 1265 447 1328 illa
473 1266 507 1330 in
529 1265 633 1328 media
654 1267 783 1348 potione
806 1265 1007 1340 exclamavit,
1038 1285 1073 1330 se
1095 1267 1231 1330 maxime
1253 1286 1324 1330 eum
1346 1265 1455 1330 dolore
1476 1268 1591 1340 emori,

260 1379 319 1424 nec
340 1359 458 1423 diutius
478 1359 576 1433 vixit,
599 1378 693 1442 qrsam
715 1359 820 1422 locuta
841 1367 905 1423 est:
927 1380 998 1424 nam
1020 1362 1053 1424 in
1075 1361 1144 1443 ipse
1168 1380 1314 1423 sermone
1335 1360 1396 1422 hec
1418 1365 1450 1423 et
1463 1360 1591 1423 recite-

224 1456 381 1518 reratiene
402 1459 524 1516 mortua
546 1460 603 1517 est.
645 1453 686 1515 Et
706 1454 747 1516 ad
767 1453 849 1517 hanc
870 1461 1002 1519 mortem
1023 1455 1222 1537 repentinam
1240 1441 1399 1538 vocesque
1420 1453 1589 1517 morientis

260 1548 366 1612 omnia
392 1555 572 1631 praeterea,
601 1567 682 1630 qerae
708 1534 908 1612 solenfesse
935 1549 1051 1612 indicia
1072 1556 1104 1612 et
1126 1549 1260 1631 vestigia
1279 1547 1412 1622 veneni,
1443 1548 1477 1609 in
1497 1546 1587 1610 illins

261 1650 402 1707 mortuae
424 1660 556 1725 corpore
576 1640 714 1704 luerunt.
746 1642 932 1726 Eodemque
954 1663 1077 1707 veneno
1095 1643 1128 1706 C.
1150 1641 1357 1726 Oppianicum
1377 1640 1505 1705 tratrem
1528 1661 1589 1704 ne·

261 1737 351 1801 cavit.
394 1737 450 1798 xl.
472 1731 522 1800 34.
545 1739 654 1821 Neque
684 1744 733 1800 est
756 1736 817 1801 hoc
840 1737 933 1800 satis:
963 1737 1086 1802 tametsi
1109 1737 1144 1799 in
1166 1737 1235 1820 ipso
1257 1735 1394 1799 fraterne
1417 1734 1588 1820 parricidio

260 1831 383 1894 nullum
405 1831 509 1894 scelus
529 1831 785 1914 praetermissum
806 1831 947 1905 videtur,
969 1838 1092 1905 tamen,
1114 1838 1149 1893 ut
1163 1830 1203 1894 ad
1217 1828 1278 1894 hoc
1294 1828 1449 1893 netarium
1463 1829 1586 1892 lacinus

224 1939 251 1986 re
260 1923 439 2000 accederet,
462 1924 582 1989 aditum
603 1924 664 1989 sibi
685 1925 756 1988 aliis
778 1925 949 1989 sceleribus
965 1933 1037 1989 ante
1060 1925 1204 1989 munivit
1237 1926 1316 1987 Nam
1331 1943 1402 1987 cum
1416 1931 1501 1988 esset
1515 1941 1588 2006 gra·

261 2017 333 2082 vida
354 2017 463 2093 Auria,
484 2017 588 2082 fratris
609 2039 705 2094 uxor,
728 2027 759 2084 et
781 2021 842 2084 iam
865 2021 1121 2104 appropinquare
1142 2025 1251 2101 partas
1273 2025 1450 2101 putaretur,
1472 2017 1588 2081 mulie-

260 2133 326 2178 rem
347 2133 472 2177 reneno
494 2101 665 2189 intefleeit,
687 2122 724 2178 ut
744 2133 808 2177 una
831 2113 924 2188 illud,
947 2114 1032 2198 quod
1054 2121 1122 2176 erat
1143 2133 1183 2176 ex
1205 2112 1301 2175 tratre
1317 2119 1514 2195 conceptum,
1528 2130 1588 2174 ne·

260 2213 393 2271 earehsr.
424 2207 500 2271 Post
518 2206 647 2273 tratrem
669 2228 835 2293 aggressus
857 2216 922 2272 est:
949 2211 1004 2293 qui
1027 2228 1108 2282 saro,
1132 2209 1193 2270 iam
1216 2205 1370 2269 exhauste
1392 2206 1448 2269 illo
1470 2206 1588 2290 poculo

261 2303 386 2376 mertis,
414 2323 484 2365 cum
513 2309 545 2365 et
574 2302 613 2364 de
636 2323 694 2367 suo
717 2310 748 2367 et
770 2303 810 2366 de
840 2305 949 2367 uxoris
975 2303 1103 2366 interitu
1129 2301 1277 2364 clamaret
1301 2308 1589 2384 testamentumque

224 2403 381 2461 remutare
402 2401 548 2478 cuperet,
571 2397 604 2459 in
625 2398 694 2480 ipsa
715 2393 945 2478 significatione
967 2397 1062 2459 huius
1087 2394 1257 2460 voluntatis
1279 2402 1328 2458 est
1348 2403 1496 2458 mortuus.
1540 2395 1590 2457 lta

262 2489 441 2564 mulierem,
471 2509 512 2554 ne
538 2498 632 2573 partu
661 2491 732 2555 eius
761 2491 800 2554 ab
828 2489 1002 2554 hereditate
1023 2488 1162 2553 fraterna
1183 2488 1419 2564 excluderetur,
1447 2486 1589 2550 necavit:

260 2583 366 2648 fratris
388 2591 492 2648 aetem
514 2584 629 2648 liberos
649 2585 738 2668 prius
759 2586 823 2649 vita
844 2585 995 2668 privavit,
1022 2604 1117 2668 quam
1140 2583 1186 2646 illi
1206 2583 1289 2647 banc
1311 2604 1330 2647 a
1351 2589 1462 2646 natura
1483 2581 1589 2644 lucem

261 2678 403 2761 accipere
431 2685 623 2762 potuerunt:
649 2687 685 2742 ut
707 2699 817 2743 omnes
838 2677 1067 2762 intelligerent,
1099 2675 1188 2762 [nihil
1210 2679 1240 2741 ei
1262 2672 1432 2758 clausum,]
1456 2674 1535 2738 nihil
1557 2677 1589 2738 ei

262 2779 404 2835 sanctum
419 2791 489 2836 esso
503 2792 616 2857 pesse,
638 2794 657 2838 a
672 2775 762 2837 cuius
777 2773 909 2837 audacia
922 2772 1028 2835 fratris
1044 2772 1159 2836 liberes
1174 2793 1214 2836 ne
1229 2772 1360 2836 materni
1374 2769 1503 2855 quidem
1518 2789 1591 2832 cor-

224 2865 349 2950 soporis
364 2865 527 2931 custodiae
550 2873 656 2950 tegere
671 2869 859 2950 potuissent.
895 2864 946 2930 32.
962 2868 1112 2930 Memoria
1127 2875 1235 2941 teneo,
1258 2865 1411 2929 blilesiam
1428 2863 1590 2949 quandam

261 2958 443 3037 mulierem,
476 2981 547 3026 eum
573 2982 675 3026 essem
702 2963 735 3024 in
761 2962 855 3036 Asia,
889 2962 974 3046 qued
1001 2961 1041 3025 ab
1069 2961 1240 3027 heredibus
1265 2953 1435 3043 [secundis]
1458 2963 1592 3040 accepta

260 3053 396 3138 pecunia
425 3063 551 3138 partum
574 3057 632 3120 sibi
653 3057 724 3140 ipsa
745 3057 983 3122 medicamentis
1006 3054 1179 3138 abegisset,
1209 3055 1254 3117 rei
1277 3053 1420 3136 capitalis
1441 3072 1512 3115 esse
1534 3051 1590 3114 da·

261 3155 414 3214 mntem:
436 3168 495 3212 nec
510 3150 641 3227 iniuria,
665 3170 747 3234 quae
764 3169 853 3235 spem
867 3150 1022 3233 parentis,
1038 3151 1220 3214 memoriam
1234 3147 1390 3228 neminis,
1413 3144 1591 3208 subsidium

133 3247 155 3354 C
261 3245 402 3328 generis,
431 3244 579 3308 heredem
607 3245 762 3319 familiae,
792 3245 992 3334 designatum
1022 3246 1067 3308 rei
1099 3243 1244 3327 publicae
1272 3244 1374 3304 civem
1402 3238 1591 3304 sustulisset.

223 3357 252 3404 ee
262 3340 388 3416 Quanto
411 3348 459 3404 est
481 3339 672 3424 Oppianicus
694 3341 728 3402 in
752 3339 863 3404 eadem
881 3340 998 3402 iniuria
1012 3339 1130 3402 meiere
1145 3336 1301 3419 supplicio
1317 3335 1456 3418 dignust
1479 3333 1505 3396 si
1520 3333 1593 3415 qui·

262 3434 333 3496 dem
355 3433 426 3509 illa,
455 3455 527 3498 cum
549 3452 608 3498 suo
630 3435 754 3519 corpori
776 3435 840 3498 vim
862 3433 1033 3507 attulisset,
1064 3451 1099 3494 se
1127 3432 1196 3513 ipsa
1218 3429 1383 3504 cruciavit,
1412 3427 1465 3490 hic
1485 3432 1593 3491 autem

261 3527 346 3590 idem
377 3527 456 3591 illud
486 3529 590 3592 effecit
620 3549 677 3612 per
706 3527 802 3592 alieni
831 3527 968 3612 eorporis
991 3534 1125 3589 mortem
1147 3533 1243 3608 atque
1265 3525 1444 3586 cruciatum.
1487 3521 1594 3584 Ceteri

261 3641 326 3684 nen
354 3621 500 3685 videntur
528 3624 561 3685 in
590 3622 722 3706 singulis
750 3622 930 3686 hominibus
960 3621 1060 3684 multa
1089 3616 1259 3702 parricidia
1287 3617 1446 3701 suscipere
1474 3634 1593 3698 pesse:

263 3713 454 3798 Oppianicus
481 3717 627 3780 inventus
657 3723 721 3793 est,
753 3717 807 3801 qui
839 3717 872 3778 in
894 3733 957 3778 uno
980 3733 1109 3798 corpere
1138 3713 1246 3796 plures
1267 3716 1403 3775 necaret.
1446 3711 1515 3774 ΧΠ.
1537 3707 1594 3773 33.

224 3809 390 3892 eeltaque,
412 3830 483 3875 cum
504 3810 586 3874 hanc
608 3811 676 3874 eius
699 3808 962 3874 consuetudinem
983 3808 1210 3891 audaciamque
1231 3811 1399 3889 cognosset
1413 3803 1593 3868 avunculus

319 4025 340 4073 t.
353 4025 452 4088 relique
461 4025 516 4075 lem
526 4025 551 4076 S.
561 4051 589 4062 -
599 4025 737 4088 propriore
748 4025 791 4076 ST
799 4025 833 4076 hl.
841 4051 869 4062 -
882 4025 906 4074 2.
920 4023 1019 4074 lettere
1030 4023 1046 4072 S
1058 4023 1085 4072 et
1095 4021 1167 4071 haud
1179 4019 1259 4070 dubie
1271 4019 1290 4069 T
1300 4020 1406 4082 (omissa
1419 4019 1460 4068 est
1470 4015 1593 4070 lectlenio

263 4099 377 4151 vartetas
389 4099 460 4164 apud
471 4097 660 4162 Classemumtz
678 4100 751 4150 emes
767 4098 909 4152 Ratio.
926 4125 953 4136 -
971 4099 998 4148 lc
1014 4097 1135 4148 memesic
1150 4096 1170 4146 Τ
1184 4109 1224 4160 pr.
1237 4107 1274 4145 m.
1290 4119 1316 4130 -
1335 4093 1360 4146 3.
1372 4093 1506 4155 maaca]
1523 4105 1595 4143 morr-

263 4175 532 4227 teaeolemesems'l'.
547 4175 611 4224 -7.
625 4175 894 4226 amoma-
908 4173 1072 4239 mespr.
1087 4185 1123 4224 m.
1139 4199 1166 4208 —
1184 4171 1268 4233 [mast
1282 4169 1335 4218 st.
1351 4195 1378 4205 -
1394 4170 1594 4232 occaptepewte

263 4251 379 4302 eleae
389 4252 506 4315 medlep.
518 4251 818 4314 wcloeawtttgreetius
830 4263 856 4315 p.
866 4249 971 4300 3363-
985 4248 1009 4299 8.
1022 4248 1134 4298 memore
1144 4247 1211 4298 lh-
1223 4243 1301 4295 emori
1312 4244 1370 4294 ST:
1383 4243 1448 4293 mort
1459 4239 1591 4294 RALOO.

266 4353 294 4363 -
312 4327 614 4392 9.loem.spr.m.-
633 4326 842 4389 rossemanum
857 4326 915 4376 ST:
935 4323 1152 4386 temrepentteem
1169 4315 1351 4371 RALt0.-
1370 4313 1487 4380 eoasque
1504 4318 1591 4368 STL:

263 4413 395 4462 coccoque
411 4397 597 4452 333333-
617 4400 657 4450 tl.
676 4401 768 4452 taem
783 4401 858 4452 33.-
877 4401 917 4450 tt.
935 4398 1196 4450 wemma·
1213 4394 1593 4460 mmmmm—le.

263 4475 431 4541 Awlellello
447 4476 504 4536 Sl';
521 4477 594 4526 leole
608 4474 651 4527 vel
665 4476 735 4526 lllre'e
745 4476 778 4525 ll.
794 4499 821 4510 -
838 4476 1043 4538 peteretursl':
1060 4474 1186 4524 cederetur
1202 4467 1344 4522 RALOO.
1359 4495 1386 4505 -
1401 4468 1440 4518 et.
1452 4467 1595 4530 tdudqeee

265 4553 384 4604 STFA:
403 4552 574 4612 queodld3
592 4547 812 4614 teeereeoete.
830 4551 1014 4614 (mamille
1029 4549 1221 4613 tdquodL.t—
1235 4545 1489 4598 leicestriae:
1505 4549 1595 4606 peresa

265 4625 376 4680 LlO-
389 4628 579 4678 amalech.
598 4653 625 4664 ·—
638 4628 679 4678 22.
692 4627 803 4678 eS‘l'L:
823 4624 999 4678 obelAOO.
1015 4653 1042 4664 -
1061 4625 1209 4677 lecemsl':
1225 4616 1591 4686 prepriemleeemllALssO.

268 4731 295 4742 -
307 4703 349 4755 33.
361 4703 424 4754 nteit
439 4703 462 4753 et
477 4703 591 4753 clerum
607 4715 660 4754 om.
673 4703 690 4753 S
706 4715 747 4768 pr.
761 4716 797 4754 m.
811 4727 835 4740 -
857 4703 1029 4752 erectores
1048 4714 1088 4766 pr.
1102 4713 1154 4752 m.:
1173 4697 1360 4760 sectantem.
1373 4693 1546 4757 cinthio.
1560 4719 1590 4732 ·-

265 4779 307 4832 at.
320 4779 485 4830 ecelersl':
504 4779 675 4838 caeeerltt3
694 4774 926 4829 acuente·
939 4777 980 4828 se.
993 4777 1117 4827 costodiae
1129 4780 1147 4826 t.
1157 4773 1362 4837 potcirrmtsl':
1380 4771 1492 4822 cromdto
1508 4776 1526 4821 t.
1541 4782 1594 4833 po·

265 4853 525 4909 telssetllALOO.-
544 4847 709 4905 aelementis
719 4855 856 4904 recteem.
870 4853 923 4903 ST.
945 4879 971 4888 -
990 4851 1031 4903 28.
1044 4853 1155 4902 necsl':
1173 4861 1251 4913 neque
1262 4844 1430 4899 astte-
1444 4845 1595 4896 semeae-

265 4935 331 4984 lirret
347 4934 407 4983 S.-
418 4931 459 4982 33.
474 4931 573 4993 ouante
584 4927 998 4990 crt--etsencircoartitramt(§.
1011 4925 1235 4989 33333131).-
1249 4925 1347 4986 ouante
1358 4921 1594 4972 ee--enaeueem
1613 4943 1621 4957 ·

268 5017 440 5080 quatetenus
451 5015 516 5066 vni.
529 5014 554 5077 t,
567 5014 608 5064 u.
623 5040 650 5050 -
664 5018 698 5064 ee
714 5025 768 5062 om.
781 5011 807 5064 e.
822 5035 849 5049 -
865 4996 1015 5063 reuereri
1024 5013 1051 5063 r.
1067 5039 1094 5048 -
1108 5011 1148 5061 ae.
1161 5009 1301 5073 corpores.
1318 5032 1345 5042 -
1363 5001 1592 5069 qemeina.-

268 5093 308 5143 33.
325 5092 388 5142 illud
405 5103 457 5143 om.
477 5091 533 5142 ΡΑ.
548 5117 575 5126 -
592 5087 705 5152 inertem]
721 5089 773 5138 eim
783 5085 963 5148 Quintilianus.
983 5087 1020 5137 Ct.
1035 5087 1110 5137 Verr.
1123 5085 1154 5135 V.
1173 5084 1198 5148 ἓ.
1212 5084 1268 5136 433.
1283 5109 1311 5120 ·-
1329 5081 1370 5132 33.
1435 5082 1440 5094 ’
1459 5082 1464 5094 “
1485 5081 1490 5092 “
1518 5080 1546 5130 l..
1562 5107 1591 5119 -

268 5165 309 5218 et.
323 5166 417 5230 pleros]
427 5167 518 5218 multos
528 5165 574 5218 ST.
587 5193 614 5204 -
627 5163 797 5216 abolerem.
813 5161 838 5215 3.
853 5190 880 5201 -
896 5165 1021 5228 copeerset
1032 5162 1087 5213 1³0:
1106 5165 1233 5227 cognoscet
1243 5159 1280 5220 ll,
1297 5159 1453 5224 coerwrceret
1502 5153 1589 5208 ΒΑΜ.
