3638 5868
298 395 360 464 344
675 396 717 461 414
737 393 902 461 VERREM
922 392 1043 461 acuo
1066 393 1249 462 SECUNDA

299 567 533 638 nummulorum
556 565 634 630 dicis
657 585 753 630 causa
772 565 870 630 duct.
901 566 1026 630 Invenit
1038 563 1253 648 Archagathus
1267 584 1402 648 paucos,
1424 564 1480 649 qui
1495 563 1616 632 vellent

299 664 459 747 accipere:
492 662 531 725 iis
554 659 656 724 dedit:
688 679 743 724 eos
771 680 917 724 nummos
938 667 1043 723 tamur
1072 661 1131 724 istc
1159 658 1356 742 Archagatho
1382 679 1446 723 non
1467 659 1613 724 reddidit.

298 759 407 824 Voluit
426 757 544 821 Romae
565 763 707 838 repetere
727 754 959 840 Archagathum
982 754 1038 818 Cn.
1060 754 1212 818 Lentulus
1233 752 1433 818 Marcellinus
1455 755 1613 830 dissuasit,

298 853 382 916 sicut
409 853 513 933 ipsum
540 851 644 913 dicere
666 848 806 913 audistis.
849 849 959 913 Recita
978 849 1167 932 Archagathi
1189 854 1222 912 et
1241 847 1367 911 Lentuli
1389 849 1612 913 testimonium.

275 943 349 1012 454.
370 946 411 1010 Ε4
431 965 472 1008 ne
492 943 574 1007 forte
594 943 754 1007 bominem
776 943 961 1007 existimetis
982 943 1063 1006 hanc
1085 949 1203 1006 tantam
1216 942 1280 1004 vim
1301 941 1522 1007 emblematum
1542 943 1612 1006 sine

298 1059 394 1106 causa
422 1056 607 1104 coacervare
633 1037 787 1112 voluisse,
820 1037 942 1111 videte,
974 1036 1081 1121 quanti
1107 1055 1182 1111 vos,
1216 1037 1326 1121 444444
1349 1037 1612 1101 existimationem

297 1132 409 1219 popuii
431 1133 578 1207 Romani,
607 1133 719 1216 quami
741 1131 827 1214 leges
849 1137 882 1194 et
902 1130 1034 1206 iudicia,
1062 1131 1170 1214 quanti
1191 1137 1286 1194 testes
1309 1129 1450 1206 Siculos,
1472 1130 1495 1212 4
1515 1151 1613 1214 nego-

297 1231 427 1293 tiatores
455 1225 576 1290 fecerit.
619 1227 827 1310 Posteaquam
855 1232 973 1289 tantam
999 1223 1231 1288 multitudinem
1254 1223 1423 1307 collegerat
1444 1225 1613 1289 emblema·

299 1330 382 1398 tum,
403 1327 499 1385 utne
521 1340 620 1384 unum
642 1319 769 1404 quidem
792 1319 938 1404 cuiquam
959 1318 1157 1403 reliquisset,
1182 1318 1318 1382 instituit
1339 1314 1496 1383 officinam
1519 1321 1614 1405 Syra·

262 1419 382 1485 tocusia
404 1417 437 1479 in
459 1412 545 1497 regia
565 1416 743 1478 maximam.
785 1413 892 1477 Palam
913 1410 1047 1476 artifices
1069 1432 1195 1489 omnes,
1218 1413 1390 1476 caelatores
1413 1433 1449 1476 ac
1471 1413 1613 1479 vaseula-

298 1512 380 1586 rios,
409 1509 577 1573 convocari
599 1507 701 1583 iubct;
732 1508 853 1590 etipse
876 1527 949 1571 suos
972 1507 1149 1590 complures
1170 1507 1314 1572 babebat.
1356 1508 1420 1571 llos
1442 1507 1611 1583 concludit,

299 1623 444 1695 magnam
465 1603 629 1667 homiuum
650 1602 889 1665 multitudinem.
932 1603 1056 1665 Menses
1084 1608 1155 1666 octo
1183 1603 1349 1666 continuos
1373 1602 1423 1665 bis
1444 1621 1524 1685 opur
1545 1622 1611 1666 non

299 1699 416 1774 defuit,
445 1717 517 1762 cum
544 1715 599 1762 vas
629 1695 751 1760 nullum
776 1693 865 1759 ficret
889 1697 950 1760 nisi
979 1717 1118 1761 aureum.
1162 1699 1242 1761 Tum
1269 1697 1338 1772 illa,
1368 1717 1408 1760 ex
1435 1695 1559 1779 patellis
1581 1703 1611 1760 et

190 1781 196 1798 ⁸
299 1793 444 1858 turibulis
467 1811 549 1875 quae
571 1790 735 1866 evelleret,
756 1791 801 1854 ita
821 1790 898 1854 scite
919 1791 952 1853 in
973 1792 1076 1854 aureis
1097 1792 1221 1875 poculis
1243 1791 1399 1874 illigabat,
1422 1791 1466 1853 ita
1485 1797 1557 1872 apte
1578 1793 1612 1854 in

262 1910 290 1956 tc
299 1886 437 1970 scaphiis
459 1884 563 1949 aureis
585 1883 807 1958 concludebat,
829 1891 865 1948 ut
885 1903 923 1948 ea
944 1885 984 1948 ad
1004 1884 1090 1949 illam
1112 1906 1177 1949 rem
1199 1893 1273 1949 nata
1295 1905 1364 1948 esse
1383 1884 1521 1948 diceres=
1542 1884 1611 1967 ipse

298 1990 402 2045 tamen
424 1987 568 2063 praetor,
597 1981 652 2063 qui
682 1999 739 2042 sua
759 1977 923 2061 vigilantia
944 1999 1053 2063 pacem
1075 1981 1108 2043 in
1130 1979 1236 2043 Sicilia
1259 1978 1334 2043 dicit
1355 1977 1471 2055 luisse,
1498 1979 1532 2043 in
1552 1979 1612 2045 bac

299 2072 425 2139 officina
445 2076 595 2138 maiorem
617 2081 738 2157 partem
759 2073 823 2136 diei
844 2093 916 2136 cum
938 2072 1043 2137 tunica
1068 2073 1156 2158 pulla
1177 2073 1287 2138 sedere
1308 2073 1430 2137 solebat
1451 2081 1483 2137 ct
1503 2074 1610 2157 pallio.

298 2170 398 2233 XXV.
420 2166 471 2231 55.
489 2169 576 2233 Haec
590 2187 667 2251 ego,
688 2167 826 2242 iudices,
847 2188 912 2231 non
926 2169 1075 2232 auderem
1093 2167 1250 2252 proferre,
1271 2168 1304 2231 ni
1324 2186 1449 2231 vererer
1469 2188 1510 2231 no
1530 2168 1612 2232 forte

298 2265 390 2350 plura
410 2263 450 2327 de
471 2264 531 2327 isto
553 2262 592 2326 ab
614 2262 685 2325 aliis
707 2262 741 2326 in
762 2283 907 2326 sermone
922 2283 1017 2346 quam
1038 2282 1057 2325 a
1080 2282 1129 2326 me
1150 2263 1182 2326 in
1203 2262 1321 2326 iudicio
1338 2282 1396 2326 vos
1417 2261 1543 2327 audisse
1565 2263 1612 2325 di·

262 2360 422 2428 roceretis.
467 2357 546 2434 Quis
568 2358 652 2420 enim
673 2364 734 2432 cst,
767 2357 822 2441 qui
845 2357 883 2420 de
905 2357 964 2420 hac
987 2355 1131 2432 officina,
1161 2356 1216 2440 qui
1238 2356 1278 2420 de
1299 2359 1382 2422 vasis
1404 2357 1526 2431 aureis,
1556 2357 1611 2441 qui

300 2453 339 2516 de
361 2452 452 2517 istius
473 2451 571 2535 pallio
592 2471 656 2515 non
678 2452 834 2516 audierit?
866 2451 968 2528 Quem
989 2452 1084 2532 ,voles
1112 2471 1131 2515 c
1160 2442 1316 2516 conventu
1346 2453 1542 2537 Syracusano
1564 2451 1612 2516 vi·

364 2714 389 2763 4.
407 2724 566 2762 nannmorunn
582 2711 647 2763 dett.
667 2739 694 2747 —
719 2713 744 2763 4.
761 2710 800 2776 iia]
817 2712 839 2761 44
854 2714 890 2772 li,
915 2712 953 2762 444
968 2713 997 2763 0.
1023 2739 1051 2749 -
1070 2713 1094 2764 3.
1108 2717 1191 2776 paura
1207 2711 1272 2762 dett.
1291 2712 1320 2764 0.
1341 2738 1367 2748 -
1386 2711 1410 2762 4.
1428 2711 1512 2762 amn
1527 2710 1610 2778 4444]

299 2791 328 2841 a.
345 2786 498 2850 Arcbcqatlvi
514 2787 565 2847 aa,
584 2785 600 2837 λ
618 2787 675 2852 [aed
691 2789 723 2838 Gt
744 2789 837 2839 4444444
852 2800 900 2852 pro
912 2787 963 2850 Rl²
982 2792 1057 2850 utque
1071 2787 1118 2838 bac
1131 2792 1182 2838 4444
1193 2787 1223 2838 de
1232 2800 1261 2838 re
1271 2787 1375 2838 44444444
1384 2786 1535 2851 Archagathi
1546 2786 1609 2838 dett.

298 2861 377 2930 prob.
394 2861 480 2914 Madv.
499 2875 525 2927 p.
544 2861 584 2914 at.
620 2863 653 2914 at
671 2860 753 2913 multo
775 2863 875 2914 cautius
897 2861 1011 2927 disputat
1031 2865 1116 2913 Garat.
1134 2863 1178 2913 11.:
1206 2863 1322 2912 «Grutcri
1345 2875 1408 2912 aene
1425 2861 1502 2913 lectio
1521 2861 1555 2926 (=
1572 2863 1610 2924 a.)

298 2937 386 2988 adhue
402 2937 565 3002 potestesse
583 2939 715 3004 suspecta.
747 2936 814 2998 Quid
831 2938 903 2988 cutm
918 2938 970 2989 hoc
987 2938 1135 2992 testimonio
1152 2939 1260 2989 recitato
1278 2939 1335 2988 erat
1350 2939 1437 3002 opust
1469 2937 1549 2988 Favet
1564 2948 1611 2987 an-

297 3015 386 3077 tiquae
405 3012 440 3076 (-r
459 3011 536 3064 codd.
555 3012 630 3076 dett.)
648 3012 752 3064 lectioni
769 3011 883 3064 Tulliana
901 3013 1073 3066 cousuetudo.
1097 3013 1130 3064 44.
1144 3013 1208 3064 intra
1221 3027 1244 3064 c.
1256 3012 1296 3064 34.
1315 3025 1379 3075 quac
1393 3013 1461 3064 44444
1476 3013 1612 3064 4444444--

296 3090 403 3140 roncata
427 3093 470 3139 444.
497 3101 520 3139 4.
538 3086 579 3138 44.
604 3088 633 3140 dc
654 3099 702 3149 444
722 3088 808 3152 petora
829 3089 924 3139 4444444
944 3090 1023 3140 dicere
1043 3089 1154 3140 44444444.
1180 3089 1211 3140 V.
1233 3101 1256 3140 e.
1275 3087 1315 3140 34.
1341 3101 1374 3139 eu
1394 3101 1443 3152 444
1461 3102 1505 3140 444
1526 3089 1612 3152 pram

296 3165 440 3214 octiorun
451 3163 605 3227 ccpnoouctn.
632 3161 707 3214 Adde
732 3176 811 3228 supra
834 3177 857 3214 c.
877 3165 916 3214 ta.
935 3165 975 3215 20.
993 3165 1034 3216 nt.
1053 3167 1104 3215 cet.
1122 3164 1187 3215 inira
1204 3177 1227 3215 e.
1245 3163 1286 3215 34.
1304 3163 1344 3215 ii.
1362 3165 1402 3214 et.
1421 3167 1470 3216 eet.
1499 3163 1611 3218 aliaest

296 3239 363 3289 ratio
380 3235 530 3289 tabularum
546 3239 603 3289 Heli
620 3250 644 3288 c.
663 3238 686 3288 4.
705 3238 732 3288 44
753 3239 806 3288 Scti
822 3239 1048 3302 Syracusanorum
1065 3253 1088 3293 c.
1107 3239 1147 3291 64.
1166 3241 1193 3289 44
1208 3237 1319 3290 aliarum
1335 3253 1438 3302 rerum,
1457 3251 1525 3304 quac
1541 3239 1610 3290 reci·

296 3315 385 3364 tantur
400 3312 431 3362 V.
451 3325 473 3362 c.
494 3313 534 3362 49.
552 3313 604 3373 it,
622 3314 649 3363 in
666 3312 762 3376 quibus
779 3313 901 3366 omnibus
917 3314 1000 3365 verba
1017 3316 1074 3379 ipsa
1091 3313 1146 3365 vult
1162 3315 1254 3365 Cicero
1274 3313 1455 3366 animadverti.
1489 3313 1544 3366 Alia
1561 3314 1611 3365 de-

296 3390 377 3453 nique
394 3386 474 3438 multa
491 3387 636 3438 recitantur
652 3389 787 3452 superiore
805 3387 872 3440 libro
889 3393 916 3440 44
932 3391 1068 3454 sequenti,
1086 3389 1134 3442 sed
1146 3402 1198 3439 uon
1215 3391 1277 3440 sunt
1287 3401 1380 3440 eorum
1391 3391 1547 3452 testimonia,
1565 3389 1611 3454 qui

295 3465 451 3531 praesentes
468 3463 588 3514 dixerint.
618 3461 695 3522 Quod
710 3465 799 3514 tauma
816 3477 869 3514 non
887 3465 926 3516 est
942 3465 1113 3530 perpetuum3
1132 3465 1274 3515 recitantur
1290 3464 1361 3514 enim
1377 3465 1396 3513 1.
1415 3464 1456 3527 49,
1473 3465 1529 3515 tae.
1553 3464 1610 3524 Quo

295 3539 337 3600 fit,
363 3540 393 3589 ut
414 3537 494 3590 nolim
516 3535 662 3602 quidquam
681 3539 783 3590 temere
800 3537 967 3589 adfirmare.»
986 3565 1014 3577 -
1041 3541 1065 3589 4.
1084 3540 1149 3590 testie
1164 3540 1193 3591 li.
1214 3565 1241 3575 —
1258 3540 1422 3603 negotiatores
1436 3539 1473 3590 443
1484 3539 1513 3601 E,
1532 3538 1608 3589 codd.

294 3612 398 3675 bamb..
415 3614 484 3677 agae
500 3611 577 3678 prob.
595 3610 693 3662 Klotzio
709 3613 735 3663 in
752 3612 826 3663 Iabn.
843 3615 910 3663 Anu.
929 3613 945 3663 i.
964 3611 980 3663 l.
1000 3627 1026 3678 p.
1045 3613 1117 3664 taa.:
1135 3615 1347 3678 negotiatoresque
1362 3613 1425 3665 dett.
1444 3615 1473 3664 0.
1499 3612 1610 3677 «vulga-

294 3692 349 3740 tam
368 3689 402 3753 (²
421 3687 499 3740 codd.
518 3685 592 3750 dett.)
618 3699 670 3737 non
691 3689 734 3738 est
753 3699 833 3738 ausus
855 3688 950 3739 eiicere
973 3687 1132 3740 Lambinus:
1159 3690 1282 3740 nimimm
1303 3687 1428 3740 intellexit
1443 3687 1496 3738 duo
1512 3699 1609 3752 genera

293 3765 403 3815 testium
419 3762 637 3824 commemorari,
661 3774 775 3826 quorum
797 3761 911 3813 altorum
927 3761 1073 3816 Siculorum
1090 3765 1174 3824 esset,
1201 3762 1313 3815 alterum
1330 3765 1522 3827 negotiatorum
1537 3763 1564 3813 b.
1583 3775 1607 3812 e.

294 3840 391 3892 civium
408 3839 600 3898 Romanorum
619 3837 660 3888 cl.
679 3837 708 3888 V.
728 3836 752 3901 ἓ.
770 3837 794 3888 8.
818 3838 916 3890 Etenim
933 3852 989 3888 4444
1004 3839 1065 3888 nibil
1084 3852 1142 3904 sqq.
1161 3837 1227 3890 Nihil
1246 3839 1387 3892 absurdius
1400 3838 1609 3902 interpunctione

295 3912 414 3966 Lambini
431 3917 458 3964 et
475 3913 577 3964 Graevii
592 3913 688 3964 8444444
703 3913 882 3978 nopotiatorea,
906 3914 956 3964 uisi
973 3911 1101 3978 explices,
1125 3915 1297 3977 cimelium,
1321 3915 1366 3979 qui
1382 3914 1409 3965 in
1425 3910 1510 3962 Sicilia
1528 3925 1609 3976 nego·

294 3989 435 4050 tiabantur,
453 3988 499 4053 qui
515 3990 604 4040 444444
621 3988 756 4039 8444444444
772 3988 877 4039 dicendi
894 3988 1017 4050 luissent3
1037 3989 1069 4040 ci.
1082 3991 1124 4040 111.
1138 3989 1161 4054 5.
1179 3988 1219 4039 ts.
1237 3989 1276 4039 44
1292 3987 1324 4039 ob
1336 3989 1425 4038 8444444
1440 3999 1500 4050 sqq.
1513 3986 1610 4038 Vitium

294 4067 341 4116 aut
356 4066 429 4115 certe
445 4063 602 4128 ambiguitas
617 4063 723 4114 vitanda
741 4066 782 4116 est
797 4061 1005 4129 interpunctione
1022 4063 1078 4126 illa,
1097 4078 1176 4130 quam
1193 4065 1250 4130 ipse
1265 4065 1389 4115 Graevius
1405 4062 1478 4114 dedit
1493 4063 1521 4114 in
1536 4063 1566 4113 V.
1579 4065 1607 4113 L.

295 4139 383 4203 444444
404 4142 483 4199 444444,
507 4139 615 4200 8444444,
637 4139 802 4202 negotiatores
820 4139 912 4203 (merit.
952 4139 1004 4190 Sed
1026 4139 1226 4210 lucrum-unius
1249 4134 1404 4191 ἀσυνδέτου
1426 4136 1489 4190 nibil
1510 4138 1554 4189 hic
1576 4137 1609 4188 ad

294 4213 427 4278 vulgatam
444 4212 637 4265 excludendam
653 4213 748 4265 valet.»
767 4217 858 4266 Graan.
872 4215 902 4266 ll.
920 4215 1085 4280 negotiatores
1100 4213 1214 4281 glossam
1232 4227 1292 4266 esse
1309 4213 1451 4264 arbitratur
1467 4210 1551 4264 Halm.
1577 4213 1611 4263 ,44

294 4290 348 4341 duo
364 4289 472 4340 testium
493 4301 604 4353 genera,
632 4289 778 4342 Siculorum
802 4291 829 4342 44
846 4291 1039 4354 Romanorum,
1065 4291 1092 4341 h.
1111 4288 1129 4341 l.
1148 4291 1297 4341 necessario
1314 4288 1449 4341 atterenda
1466 4292 1555 4350 eraut,
1580 4290 1610 4338 ut

292 4362 380 4432 paullo
398 4365 460 4415 autc
476 4364 633 4428 Archagathi
650 4366 676 4416 et
692 4363 805 4425 Lentuli;
824 4364 904 4415 ambo
921 4367 991 4417 enim
1008 4378 1104 4430 genera
1121 4363 1192 4416 nihili
1209 4364 1271 4417 iecit
1287 4367 1314 4417 et
1330 4365 1488 4432 contempsit
1502 4365 1607 4416 Verres.

296 4467 323 4478 -
342 4439 367 4490 9.
386 4439 553 4502 Sermonis
569 4439 614 4491 aa.
636 4467 658 4476 -
690 4441 730 4491 49.
749 4441 863 4506 44444444
879 4440 938 4492 cod.
957 4441 1012 4493 Urs.
1032 4467 1060 4479 -
1086 4439 1204 4492 celatores
1219 4443 1248 4493 R.
1267 4466 1296 4479 -
1323 4443 1363 4492 tt.
1381 4441 1515 4505 4444444444
1529 4441 1558 4492 a.
1579 4468 1607 4477 -

293 4529 334 4568 444
350 4513 399 4575 aa,
418 4516 453 4577 Ε,
471 4513 486 4564 3
504 4514 582 4566 codd.
599 4514 692 4566 Lamb.
713 4515 795 4581 (prob.
813 4514 900 4568 Madv.
917 4529 944 4580 p.
964 4515 1003 4566 49.
1022 4517 1069 4581 Op.
1084 4517 1103 4566 1.
1121 4529 1148 4581 p.
1162 4517 1241 4580 360.);
1260 4529 1288 4566 co
1305 4515 1369 4567 dett.
1388 4516 1416 4566 0.
1431 4540 1459 4553 -
1477 4517 1607 4583 concludit]

292 4591 406 4643 conducit
422 4590 498 4654 Legg.
516 4591 624 4654 praeter
639 4590 684 4652 49,
703 4590 732 4640 0,
753 4617 780 4628 -
808 4591 847 4641 ta.
864 4603 960 4656 magno
975 4591 1097 4642 hominen
1112 4591 1291 4643 multitudinen
1307 4594 1342 4652 n;
1367 4604 1463 4656 macno
1483 4591 1609 4641 44444444

292 4665 448 4740 mutitudinis
465 4665 510 4715 G3.
530 4690 558 4700 -
576 4664 613 4714 444
629 4678 690 4728 opaca
706 4664 742 4716 aa
754 4665 770 4718 4
780 4665 818 4715 E:
836 4679 897 4728 opus
912 4666 949 4715 444
966 4665 1029 4716 dett.
1048 4667 1077 4718 0.
1093 4691 1120 4703 -
1140 4665 1179 4718 44.
1198 4667 1312 4718 evelleret
1327 4664 1372 4718 λΕ
1384 4667 1433 4717 Gi:
1452 4666 1562 4717 audiant
1572 4666 1604 4725 a;

291 4743 394 4794 44444444
413 4740 477 4792 dett.
495 4741 524 4790 0.
545 4766 572 4775 —
599 4739 721 4804 tntipotot
736 4741 765 4791 ii.
787 4767 814 4777 —
840 4747 897 4804 apto
913 4753 965 4792 om.
984 4742 1061 4805 Lgit.
1080 4768 1109 4781 -
1130 4743 1170 4793 te.
1188 4743 1296 4804 scaphiis
1311 4740 1487 4793 Guiliclmius:
1513 4740 1608 4803 scopite

292 4819 371 4871 REC
389 4817 436 4869 Ld.
455 4815 540 4880 Lgit;
559 4817 631 4880 444444
646 4816 697 4876 Gt,
716 4816 812 4879 4444444
828 4817 873 4866 ctt.
892 4816 920 4866 0.
941 4843 968 4853 -
987 4817 1145 4870 contuntur
1159 4818 1208 4878 443,
1227 4818 1246 4868 Ε
1259 4819 1293 4869 C:
1313 4815 1452 4868 4444444444
1467 4814 1516 4866 dtt.
1535 4816 1563 4866 0.
1579 4839 1606 4852 -

293 4896 334 4947 tc.
352 4896 378 4946 tn
394 4895 458 4945 4444
474 4891 503 4944 R.
523 4915 552 4928 -
579 4891 619 4941 44.
634 4890 706 4954 palla
722 4893 799 4956 Lagg.
818 4893 925 4959 praeter
939 4893 979 4943 29.
1000 4918 1028 4928 -
1054 4894 1093 4945 to.
1111 4908 1154 4945 444
1170 4893 1267 4944 4444444
1282 4893 1332 4944 Gt:
1355 4906 1398 4944 444
1414 4891 1516 4942 aucuns
1531 4903 1557 4940 44
1572 4889 1604 4958 lt;

293 4971 390 5022 4444444
404 4983 448 5021 vos
464 4969 529 5021 dett.
548 4970 576 5020 0.
592 4995 619 5004 -
637 4969 678 5020 at.
693 4970 772 5032 pollio
784 4971 933 5036 Zumptius:
950 4971 1027 5034 pallio
1040 4969 1155 5034 pettulit
1167 4966 1197 5031 λ;
1213 4969 1291 5032 pallio
1303 4969 1376 5032 patto
1393 4969 1423 5032 (s.
1435 4966 1513 5031 44444)
1530 4963 1605 5022 dett,

290 5047 383 5110 444444,
401 5047 486 5097 innuo
497 5045 570 5109 putta
586 5057 648 5096 cum
659 5044 772 5097 Victoria
785 5046 814 5097 0.
834 5047 874 5109 [ut
889 5046 1022 5111 Zumptius
1039 5045 1156 5111 scripsit,
1174 5043 1256 5095 hebet
1269 5043 1352 5108 ugia
1373 5045 1401 5095 in
1417 5043 1448 5094 29
1460 5043 1515 5093 eat:
1530 5041 1608 5105 potito

290 5121 380 5194 pollio,
398 5122 425 5180 in
441 5119 564 5194 reliquis:
578 5119 761 5190 pentapolin]
783 5148 808 5160 -
827 5122 857 5175 dc
872 5125 992 5176 44444444
1007 5120 1070 5174 dett.
1089 5121 1118 5172 0.
1139 5147 1166 5158 -
1188 5121 1348 5186 8444444444
1364 5115 1454 5171 litut
1470 5117 1502 5170 2:
1526 5117 1608 5182 Syra·
