<?xml version="1.0" encoding="UTF-8"?>
<!DOCTYPE html PUBLIC "-//W3C//DTD XHTML 1.0 Transitional//EN"
    "http://www.w3.org/TR/xhtml1/DTD/xhtml1-transitional.dtd">
<html xmlns="http://www.w3.org/1999/xhtml" xml:lang="en" lang="en">
 <head>
  <title>
</title>
<meta http-equiv="Content-Type" content="text/html;charset=utf-8" />
  <meta name='ocr-system' content='tesseract 3.04.00' />
  <meta name='ocr-capabilities' content='ocr_page ocr_carea ocr_par ocr_line ocrx_word'/>
</head>
<body>
  <div class='ocr_page' id='page_1' title='image "./mtulliiciceroni00baitgoog_0150.png"; bbox 0 0 3648 5888; ppageno 0'>
   <div class='ocr_carea' id='block_1_1' title="bbox 279 426 1180 500">
    <p class='ocr_par' dir='ltr' id='par_1_1' title="bbox 279 426 1180 500">
     <span class='ocr_line' id='line_1_1' title="bbox 279 426 1180 500; baseline 0.004 -6"><span class='ocrx_word' id='word_1_1' title='bbox 279 426 341 495; x_wconf 80' lang='lat' dir='ltr'><strong>tat</strong></span> <span class='ocrx_word' id='word_1_2' title='bbox 660 431 704 494; x_wconf 87' lang='lat' dir='ltr'><strong>IN</strong></span> <span class='ocrx_word' id='word_1_3' title='bbox 724 427 890 496; x_wconf 80' lang='lat' dir='ltr'><strong>VERREM</strong></span> <span class='ocrx_word' id='word_1_4' title='bbox 910 427 1032 496; x_wconf 79' lang='lat' dir='ltr'><strong>aeno</strong></span> <span class='ocrx_word' id='word_1_5' title='bbox 1054 429 1180 500; x_wconf 73' lang='lat' dir='ltr'><strong>numa</strong></span> 
     </span>
    </p>
   </div>
   <div class='ocr_carea' id='block_1_2' title="bbox 151 597 1676 3522">
    <p class='ocr_par' dir='ltr' id='par_1_2' title="bbox 151 597 1676 3522">
     <span class='ocr_line' id='line_1_2' title="bbox 279 597 1599 686; baseline 0.004 -21"><span class='ocrx_word' id='word_1_6' title='bbox 279 608 316 666; x_wconf 91' lang='lat' dir='ltr'><strong>ut</strong></span> <span class='ocrx_word' id='word_1_7' title='bbox 338 598 527 665; x_wconf 83' lang='lat' dir='ltr'><strong>Hortensius</strong></span> <span class='ocrx_word' id='word_1_8' title='bbox 549 597 661 666; x_wconf 85' lang='lat' dir='ltr'><strong>consul</strong></span> <span class='ocrx_word' id='word_1_9' title='bbox 682 598 863 683; x_wconf 88' lang='lat' dir='ltr'><strong>designatus</strong></span> <span class='ocrx_word' id='word_1_10' title='bbox 884 598 1013 664; x_wconf 90' lang='lat' dir='ltr'><strong>domum</strong></span> <span class='ocrx_word' id='word_1_11' title='bbox 1034 599 1244 674; x_wconf 79' lang='lat' dir='ltr'><strong>reducebatur</strong></span> <span class='ocrx_word' id='word_1_12' title='bbox 1264 620 1282 666; x_wconf 88' lang='lat' dir='ltr'><strong>e</strong></span> <span class='ocrx_word' id='word_1_13' title='bbox 1304 619 1415 686; x_wconf 89' lang='lat' dir='ltr'><strong>campo</strong></span> <span class='ocrx_word' id='word_1_14' title='bbox 1438 621 1511 668; x_wconf 89' lang='lat' dir='ltr'><strong>cum</strong></span> <span class='ocrx_word' id='word_1_15' title='bbox 1531 623 1599 670; x_wconf 91' lang='lat' dir='ltr'><strong>ma·</strong></span> 
     </span>
     <span class='ocr_line' id='line_1_3' title="bbox 279 691 1598 779; baseline 0.002 -19"><span class='ocrx_word' id='word_1_16' title='bbox 279 697 366 761; x_wconf 85' lang='lat' dir='ltr'><strong>xima</strong></span> <span class='ocrx_word' id='word_1_17' title='bbox 385 695 564 779; x_wconf 80' lang='lat' dir='ltr'><strong>frequentia</strong></span> <span class='ocrx_word' id='word_1_18' title='bbox 585 713 621 757; x_wconf 91' lang='lat' dir='ltr'><strong>ac</strong></span> <span class='ocrx_word' id='word_1_19' title='bbox 642 693 859 768; x_wconf 88' lang='lat' dir='ltr'><strong>multitudine,</strong></span> <span class='ocrx_word' id='word_1_20' title='bbox 879 691 915 758; x_wconf 85' lang='lat' dir='ltr'><strong>fit</strong></span> <span class='ocrx_word' id='word_1_21' title='bbox 936 695 1060 759; x_wconf 84' lang='lat' dir='ltr'><strong>obviam</strong></span> <span class='ocrx_word' id='word_1_22' title='bbox 1082 714 1157 758; x_wconf 90' lang='lat' dir='ltr'><strong>casu</strong></span> <span class='ocrx_word' id='word_1_23' title='bbox 1179 695 1208 759; x_wconf 92' lang='lat' dir='ltr'><strong>ei</strong></span> <span class='ocrx_word' id='word_1_24' title='bbox 1231 695 1424 762; x_wconf 84' lang='lat' dir='ltr'><strong>multitudini</strong></span> <span class='ocrx_word' id='word_1_25' title='bbox 1444 697 1477 762; x_wconf 90' lang='lat' dir='ltr'><strong>C.</strong></span> <span class='ocrx_word' id='word_1_26' title='bbox 1493 696 1598 774; x_wconf 90' lang='lat' dir='ltr'><strong>Curio,</strong></span> 
     </span>
     <span class='ocr_line' id='line_1_4' title="bbox 280 787 1599 876; baseline 0.002 -23"><span class='ocrx_word' id='word_1_27' title='bbox 280 807 376 876; x_wconf 88' lang='lat' dir='ltr'><strong>quem</strong></span> <span class='ocrx_word' id='word_1_28' title='bbox 398 807 456 871; x_wconf 88' lang='lat' dir='ltr'><strong>ego</strong></span> <span class='ocrx_word' id='word_1_29' title='bbox 477 787 638 852; x_wconf 90' lang='lat' dir='ltr'><strong>hominem</strong></span> <span class='ocrx_word' id='word_1_30' title='bbox 658 788 789 852; x_wconf 88' lang='lat' dir='ltr'><strong>honoris</strong></span> <span class='ocrx_word' id='word_1_31' title='bbox 810 789 916 871; x_wconf 91' lang='lat' dir='ltr'><strong>potius</strong></span> <span class='ocrx_word' id='word_1_32' title='bbox 940 808 1036 873; x_wconf 91' lang='lat' dir='ltr'><strong>quam</strong></span> <span class='ocrx_word' id='word_1_33' title='bbox 1057 789 1265 854; x_wconf 81' lang='lat' dir='ltr'><strong>contumeliae</strong></span> <span class='ocrx_word' id='word_1_34' title='bbox 1287 810 1381 854; x_wconf 89' lang='lat' dir='ltr'><strong>eausa</strong></span> <span class='ocrx_word' id='word_1_35' title='bbox 1402 792 1599 857; x_wconf 89' lang='lat' dir='ltr'><strong>nominatum</strong></span> 
     </span>
     <span class='ocr_line' id='line_1_5' title="bbox 279 879 1599 965; baseline 0.003 -19"><span class='ocrx_word' id='word_1_36' title='bbox 279 881 363 946; x_wconf 84' lang='lat' dir='ltr'><strong>volo.</strong></span> <span class='ocrx_word' id='word_1_37' title='bbox 396 881 520 946; x_wconf 86' lang='lat' dir='ltr'><strong>Etenim</strong></span> <span class='ocrx_word' id='word_1_38' title='bbox 542 901 580 946; x_wconf 92' lang='lat' dir='ltr'><strong>ea</strong></span> <span class='ocrx_word' id='word_1_39' title='bbox 601 879 717 956; x_wconf 88' lang='lat' dir='ltr'><strong>dicam,</strong></span> <span class='ocrx_word' id='word_1_40' title='bbox 740 901 822 965; x_wconf 88' lang='lat' dir='ltr'><strong>quae</strong></span> <span class='ocrx_word' id='word_1_41' title='bbox 843 882 915 958; x_wconf 92' lang='lat' dir='ltr'><strong>ille,</strong></span> <span class='ocrx_word' id='word_1_42' title='bbox 938 883 964 948; x_wconf 90' lang='lat' dir='ltr'><strong>si</strong></span> <span class='ocrx_word' id='word_1_43' title='bbox 986 884 1223 948; x_wconf 89' lang='lat' dir='ltr'><strong>commemorari</strong></span> <span class='ocrx_word' id='word_1_44' title='bbox 1237 883 1407 960; x_wconf 86' lang='lat' dir='ltr'><strong>noluisset,</strong></span> <span class='ocrx_word' id='word_1_45' title='bbox 1430 904 1493 949; x_wconf 91' lang='lat' dir='ltr'><strong>non</strong></span> <span class='ocrx_word' id='word_1_46' title='bbox 1510 893 1599 950; x_wconf 88' lang='lat' dir='ltr'><strong>tanto</strong></span> 
     </span>
     <span class='ocr_line' id='line_1_6' title="bbox 256 975 1599 1062; baseline 0.007 -28"><span class='ocrx_word' id='word_1_47' title='bbox 256 978 313 1044; x_wconf 83' lang='lat' dir='ltr'><strong>tiu</strong></span> <span class='ocrx_word' id='word_1_48' title='bbox 327 983 485 1040; x_wconf 89' lang='lat' dir='ltr'><strong>conventu</strong></span> <span class='ocrx_word' id='word_1_49' title='bbox 499 984 564 1040; x_wconf 86' lang='lat' dir='ltr'><strong>tam</strong></span> <span class='ocrx_word' id='word_1_50' title='bbox 578 984 686 1061; x_wconf 91' lang='lat' dir='ltr'><strong>aperte</strong></span> <span class='ocrx_word' id='word_1_51' title='bbox 699 976 868 1061; x_wconf 91' lang='lat' dir='ltr'><strong>palamque</strong></span> <span class='ocrx_word' id='word_1_52' title='bbox 883 975 1024 1042; x_wconf 76' lang='lat' dir='ltr'><strong>dixisset.</strong></span> <span class='ocrx_word' id='word_1_53' title='bbox 1047 977 1137 1054; x_wconf 88' lang='lat' dir='ltr'><strong>Quae</strong></span> <span class='ocrx_word' id='word_1_54' title='bbox 1153 985 1258 1042; x_wconf 90' lang='lat' dir='ltr'><strong>tamen</strong></span> <span class='ocrx_word' id='word_1_55' title='bbox 1273 998 1292 1041; x_wconf 91' lang='lat' dir='ltr'><strong>a</strong></span> <span class='ocrx_word' id='word_1_56' title='bbox 1308 997 1358 1042; x_wconf 90' lang='lat' dir='ltr'><strong>me</strong></span> <span class='ocrx_word' id='word_1_57' title='bbox 1372 979 1599 1062; x_wconf 81' lang='lat' dir='ltr'><strong>pedetemptim</strong></span> 
     </span>
     <span class='ocr_line' id='line_1_7' title="bbox 281 1070 1598 1154; baseline 0.002 -18"><span class='ocrx_word' id='word_1_58' title='bbox 281 1078 436 1154; x_wconf 82' lang='lat' dir='ltr'><strong>cauteque</strong></span> <span class='ocrx_word' id='word_1_59' title='bbox 458 1070 617 1148; x_wconf 89' lang='lat' dir='ltr'><strong>dicentur,</strong></span> <span class='ocrx_word' id='word_1_60' title='bbox 638 1079 674 1134; x_wconf 92' lang='lat' dir='ltr'><strong>ut</strong></span> <span class='ocrx_word' id='word_1_61' title='bbox 695 1079 728 1133; x_wconf 89' lang='lat' dir='ltr'><strong>et</strong></span> <span class='ocrx_word' id='word_1_62' title='bbox 747 1071 903 1135; x_wconf 80' lang='lat' dir='ltr'><strong>amicitiae</strong></span> <span class='ocrx_word' id='word_1_63' title='bbox 925 1079 1050 1136; x_wconf 89' lang='lat' dir='ltr'><strong>nostrae</strong></span> <span class='ocrx_word' id='word_1_64' title='bbox 1073 1077 1106 1135; x_wconf 91' lang='lat' dir='ltr'><strong>et</strong></span> <span class='ocrx_word' id='word_1_65' title='bbox 1119 1071 1278 1154; x_wconf 87' lang='lat' dir='ltr'><strong>dignitatis</strong></span> <span class='ocrx_word' id='word_1_66' title='bbox 1295 1071 1382 1137; x_wconf 89' lang='lat' dir='ltr'><strong>illius</strong></span> <span class='ocrx_word' id='word_1_67' title='bbox 1397 1071 1505 1138; x_wconf 89' lang='lat' dir='ltr'><strong>hahita</strong></span> <span class='ocrx_word' id='word_1_68' title='bbox 1518 1075 1598 1138; x_wconf 88' lang='lat' dir='ltr'><strong>ratio</strong></span> 
     </span>
     <span class='ocr_line' id='line_1_8' title="bbox 177 1160 1599 1248; baseline -0.001 -16"><span class='ocrx_word' id='word_1_69' title='bbox 177 1232 182 1241; x_wconf 86' lang='grc'>,</span> <span class='ocrx_word' id='word_1_70' title='bbox 281 1183 350 1232; x_wconf 88' lang='lat' dir='ltr'><strong>esse</strong></span> <span class='ocrx_word' id='word_1_71' title='bbox 372 1165 574 1248; x_wconf 89' lang='lat' dir='ltr'><strong>intelligatur.</strong></span> <span class='ocrx_word' id='word_1_72' title='bbox 618 1160 668 1227; x_wconf 87' lang='grc'><strong>49.</strong></span> <span class='ocrx_word' id='word_1_73' title='bbox 690 1164 785 1229; x_wconf 80' lang='lat' dir='ltr'><strong>Videt</strong></span> <span class='ocrx_word' id='word_1_74' title='bbox 805 1164 846 1228; x_wconf 86' lang='lat' dir='ltr'><strong>ad</strong></span> <span class='ocrx_word' id='word_1_75' title='bbox 867 1165 972 1247; x_wconf 90' lang='lat' dir='ltr'><strong>ipsum</strong></span> <span class='ocrx_word' id='word_1_76' title='bbox 993 1164 1146 1230; x_wconf 81' lang='lat' dir='ltr'><strong>fornicem</strong></span> <span class='ocrx_word' id='word_1_77' title='bbox 1167 1165 1341 1231; x_wconf 86' lang='lat' dir='ltr'><strong>Fabianum</strong></span> <span class='ocrx_word' id='word_1_78' title='bbox 1361 1168 1394 1231; x_wconf 93' lang='lat' dir='ltr'><strong>in</strong></span> <span class='ocrx_word' id='word_1_79' title='bbox 1416 1168 1508 1232; x_wconf 89' lang='lat' dir='ltr'><strong>turba</strong></span> <span class='ocrx_word' id='word_1_80' title='bbox 1522 1169 1599 1231; x_wconf 89' lang='lat' dir='ltr'><strong>Ver·</strong></span> 
     </span>
     <span class='ocr_line' id='line_1_9' title="bbox 279 1258 1597 1345; baseline 0.001 -20"><span class='ocrx_word' id='word_1_81' title='bbox 279 1279 362 1325; x_wconf 87' lang='lat' dir='ltr'><strong>rem:</strong></span> <span class='ocrx_word' id='word_1_82' title='bbox 390 1259 530 1343; x_wconf 87' lang='lat' dir='ltr'><strong>appellat</strong></span> <span class='ocrx_word' id='word_1_83' title='bbox 557 1258 716 1322; x_wconf 90' lang='lat' dir='ltr'><strong>hominem</strong></span> <span class='ocrx_word' id='word_1_84' title='bbox 746 1263 778 1320; x_wconf 91' lang='lat' dir='ltr'><strong>et</strong></span> <span class='ocrx_word' id='word_1_85' title='bbox 806 1259 835 1322; x_wconf 92' lang='lat' dir='ltr'><strong>ei</strong></span> <span class='ocrx_word' id='word_1_86' title='bbox 856 1278 934 1322; x_wconf 83' lang='lat' dir='ltr'><strong>voce</strong></span> <span class='ocrx_word' id='word_1_87' title='bbox 956 1260 1092 1324; x_wconf 81' lang='lat' dir='ltr'><strong>maxima</strong></span> <span class='ocrx_word' id='word_1_88' title='bbox 1113 1259 1307 1342; x_wconf 61' lang='lat' dir='ltr'><strong>gratulatum</strong></span> <span class='ocrx_word' id='word_1_89' title='bbox 1335 1262 1398 1345; x_wconf 91' lang='lat' dir='ltr'><strong>ipsi</strong></span> <span class='ocrx_word' id='word_1_90' title='bbox 1418 1262 1597 1337; x_wconf 88' lang='lat' dir='ltr'><strong>Hortensio,</strong></span> 
     </span>
     <span class='ocr_line' id='line_1_10' title="bbox 280 1352 1601 1439; baseline 0.002 -23"><span class='ocrx_word' id='word_1_91' title='bbox 280 1354 335 1439; x_wconf 93' lang='lat' dir='ltr'><strong>qui</strong></span> <span class='ocrx_word' id='word_1_92' title='bbox 356 1353 468 1416; x_wconf 90' lang='lat' dir='ltr'><strong>consul</strong></span> <span class='ocrx_word' id='word_1_93' title='bbox 489 1360 556 1416; x_wconf 86' lang='lat' dir='ltr'><strong>erat</strong></span> <span class='ocrx_word' id='word_1_94' title='bbox 575 1352 694 1430; x_wconf 87' lang='lat' dir='ltr'><strong>factus,</strong></span> <span class='ocrx_word' id='word_1_95' title='bbox 723 1352 911 1436; x_wconf 86' lang='lat' dir='ltr'><strong>propinquis</strong></span> <span class='ocrx_word' id='word_1_96' title='bbox 940 1353 1190 1438; x_wconf 82' lang='lat' dir='ltr'><strong>necessariisque</strong></span> <span class='ocrx_word' id='word_1_97' title='bbox 1212 1354 1281 1418; x_wconf 90' lang='lat' dir='ltr'><strong>eius</strong></span> <span class='ocrx_word' id='word_1_98' title='bbox 1302 1355 1358 1438; x_wconf 91' lang='lat' dir='ltr'><strong>qui</strong></span> <span class='ocrx_word' id='word_1_99' title='bbox 1380 1363 1446 1420; x_wconf 90' lang='lat' dir='ltr'><strong>tum</strong></span> <span class='ocrx_word' id='word_1_100' title='bbox 1467 1354 1601 1420; x_wconf 87' lang='lat' dir='ltr'><strong>aderaut</strong></span> 
     </span>
     <span class='ocr_line' id='line_1_11' title="bbox 243 1446 1599 1533; baseline 0.004 -25"><span class='ocrx_word' id='word_1_101' title='bbox 243 1458 271 1508; x_wconf 85' lang='grc'><strong>44</strong></span> <span class='ocrx_word' id='word_1_102' title='bbox 279 1448 410 1511; x_wconf 86' lang='lat' dir='ltr'><strong>verbum</strong></span> <span class='ocrx_word' id='word_1_103' title='bbox 429 1448 553 1512; x_wconf 93' lang='lat' dir='ltr'><strong>nullum</strong></span> <span class='ocrx_word' id='word_1_104' title='bbox 574 1446 666 1522; x_wconf 73' lang='lat' dir='ltr'><strong>facim</strong></span> <span class='ocrx_word' id='word_1_105' title='bbox 694 1467 766 1512; x_wconf 87' lang='lat' dir='ltr'><strong>oum</strong></span> <span class='ocrx_word' id='word_1_106' title='bbox 786 1446 848 1510; x_wconf 91' lang='lat' dir='ltr'><strong>hoc</strong></span> <span class='ocrx_word' id='word_1_107' title='bbox 869 1447 1030 1522; x_wconf 90' lang='lat' dir='ltr'><strong>consistit,</strong></span> <span class='ocrx_word' id='word_1_108' title='bbox 1059 1447 1143 1510; x_wconf 90' lang='lat' dir='ltr'><strong>hunc</strong></span> <span class='ocrx_word' id='word_1_109' title='bbox 1164 1448 1378 1533; x_wconf 85' lang='lat' dir='ltr'><strong>amplexatur,</strong></span> <span class='ocrx_word' id='word_1_110' title='bbox 1405 1450 1491 1514; x_wconf 91' lang='lat' dir='ltr'><strong>hunc</strong></span> <span class='ocrx_word' id='word_1_111' title='bbox 1511 1450 1599 1515; x_wconf 89' lang='lat' dir='ltr'><strong>iubet</strong></span> 
     </span>
     <span class='ocr_line' id='line_1_12' title="bbox 279 1540 1598 1624; baseline 0.001 -17"><span class='ocrx_word' id='word_1_112' title='bbox 279 1544 348 1607; x_wconf 88' lang='lat' dir='ltr'><strong>sine</strong></span> <span class='ocrx_word' id='word_1_113' title='bbox 369 1563 444 1608; x_wconf 91' lang='lat' dir='ltr'><strong>cura</strong></span> <span class='ocrx_word' id='word_1_114' title='bbox 465 1562 544 1606; x_wconf 89' lang='lat' dir='ltr'><strong>esse.</strong></span> <span class='ocrx_word' id='word_1_115' title='bbox 589 1543 783 1615; x_wconf 71' lang='lat' dir='ltr'><strong>«denuntio,</strong></span> <span class='ocrx_word' id='word_1_116' title='bbox 805 1540 924 1624; x_wconf 89' lang='lat' dir='ltr'><strong>inquit,</strong></span> <span class='ocrx_word' id='word_1_117' title='bbox 946 1541 1003 1604; x_wconf 90' lang='lat' dir='ltr'><strong>tihi</strong></span> <span class='ocrx_word' id='word_1_118' title='bbox 1026 1548 1056 1604; x_wconf 92' lang='lat' dir='ltr'><strong>te</strong></span> <span class='ocrx_word' id='word_1_119' title='bbox 1077 1541 1238 1606; x_wconf 88' lang='lat' dir='ltr'><strong>hodiernis</strong></span> <span class='ocrx_word' id='word_1_120' title='bbox 1260 1545 1394 1608; x_wconf 91' lang='lat' dir='ltr'><strong>comitiis</strong></span> <span class='ocrx_word' id='word_1_121' title='bbox 1416 1564 1486 1608; x_wconf 85' lang='lat' dir='ltr'><strong>esse</strong></span> <span class='ocrx_word' id='word_1_122' title='bbox 1507 1544 1598 1608; x_wconf 85' lang='lat' dir='ltr'><strong>ahso-</strong></span> 
     </span>
     <span class='ocr_line' id='line_1_13' title="bbox 279 1633 1598 1714; baseline 0 -13"><span class='ocrx_word' id='word_1_123' title='bbox 279 1637 409 1702; x_wconf 73' lang='lat' dir='ltr'><strong>lutum.»</strong></span> <span class='ocrx_word' id='word_1_124' title='bbox 444 1635 538 1714; x_wconf 87' lang='lat' dir='ltr'><strong>Quod</strong></span> <span class='ocrx_word' id='word_1_125' title='bbox 568 1657 640 1700; x_wconf 87' lang='lat' dir='ltr'><strong>cum</strong></span> <span class='ocrx_word' id='word_1_126' title='bbox 670 1643 733 1700; x_wconf 89' lang='lat' dir='ltr'><strong>tam</strong></span> <span class='ocrx_word' id='word_1_127' title='bbox 762 1633 853 1699; x_wconf 90' lang='lat' dir='ltr'><strong>multi</strong></span> <span class='ocrx_word' id='word_1_128' title='bbox 881 1634 1026 1700; x_wconf 90' lang='lat' dir='ltr'><strong>homines</strong></span> <span class='ocrx_word' id='word_1_129' title='bbox 1053 1635 1266 1702; x_wconf 87' lang='lat' dir='ltr'><strong>honestissimi</strong></span> <span class='ocrx_word' id='word_1_130' title='bbox 1288 1637 1466 1714; x_wconf 83' lang='lat' dir='ltr'><strong>audissent,</strong></span> <span class='ocrx_word' id='word_1_131' title='bbox 1493 1639 1598 1703; x_wconf 87' lang='lat' dir='ltr'><strong>statim</strong></span> 
     </span>
     <span class='ocr_line' id='line_1_14' title="bbox 279 1729 1597 1814; baseline -0.001 -18"><span class='ocrx_word' id='word_1_132' title='bbox 279 1731 319 1796; x_wconf 96' lang='lat' dir='ltr'><strong>ad</strong></span> <span class='ocrx_word' id='word_1_133' title='bbox 337 1750 387 1794; x_wconf 90' lang='lat' dir='ltr'><strong>me</strong></span> <span class='ocrx_word' id='word_1_134' title='bbox 404 1730 562 1796; x_wconf 80' lang='lat' dir='ltr'><strong>defertur:</strong></span> <span class='ocrx_word' id='word_1_135' title='bbox 585 1731 681 1794; x_wconf 90' lang='lat' dir='ltr'><strong>immo</strong></span> <span class='ocrx_word' id='word_1_136' title='bbox 695 1748 787 1804; x_wconf 81' lang='lat' dir='ltr'><strong>vero,</strong></span> <span class='ocrx_word' id='word_1_137' title='bbox 810 1729 998 1814; x_wconf 88' lang='lat' dir='ltr'><strong>utquisque</strong></span> <span class='ocrx_word' id='word_1_138' title='bbox 1015 1750 1067 1794; x_wconf 90' lang='lat' dir='ltr'><strong>me</strong></span> <span class='ocrx_word' id='word_1_139' title='bbox 1080 1730 1216 1807; x_wconf 82' lang='lat' dir='ltr'><strong>viderat,</strong></span> <span class='ocrx_word' id='word_1_140' title='bbox 1237 1732 1394 1796; x_wconf 84' lang='lat' dir='ltr'><strong>narrabat.</strong></span> <span class='ocrx_word' id='word_1_141' title='bbox 1425 1734 1504 1798; x_wconf 77' lang='lat' dir='ltr'><strong>altis</strong></span> <span class='ocrx_word' id='word_1_142' title='bbox 1518 1731 1597 1798; x_wconf 92' lang='lat' dir='ltr'><strong>illud</strong></span> 
     </span>
     <span class='ocr_line' id='line_1_15' title="bbox 278 1822 1599 1911; baseline 0.002 -22"><span class='ocrx_word' id='word_1_143' title='bbox 278 1825 454 1908; x_wconf 88' lang='lat' dir='ltr'><strong>indignum,</strong></span> <span class='ocrx_word' id='word_1_144' title='bbox 467 1824 540 1889; x_wconf 85' lang='lat' dir='ltr'><strong>aliis</strong></span> <span class='ocrx_word' id='word_1_145' title='bbox 554 1823 724 1888; x_wconf 90' lang='lat' dir='ltr'><strong>ridiculum</strong></span> <span class='ocrx_word' id='word_1_146' title='bbox 738 1822 918 1886; x_wconf 82' lang='lat' dir='ltr'><strong>ridebatur:</strong></span> <span class='ocrx_word' id='word_1_147' title='bbox 941 1823 1108 1888; x_wconf 91' lang='lat' dir='ltr'><strong>ridiculum</strong></span> <span class='ocrx_word' id='word_1_148' title='bbox 1123 1824 1173 1900; x_wconf 89' lang='lat' dir='ltr'><strong>iis,</strong></span> <span class='ocrx_word' id='word_1_149' title='bbox 1189 1825 1245 1911; x_wconf 91' lang='lat' dir='ltr'><strong>qui</strong></span> <span class='ocrx_word' id='word_1_150' title='bbox 1259 1826 1348 1890; x_wconf 90' lang='lat' dir='ltr'><strong>istius</strong></span> <span class='ocrx_word' id='word_1_151' title='bbox 1363 1845 1489 1891; x_wconf 89' lang='lat' dir='ltr'><strong>oausam</strong></span> <span class='ocrx_word' id='word_1_152' title='bbox 1504 1828 1538 1891; x_wconf 93' lang='lat' dir='ltr'><strong>in</strong></span> <span class='ocrx_word' id='word_1_153' title='bbox 1552 1833 1599 1890; x_wconf 90' lang='lat' dir='ltr'><strong>te-</strong></span> 
     </span>
     <span class='ocr_line' id='line_1_16' title="bbox 241 1916 1599 2001; baseline 0.004 -21"><span class='ocrx_word' id='word_1_154' title='bbox 241 1930 270 1982; x_wconf 82' lang='grc'><strong>44</strong></span> <span class='ocrx_word' id='word_1_155' title='bbox 279 1920 374 1984; x_wconf 92' lang='lat' dir='ltr'><strong>stium</strong></span> <span class='ocrx_word' id='word_1_156' title='bbox 387 1916 458 1996; x_wconf 87' lang='lat' dir='ltr'><strong>lide,</strong></span> <span class='ocrx_word' id='word_1_157' title='bbox 478 1922 512 1984; x_wconf 90' lang='lat' dir='ltr'><strong>in</strong></span> <span class='ocrx_word' id='word_1_158' title='bbox 527 1918 694 1982; x_wconf 90' lang='lat' dir='ltr'><strong>criminum</strong></span> <span class='ocrx_word' id='word_1_159' title='bbox 708 1917 842 1991; x_wconf 88' lang='lat' dir='ltr'><strong>ratione,</strong></span> <span class='ocrx_word' id='word_1_160' title='bbox 855 1917 890 1981; x_wconf 92' lang='lat' dir='ltr'><strong>in</strong></span> <span class='ocrx_word' id='word_1_161' title='bbox 904 1916 1044 1981; x_wconf 89' lang='lat' dir='ltr'><strong>iudicum</strong></span> <span class='ocrx_word' id='word_1_162' title='bbox 1059 1925 1226 2001; x_wconf 75' lang='lat' dir='ltr'><strong>potestate,</strong></span> <span class='ocrx_word' id='word_1_163' title='bbox 1248 1921 1359 1983; x_wconf 91' lang='lat' dir='ltr'><strong>nonin</strong></span> <span class='ocrx_word' id='word_1_164' title='bbox 1374 1921 1509 1985; x_wconf 88' lang='lat' dir='ltr'><strong>comitiis</strong></span> <span class='ocrx_word' id='word_1_165' title='bbox 1524 1941 1599 1986; x_wconf 88' lang='lat' dir='ltr'><strong>con·</strong></span> 
     </span>
     <span class='ocr_line' id='line_1_17' title="bbox 278 2010 1600 2097; baseline -0.001 -17"><span class='ocrx_word' id='word_1_166' title='bbox 278 2014 434 2080; x_wconf 90' lang='lat' dir='ltr'><strong>sularibus</strong></span> <span class='ocrx_word' id='word_1_167' title='bbox 456 2013 592 2097; x_wconf 88' lang='lat' dir='ltr'><strong>positam</strong></span> <span class='ocrx_word' id='word_1_168' title='bbox 607 2011 855 2087; x_wconf 82' lang='lat' dir='ltr'><strong>arbitrabantur3</strong></span> <span class='ocrx_word' id='word_1_169' title='bbox 878 2010 1043 2094; x_wconf 88' lang='lat' dir='ltr'><strong>indignum</strong></span> <span class='ocrx_word' id='word_1_170' title='bbox 1064 2012 1121 2086; x_wconf 91' lang='lat' dir='ltr'><strong>iis,</strong></span> <span class='ocrx_word' id='word_1_171' title='bbox 1144 2014 1199 2095; x_wconf 94' lang='lat' dir='ltr'><strong>qui</strong></span> <span class='ocrx_word' id='word_1_172' title='bbox 1212 2012 1306 2076; x_wconf 75' lang='lat' dir='ltr'><strong>alfius</strong></span> <span class='ocrx_word' id='word_1_173' title='bbox 1322 2014 1555 2097; x_wconf 85' lang='lat' dir='ltr'><strong>perspiciebant</strong></span> <span class='ocrx_word' id='word_1_174' title='bbox 1568 2022 1600 2079; x_wconf 90' lang='lat' dir='ltr'><strong>et</strong></span> 
     </span>
     <span class='ocr_line' id='line_1_18' title="bbox 276 2104 1600 2191; baseline 0 -17"><span class='ocrx_word' id='word_1_175' title='bbox 276 2108 360 2174; x_wconf 91' lang='lat' dir='ltr'><strong>hanc</strong></span> <span class='ocrx_word' id='word_1_176' title='bbox 374 2108 616 2191; x_wconf 75' lang='lat' dir='ltr'><strong>gratulationem</strong></span> <span class='ocrx_word' id='word_1_177' title='bbox 627 2104 667 2170; x_wconf 93' lang='lat' dir='ltr'><strong>ad</strong></span> <span class='ocrx_word' id='word_1_178' title='bbox 680 2105 835 2170; x_wconf 91' lang='lat' dir='ltr'><strong>iudicium</strong></span> <span class='ocrx_word' id='word_1_179' title='bbox 845 2106 1112 2187; x_wconf 88' lang='lat' dir='ltr'><strong>corrumpendum</strong></span> <span class='ocrx_word' id='word_1_180' title='bbox 1127 2115 1269 2191; x_wconf 85' lang='lat' dir='ltr'><strong>spectare</strong></span> <span class='ocrx_word' id='word_1_181' title='bbox 1279 2108 1438 2173; x_wconf 76' lang='lat' dir='ltr'><strong>videtum.</strong></span> <span class='ocrx_word' id='word_1_182' title='bbox 1461 2106 1512 2172; x_wconf 79' lang='lat'><strong>20.</strong></span> <span class='ocrx_word' id='word_1_183' title='bbox 1527 2110 1600 2174; x_wconf 85' lang='lat' dir='ltr'><strong>Ete-</strong></span> 
     </span>
     <span class='ocr_line' id='line_1_19' title="bbox 277 2198 1598 2288; baseline -0.002 -18"><span class='ocrx_word' id='word_1_184' title='bbox 277 2205 343 2270; x_wconf 85' lang='lat' dir='ltr'><strong>nim</strong></span> <span class='ocrx_word' id='word_1_185' title='bbox 373 2205 418 2269; x_wconf 91' lang='lat' dir='ltr'><strong>sio</strong></span> <span class='ocrx_word' id='word_1_186' title='bbox 447 2202 732 2276; x_wconf 87' lang='lat' dir='ltr'><strong>ratiocinabantur,</strong></span> <span class='ocrx_word' id='word_1_187' title='bbox 766 2198 812 2264; x_wconf 91' lang='lat' dir='ltr'><strong>sic</strong></span> <span class='ocrx_word' id='word_1_188' title='bbox 845 2200 1058 2288; x_wconf 87' lang='lat' dir='ltr'><strong>hopestissimi</strong></span> <span class='ocrx_word' id='word_1_189' title='bbox 1084 2201 1229 2266; x_wconf 91' lang='lat' dir='ltr'><strong>homiues</strong></span> <span class='ocrx_word' id='word_1_190' title='bbox 1257 2203 1340 2267; x_wconf 90' lang='lat' dir='ltr'><strong>inter</strong></span> <span class='ocrx_word' id='word_1_191' title='bbox 1367 2223 1402 2268; x_wconf 89' lang='lat' dir='ltr'><strong>se</strong></span> <span class='ocrx_word' id='word_1_192' title='bbox 1423 2211 1455 2267; x_wconf 91' lang='lat' dir='ltr'><strong>et</strong></span> <span class='ocrx_word' id='word_1_193' title='bbox 1475 2223 1598 2268; x_wconf 87' lang='lat' dir='ltr'><strong>meeum</strong></span> 
     </span>
     <span class='ocr_line' id='line_1_20' title="bbox 277 2293 1599 2382; baseline 0.002 -23"><span class='ocrx_word' id='word_1_194' title='bbox 277 2296 506 2382; x_wconf 87' lang='lat' dir='ltr'><strong>loquebantur,</strong></span> <span class='ocrx_word' id='word_1_195' title='bbox 528 2302 636 2378; x_wconf 88' lang='lat' dir='ltr'><strong>aperte</strong></span> <span class='ocrx_word' id='word_1_196' title='bbox 658 2295 721 2358; x_wconf 80' lang='lat' dir='ltr'><strong>Iam</strong></span> <span class='ocrx_word' id='word_1_197' title='bbox 744 2301 776 2358; x_wconf 87' lang='lat' dir='ltr'><strong>et</strong></span> <span class='ocrx_word' id='word_1_198' title='bbox 796 2295 964 2377; x_wconf 89' lang='lat' dir='ltr'><strong>perspicue</strong></span> <span class='ocrx_word' id='word_1_199' title='bbox 985 2293 1072 2358; x_wconf 90' lang='lat' dir='ltr'><strong>nulla</strong></span> <span class='ocrx_word' id='word_1_200' title='bbox 1088 2315 1157 2360; x_wconf 91' lang='lat' dir='ltr'><strong>esse</strong></span> <span class='ocrx_word' id='word_1_201' title='bbox 1173 2297 1301 2362; x_wconf 89' lang='lat' dir='ltr'><strong>iudicia.</strong></span> <span class='ocrx_word' id='word_1_202' title='bbox 1331 2296 1394 2373; x_wconf 86' lang='lat' dir='ltr'><strong>Qui</strong></span> <span class='ocrx_word' id='word_1_203' title='bbox 1408 2316 1482 2360; x_wconf 89' lang='lat' dir='ltr'><strong>reus</strong></span> <span class='ocrx_word' id='word_1_204' title='bbox 1496 2298 1599 2381; x_wconf 86' lang='lat' dir='ltr'><strong>pridie</strong></span> 
     </span>
     <span class='ocr_line' id='line_1_21' title="bbox 240 2389 1599 2476; baseline 0.001 -22"><span class='ocrx_word' id='word_1_205' title='bbox 240 2391 341 2456; x_wconf 76' lang='lat' dir='ltr'><strong>stiam</strong></span> <span class='ocrx_word' id='word_1_206' title='bbox 362 2393 432 2476; x_wconf 90' lang='lat' dir='ltr'><strong>ipse</strong></span> <span class='ocrx_word' id='word_1_207' title='bbox 453 2411 487 2454; x_wconf 87' lang='lat' dir='ltr'><strong>se</strong></span> <span class='ocrx_word' id='word_1_208' title='bbox 508 2389 752 2464; x_wconf 86' lang='lat' dir='ltr'><strong>condemnatum</strong></span> <span class='ocrx_word' id='word_1_209' title='bbox 773 2389 922 2474; x_wconf 89' lang='lat' dir='ltr'><strong>putabat,</strong></span> <span class='ocrx_word' id='word_1_210' title='bbox 944 2389 988 2464; x_wconf 90' lang='lat' dir='ltr'><strong>is,</strong></span> <span class='ocrx_word' id='word_1_211' title='bbox 1009 2395 1216 2475; x_wconf 88' lang='lat' dir='ltr'><strong>posteaquam</strong></span> <span class='ocrx_word' id='word_1_212' title='bbox 1239 2390 1387 2454; x_wconf 89' lang='lat' dir='ltr'><strong>defensor</strong></span> <span class='ocrx_word' id='word_1_213' title='bbox 1405 2392 1472 2455; x_wconf 89' lang='lat' dir='ltr'><strong>eius</strong></span> <span class='ocrx_word' id='word_1_214' title='bbox 1488 2392 1599 2457; x_wconf 91' lang='lat' dir='ltr'><strong>consul</strong></span> 
     </span>
     <span class='ocr_line' id='line_1_22' title="bbox 278 2479 1600 2570; baseline 0.001 -22"><span class='ocrx_word' id='word_1_215' title='bbox 278 2493 327 2549; x_wconf 89' lang='lat' dir='ltr'><strong>est</strong></span> <span class='ocrx_word' id='word_1_216' title='bbox 346 2484 464 2560; x_wconf 86' lang='lat' dir='ltr'><strong>iactus,</strong></span> <span class='ocrx_word' id='word_1_217' title='bbox 487 2483 670 2547; x_wconf 80' lang='lat' dir='ltr'><strong>absolvitur.</strong></span> <span class='ocrx_word' id='word_1_218' title='bbox 714 2482 800 2559; x_wconf 87' lang='lat' dir='ltr'><strong>Quid</strong></span> <span class='ocrx_word' id='word_1_219' title='bbox 820 2479 1054 2570; x_wconf 82' lang='lat' dir='ltr'><strong>igituri(quod</strong></span> <span class='ocrx_word' id='word_1_220' title='bbox 1076 2491 1143 2546; x_wconf 91' lang='lat' dir='ltr'><strong>tota</strong></span> <span class='ocrx_word' id='word_1_221' title='bbox 1164 2484 1286 2560; x_wconf 88' lang='lat' dir='ltr'><strong>Sicilia,</strong></span> <span class='ocrx_word' id='word_1_222' title='bbox 1310 2483 1397 2569; x_wconf 92' lang='lat' dir='ltr'><strong>quod</strong></span> <span class='ocrx_word' id='word_1_223' title='bbox 1419 2505 1529 2549; x_wconf 88' lang='lat' dir='ltr'><strong>omnes</strong></span> <span class='ocrx_word' id='word_1_224' title='bbox 1551 2485 1600 2550; x_wconf 87' lang='lat' dir='ltr'><strong>si·</strong></span> 
     </span>
     <span class='ocr_line' id='line_1_23' title="bbox 278 2577 1599 2664; baseline -0.002 -19"><span class='ocrx_word' id='word_1_225' title='bbox 278 2578 358 2653; x_wconf 86' lang='lat' dir='ltr'><strong>culi,</strong></span> <span class='ocrx_word' id='word_1_226' title='bbox 389 2598 498 2642; x_wconf 88' lang='lat' dir='ltr'><strong>omues</strong></span> <span class='ocrx_word' id='word_1_227' title='bbox 528 2579 757 2660; x_wconf 88' lang='lat' dir='ltr'><strong>negotiatores,</strong></span> <span class='ocrx_word' id='word_1_228' title='bbox 788 2597 898 2641; x_wconf 91' lang='lat' dir='ltr'><strong>omnes</strong></span> <span class='ocrx_word' id='word_1_229' title='bbox 927 2577 1073 2661; x_wconf 89' lang='lat' dir='ltr'><strong>publicae</strong></span> <span class='ocrx_word' id='word_1_230' title='bbox 1100 2579 1304 2664; x_wconf 80' lang='lat' dir='ltr'><strong>privataeque</strong></span> <span class='ocrx_word' id='word_1_231' title='bbox 1333 2579 1456 2644; x_wconf 87' lang='lat' dir='ltr'><strong>litterae</strong></span> <span class='ocrx_word' id='word_1_232' title='bbox 1480 2580 1599 2644; x_wconf 87' lang='lat' dir='ltr'><strong>Romae</strong></span> 
     </span>
     <span class='ocr_line' id='line_1_24' title="bbox 278 2667 1600 2762; baseline 0 -25"><span class='ocrx_word' id='word_1_233' title='bbox 278 2680 368 2762; x_wconf 65' lang='lat' dir='ltr'><strong>⁸!ss²»</strong></span> <span class='ocrx_word' id='word_1_234' title='bbox 397 2672 518 2736; x_wconf 83' lang='lat' dir='ltr'><strong>nihilne</strong></span> <span class='ocrx_word' id='word_1_235' title='bbox 546 2670 580 2734; x_wconf 93' lang='lat' dir='ltr'><strong>id</strong></span> <span class='ocrx_word' id='word_1_236' title='bbox 607 2667 764 2762; x_wconf 79' lang='lat' dir='ltr'><strong>valebitI)</strong></span> <span class='ocrx_word' id='word_1_237' title='bbox 796 2671 881 2735; x_wconf 91' lang='lat' dir='ltr'><strong>Nihil</strong></span> <span class='ocrx_word' id='word_1_238' title='bbox 909 2673 1007 2736; x_wconf 85' lang='lat' dir='ltr'><strong>invito</strong></span> <span class='ocrx_word' id='word_1_239' title='bbox 1038 2671 1169 2736; x_wconf 88' lang='lat' dir='ltr'><strong>consule</strong></span> <span class='ocrx_word' id='word_1_240' title='bbox 1197 2673 1370 2756; x_wconf 89' lang='lat' dir='ltr'><strong>designato.</strong></span> <span class='ocrx_word' id='word_1_241' title='bbox 1414 2672 1522 2748; x_wconf 84' lang='lat' dir='ltr'><strong>Quidt</strong></span> <span class='ocrx_word' id='word_1_242' title='bbox 1551 2673 1600 2738; x_wconf 91' lang='lat' dir='ltr'><strong>iu·</strong></span> 
     </span>
     <span class='ocr_line' id='line_1_25' title="bbox 151 2760 1599 2851; baseline 0 -21"><span class='ocrx_word' id='word_1_243' title='bbox 151 2760 167 2776; x_wconf 69' lang='grc'><strong><em>”</em></strong></span> <span class='ocrx_word' id='word_1_244' title='bbox 278 2767 365 2830; x_wconf 89' lang='lat' dir='ltr'><strong>dices</strong></span> <span class='ocrx_word' id='word_1_245' title='bbox 386 2785 452 2830; x_wconf 90' lang='lat' dir='ltr'><strong>non</strong></span> <span class='ocrx_word' id='word_1_246' title='bbox 472 2768 620 2844; x_wconf 87' lang='lat' dir='ltr'><strong>crimina,</strong></span> <span class='ocrx_word' id='word_1_247' title='bbox 648 2786 713 2829; x_wconf 91' lang='lat' dir='ltr'><strong>non</strong></span> <span class='ocrx_word' id='word_1_248' title='bbox 740 2772 852 2840; x_wconf 90' lang='lat' dir='ltr'><strong>testes,</strong></span> <span class='ocrx_word' id='word_1_249' title='bbox 882 2786 946 2830; x_wconf 93' lang='lat' dir='ltr'><strong>non</strong></span> <span class='ocrx_word' id='word_1_250' title='bbox 975 2765 1242 2830; x_wconf 78' lang='lat' dir='ltr'><strong>existimationem</strong></span> <span class='ocrx_word' id='word_1_251' title='bbox 1263 2767 1374 2851; x_wconf 94' lang='lat' dir='ltr'><strong>populi</strong></span> <span class='ocrx_word' id='word_1_252' title='bbox 1395 2768 1527 2830; x_wconf 83' lang='lat' dir='ltr'><strong>Romani</strong></span> <span class='ocrx_word' id='word_1_253' title='bbox 1550 2788 1599 2832; x_wconf 92' lang='lat' dir='ltr'><strong>se-</strong></span> 
     </span>
     <span class='ocr_line' id='line_1_26' title="bbox 240 2861 1598 2949; baseline 0.001 -23"><span class='ocrx_word' id='word_1_254' title='bbox 240 2865 435 2949; x_wconf 80' lang='lat' dir='ltr'><strong>uquenturt</strong></span> <span class='ocrx_word' id='word_1_255' title='bbox 473 2862 560 2926; x_wconf 86' lang='lat' dir='ltr'><strong>Non:</strong></span> <span class='ocrx_word' id='word_1_256' title='bbox 593 2862 699 2925; x_wconf 88' lang='lat' dir='ltr'><strong>omnia</strong></span> <span class='ocrx_word' id='word_1_257' title='bbox 731 2862 765 2923; x_wconf 93' lang='lat' dir='ltr'><strong>iu</strong></span> <span class='ocrx_word' id='word_1_258' title='bbox 797 2861 892 2924; x_wconf 92' lang='lat' dir='ltr'><strong>unius</strong></span> <span class='ocrx_word' id='word_1_259' title='bbox 921 2866 1078 2942; x_wconf 88' lang='lat' dir='ltr'><strong>potestate</strong></span> <span class='ocrx_word' id='word_1_260' title='bbox 1112 2879 1148 2925; x_wconf 92' lang='lat' dir='ltr'><strong>ac</strong></span> <span class='ocrx_word' id='word_1_261' title='bbox 1181 2861 1395 2925; x_wconf 86' lang='lat' dir='ltr'><strong>moderatione</strong></span> <span class='ocrx_word' id='word_1_262' title='bbox 1428 2869 1598 2928; x_wconf 90' lang='lat' dir='ltr'><strong>vertentur.</strong></span> 
     </span>
     <span class='ocr_line' id='line_1_27' title="bbox 277 2954 1600 3042; baseline -0.001 -18"><span class='ocrx_word' id='word_1_263' title='bbox 277 2959 359 3024; x_wconf 84' lang='lat' dir='ltr'><strong>VIII.</strong></span> <span class='ocrx_word' id='word_1_264' title='bbox 381 2959 462 3022; x_wconf 90' lang='lat' dir='ltr'><strong>Vere</strong></span> <span class='ocrx_word' id='word_1_265' title='bbox 484 2955 614 3038; x_wconf 87' lang='lat' dir='ltr'><strong>loquar,</strong></span> <span class='ocrx_word' id='word_1_266' title='bbox 636 2955 767 3019; x_wconf 88' lang='lat' dir='ltr'><strong>iudices.</strong></span> <span class='ocrx_word' id='word_1_267' title='bbox 790 2954 1002 3018; x_wconf 85' lang='lat' dir='ltr'><strong>Vehementer</strong></span> <span class='ocrx_word' id='word_1_268' title='bbox 1022 2975 1072 3018; x_wconf 91' lang='lat' dir='ltr'><strong>me</strong></span> <span class='ocrx_word' id='word_1_269' title='bbox 1093 2955 1171 3019; x_wconf 91' lang='lat' dir='ltr'><strong>haec</strong></span> <span class='ocrx_word' id='word_1_270' title='bbox 1193 2976 1244 3019; x_wconf 91' lang='lat' dir='ltr'><strong>res</strong></span> <span class='ocrx_word' id='word_1_271' title='bbox 1259 2957 1485 3022; x_wconf 86' lang='lat' dir='ltr'><strong>commovebat</strong></span> <span class='ocrx_word' id='word_1_272' title='bbox 1509 2957 1600 3042; x_wconf 92' lang='lat' dir='ltr'><strong>Opti·</strong></span> 
     </span>
     <span class='ocr_line' id='line_1_28' title="bbox 277 3049 1599 3134; baseline 0 -18"><span class='ocrx_word' id='word_1_273' title='bbox 277 3073 348 3116; x_wconf 91' lang='lat' dir='ltr'><strong>mus</strong></span> <span class='ocrx_word' id='word_1_274' title='bbox 376 3052 461 3118; x_wconf 89' lang='lat' dir='ltr'><strong>euim</strong></span> <span class='ocrx_word' id='word_1_275' title='bbox 490 3050 627 3134; x_wconf 89' lang='lat' dir='ltr'><strong>quisque</strong></span> <span class='ocrx_word' id='word_1_276' title='bbox 648 3050 694 3114; x_wconf 86' lang='lat' dir='ltr'><strong>ita</strong></span> <span class='ocrx_word' id='word_1_277' title='bbox 717 3049 926 3133; x_wconf 88' lang='lat' dir='ltr'><strong>loquebatur:</strong></span> <span class='ocrx_word' id='word_1_278' title='bbox 956 3050 1018 3112; x_wconf 90' lang='lat' dir='ltr'><strong>Iste</strong></span> <span class='ocrx_word' id='word_1_279' title='bbox 1041 3049 1169 3134; x_wconf 91' lang='lat' dir='ltr'><strong>quidem</strong></span> <span class='ocrx_word' id='word_1_280' title='bbox 1191 3050 1247 3113; x_wconf 90' lang='lat' dir='ltr'><strong>tihi</strong></span> <span class='ocrx_word' id='word_1_281' title='bbox 1268 3051 1435 3132; x_wconf 86' lang='lat' dir='ltr'><strong>eripietur,</strong></span> <span class='ocrx_word' id='word_1_282' title='bbox 1463 3051 1520 3115; x_wconf 89' lang='lat' dir='ltr'><strong>sed</strong></span> <span class='ocrx_word' id='word_1_283' title='bbox 1540 3070 1599 3117; x_wconf 88' lang='lat' dir='ltr'><strong>nos</strong></span> 
     </span>
     <span class='ocr_line' id='line_1_29' title="bbox 277 3144 1599 3229; baseline -0.002 -18"><span class='ocrx_word' id='word_1_284' title='bbox 277 3167 342 3211; x_wconf 88' lang='lat' dir='ltr'><strong>non</strong></span> <span class='ocrx_word' id='word_1_285' title='bbox 363 3149 540 3214; x_wconf 87' lang='lat' dir='ltr'><strong>tenebimus</strong></span> <span class='ocrx_word' id='word_1_286' title='bbox 562 3144 680 3208; x_wconf 91' lang='lat' dir='ltr'><strong>iudicia</strong></span> <span class='ocrx_word' id='word_1_287' title='bbox 701 3144 832 3207; x_wconf 89' lang='lat' dir='ltr'><strong>diutius.</strong></span> <span class='ocrx_word' id='word_1_288' title='bbox 875 3144 1000 3207; x_wconf 89' lang='lat' dir='ltr'><strong>Etenim</strong></span> <span class='ocrx_word' id='word_1_289' title='bbox 1028 3147 1099 3229; x_wconf 82' lang='lat' dir='ltr'><strong>quIs</strong></span> <span class='ocrx_word' id='word_1_290' title='bbox 1129 3145 1245 3228; x_wconf 89' lang='lat' dir='ltr'><strong>poterit</strong></span> <span class='ocrx_word' id='word_1_291' title='bbox 1265 3145 1364 3208; x_wconf 89' lang='lat' dir='ltr'><strong>Verre</strong></span> <span class='ocrx_word' id='word_1_292' title='bbox 1392 3145 1537 3211; x_wconf 87' lang='lat' dir='ltr'><strong>absoluto</strong></span> <span class='ocrx_word' id='word_1_293' title='bbox 1559 3147 1599 3210; x_wconf 90' lang='lat' dir='ltr'><strong>de</strong></span> 
     </span>
     <span class='ocr_line' id='line_1_30' title="bbox 277 3233 1676 3329; baseline -0.004 -21"><span class='ocrx_word' id='word_1_294' title='bbox 277 3242 502 3308; x_wconf 82' lang='lat' dir='ltr'><strong>transferendis</strong></span> <span class='ocrx_word' id='word_1_295' title='bbox 535 3239 661 3304; x_wconf 87' lang='lat' dir='ltr'><strong>iudiciis</strong></span> <span class='ocrx_word' id='word_1_296' title='bbox 691 3241 861 3303; x_wconf 76' lang='lat' dir='ltr'><strong>recusaret</strong></span> <span class='ocrx_word' id='word_1_297' title='bbox 914 3233 965 3301; x_wconf 74' lang='lat' dir='ltr'><strong>El.</strong></span> <span class='ocrx_word' id='word_1_298' title='bbox 993 3238 1069 3302; x_wconf 87' lang='lat' dir='ltr'><strong>Erat</strong></span> <span class='ocrx_word' id='word_1_299' title='bbox 1101 3239 1247 3301; x_wconf 92' lang='lat' dir='ltr'><strong>omnibus</strong></span> <span class='ocrx_word' id='word_1_300' title='bbox 1276 3235 1599 3326; x_wconf 85' lang='lat' dir='ltr'><strong>molestum,(ueque</strong></span> <span class='ocrx_word' id='word_1_301' title='bbox 1672 3321 1676 3329; x_wconf 29' lang='grc' dir='ltr'>Ι</span> 
     </span>
     <span class='ocr_line' id='line_1_31' title="bbox 239 3331 1599 3417; baseline -0.003 -16"><span class='ocrx_word' id='word_1_302' title='bbox 239 3349 332 3400; x_wconf 78' lang='lat' dir='ltr'><strong>tteos</strong></span> <span class='ocrx_word' id='word_1_303' title='bbox 359 3345 424 3400; x_wconf 91' lang='lat' dir='ltr'><strong>tam</strong></span> <span class='ocrx_word' id='word_1_304' title='bbox 447 3338 540 3401; x_wconf 89' lang='lat' dir='ltr'><strong>istius</strong></span> <span class='ocrx_word' id='word_1_305' title='bbox 567 3335 705 3398; x_wconf 90' lang='lat' dir='ltr'><strong>hominis</strong></span> <span class='ocrx_word' id='word_1_306' title='bbox 735 3333 849 3417; x_wconf 90' lang='lat' dir='ltr'><strong>perditi</strong></span> <span class='ocrx_word' id='word_1_307' title='bbox 871 3333 975 3396; x_wconf 88' lang='lat' dir='ltr'><strong>subita</strong></span> <span class='ocrx_word' id='word_1_308' title='bbox 996 3331 1114 3397; x_wconf 90' lang='lat' dir='ltr'><strong>laetitia</strong></span> <span class='ocrx_word' id='word_1_309' title='bbox 1137 3352 1233 3417; x_wconf 87' lang='lat' dir='ltr'><strong>quam</strong></span> <span class='ocrx_word' id='word_1_310' title='bbox 1253 3332 1391 3396; x_wconf 86' lang='lat' dir='ltr'><strong>hominis</strong></span> <span class='ocrx_word' id='word_1_311' title='bbox 1413 3333 1599 3416; x_wconf 91' lang='lat' dir='ltr'><strong>amplissimi</strong></span> 
     </span>
     <span class='ocr_line' id='line_1_32' title="bbox 277 3417 1599 3522; baseline -0.004 -27"><span class='ocrx_word' id='word_1_312' title='bbox 277 3451 361 3495; x_wconf 82' lang='lat' dir='ltr'><strong>nova</strong></span> <span class='ocrx_word' id='word_1_313' title='bbox 381 3431 548 3514; x_wconf 75' lang='lat' dir='ltr'><strong>gratulatio</strong></span> <span class='ocrx_word' id='word_1_314' title='bbox 571 3417 814 3522; x_wconf 84' lang='lat' dir='ltr'><strong>commovebat.)</strong></span> <span class='ocrx_word' id='word_1_315' title='bbox 836 3426 1006 3510; x_wconf 90' lang='lat' dir='ltr'><strong>Cupiebam</strong></span> <span class='ocrx_word' id='word_1_316' title='bbox 1031 3426 1228 3490; x_wconf 90' lang='lat' dir='ltr'><strong>dissimulare</strong></span> <span class='ocrx_word' id='word_1_317' title='bbox 1243 3445 1293 3488; x_wconf 89' lang='lat' dir='ltr'><strong>me</strong></span> <span class='ocrx_word' id='word_1_318' title='bbox 1307 3425 1341 3491; x_wconf 89' lang='lat' dir='ltr'><strong>id</strong></span> <span class='ocrx_word' id='word_1_319' title='bbox 1355 3426 1487 3491; x_wconf 88' lang='lat' dir='ltr'><strong>moleste</strong></span> <span class='ocrx_word' id='word_1_320' title='bbox 1501 3426 1599 3490; x_wconf 81' lang='lat' dir='ltr'><strong>ferre:</strong></span> 
     </span>
    </p>
   </div>
   <div class='ocr_carea' id='block_1_3' title="bbox 238 3518 1600 3891">
    <p class='ocr_par' dir='ltr' id='par_1_3' title="bbox 238 3518 1600 3891">
     <span class='ocr_line' id='line_1_33' title="bbox 278 3518 1600 3609; baseline -0.004 -19"><span class='ocrx_word' id='word_1_321' title='bbox 278 3526 443 3609; x_wconf 87' lang='lat' dir='ltr'><strong>euplebam</strong></span> <span class='ocrx_word' id='word_1_322' title='bbox 464 3525 561 3590; x_wconf 88' lang='lat' dir='ltr'><strong>animi</strong></span> <span class='ocrx_word' id='word_1_323' title='bbox 585 3521 727 3588; x_wconf 91' lang='lat' dir='ltr'><strong>dolorem</strong></span> <span class='ocrx_word' id='word_1_324' title='bbox 739 3523 831 3586; x_wconf 81' lang='lat' dir='ltr'><strong>vultu</strong></span> <span class='ocrx_word' id='word_1_325' title='bbox 852 3528 958 3604; x_wconf 85' lang='lat' dir='ltr'><strong>tegere</strong></span> <span class='ocrx_word' id='word_1_326' title='bbox 980 3527 1012 3584; x_wconf 90' lang='lat' dir='ltr'><strong>et</strong></span> <span class='ocrx_word' id='word_1_327' title='bbox 1026 3521 1238 3585; x_wconf 87' lang='lat' dir='ltr'><strong>taciturnitate</strong></span> <span class='ocrx_word' id='word_1_328' title='bbox 1253 3518 1366 3583; x_wconf 87' lang='lat' dir='ltr'><strong>celare.</strong></span> <span class='ocrx_word' id='word_1_329' title='bbox 1398 3522 1480 3584; x_wconf 88' lang='lat' dir='ltr'><strong>Ecce</strong></span> <span class='ocrx_word' id='word_1_330' title='bbox 1494 3531 1600 3586; x_wconf 89' lang='lat' dir='ltr'><strong>autem</strong></span> 
     </span>
     <span class='ocr_line' id='line_1_34' title="bbox 277 3614 1600 3704; baseline -0.005 -20"><span class='ocrx_word' id='word_1_331' title='bbox 277 3621 340 3686; x_wconf 92' lang='lat' dir='ltr'><strong>illis</strong></span> <span class='ocrx_word' id='word_1_332' title='bbox 360 3621 438 3704; x_wconf 90' lang='lat' dir='ltr'><strong>ipsis</strong></span> <span class='ocrx_word' id='word_1_333' title='bbox 460 3620 587 3694; x_wconf 89' lang='lat' dir='ltr'><strong>diebus,</strong></span> <span class='ocrx_word' id='word_1_334' title='bbox 609 3638 682 3682; x_wconf 89' lang='lat' dir='ltr'><strong>oum</strong></span> <span class='ocrx_word' id='word_1_335' title='bbox 703 3624 863 3701; x_wconf 88' lang='lat' dir='ltr'><strong>praetores</strong></span> <span class='ocrx_word' id='word_1_336' title='bbox 886 3617 1041 3699; x_wconf 90' lang='lat' dir='ltr'><strong>designati</strong></span> <span class='ocrx_word' id='word_1_337' title='bbox 1063 3615 1250 3678; x_wconf 90' lang='lat' dir='ltr'><strong>sortirentur</strong></span> <span class='ocrx_word' id='word_1_338' title='bbox 1264 3615 1350 3678; x_wconf 85' lang='lat' dir='ltr'><strong>ethi.</strong></span> <span class='ocrx_word' id='word_1_339' title='bbox 1368 3614 1496 3679; x_wconf 84' lang='lat' dir='ltr'><strong>Metello</strong></span> <span class='ocrx_word' id='word_1_340' title='bbox 1518 3615 1600 3678; x_wconf 89' lang='lat' dir='ltr'><strong>ohti-</strong></span> 
     </span>
     <span class='ocr_line' id='line_1_35' title="bbox 278 3708 1599 3798; baseline -0.003 -19"><span class='ocrx_word' id='word_1_341' title='bbox 278 3716 388 3798; x_wconf 88' lang='lat' dir='ltr'><strong>gisset,</strong></span> <span class='ocrx_word' id='word_1_342' title='bbox 421 3721 457 3778; x_wconf 90' lang='lat' dir='ltr'><strong>ut</strong></span> <span class='ocrx_word' id='word_1_343' title='bbox 483 3715 511 3778; x_wconf 93' lang='lat' dir='ltr'><strong>is</strong></span> <span class='ocrx_word' id='word_1_344' title='bbox 539 3712 578 3776; x_wconf 92' lang='lat' dir='ltr'><strong>de</strong></span> <span class='ocrx_word' id='word_1_345' title='bbox 608 3712 753 3797; x_wconf 91' lang='lat' dir='ltr'><strong>pecuniis</strong></span> <span class='ocrx_word' id='word_1_346' title='bbox 776 3708 960 3793; x_wconf 85' lang='lat' dir='ltr'><strong>repetundis</strong></span> <span class='ocrx_word' id='word_1_347' title='bbox 983 3715 1167 3795; x_wconf 87' lang='lat' dir='ltr'><strong>quaereret,</strong></span> <span class='ocrx_word' id='word_1_348' title='bbox 1199 3710 1362 3773; x_wconf 90' lang='lat' dir='ltr'><strong>nuntiatur</strong></span> <span class='ocrx_word' id='word_1_349' title='bbox 1383 3709 1459 3774; x_wconf 91' lang='lat' dir='ltr'><strong>mihi</strong></span> <span class='ocrx_word' id='word_1_350' title='bbox 1481 3717 1599 3775; x_wconf 86' lang='lat' dir='ltr'><strong>tantam</strong></span> 
     </span>
     <span class='ocr_line' id='line_1_36' title="bbox 238 3803 1599 3891; baseline -0.004 -18"><span class='ocrx_word' id='word_1_351' title='bbox 238 3808 330 3873; x_wconf 78' lang='lat' dir='ltr'><strong>aristi</strong></span> <span class='ocrx_word' id='word_1_352' title='bbox 357 3807 599 3891; x_wconf 77' lang='lat' dir='ltr'><strong>gratulationem</strong></span> <span class='ocrx_word' id='word_1_353' title='bbox 630 3825 700 3870; x_wconf 89' lang='lat' dir='ltr'><strong>esse</strong></span> <span class='ocrx_word' id='word_1_354' title='bbox 727 3805 859 3880; x_wconf 83' lang='lat' dir='ltr'><strong>factam,</strong></span> <span class='ocrx_word' id='word_1_355' title='bbox 886 3812 922 3867; x_wconf 91' lang='lat' dir='ltr'><strong>ut</strong></span> <span class='ocrx_word' id='word_1_356' title='bbox 950 3805 977 3868; x_wconf 90' lang='lat' dir='ltr'><strong>is</strong></span> <span class='ocrx_word' id='word_1_357' title='bbox 1007 3803 1135 3867; x_wconf 91' lang='lat' dir='ltr'><strong>domum</strong></span> <span class='ocrx_word' id='word_1_358' title='bbox 1158 3824 1287 3887; x_wconf 89' lang='lat' dir='ltr'><strong>quoque</strong></span> <span class='ocrx_word' id='word_1_359' title='bbox 1309 3823 1425 3887; x_wconf 87' lang='lat' dir='ltr'><strong>pueros</strong></span> <span class='ocrx_word' id='word_1_360' title='bbox 1447 3805 1599 3880; x_wconf 86' lang='lat' dir='ltr'><strong>mitteret,</strong></span> 
     </span>
    </p>
   </div>
   <div class='ocr_carea' id='block_1_4' title="bbox 189 3949 1601 5229">
    <p class='ocr_par' dir='ltr' id='par_1_4' title="bbox 189 3949 1601 5229">
     <span class='ocr_line' id='line_1_37' title="bbox 345 3949 1597 4019; baseline -0.002 -12"><span class='ocrx_word' id='word_1_361' title='bbox 345 3958 368 4007; x_wconf 93' lang='grc'><strong>4.</strong></span> <span class='ocrx_word' id='word_1_362' title='bbox 388 3959 417 4019; x_wconf 85' lang='lat' dir='ltr'><strong>Q.</strong></span> <span class='ocrx_word' id='word_1_363' title='bbox 435 3957 547 4007; x_wconf 77' lang='lat' dir='ltr'><strong>Hortarer.</strong></span> <span class='ocrx_word' id='word_1_364' title='bbox 567 3955 592 4005; x_wconf 91' lang='lat' dir='ltr'><strong>S.</strong></span> <span class='ocrx_word' id='word_1_365' title='bbox 617 3954 652 4018; x_wconf 85' lang='lat' dir='ltr'><strong>(p.</strong></span> <span class='ocrx_word' id='word_1_366' title='bbox 670 3953 737 4017; x_wconf 83' lang='grc'><strong>393.)</strong></span> <span class='ocrx_word' id='word_1_367' title='bbox 757 3980 784 3990; x_wconf 88' lang='grc'><strong>-</strong></span> <span class='ocrx_word' id='word_1_368' title='bbox 811 3951 976 4003; x_wconf 74' lang='lat' dir='ltr'><strong>deducebatur</strong></span> <span class='ocrx_word' id='word_1_369' title='bbox 995 3951 1056 4002; x_wconf 87' lang='lat' dir='ltr'><strong>Em.</strong></span> <span class='ocrx_word' id='word_1_370' title='bbox 1075 3963 1149 4015; x_wconf 87' lang='lat' dir='ltr'><strong>susp.</strong></span> <span class='ocrx_word' id='word_1_371' title='bbox 1170 3951 1203 4001; x_wconf 80' lang='lat' dir='ltr'><strong>nt</strong></span> <span class='ocrx_word' id='word_1_372' title='bbox 1219 3952 1253 4002; x_wconf 88' lang='lat' dir='ltr'><strong>ci.</strong></span> <span class='ocrx_word' id='word_1_373' title='bbox 1272 3950 1307 4001; x_wconf 91' lang='lat' dir='ltr'><strong>ad</strong></span> <span class='ocrx_word' id='word_1_374' title='bbox 1324 3949 1354 4012; x_wconf 83' lang='lat' dir='ltr'><strong>Q.</strong></span> <span class='ocrx_word' id='word_1_375' title='bbox 1374 3951 1413 4001; x_wconf 85' lang='lat' dir='ltr'><strong>Fr.</strong></span> <span class='ocrx_word' id='word_1_376' title='bbox 1431 3953 1462 4003; x_wconf 87' lang='lat'><strong>11.</strong></span> <span class='ocrx_word' id='word_1_377' title='bbox 1481 3952 1505 4014; x_wconf 83' lang='grc'><strong>3,</strong></span> <span class='ocrx_word' id='word_1_378' title='bbox 1523 3953 1548 4004; x_wconf 79' lang='lat'><strong>2.</strong></span> <span class='ocrx_word' id='word_1_379' title='bbox 1570 3979 1597 3987; x_wconf 83' lang='lat'><em>—</em></span> 
     </span>
     <span class='ocr_line' id='line_1_38' title="bbox 278 4017 1598 4094; baseline -0.008 -8"><span class='ocrx_word' id='word_1_380' title='bbox 278 4034 302 4088; x_wconf 92' lang='grc'><strong>4.</strong></span> <span class='ocrx_word' id='word_1_381' title='bbox 320 4043 514 4084; x_wconf 69' lang='lat' dir='ltr'><strong>commacerare</strong></span> <span class='ocrx_word' id='word_1_382' title='bbox 530 4025 748 4094; x_wconf 72' lang='lat' dir='ltr'><strong>otangaetaa.</strong></span> <span class='ocrx_word' id='word_1_383' title='bbox 768 4053 795 4064; x_wconf 88' lang='lat'><em>-</em></span> <span class='ocrx_word' id='word_1_384' title='bbox 815 4028 839 4079; x_wconf 83' lang='grc'><strong>4.</strong></span> <span class='ocrx_word' id='word_1_385' title='bbox 855 4027 918 4077; x_wconf 85' lang='lat' dir='ltr'><strong>uidit</strong></span> <span class='ocrx_word' id='word_1_386' title='bbox 934 4028 959 4078; x_wconf 87' lang='lat' dir='ltr'><strong>S.</strong></span> <span class='ocrx_word' id='word_1_387' title='bbox 979 4025 1013 4092; x_wconf 89' lang='lat' dir='ltr'><strong>(p.</strong></span> <span class='ocrx_word' id='word_1_388' title='bbox 1027 4025 1093 4090; x_wconf 83' lang='grc'><strong>394.)</strong></span> <span class='ocrx_word' id='word_1_389' title='bbox 1107 4052 1135 4061; x_wconf 91' lang='grc'><strong>-</strong></span> <span class='ocrx_word' id='word_1_390' title='bbox 1154 4025 1178 4076; x_wconf 86' lang='lat'><strong>8.</strong></span> <span class='ocrx_word' id='word_1_391' title='bbox 1196 4027 1343 4090; x_wconf 65' lang='grc'><strong>4444444444</strong></span> <span class='ocrx_word' id='word_1_392' title='bbox 1359 4025 1420 4088; x_wconf 59' lang='lat' dir='ltr'><strong>aaa·</strong></span> <span class='ocrx_word' id='word_1_393' title='bbox 1438 4026 1514 4078; x_wconf 87' lang='lat' dir='ltr'><strong>oodd.</strong></span> <span class='ocrx_word' id='word_1_394' title='bbox 1533 4017 1598 4078; x_wconf 79' lang='lat' dir='ltr'><strong>Ibi:</strong></span> 
     </span>
     <span class='ocr_line' id='line_1_39' title="bbox 276 4100 1598 4173; baseline -0.005 -13"><span class='ocrx_word' id='word_1_395' title='bbox 276 4108 410 4160; x_wconf 72' lang='lat' dir='ltr'><strong>oiowtiom</strong></span> <span class='ocrx_word' id='word_1_396' title='bbox 430 4105 576 4173; x_wconf 59' lang='lat' dir='ltr'><strong>paldmot</strong></span> <span class='ocrx_word' id='word_1_397' title='bbox 596 4103 644 4155; x_wconf 90' lang='lat' dir='ltr'><strong>dtt.</strong></span> <span class='ocrx_word' id='word_1_398' title='bbox 661 4104 690 4155; x_wconf 93' lang='lat'><strong>0.</strong></span> <span class='ocrx_word' id='word_1_399' title='bbox 712 4129 738 4138; x_wconf 85' lang='lat'><strong>-</strong></span> <span class='ocrx_word' id='word_1_400' title='bbox 766 4103 806 4153; x_wconf 88' lang='grc'><strong>44.</strong></span> <span class='ocrx_word' id='word_1_401' title='bbox 824 4101 942 4153; x_wconf 76' lang='lat' dir='ltr'><strong>comentit</strong></span> <span class='ocrx_word' id='word_1_402' title='bbox 963 4103 995 4152; x_wconf 90' lang='grc'><strong>64</strong></span> <span class='ocrx_word' id='word_1_403' title='bbox 1009 4102 1059 4162; x_wconf 71' lang='lat' dir='ltr'><strong>ig.</strong></span> <span class='ocrx_word' id='word_1_404' title='bbox 1085 4102 1120 4152; x_wconf 79' lang='lat' dir='ltr'><strong>nt</strong></span> <span class='ocrx_word' id='word_1_405' title='bbox 1139 4100 1172 4151; x_wconf 86' lang='lat' dir='ltr'><strong>cl.</strong></span> <span class='ocrx_word' id='word_1_406' title='bbox 1190 4102 1253 4166; x_wconf 87' lang='lat' dir='ltr'><strong>post</strong></span> <span class='ocrx_word' id='word_1_407' title='bbox 1271 4101 1329 4154; x_wconf 87' lang='lat' dir='ltr'><strong>red.</strong></span> <span class='ocrx_word' id='word_1_408' title='bbox 1348 4101 1373 4152; x_wconf 89' lang='lat' dir='ltr'><strong>ln</strong></span> <span class='ocrx_word' id='word_1_409' title='bbox 1390 4115 1447 4154; x_wconf 88' lang='lat' dir='ltr'><strong>sen.</strong></span> <span class='ocrx_word' id='word_1_410' title='bbox 1466 4101 1490 4166; x_wconf 76' lang='grc'><strong>5.</strong></span> <span class='ocrx_word' id='word_1_411' title='bbox 1509 4100 1550 4154; x_wconf 80' lang='grc'><strong>44.</strong></span> <span class='ocrx_word' id='word_1_412' title='bbox 1570 4127 1598 4140; x_wconf 92' lang='grc'><strong>-</strong></span> 
     </span>
     <span class='ocr_line' id='line_1_40' title="bbox 278 4175 1600 4244; baseline -0.007 -9"><span class='ocrx_word' id='word_1_413' title='bbox 278 4185 318 4236; x_wconf 90' lang='grc'><strong>44.</strong></span> <span class='ocrx_word' id='word_1_414' title='bbox 336 4184 423 4234; x_wconf 78' lang='lat' dir='ltr'><strong>contio</strong></span> <span class='ocrx_word' id='word_1_415' title='bbox 440 4183 521 4233; x_wconf 85' lang='lat' dir='ltr'><strong>Prisc.</strong></span> <span class='ocrx_word' id='word_1_416' title='bbox 540 4181 571 4231; x_wconf 91' lang='grc'><strong>44.</strong></span> <span class='ocrx_word' id='word_1_417' title='bbox 589 4192 616 4244; x_wconf 93' lang='lat' dir='ltr'><strong>p.</strong></span> <span class='ocrx_word' id='word_1_418' title='bbox 630 4179 686 4228; x_wconf 81' lang='lat' dir='ltr'><strong>tet.</strong></span> <span class='ocrx_word' id='word_1_419' title='bbox 701 4205 729 4215; x_wconf 95' lang='lat'>-</span> <span class='ocrx_word' id='word_1_420' title='bbox 749 4178 788 4228; x_wconf 83' lang='lat' dir='ltr'><strong>ll.</strong></span> <span class='ocrx_word' id='word_1_421' title='bbox 805 4177 922 4229; x_wconf 79' lang='lat' dir='ltr'><strong>uidebant</strong></span> <span class='ocrx_word' id='word_1_422' title='bbox 938 4177 1015 4239; x_wconf 75' lang='grc' dir='ltr'><strong>63ςι</strong></span> <span class='ocrx_word' id='word_1_423' title='bbox 1034 4175 1226 4228; x_wconf 80' lang='lat' dir='ltr'><strong>arbitrabantur</strong></span> <span class='ocrx_word' id='word_1_424' title='bbox 1243 4177 1290 4227; x_wconf 87' lang='lat' dir='ltr'><strong>dtt.</strong></span> <span class='ocrx_word' id='word_1_425' title='bbox 1302 4178 1331 4229; x_wconf 93' lang='lat'><strong>0.</strong></span> <span class='ocrx_word' id='word_1_426' title='bbox 1357 4178 1482 4228; x_wconf 71' lang='lat' dir='ltr'><strong>acertum</strong></span> <span class='ocrx_word' id='word_1_427' title='bbox 1499 4177 1540 4226; x_wconf 85' lang='lat' dir='ltr'><strong>est</strong></span> <span class='ocrx_word' id='word_1_428' title='bbox 1556 4176 1600 4228; x_wconf 88' lang='lat' dir='ltr'><strong>Cl-</strong></span> 
     </span>
     <span class='ocr_line' id='line_1_41' title="bbox 189 4249 1598 4318; baseline -0.007 -7"><span class='ocrx_word' id='word_1_429' title='bbox 189 4254 194 4264; x_wconf 87' lang='lat'><em>&#39;</em></span> <span class='ocrx_word' id='word_1_430' title='bbox 279 4271 405 4311; x_wconf 80' lang='lat' dir='ltr'><strong>ceronam</strong></span> <span class='ocrx_word' id='word_1_431' title='bbox 425 4258 474 4307; x_wconf 90' lang='lat' dir='ltr'><strong>has</strong></span> <span class='ocrx_word' id='word_1_432' title='bbox 494 4255 651 4316; x_wconf 86' lang='lat' dir='ltr'><strong>sententias,</strong></span> <span class='ocrx_word' id='word_1_433' title='bbox 676 4252 773 4318; x_wconf 87' lang='lat' dir='ltr'><strong>quibus</strong></span> <span class='ocrx_word' id='word_1_434' title='bbox 794 4252 899 4304; x_wconf 89' lang='lat' dir='ltr'><strong>diversa</strong></span> <span class='ocrx_word' id='word_1_435' title='bbox 921 4253 1060 4304; x_wconf 88' lang='lat' dir='ltr'><strong>hominurn</strong></span> <span class='ocrx_word' id='word_1_436' title='bbox 1080 4265 1176 4316; x_wconf 87' lang='lat' dir='ltr'><strong>genere</strong></span> <span class='ocrx_word' id='word_1_437' title='bbox 1198 4253 1298 4302; x_wconf 84' lang='lat' dir='ltr'><strong>variata</strong></span> <span class='ocrx_word' id='word_1_438' title='bbox 1320 4253 1438 4304; x_wconf 85' lang='lat' dir='ltr'><strong>oratione</strong></span> <span class='ocrx_word' id='word_1_439' title='bbox 1454 4249 1598 4314; x_wconf 86' lang='lat' dir='ltr'><strong>describat,</strong></span> 
     </span>
     <span class='ocr_line' id='line_1_42' title="bbox 278 4324 1599 4390; baseline -0.005 -5"><span class='ocrx_word' id='word_1_440' title='bbox 278 4347 332 4386; x_wconf 90' lang='lat' dir='ltr'><strong>uon</strong></span> <span class='ocrx_word' id='word_1_441' title='bbox 349 4333 446 4385; x_wconf 90' lang='lat' dir='ltr'><strong>eodem</strong></span> <span class='ocrx_word' id='word_1_442' title='bbox 461 4331 546 4383; x_wconf 86' lang='lat' dir='ltr'><strong>verbo</strong></span> <span class='ocrx_word' id='word_1_443' title='bbox 562 4330 729 4381; x_wconf 86' lang='lat' dir='ltr'><strong>terminasse.</strong></span> <span class='ocrx_word' id='word_1_444' title='bbox 748 4328 875 4379; x_wconf 85' lang='lat' dir='ltr'><strong>Homines</strong></span> <span class='ocrx_word' id='word_1_445' title='bbox 892 4327 926 4378; x_wconf 89' lang='lat' dir='ltr'><strong>de</strong></span> <span class='ocrx_word' id='word_1_446' title='bbox 943 4325 1020 4390; x_wconf 83' lang='lat' dir='ltr'><strong>vulgo</strong></span> <span class='ocrx_word' id='word_1_447' title='bbox 1037 4328 1124 4378; x_wconf 88' lang='lat' dir='ltr'><strong>minus</strong></span> <span class='ocrx_word' id='word_1_448' title='bbox 1141 4325 1271 4378; x_wconf 83' lang='lat' dir='ltr'><strong>subtibter</strong></span> <span class='ocrx_word' id='word_1_449' title='bbox 1286 4324 1434 4378; x_wconf 85' lang='lat' dir='ltr'><strong>iudicantes</strong></span> <span class='ocrx_word' id='word_1_450' title='bbox 1444 4325 1599 4378; x_wconf 86' lang='lat' dir='ltr'><strong>descrihens</strong></span> 
     </span>
     <span class='ocr_line' id='line_1_43' title="bbox 278 4401 1600 4474; baseline -0.006 -14"><span class='ocrx_word' id='word_1_451' title='bbox 278 4411 368 4474; x_wconf 70' lang='lat' dir='ltr'><strong>quin</strong></span> <span class='ocrx_word' id='word_1_452' title='bbox 378 4407 569 4460; x_wconf 76' lang='lat' dir='ltr'><strong>arbitrabantur</strong></span> <span class='ocrx_word' id='word_1_453' title='bbox 584 4405 656 4467; x_wconf 87' lang='lat' dir='ltr'><strong>dicit,</strong></span> <span class='ocrx_word' id='word_1_454' title='bbox 675 4402 772 4455; x_wconf 90' lang='lat' dir='ltr'><strong>deinde</strong></span> <span class='ocrx_word' id='word_1_455' title='bbox 789 4403 823 4454; x_wconf 90' lang='lat' dir='ltr'><strong>de</strong></span> <span class='ocrx_word' id='word_1_456' title='bbox 840 4404 880 4466; x_wconf 86' lang='lat' dir='ltr'><strong>iis,</strong></span> <span class='ocrx_word' id='word_1_457' title='bbox 899 4403 944 4468; x_wconf 87' lang='lat' dir='ltr'><strong>qui</strong></span> <span class='ocrx_word' id='word_1_458' title='bbox 955 4403 1044 4466; x_wconf 86' lang='lat' dir='ltr'><strong>sagaci</strong></span> <span class='ocrx_word' id='word_1_459' title='bbox 1054 4403 1204 4468; x_wconf 86' lang='lat' dir='ltr'><strong>suspicione</strong></span> <span class='ocrx_word' id='word_1_460' title='bbox 1221 4415 1279 4454; x_wconf 91' lang='lat' dir='ltr'><strong>rem</strong></span> <span class='ocrx_word' id='word_1_461' title='bbox 1297 4404 1378 4454; x_wconf 86' lang='lat' dir='ltr'><strong>totam</strong></span> <span class='ocrx_word' id='word_1_462' title='bbox 1394 4401 1600 4468; x_wconf 79' lang='lat' dir='ltr'><strong>perspiciebant,</strong></span> 
     </span>
     <span class='ocr_line' id='line_1_44' title="bbox 278 4475 1601 4550; baseline -0.005 -15"><span class='ocrx_word' id='word_1_463' title='bbox 278 4483 414 4550; x_wconf 80' lang='lat' dir='ltr'><strong>aptissime</strong></span> <span class='ocrx_word' id='word_1_464' title='bbox 431 4481 553 4534; x_wconf 86' lang='lat' dir='ltr'><strong>subiicit:</strong></span> <span class='ocrx_word' id='word_1_465' title='bbox 571 4481 660 4544; x_wconf 64' lang='lat' dir='ltr'><strong>putu</strong></span> <span class='ocrx_word' id='word_1_466' title='bbox 670 4479 813 4530; x_wconf 71' lang='grc'><strong>44444444.»</strong></span> <span class='ocrx_word' id='word_1_467' title='bbox 829 4478 914 4532; x_wconf 85' lang='lat' dir='ltr'><strong>htadv.</strong></span> <span class='ocrx_word' id='word_1_468' title='bbox 933 4478 967 4529; x_wconf 89' lang='lat' dir='ltr'><strong>de</strong></span> <span class='ocrx_word' id='word_1_469' title='bbox 985 4480 1044 4530; x_wconf 79' lang='lat' dir='ltr'><strong>Aac.</strong></span> <span class='ocrx_word' id='word_1_470' title='bbox 1057 4480 1125 4543; x_wconf 79' lang='lat' dir='ltr'><strong>app.</strong></span> <span class='ocrx_word' id='word_1_471' title='bbox 1141 4491 1168 4542; x_wconf 89' lang='lat' dir='ltr'><strong>p.</strong></span> <span class='ocrx_word' id='word_1_472' title='bbox 1181 4477 1221 4529; x_wconf 87' lang='grc'><strong>33.</strong></span> <span class='ocrx_word' id='word_1_473' title='bbox 1240 4475 1334 4529; x_wconf 86' lang='lat' dir='ltr'><strong>Similis</strong></span> <span class='ocrx_word' id='word_1_474' title='bbox 1352 4476 1470 4528; x_wconf 85' lang='lat' dir='ltr'><strong>contusio</strong></span> <span class='ocrx_word' id='word_1_475' title='bbox 1482 4480 1523 4528; x_wconf 88' lang='lat' dir='ltr'><strong>est</strong></span> <span class='ocrx_word' id='word_1_476' title='bbox 1533 4477 1601 4528; x_wconf 85' lang='lat' dir='ltr'><strong>intra</strong></span> 
     </span>
     <span class='ocr_line' id='line_1_45' title="bbox 280 4552 1601 4625; baseline -0.005 -14"><span class='ocrx_word' id='word_1_477' title='bbox 280 4560 304 4625; x_wconf 72' lang='lat'><strong>5.</strong></span> <span class='ocrx_word' id='word_1_478' title='bbox 322 4558 362 4611; x_wconf 82' lang='grc'><strong>44.</strong></span> <span class='ocrx_word' id='word_1_479' title='bbox 381 4560 447 4610; x_wconf 82' lang='lat' dir='ltr'><strong>extr.</strong></span> <span class='ocrx_word' id='word_1_480' title='bbox 470 4586 495 4598; x_wconf 94' lang='lat'>-</span> <span class='ocrx_word' id='word_1_481' title='bbox 514 4557 554 4608; x_wconf 85' lang='grc'><strong>49.</strong></span> <span class='ocrx_word' id='word_1_482' title='bbox 572 4557 625 4607; x_wconf 81' lang='lat' dir='ltr'><strong>tom</strong></span> <span class='ocrx_word' id='word_1_483' title='bbox 641 4555 721 4607; x_wconf 81' lang='lat' dir='ltr'><strong>ndo.</strong></span> <span class='ocrx_word' id='word_1_484' title='bbox 740 4553 852 4615; x_wconf 76' lang='lat' dir='ltr'><strong>«Efficit,</strong></span> <span class='ocrx_word' id='word_1_485' title='bbox 871 4555 900 4605; x_wconf 90' lang='lat' dir='ltr'><strong>ut</strong></span> <span class='ocrx_word' id='word_1_486' title='bbox 910 4553 1008 4615; x_wconf 85' lang='lat' dir='ltr'><strong>verba,</strong></span> <span class='ocrx_word' id='word_1_487' title='bbox 1027 4552 1123 4618; x_wconf 89' lang='lat' dir='ltr'><strong>quibus</strong></span> <span class='ocrx_word' id='word_1_488' title='bbox 1138 4553 1323 4618; x_wconf 86' lang='lat' dir='ltr'><strong>interpositum</strong></span> <span class='ocrx_word' id='word_1_489' title='bbox 1335 4555 1386 4613; x_wconf 89' lang='lat' dir='ltr'><strong>est,</strong></span> <span class='ocrx_word' id='word_1_490' title='bbox 1406 4553 1525 4617; x_wconf 82' lang='lat' dir='ltr'><strong>graviore</strong></span> <span class='ocrx_word' id='word_1_491' title='bbox 1538 4553 1601 4605; x_wconf 78' lang='lat' dir='ltr'><strong>ede·</strong></span> 
     </span>
     <span class='ocr_line' id='line_1_46' title="bbox 278 4621 1598 4698; baseline -0.006 -12"><span class='ocrx_word' id='word_1_492' title='bbox 278 4636 371 4686; x_wconf 87' lang='lat' dir='ltr'><strong>rantur</strong></span> <span class='ocrx_word' id='word_1_493' title='bbox 387 4646 454 4684; x_wconf 89' lang='lat' dir='ltr'><strong>sono</strong></span> <span class='ocrx_word' id='word_1_494' title='bbox 471 4634 498 4685; x_wconf 87' lang='lat' dir='ltr'><strong>et</strong></span> <span class='ocrx_word' id='word_1_495' title='bbox 514 4632 597 4684; x_wconf 85' lang='lat' dir='ltr'><strong>habet</strong></span> <span class='ocrx_word' id='word_1_496' title='bbox 612 4621 685 4698; x_wconf 79' lang='grc' dir='ltr'><em>ἦθος</em></span> <span class='ocrx_word' id='word_1_497' title='bbox 702 4632 728 4681; x_wconf 89' lang='lat' dir='ltr'><strong>in</strong></span> <span class='ocrx_word' id='word_1_498' title='bbox 741 4629 1028 4681; x_wconf 69' lang='lat' dir='ltr'><strong>commemoratione.»</strong></span> <span class='ocrx_word' id='word_1_499' title='bbox 1046 4629 1140 4678; x_wconf 82' lang='lat' dir='ltr'><strong>Kahat.</strong></span> <span class='ocrx_word' id='word_1_500' title='bbox 1152 4641 1179 4693; x_wconf 92' lang='lat' dir='ltr'><strong>p.</strong></span> <span class='ocrx_word' id='word_1_501' title='bbox 1192 4627 1217 4678; x_wconf 87' lang='grc'><strong>3.</strong></span> <span class='ocrx_word' id='word_1_502' title='bbox 1229 4629 1294 4678; x_wconf 86' lang='lat' dir='ltr'><strong>Rau.</strong></span> <span class='ocrx_word' id='word_1_503' title='bbox 1308 4630 1327 4679; x_wconf 93' lang='lat'><strong>1.</strong></span> <span class='ocrx_word' id='word_1_504' title='bbox 1339 4641 1366 4694; x_wconf 91' lang='lat' dir='ltr'><strong>p.</strong></span> <span class='ocrx_word' id='word_1_505' title='bbox 1379 4627 1441 4678; x_wconf 79' lang='lat' dir='ltr'><strong>rto:</strong></span> <span class='ocrx_word' id='word_1_506' title='bbox 1460 4639 1513 4678; x_wconf 91' lang='lat' dir='ltr'><strong>oru.</strong></span> <span class='ocrx_word' id='word_1_507' title='bbox 1527 4627 1563 4678; x_wconf 89' lang='grc'><strong>63</strong></span> <span class='ocrx_word' id='word_1_508' title='bbox 1572 4641 1598 4688; x_wconf 82' lang='grc' dir='ltr'><strong>ς;</strong></span> 
     </span>
     <span class='ocr_line' id='line_1_47' title="bbox 211 4702 1600 4774; baseline -0.01 -9"><span class='ocrx_word' id='word_1_509' title='bbox 211 4765 212 4768; x_wconf 71' lang='grc'>,</span> <span class='ocrx_word' id='word_1_510' title='bbox 279 4711 318 4762; x_wconf 89' lang='lat' dir='ltr'><strong>sic</strong></span> <span class='ocrx_word' id='word_1_511' title='bbox 334 4709 358 4774; x_wconf 76' lang='lat' dir='ltr'><strong>S.</strong></span> <span class='ocrx_word' id='word_1_512' title='bbox 377 4709 418 4761; x_wconf 78' lang='lat'><strong>29.</strong></span> <span class='ocrx_word' id='word_1_513' title='bbox 437 4709 503 4760; x_wconf 84' lang='lat' dir='ltr'><strong>extr.</strong></span> <span class='ocrx_word' id='word_1_514' title='bbox 522 4709 554 4759; x_wconf 89' lang='grc'><strong>64</strong></span> <span class='ocrx_word' id='word_1_515' title='bbox 575 4721 630 4758; x_wconf 88' lang='lat' dir='ltr'><strong>om.</strong></span> <span class='ocrx_word' id='word_1_516' title='bbox 647 4708 708 4757; x_wconf 85' lang='lat' dir='ltr'><strong>iom.</strong></span> <span class='ocrx_word' id='word_1_517' title='bbox 729 4733 755 4742; x_wconf 86' lang='lat'><em>-</em></span> <span class='ocrx_word' id='word_1_518' title='bbox 775 4710 798 4756; x_wconf 85' lang='lat' dir='ltr'><strong>et</strong></span> <span class='ocrx_word' id='word_1_519' title='bbox 810 4717 895 4768; x_wconf 79' lang='lat' dir='ltr'><strong>persp.</strong></span> <span class='ocrx_word' id='word_1_520' title='bbox 914 4704 975 4767; x_wconf 86' lang='grc' dir='ltr'><strong>63ς</strong></span> <span class='ocrx_word' id='word_1_521' title='bbox 991 4702 1099 4769; x_wconf 77' lang='lat' dir='ltr'><strong>pleriq:</strong></span> <span class='ocrx_word' id='word_1_522' title='bbox 1119 4716 1150 4752; x_wconf 88' lang='lat' dir='ltr'><strong>cc</strong></span> <span class='ocrx_word' id='word_1_523' title='bbox 1162 4703 1319 4765; x_wconf 72' lang='lat' dir='ltr'><strong>parapho.</strong></span> <span class='ocrx_word' id='word_1_524' title='bbox 1335 4727 1362 4739; x_wconf 89' lang='lat'><strong>-·</strong></span> <span class='ocrx_word' id='word_1_525' title='bbox 1380 4702 1422 4753; x_wconf 78' lang='grc'><strong>24.</strong></span> <span class='ocrx_word' id='word_1_526' title='bbox 1441 4702 1600 4766; x_wconf 67' lang='grc'><strong>(4444494444</strong></span> 
     </span>
     <span class='ocr_line' id='line_1_48' title="bbox 279 4775 1599 4848; baseline -0.008 -11"><span class='ocrx_word' id='word_1_527' title='bbox 279 4787 328 4847; x_wconf 83' lang='grc'><strong>64,</strong></span> <span class='ocrx_word' id='word_1_528' title='bbox 347 4784 408 4848; x_wconf 80' lang='lat' dir='ltr'><strong>quid</strong></span> <span class='ocrx_word' id='word_1_529' title='bbox 422 4798 482 4848; x_wconf 83' lang='lat' dir='ltr'><strong>ergo</strong></span> <span class='ocrx_word' id='word_1_530' title='bbox 493 4785 539 4834; x_wconf 77' lang='grc'><strong>63.</strong></span> <span class='ocrx_word' id='word_1_531' title='bbox 555 4806 581 4819; x_wconf 91' lang='grc'><strong>-</strong></span> <span class='ocrx_word' id='word_1_532' title='bbox 600 4781 642 4834; x_wconf 73' lang='lat' dir='ltr'><strong>tl.</strong></span> <span class='ocrx_word' id='word_1_533' title='bbox 660 4785 797 4844; x_wconf 78' lang='lat' dir='ltr'><strong>sequuntur</strong></span> <span class='ocrx_word' id='word_1_534' title='bbox 808 4781 840 4830; x_wconf 95' lang='grc'><strong>64</strong></span> <span class='ocrx_word' id='word_1_535' title='bbox 853 4780 877 4832; x_wconf 76' lang='lat' dir='ltr'><strong>b.</strong></span> <span class='ocrx_word' id='word_1_536' title='bbox 893 4807 920 4816; x_wconf 86' lang='lat'>-</span> <span class='ocrx_word' id='word_1_537' title='bbox 938 4781 980 4830; x_wconf 77' lang='grc'><strong>44.</strong></span> <span class='ocrx_word' id='word_1_538' title='bbox 997 4792 1065 4829; x_wconf 85' lang='lat' dir='ltr'><strong>ooo:</strong></span> <span class='ocrx_word' id='word_1_539' title='bbox 1083 4777 1168 4828; x_wconf 81' lang='lat' dir='ltr'><strong>comio</strong></span> <span class='ocrx_word' id='word_1_540' title='bbox 1179 4778 1211 4827; x_wconf 89' lang='grc'><strong>64</strong></span> <span class='ocrx_word' id='word_1_541' title='bbox 1224 4778 1250 4828; x_wconf 89' lang='lat' dir='ltr'><strong>S.</strong></span> <span class='ocrx_word' id='word_1_542' title='bbox 1268 4776 1300 4828; x_wconf 84' lang='lat' dir='ltr'><strong>cl.</strong></span> <span class='ocrx_word' id='word_1_543' title='bbox 1319 4777 1403 4828; x_wconf 86' lang='lat' dir='ltr'><strong>Diviu.</strong></span> <span class='ocrx_word' id='word_1_544' title='bbox 1418 4776 1442 4841; x_wconf 72' lang='lat'><strong>5.</strong></span> <span class='ocrx_word' id='word_1_545' title='bbox 1455 4777 1496 4828; x_wconf 88' lang='grc'><strong>33.</strong></span> <span class='ocrx_word' id='word_1_546' title='bbox 1509 4775 1553 4828; x_wconf 92' lang='lat' dir='ltr'><strong>lib.</strong></span> <span class='ocrx_word' id='word_1_547' title='bbox 1568 4778 1599 4826; x_wconf 90' lang='grc'><strong>44.</strong></span> 
     </span>
     <span class='ocr_line' id='line_1_49' title="bbox 280 4851 1597 4926; baseline -0.008 -15"><span class='ocrx_word' id='word_1_548' title='bbox 280 4861 304 4926; x_wconf 71' lang='lat' dir='ltr'><strong>fi.</strong></span> <span class='ocrx_word' id='word_1_549' title='bbox 317 4860 374 4911; x_wconf 84' lang='grc'><strong>406.</strong></span> <span class='ocrx_word' id='word_1_550' title='bbox 392 4859 477 4911; x_wconf 86' lang='lat' dir='ltr'><strong>Haud.</strong></span> <span class='ocrx_word' id='word_1_551' title='bbox 492 4859 567 4910; x_wconf 86' lang='lat' dir='ltr'><strong>Turs.</strong></span> <span class='ocrx_word' id='word_1_552' title='bbox 579 4857 621 4908; x_wconf 88' lang='lat' dir='ltr'><strong>IV.</strong></span> <span class='ocrx_word' id='word_1_553' title='bbox 635 4870 662 4922; x_wconf 88' lang='lat' dir='ltr'><strong>p.</strong></span> <span class='ocrx_word' id='word_1_554' title='bbox 674 4856 739 4908; x_wconf 79' lang='lat'>269:</span> <span class='ocrx_word' id='word_1_555' title='bbox 758 4867 819 4906; x_wconf 82' lang='lat' dir='ltr'><strong>oron</strong></span> <span class='ocrx_word' id='word_1_556' title='bbox 833 4855 918 4906; x_wconf 80' lang='lat' dir='ltr'><strong>omnio</strong></span> <span class='ocrx_word' id='word_1_557' title='bbox 929 4855 965 4905; x_wconf 76' lang='grc'><strong>64</strong></span> <span class='ocrx_word' id='word_1_558' title='bbox 974 4852 1011 4904; x_wconf 89' lang='lat' dir='ltr'><strong>Ld</strong></span> <span class='ocrx_word' id='word_1_559' title='bbox 1021 4852 1069 4903; x_wconf 87' lang='lat' dir='ltr'><strong>dtt.</strong></span> <span class='ocrx_word' id='word_1_560' title='bbox 1081 4881 1109 4894; x_wconf 57' lang='grc' dir='ltr'><strong>υ-</strong></span> <span class='ocrx_word' id='word_1_561' title='bbox 1121 4852 1162 4903; x_wconf 87' lang='grc'><strong>34.</strong></span> <span class='ocrx_word' id='word_1_562' title='bbox 1174 4853 1239 4903; x_wconf 84' lang='lat' dir='ltr'><strong>bom.</strong></span> <span class='ocrx_word' id='word_1_563' title='bbox 1249 4852 1321 4915; x_wconf 84' lang='lat' dir='ltr'><strong>perd.</strong></span> <span class='ocrx_word' id='word_1_564' title='bbox 1335 4851 1412 4902; x_wconf 89' lang='lat' dir='ltr'><strong>codd.</strong></span> <span class='ocrx_word' id='word_1_565' title='bbox 1423 4852 1478 4902; x_wconf 80' lang='lat' dir='ltr'><strong>AS.</strong></span> <span class='ocrx_word' id='word_1_566' title='bbox 1491 4853 1597 4916; x_wconf 76' lang='lat' dir='ltr'><strong>Agroet.</strong></span> 
     </span>
     <span class='ocr_line' id='line_1_50' title="bbox 279 4926 1601 5001; baseline -0.007 -15"><span class='ocrx_word' id='word_1_567' title='bbox 279 4949 307 5001; x_wconf 90' lang='lat' dir='ltr'><strong>p.</strong></span> <span class='ocrx_word' id='word_1_568' title='bbox 319 4935 393 4986; x_wconf 72' lang='grc'><strong>3243.</strong></span> <span class='ocrx_word' id='word_1_569' title='bbox 411 4936 454 4985; x_wconf 81' lang='lat' dir='ltr'><strong>P.:</strong></span> <span class='ocrx_word' id='word_1_570' title='bbox 469 4935 540 4997; x_wconf 84' lang='lat' dir='ltr'><strong>perd.</strong></span> <span class='ocrx_word' id='word_1_571' title='bbox 559 4933 624 4983; x_wconf 79' lang='grc'><strong>44444.</strong></span> <span class='ocrx_word' id='word_1_572' title='bbox 642 4934 671 4983; x_wconf 81' lang='lat' dir='ltr'><strong>t.</strong></span> <span class='ocrx_word' id='word_1_573' title='bbox 687 4957 714 4969; x_wconf 95' lang='lat'><em>-</em></span> <span class='ocrx_word' id='word_1_574' title='bbox 732 4932 805 4982; x_wconf 75' lang='lat' dir='ltr'><strong>buius</strong></span> <span class='ocrx_word' id='word_1_575' title='bbox 820 4931 885 4981; x_wconf 83' lang='lat' dir='ltr'><strong>bom.</strong></span> <span class='ocrx_word' id='word_1_576' title='bbox 904 4931 981 4993; x_wconf 83' lang='lat' dir='ltr'><strong>ampl.</strong></span> <span class='ocrx_word' id='word_1_577' title='bbox 997 4929 1101 4992; x_wconf 77' lang='lat' dir='ltr'><strong>Agroet.</strong></span> <span class='ocrx_word' id='word_1_578' title='bbox 1117 4955 1145 4965; x_wconf 91' lang='grc'>-</span> <span class='ocrx_word' id='word_1_579' title='bbox 1157 4927 1197 4979; x_wconf 90' lang='grc'><strong>34.</strong></span> <span class='ocrx_word' id='word_1_580' title='bbox 1207 4926 1393 4993; x_wconf 77' lang='lat' dir='ltr'><strong>cougrotalctio</strong></span> <span class='ocrx_word' id='word_1_581' title='bbox 1404 4926 1452 4978; x_wconf 89' lang='lat' dir='ltr'><strong>dtt.</strong></span> <span class='ocrx_word' id='word_1_582' title='bbox 1465 4954 1492 4965; x_wconf 96' lang='lat'><em>-</em></span> <span class='ocrx_word' id='word_1_583' title='bbox 1511 4926 1551 4978; x_wconf 90' lang='grc'><strong>33.</strong></span> <span class='ocrx_word' id='word_1_584' title='bbox 1563 4926 1601 4976; x_wconf 77' lang='lat' dir='ltr'><strong>bis</strong></span> 
     </span>
     <span class='ocr_line' id='line_1_51' title="bbox 280 5001 1599 5073; baseline -0.006 -13"><span class='ocrx_word' id='word_1_585' title='bbox 280 5010 363 5060; x_wconf 79' lang='lat' dir='ltr'><strong>diebos</strong></span> <span class='ocrx_word' id='word_1_586' title='bbox 380 5010 469 5073; x_wconf 81' lang='lat' dir='ltr'><strong>paucis</strong></span> <span class='ocrx_word' id='word_1_587' title='bbox 478 5012 508 5061; x_wconf 82' lang='grc' dir='ltr'><strong>Α.</strong></span> <span class='ocrx_word' id='word_1_588' title='bbox 525 5035 554 5046; x_wconf 92' lang='grc'><strong>-</strong></span> <span class='ocrx_word' id='word_1_589' title='bbox 568 5008 608 5059; x_wconf 78' lang='lat' dir='ltr'><strong>at.</strong></span> <span class='ocrx_word' id='word_1_590' title='bbox 622 5008 722 5058; x_wconf 76' lang='lat' dir='ltr'><strong>dorcam</strong></span> <span class='ocrx_word' id='word_1_591' title='bbox 733 5019 830 5070; x_wconf 81' lang='lat' dir='ltr'><strong>quoquo</strong></span> <span class='ocrx_word' id='word_1_592' title='bbox 849 5008 882 5058; x_wconf 90' lang='grc'><strong>64</strong></span> <span class='ocrx_word' id='word_1_593' title='bbox 894 5005 1024 5070; x_wconf 55' lang='lat' dir='ltr'><strong>tangre:</strong></span> <span class='ocrx_word' id='word_1_594' title='bbox 1043 5015 1141 5068; x_wconf 77' lang='lat' dir='ltr'><strong>quoque</strong></span> <span class='ocrx_word' id='word_1_595' title='bbox 1154 5003 1254 5055; x_wconf 79' lang='grc'><strong>4444444444</strong></span> <span class='ocrx_word' id='word_1_596' title='bbox 1272 5002 1320 5055; x_wconf 89' lang='lat' dir='ltr'><strong>dtt.</strong></span> <span class='ocrx_word' id='word_1_597' title='bbox 1338 5001 1368 5052; x_wconf 93' lang='lat'><strong>0.</strong></span> <span class='ocrx_word' id='word_1_598' title='bbox 1387 5027 1416 5039; x_wconf 93' lang='lat'><em>-</em></span> <span class='ocrx_word' id='word_1_599' title='bbox 1434 5015 1527 5064; x_wconf 77' lang='lat' dir='ltr'><strong>paterna</strong></span> <span class='ocrx_word' id='word_1_600' title='bbox 1545 5013 1599 5052; x_wconf 89' lang='lat' dir='ltr'><strong>om.</strong></span> 
     </span>
     <span class='ocr_line' id='line_1_52' title="bbox 280 5075 1599 5145; baseline -0.011 -8"><span class='ocrx_word' id='word_1_601' title='bbox 280 5087 398 5137; x_wconf 83' lang='lat' dir='ltr'><strong>Iannoct.</strong></span> <span class='ocrx_word' id='word_1_602' title='bbox 415 5085 445 5138; x_wconf 92' lang='grc' dir='ltr'><strong>ο.</strong></span> <span class='ocrx_word' id='word_1_603' title='bbox 468 5085 516 5136; x_wconf 75' lang='lat' dir='ltr'><strong>«At</strong></span> <span class='ocrx_word' id='word_1_604' title='bbox 533 5082 657 5137; x_wconf 82' lang='lat' dir='ltr'><strong>librarius</strong></span> <span class='ocrx_word' id='word_1_605' title='bbox 676 5083 796 5145; x_wconf 78' lang='lat' dir='ltr'><strong>bocrimc,</strong></span> <span class='ocrx_word' id='word_1_606' title='bbox 815 5093 951 5134; x_wconf 88' lang='lat' dir='ltr'><strong>summum</strong></span> <span class='ocrx_word' id='word_1_607' title='bbox 967 5093 1063 5142; x_wconf 73' lang='lat' dir='ltr'><strong>omos,</strong></span> <span class='ocrx_word' id='word_1_608' title='bbox 1081 5091 1135 5130; x_wconf 90' lang='lat' dir='ltr'><strong>non</strong></span> <span class='ocrx_word' id='word_1_609' title='bbox 1151 5079 1205 5131; x_wconf 70' lang='lat' dir='ltr'><strong>mm</strong></span> <span class='ocrx_word' id='word_1_610' title='bbox 1222 5079 1312 5130; x_wconf 77' lang='lat' dir='ltr'><strong>Lotne</strong></span> <span class='ocrx_word' id='word_1_611' title='bbox 1324 5088 1417 5142; x_wconf 78' lang='lat' dir='ltr'><strong>pueros</strong></span> <span class='ocrx_word' id='word_1_612' title='bbox 1429 5075 1599 5129; x_wconf 76' lang='lat' dir='ltr'><strong>addidisset.»</strong></span> 
     </span>
     <span class='ocr_line' id='line_1_53' title="bbox 280 5159 525 5229; baseline -0.004 -14"><span class='ocrx_word' id='word_1_613' title='bbox 280 5159 367 5215; x_wconf 82' lang='lat' dir='ltr'><strong>lIadv.</strong></span> <span class='ocrx_word' id='word_1_614' title='bbox 385 5161 404 5212; x_wconf 92' lang='lat'><strong>1.</strong></span> <span class='ocrx_word' id='word_1_615' title='bbox 422 5174 449 5229; x_wconf 91' lang='lat' dir='ltr'><strong>p.</strong></span> <span class='ocrx_word' id='word_1_616' title='bbox 468 5159 525 5214; x_wconf 84' lang='grc'><strong>340.</strong></span> 
     </span>
    </p>
   </div>
   <div class='ocr_carea' id='block_1_5' title="bbox 0 0 1830 5888">
    <p class='ocr_par' dir='ltr' id='par_1_5' title="bbox 0 0 1830 5888">
     <span class='ocr_line' id='line_1_54' title="bbox 0 0 1830 5888; baseline 0 0"><span class='ocrx_word' id='word_1_617' title='bbox 0 0 1830 5888; x_wconf 95' lang='lat' dir='ltr'><strong> </strong></span> 
     </span>
    </p>
   </div>
  </div>
 </body>
</html>
