<?xml version="1.0" encoding="UTF-8"?>
<!DOCTYPE html PUBLIC "-//W3C//DTD XHTML 1.0 Transitional//EN"
    "http://www.w3.org/TR/xhtml1/DTD/xhtml1-transitional.dtd">
<html xmlns="http://www.w3.org/1999/xhtml" xml:lang="en" lang="en">
 <head>
  <title>
</title>
<meta http-equiv="Content-Type" content="text/html;charset=utf-8" />
  <meta name='ocr-system' content='tesseract 3.04.00' />
  <meta name='ocr-capabilities' content='ocr_page ocr_carea ocr_par ocr_line ocrx_word'/>
</head>
<body>
  <div class='ocr_page' id='page_1' title='image "./mtulliiciceroni00baitgoog_0324.png"; bbox 0 0 3638 5868; ppageno 0'>
   <div class='ocr_carea' id='block_1_1' title="bbox 315 353 1264 428">
    <p class='ocr_par' dir='ltr' id='par_1_1' title="bbox 315 353 1264 428">
     <span class='ocr_line' id='line_1_1' title="bbox 315 353 1264 428; baseline 0.007 -7"><span class='ocrx_word' id='word_1_1' title='bbox 315 353 377 421; x_wconf 75' lang='lat'><strong>298</strong></span> <span class='ocrx_word' id='word_1_2' title='bbox 685 361 727 425; x_wconf 82' lang='grc'><strong>444</strong></span> <span class='ocrx_word' id='word_1_3' title='bbox 747 361 913 427; x_wconf 79' lang='lat' dir='ltr'>VERREM</span> <span class='ocrx_word' id='word_1_4' title='bbox 933 361 1057 428; x_wconf 81' lang='lat' dir='ltr'>ACTIO</span> <span class='ocrx_word' id='word_1_5' title='bbox 1080 362 1264 428; x_wconf 77' lang='lat' dir='ltr'><strong>SECUNDA</strong></span> 
     </span>
    </p>
   </div>
   <div class='ocr_carea' id='block_1_2' title="bbox 313 527 1677 808">
    <p class='ocr_par' dir='ltr' id='par_1_2' title="bbox 313 527 1677 808">
     <span class='ocr_line' id='line_1_2' title="bbox 315 527 1677 616; baseline 0.004 -25"><span class='ocrx_word' id='word_1_6' title='bbox 315 530 352 591; x_wconf 92' lang='lat' dir='ltr'><strong>ln</strong></span> <span class='ocrx_word' id='word_1_7' title='bbox 373 527 532 592; x_wconf 77' lang='lat' dir='ltr'>medimna</span> <span class='ocrx_word' id='word_1_8' title='bbox 552 527 675 612; x_wconf 71' lang='lat' dir='ltr'><strong>singula</strong></span> <span class='ocrx_word' id='word_1_9' title='bbox 696 530 789 593; x_wconf 84' lang='lat' dir='ltr'><strong>video</strong></span> <span class='ocrx_word' id='word_1_10' title='bbox 813 551 854 594; x_wconf 83' lang='lat' dir='ltr'><strong>ex</strong></span> <span class='ocrx_word' id='word_1_11' title='bbox 875 531 989 595; x_wconf 86' lang='lat' dir='ltr'><strong>litteris</strong></span> <span class='ocrx_word' id='word_1_12' title='bbox 1011 531 1146 615; x_wconf 90' lang='lat' dir='ltr'><strong>publicis</strong></span> <span class='ocrx_word' id='word_1_13' title='bbox 1166 531 1226 595; x_wconf 93' lang='lat' dir='ltr'><strong>tibi</strong></span> <span class='ocrx_word' id='word_1_14' title='bbox 1247 531 1421 597; x_wconf 84' lang='lat' dir='ltr'><strong>Halesinos</strong></span> <span class='ocrx_word' id='word_1_15' title='bbox 1449 531 1523 596; x_wconf 79' lang='lat' dir='ltr'><strong>HS</strong></span> <span class='ocrx_word' id='word_1_16' title='bbox 1549 531 1677 616; x_wconf 77' lang='lat' dir='ltr'><strong>quium</strong></span> 
     </span>
     <span class='ocr_line' id='line_1_3' title="bbox 314 623 1677 708; baseline 0.003 -22"><span class='ocrx_word' id='word_1_17' title='bbox 314 623 415 687; x_wconf 90' lang='lat' dir='ltr'><strong>denos</strong></span> <span class='ocrx_word' id='word_1_18' title='bbox 437 623 573 688; x_wconf 78' lang='lat' dir='ltr'><strong>dedisse.</strong></span> <span class='ocrx_word' id='word_1_19' title='bbox 609 624 781 688; x_wconf 75' lang='lat' dir='ltr'><strong>Ostendam</strong></span> <span class='ocrx_word' id='word_1_20' title='bbox 803 645 844 688; x_wconf 85' lang='lat' dir='ltr'><strong>ex</strong></span> <span class='ocrx_word' id='word_1_21' title='bbox 864 625 981 689; x_wconf 86' lang='lat' dir='ltr'><strong>tabulis</strong></span> <span class='ocrx_word' id='word_1_22' title='bbox 1003 625 1320 708; x_wconf 80' lang='lat' dir='ltr'><strong>locupletissimorum</strong></span> <span class='ocrx_word' id='word_1_23' title='bbox 1342 634 1526 692; x_wconf 81' lang='lat' dir='ltr'><strong>aratorum</strong></span> <span class='ocrx_word' id='word_1_24' title='bbox 1554 627 1677 691; x_wconf 87' lang='lat' dir='ltr'><strong>eodem</strong></span> 
     </span>
     <span class='ocr_line' id='line_1_4' title="bbox 313 709 1677 808; baseline 0.004 -28"><span class='ocrx_word' id='word_1_25' title='bbox 313 725 457 800; x_wconf 87' lang='lat' dir='ltr'><strong>tempore</strong></span> <span class='ocrx_word' id='word_1_26' title='bbox 479 717 638 780; x_wconf 88' lang='lat' dir='ltr'><strong>neminem</strong></span> <span class='ocrx_word' id='word_1_27' title='bbox 659 719 692 780; x_wconf 93' lang='lat' dir='ltr'><strong>in</strong></span> <span class='ocrx_word' id='word_1_28' title='bbox 714 717 823 781; x_wconf 87' lang='lat' dir='ltr'><strong>Sicilia</strong></span> <span class='ocrx_word' id='word_1_29' title='bbox 843 719 941 805; x_wconf 87' lang='lat' dir='ltr'><strong>pluris</strong></span> <span class='ocrx_word' id='word_1_30' title='bbox 962 719 1154 782; x_wconf 81' lang='lat' dir='ltr'><strong>trumentum</strong></span> <span class='ocrx_word' id='word_1_31' title='bbox 1175 721 1367 786; x_wconf 85' lang='lat' dir='ltr'><strong>vendidisse.</strong></span> <span class='ocrx_word' id='word_1_32' title='bbox 1396 709 1568 785; x_wconf 86' lang='lat' dir='ltr'><strong>Lxxv.(</strong></span> <span class='ocrx_word' id='word_1_33' title='bbox 1580 721 1677 808; x_wconf 85' lang='lat' dir='ltr'><strong>Qae</strong></span> 
     </span>
    </p>
   </div>
   <div class='ocr_carea' id='block_1_3' title="bbox 272 811 1766 3159">
    <p class='ocr_par' dir='ltr' id='par_1_3' title="bbox 272 811 1766 3159">
     <span class='ocr_line' id='line_1_5' title="bbox 315 811 1678 898; baseline 0.003 -24"><span class='ocrx_word' id='word_1_34' title='bbox 315 818 364 874; x_wconf 88' lang='lat' dir='ltr'><strong>est</strong></span> <span class='ocrx_word' id='word_1_35' title='bbox 385 830 460 894; x_wconf 80' lang='lat' dir='ltr'><strong>ergo</strong></span> <span class='ocrx_word' id='word_1_36' title='bbox 481 811 543 891; x_wconf 74' lang='lat' dir='ltr'><strong>isle</strong></span> <span class='ocrx_word' id='word_1_37' title='bbox 563 813 643 876; x_wconf 87' lang='lat' dir='ltr'><strong>ratio</strong></span> <span class='ocrx_word' id='word_1_38' title='bbox 664 819 718 877; x_wconf 87' lang='lat' dir='ltr'><strong>aut</strong></span> <span class='ocrx_word' id='word_1_39' title='bbox 739 831 821 896; x_wconf 87' lang='lat' dir='ltr'><strong>quae</strong></span> <span class='ocrx_word' id='word_1_40' title='bbox 843 813 948 895; x_wconf 88' lang='lat' dir='ltr'><strong>potius</strong></span> <span class='ocrx_word' id='word_1_41' title='bbox 978 813 1038 876; x_wconf 80' lang='lat' dir='ltr'><strong>istu</strong></span> <span class='ocrx_word' id='word_1_42' title='bbox 1059 816 1211 889; x_wconf 85' lang='lat' dir='ltr'><strong>amentia,</strong></span> <span class='ocrx_word' id='word_1_43' title='bbox 1239 815 1437 880; x_wconf 80' lang='lat' dir='ltr'><strong>frumentum</strong></span> <span class='ocrx_word' id='word_1_44' title='bbox 1472 815 1678 898; x_wconf 82' lang='lat' dir='ltr'><strong>improbare</strong></span> 
     </span>
     <span class='ocr_line' id='line_1_6' title="bbox 290 898 1678 1009; baseline 0.001 -39"><span class='ocrx_word' id='word_1_45' title='bbox 290 905 364 981; x_wconf 82' lang='lat' dir='ltr'><strong>oid,</strong></span> <span class='ocrx_word' id='word_1_46' title='bbox 395 898 548 1009; x_wconf 46' lang='lat' dir='ltr'><strong>quodssex</strong></span> <span class='ocrx_word' id='word_1_47' title='bbox 570 926 608 969; x_wconf 92' lang='grc'><strong>00</strong></span> <span class='ocrx_word' id='word_1_48' title='bbox 629 905 713 995; x_wconf 83' lang='lat' dir='ltr'><strong>loco)</strong></span> <span class='ocrx_word' id='word_1_49' title='bbox 729 907 779 981; x_wconf 88' lang='lat' dir='ltr'><strong>sit,</strong></span> <span class='ocrx_word' id='word_1_50' title='bbox 792 926 843 988; x_wconf 73' lang='grc'><strong>(00</strong></span> <span class='ocrx_word' id='word_1_51' title='bbox 867 926 930 989; x_wconf 94' lang='lat' dir='ltr'><strong>quo</strong></span> <span class='ocrx_word' id='word_1_52' title='bbox 953 915 1080 990; x_wconf 79' lang='lat' dir='ltr'><strong>senatus</strong></span> <span class='ocrx_word' id='word_1_53' title='bbox 1102 915 1135 971; x_wconf 91' lang='lat' dir='ltr'><strong>et</strong></span> <span class='ocrx_word' id='word_1_54' title='bbox 1154 908 1293 992; x_wconf 91' lang='lat' dir='ltr'><strong>populus</strong></span> <span class='ocrx_word' id='word_1_55' title='bbox 1315 911 1492 973; x_wconf 79' lang='lat' dir='ltr'><strong>Romanus</strong></span> <span class='ocrx_word' id='word_1_56' title='bbox 1519 908 1593 972; x_wconf 89' lang='lat' dir='ltr'><strong>emi</strong></span> <span class='ocrx_word' id='word_1_57' title='bbox 1618 927 1678 972; x_wconf 83' lang='lat' dir='ltr'><strong>vo-</strong></span> 
     </span>
     <span class='ocr_line' id='line_1_7' title="bbox 313 995 1677 1086; baseline 0 -23"><span class='ocrx_word' id='word_1_58' title='bbox 313 995 424 1086; x_wconf 66' lang='lat' dir='ltr'><strong>luerit)</strong></span> <span class='ocrx_word' id='word_1_59' title='bbox 454 1007 501 1064; x_wconf 84' lang='grc'><strong>04·</strong></span> <span class='ocrx_word' id='word_1_60' title='bbox 515 1019 556 1063; x_wconf 86' lang='lat' dir='ltr'><strong>ex</strong></span> <span class='ocrx_word' id='word_1_61' title='bbox 584 1021 622 1064; x_wconf 89' lang='lat' dir='ltr'><strong>eo</strong></span> <span class='ocrx_word' id='word_1_62' title='bbox 652 998 782 1075; x_wconf 83' lang='lat' dir='ltr'><strong>acervo,</strong></span> <span class='ocrx_word' id='word_1_63' title='bbox 813 1021 854 1064; x_wconf 84' lang='lat' dir='ltr'><strong>ex</strong></span> <span class='ocrx_word' id='word_1_64' title='bbox 883 1021 946 1085; x_wconf 93' lang='lat' dir='ltr'><strong>quo</strong></span> <span class='ocrx_word' id='word_1_65' title='bbox 972 1007 1093 1084; x_wconf 89' lang='lat' dir='ltr'><strong>partem</strong></span> <span class='ocrx_word' id='word_1_66' title='bbox 1123 1009 1157 1064; x_wconf 90' lang='lat' dir='ltr'><strong>tu</strong></span> <span class='ocrx_word' id='word_1_67' title='bbox 1178 1001 1263 1064; x_wconf 89' lang='lat' dir='ltr'><strong>idem</strong></span> <span class='ocrx_word' id='word_1_68' title='bbox 1285 1002 1508 1066; x_wconf 78' lang='lat' dir='ltr'><strong>decumarum</strong></span> <span class='ocrx_word' id='word_1_69' title='bbox 1535 1004 1677 1065; x_wconf 83' lang='lat' dir='ltr'><strong>nomine</strong></span> 
     </span>
     <span class='ocr_line' id='line_1_8' title="bbox 312 1092 1676 1178; baseline 0.002 -21"><span class='ocrx_word' id='word_1_70' title='bbox 312 1094 473 1178; x_wconf 85' lang='lat' dir='ltr'><strong>proberis:</strong></span> <span class='ocrx_word' id='word_1_71' title='bbox 494 1092 610 1158; x_wconf 86' lang='lat' dir='ltr'><strong>deinde</strong></span> <span class='ocrx_word' id='word_1_72' title='bbox 631 1114 650 1156; x_wconf 86' lang='grc'><strong>0</strong></span> <span class='ocrx_word' id='word_1_73' title='bbox 671 1095 852 1160; x_wconf 83' lang='lat' dir='ltr'><strong>civitatibus</strong></span> <span class='ocrx_word' id='word_1_74' title='bbox 874 1096 1039 1178; x_wconf 86' lang='lat' dir='ltr'><strong>pecuniam</strong></span> <span class='ocrx_word' id='word_1_75' title='bbox 1061 1096 1100 1158; x_wconf 84' lang='lat' dir='ltr'><strong>ed</strong></span> <span class='ocrx_word' id='word_1_76' title='bbox 1122 1095 1290 1160; x_wconf 89' lang='lat' dir='ltr'><strong>emendum</strong></span> <span class='ocrx_word' id='word_1_77' title='bbox 1306 1096 1519 1160; x_wconf 79' lang='lat' dir='ltr'><strong>frumentum</strong></span> <span class='ocrx_word' id='word_1_78' title='bbox 1537 1115 1676 1178; x_wconf 79' lang='lat' dir='ltr'><strong>cogere,</strong></span> 
     </span>
     <span class='ocr_line' id='line_1_9' title="bbox 314 1189 1675 1271; baseline -0.001 -18"><span class='ocrx_word' id='word_1_79' title='bbox 314 1209 386 1253; x_wconf 90' lang='lat' dir='ltr'><strong>cum</strong></span> <span class='ocrx_word' id='word_1_80' title='bbox 418 1207 459 1251; x_wconf 82' lang='lat' dir='ltr'><strong>ex</strong></span> <span class='ocrx_word' id='word_1_81' title='bbox 484 1189 605 1252; x_wconf 80' lang='lat' dir='ltr'><strong>aerario</strong></span> <span class='ocrx_word' id='word_1_82' title='bbox 639 1190 820 1271; x_wconf 73' lang='lat' dir='ltr'><strong>acceperis?</strong></span> <span class='ocrx_word' id='word_1_83' title='bbox 874 1189 985 1252; x_wconf 88' lang='lat' dir='ltr'><strong>Utrum</strong></span> <span class='ocrx_word' id='word_1_84' title='bbox 1015 1191 1099 1253; x_wconf 89' lang='lat' dir='ltr'><strong>enim</strong></span> <span class='ocrx_word' id='word_1_85' title='bbox 1135 1197 1167 1253; x_wconf 90' lang='lat' dir='ltr'><strong>te</strong></span> <span class='ocrx_word' id='word_1_86' title='bbox 1197 1189 1250 1253; x_wconf 86' lang='lat' dir='ltr'><strong>lex</strong></span> <span class='ocrx_word' id='word_1_87' title='bbox 1279 1191 1425 1254; x_wconf 88' lang='lat' dir='ltr'><strong>Terentia</strong></span> <span class='ocrx_word' id='word_1_88' title='bbox 1469 1189 1675 1252; x_wconf 90' lang='lat' dir='ltr'><strong>Siculorum</strong></span> 
     </span>
     <span class='ocr_line' id='line_1_10' title="bbox 312 1283 1675 1368; baseline 0 -21"><span class='ocrx_word' id='word_1_89' title='bbox 312 1284 448 1367; x_wconf 89' lang='lat' dir='ltr'><strong>pecunia</strong></span> <span class='ocrx_word' id='word_1_90' title='bbox 468 1283 659 1346; x_wconf 79' lang='lat' dir='ltr'><strong>frumentum</strong></span> <span class='ocrx_word' id='word_1_91' title='bbox 681 1301 785 1345; x_wconf 88' lang='lat' dir='ltr'><strong>emere</strong></span> <span class='ocrx_word' id='word_1_92' title='bbox 806 1303 848 1346; x_wconf 85' lang='lat' dir='ltr'><strong>en</strong></span> <span class='ocrx_word' id='word_1_93' title='bbox 863 1284 975 1366; x_wconf 89' lang='lat' dir='ltr'><strong>populi</strong></span> <span class='ocrx_word' id='word_1_94' title='bbox 989 1285 1119 1348; x_wconf 82' lang='lat' dir='ltr'><strong>Romani</strong></span> <span class='ocrx_word' id='word_1_95' title='bbox 1134 1285 1268 1368; x_wconf 84' lang='lat' dir='ltr'><strong>pecunie</strong></span> <span class='ocrx_word' id='word_1_96' title='bbox 1282 1283 1487 1349; x_wconf 80' lang='lat' dir='ltr'><strong>frumentum</strong></span> <span class='ocrx_word' id='word_1_97' title='bbox 1506 1303 1529 1346; x_wconf 78' lang='lat' dir='ltr'><strong>a</strong></span> <span class='ocrx_word' id='word_1_98' title='bbox 1548 1283 1675 1348; x_wconf 89' lang='lat' dir='ltr'><strong>Siculis</strong></span> 
     </span>
     <span class='ocr_line' id='line_1_11' title="bbox 276 1372 1673 1461; baseline 0.001 -22"><span class='ocrx_word' id='word_1_99' title='bbox 276 1391 418 1440; x_wconf 85' lang='lat' dir='ltr'><strong>loemere</strong></span> <span class='ocrx_word' id='word_1_100' title='bbox 438 1376 552 1441; x_wconf 76' lang='lat' dir='ltr'><strong>iussit?</strong></span> <span class='ocrx_word' id='word_1_101' title='bbox 575 1372 646 1438; x_wconf 86' lang='grc'><strong>474.</strong></span> <span class='ocrx_word' id='word_1_102' title='bbox 668 1377 734 1440; x_wconf 91' lang='lat' dir='ltr'><strong>lam</strong></span> <span class='ocrx_word' id='word_1_103' title='bbox 755 1397 831 1442; x_wconf 86' lang='lat' dir='ltr'><strong>vero</strong></span> <span class='ocrx_word' id='word_1_104' title='bbox 854 1378 893 1442; x_wconf 83' lang='lat' dir='ltr'><strong>ab</strong></span> <span class='ocrx_word' id='word_1_105' title='bbox 915 1380 976 1440; x_wconf 92' lang='lat' dir='ltr'><strong>isto</strong></span> <span class='ocrx_word' id='word_1_106' title='bbox 999 1396 1124 1441; x_wconf 91' lang='lat' dir='ltr'><strong>omnem</strong></span> <span class='ocrx_word' id='word_1_107' title='bbox 1145 1378 1231 1442; x_wconf 84' lang='lat' dir='ltr'><strong>illem</strong></span> <span class='ocrx_word' id='word_1_108' title='bbox 1254 1397 1294 1441; x_wconf 86' lang='lat' dir='ltr'><strong>ex</strong></span> <span class='ocrx_word' id='word_1_109' title='bbox 1315 1381 1437 1442; x_wconf 78' lang='lat' dir='ltr'><strong>aerario</strong></span> <span class='ocrx_word' id='word_1_110' title='bbox 1465 1379 1673 1461; x_wconf 85' lang='lat' dir='ltr'><strong>pecuniam,</strong></span> 
     </span>
     <span class='ocr_line' id='line_1_12' title="bbox 312 1469 1670 1554; baseline 0.001 -21"><span class='ocrx_word' id='word_1_111' title='bbox 312 1489 407 1554; x_wconf 89' lang='lat' dir='ltr'><strong>quam</strong></span> <span class='ocrx_word' id='word_1_112' title='bbox 434 1469 484 1533; x_wconf 88' lang='lat' dir='ltr'><strong>his</strong></span> <span class='ocrx_word' id='word_1_113' title='bbox 514 1472 655 1554; x_wconf 88' lang='lat' dir='ltr'><strong>oportuit</strong></span> <span class='ocrx_word' id='word_1_114' title='bbox 680 1472 860 1536; x_wconf 85' lang='lat' dir='ltr'><strong>civitatibus</strong></span> <span class='ocrx_word' id='word_1_115' title='bbox 882 1492 938 1554; x_wconf 89' lang='lat' dir='ltr'><strong>pro</strong></span> <span class='ocrx_word' id='word_1_116' title='bbox 960 1471 1118 1536; x_wconf 79' lang='lat' dir='ltr'><strong>frumento</strong></span> <span class='ocrx_word' id='word_1_117' title='bbox 1141 1471 1225 1546; x_wconf 87' lang='lat' dir='ltr'><strong>dari,</strong></span> <span class='ocrx_word' id='word_1_118' title='bbox 1262 1471 1341 1536; x_wconf 91' lang='lat' dir='ltr'><strong>lucri</strong></span> <span class='ocrx_word' id='word_1_119' title='bbox 1369 1471 1496 1536; x_wconf 83' lang='lat' dir='ltr'><strong>luctam</strong></span> <span class='ocrx_word' id='word_1_120' title='bbox 1531 1469 1670 1534; x_wconf 83' lang='lat' dir='ltr'><strong>videtis.</strong></span> 
     </span>
     <span class='ocr_line' id='line_1_13' title="bbox 310 1563 1766 1649; baseline 0.001 -22"><span class='ocrx_word' id='word_1_121' title='bbox 310 1563 436 1647; x_wconf 90' lang='lat' dir='ltr'><strong>Accipis</strong></span> <span class='ocrx_word' id='word_1_122' title='bbox 465 1564 550 1628; x_wconf 88' lang='lat' dir='ltr'><strong>enim</strong></span> <span class='ocrx_word' id='word_1_123' title='bbox 573 1565 631 1628; x_wconf 81' lang='lat' dir='ltr'><strong>HS</strong></span> <span class='ocrx_word' id='word_1_124' title='bbox 652 1585 695 1629; x_wconf 85' lang='lat' dir='ltr'><strong>xv</strong></span> <span class='ocrx_word' id='word_1_125' title='bbox 722 1585 782 1649; x_wconf 91' lang='lat' dir='ltr'><strong>pro</strong></span> <span class='ocrx_word' id='word_1_126' title='bbox 811 1567 985 1643; x_wconf 84' lang='lat' dir='ltr'><strong>medimu03</strong></span> <span class='ocrx_word' id='word_1_127' title='bbox 1013 1565 1094 1628; x_wconf 79' lang='lat' dir='ltr'><strong>tanti</strong></span> <span class='ocrx_word' id='word_1_128' title='bbox 1116 1564 1201 1628; x_wconf 90' lang='lat' dir='ltr'><strong>enim</strong></span> <span class='ocrx_word' id='word_1_129' title='bbox 1223 1572 1273 1628; x_wconf 90' lang='lat' dir='ltr'><strong>est</strong></span> <span class='ocrx_word' id='word_1_130' title='bbox 1292 1565 1349 1628; x_wconf 95' lang='lat' dir='ltr'><strong>illo</strong></span> <span class='ocrx_word' id='word_1_131' title='bbox 1371 1573 1532 1648; x_wconf 89' lang='lat' dir='ltr'><strong>tempore</strong></span> <span class='ocrx_word' id='word_1_132' title='bbox 1559 1563 1671 1628; x_wconf 88' lang='lat' dir='ltr'><strong>medi·</strong></span> <span class='ocrx_word' id='word_1_133' title='bbox 1761 1643 1766 1648; x_wconf 89' lang='lat'><strong>.</strong></span> 
     </span>
     <span class='ocr_line' id='line_1_14' title="bbox 311 1659 1669 1742; baseline 0 -20"><span class='ocrx_word' id='word_1_134' title='bbox 311 1678 434 1722; x_wconf 82' lang='lat' dir='ltr'><strong>meum:</strong></span> <span class='ocrx_word' id='word_1_135' title='bbox 468 1659 585 1722; x_wconf 85' lang='lat' dir='ltr'><strong>retines</strong></span> <span class='ocrx_word' id='word_1_136' title='bbox 608 1659 667 1723; x_wconf 76' lang='lat' dir='ltr'><strong>He</strong></span> <span class='ocrx_word' id='word_1_137' title='bbox 690 1681 762 1736; x_wconf 80' lang='lat' dir='ltr'>xx13</span> <span class='ocrx_word' id='word_1_138' title='bbox 791 1663 869 1725; x_wconf 82' lang='lat' dir='ltr'><strong>tenti</strong></span> <span class='ocrx_word' id='word_1_139' title='bbox 892 1661 976 1726; x_wconf 90' lang='lat' dir='ltr'><strong>euim</strong></span> <span class='ocrx_word' id='word_1_140' title='bbox 1007 1669 1054 1725; x_wconf 89' lang='lat' dir='ltr'><strong>est</strong></span> <span class='ocrx_word' id='word_1_141' title='bbox 1080 1660 1272 1723; x_wconf 79' lang='lat' dir='ltr'><strong>trumentum</strong></span> <span class='ocrx_word' id='word_1_142' title='bbox 1301 1659 1471 1723; x_wconf 80' lang='lat' dir='ltr'><strong>Siciliense</strong></span> <span class='ocrx_word' id='word_1_143' title='bbox 1509 1681 1559 1722; x_wconf 87' lang='lat' dir='ltr'><strong>ex</strong></span> <span class='ocrx_word' id='word_1_144' title='bbox 1593 1659 1669 1742; x_wconf 80' lang='grc'><strong>4030</strong></span> 
     </span>
     <span class='ocr_line' id='line_1_15' title="bbox 311 1753 1668 1832; baseline 0 -14"><span class='ocrx_word' id='word_1_145' title='bbox 311 1755 519 1818; x_wconf 87' lang='lat' dir='ltr'><strong>aestimatum.</strong></span> <span class='ocrx_word' id='word_1_146' title='bbox 563 1753 649 1832; x_wconf 85' lang='lat' dir='ltr'><strong>Quid</strong></span> <span class='ocrx_word' id='word_1_147' title='bbox 670 1754 818 1830; x_wconf 88' lang='lat' dir='ltr'><strong>interest,</strong></span> <span class='ocrx_word' id='word_1_148' title='bbox 851 1764 958 1819; x_wconf 88' lang='lat' dir='ltr'><strong>utrum</strong></span> <span class='ocrx_word' id='word_1_149' title='bbox 979 1755 1172 1819; x_wconf 82' lang='lat' dir='ltr'><strong>bocleceris</strong></span> <span class='ocrx_word' id='word_1_150' title='bbox 1194 1756 1449 1819; x_wconf 77' lang='lat' dir='ltr'><strong>estrumentum</strong></span> <span class='ocrx_word' id='word_1_151' title='bbox 1474 1757 1668 1820; x_wconf 84' lang='lat' dir='ltr'><strong>Siciliense</strong></span> 
     </span>
     <span class='ocr_line' id='line_1_16' title="bbox 274 1848 1667 1933; baseline 0.003 -26"><span class='ocrx_word' id='word_1_152' title='bbox 274 1857 374 1912; x_wconf 79' lang='grc'><strong>44000</strong></span> <span class='ocrx_word' id='word_1_153' title='bbox 400 1849 602 1933; x_wconf 74' lang='lat' dir='ltr'><strong>improbetis,</strong></span> <span class='ocrx_word' id='word_1_154' title='bbox 632 1849 687 1912; x_wconf 87' lang='lat' dir='ltr'><strong>sed</strong></span> <span class='ocrx_word' id='word_1_155' title='bbox 716 1849 874 1914; x_wconf 78' lang='lat' dir='ltr'><strong>trumento</strong></span> <span class='ocrx_word' id='word_1_156' title='bbox 901 1849 1034 1932; x_wconf 87' lang='lat' dir='ltr'><strong>probato</strong></span> <span class='ocrx_word' id='word_1_157' title='bbox 1065 1858 1097 1912; x_wconf 89' lang='lat' dir='ltr'><strong>et</strong></span> <span class='ocrx_word' id='word_1_158' title='bbox 1123 1859 1253 1932; x_wconf 88' lang='lat' dir='ltr'><strong>accepto</strong></span> <span class='ocrx_word' id='word_1_159' title='bbox 1281 1848 1450 1932; x_wconf 85' lang='lat' dir='ltr'><strong>pecuniam</strong></span> <span class='ocrx_word' id='word_1_160' title='bbox 1484 1850 1667 1932; x_wconf 87' lang='lat' dir='ltr'><strong>publicam</strong></span> 
     </span>
     <span class='ocr_line' id='line_1_17' title="bbox 310 1943 1665 2028; baseline -0.001 -21"><span class='ocrx_word' id='word_1_161' title='bbox 310 1945 451 2008; x_wconf 88' lang='lat' dir='ltr'><strong>tenueris</strong></span> <span class='ocrx_word' id='word_1_162' title='bbox 472 1963 598 2007; x_wconf 89' lang='lat' dir='ltr'><strong>omnem</strong></span> <span class='ocrx_word' id='word_1_163' title='bbox 620 1962 724 2026; x_wconf 89' lang='lat' dir='ltr'><strong>ueque</strong></span> <span class='ocrx_word' id='word_1_164' title='bbox 747 1943 919 2028; x_wconf 88' lang='lat' dir='ltr'><strong>quidquam</strong></span> <span class='ocrx_word' id='word_1_165' title='bbox 940 1943 998 2006; x_wconf 92' lang='lat' dir='ltr'><strong>ulli</strong></span> <span class='ocrx_word' id='word_1_166' title='bbox 1022 1943 1203 2006; x_wconf 84' lang='lat' dir='ltr'><strong>dissolveris</strong></span> <span class='ocrx_word' id='word_1_167' title='bbox 1218 1943 1348 2018; x_wconf 85' lang='lat' dir='ltr'><strong>civitati,</strong></span> <span class='ocrx_word' id='word_1_168' title='bbox 1371 1963 1443 2006; x_wconf 91' lang='lat' dir='ltr'><strong>cum</strong></span> <span class='ocrx_word' id='word_1_169' title='bbox 1458 1945 1665 2008; x_wconf 79' lang='lat' dir='ltr'><strong>aestimatio</strong></span> 
     </span>
     <span class='ocr_line' id='line_1_18' title="bbox 310 2036 1665 2121; baseline -0.001 -20"><span class='ocrx_word' id='word_1_170' title='bbox 310 2037 389 2121; x_wconf 79' lang='lat' dir='ltr'><strong>legis</strong></span> <span class='ocrx_word' id='word_1_171' title='bbox 411 2037 581 2102; x_wconf 88' lang='lat' dir='ltr'><strong>eiusmodi</strong></span> <span class='ocrx_word' id='word_1_172' title='bbox 604 2036 662 2111; x_wconf 89' lang='lat' dir='ltr'><strong>sit,</strong></span> <span class='ocrx_word' id='word_1_173' title='bbox 688 2045 724 2100; x_wconf 89' lang='lat' dir='ltr'><strong>ut</strong></span> <span class='ocrx_word' id='word_1_174' title='bbox 745 2040 857 2102; x_wconf 85' lang='lat' dir='ltr'><strong>ceteris</strong></span> <span class='ocrx_word' id='word_1_175' title='bbox 879 2038 1072 2121; x_wconf 83' lang='lat' dir='ltr'><strong>temporibus</strong></span> <span class='ocrx_word' id='word_1_176' title='bbox 1094 2038 1267 2102; x_wconf 82' lang='lat' dir='ltr'><strong>tolerabilis</strong></span> <span class='ocrx_word' id='word_1_177' title='bbox 1289 2037 1414 2113; x_wconf 87' lang='lat' dir='ltr'><strong>Siculis,</strong></span> <span class='ocrx_word' id='word_1_178' title='bbox 1437 2047 1470 2101; x_wconf 92' lang='lat' dir='ltr'><strong>te</strong></span> <span class='ocrx_word' id='word_1_179' title='bbox 1497 2047 1665 2121; x_wconf 80' lang='lat' dir='ltr'><strong>praetore</strong></span> 
     </span>
     <span class='ocr_line' id='line_1_19' title="bbox 311 2131 1662 2215; baseline -0.001 -19"><span class='ocrx_word' id='word_1_180' title='bbox 311 2133 405 2196; x_wconf 88' lang='lat' dir='ltr'><strong>etium</strong></span> <span class='ocrx_word' id='word_1_181' title='bbox 428 2139 515 2213; x_wconf 79' lang='lat' dir='ltr'><strong>grata</strong></span> <span class='ocrx_word' id='word_1_182' title='bbox 537 2151 607 2195; x_wconf 86' lang='lat' dir='ltr'><strong>esse</strong></span> <span class='ocrx_word' id='word_1_183' title='bbox 629 2131 797 2196; x_wconf 88' lang='lat' dir='ltr'><strong>debuerit‘l</strong></span> <span class='ocrx_word' id='word_1_184' title='bbox 839 2133 896 2196; x_wconf 89' lang='lat' dir='ltr'><strong>Est</strong></span> <span class='ocrx_word' id='word_1_185' title='bbox 918 2132 1002 2196; x_wconf 88' lang='lat' dir='ltr'><strong>euim</strong></span> <span class='ocrx_word' id='word_1_186' title='bbox 1027 2132 1152 2196; x_wconf 89' lang='lat' dir='ltr'><strong>modius</strong></span> <span class='ocrx_word' id='word_1_187' title='bbox 1176 2132 1246 2215; x_wconf 82' lang='grc'><strong>4030</strong></span> <span class='ocrx_word' id='word_1_188' title='bbox 1269 2133 1327 2196; x_wconf 81' lang='lat' dir='ltr'><strong>HS</strong></span> <span class='ocrx_word' id='word_1_189' title='bbox 1350 2149 1415 2196; x_wconf 83' lang='lat' dir='ltr'><strong>rus.</strong></span> <span class='ocrx_word' id='word_1_190' title='bbox 1437 2136 1662 2199; x_wconf 84' lang='lat' dir='ltr'><strong>aestimatus:</strong></span> 
     </span>
     <span class='ocr_line' id='line_1_20' title="bbox 309 2225 1661 2312; baseline 0.001 -24"><span class='ocrx_word' id='word_1_191' title='bbox 309 2225 370 2290; x_wconf 91' lang='lat' dir='ltr'><strong>luit</strong></span> <span class='ocrx_word' id='word_1_192' title='bbox 391 2233 495 2290; x_wconf 88' lang='lat' dir='ltr'><strong>autem</strong></span> <span class='ocrx_word' id='word_1_193' title='bbox 519 2235 550 2291; x_wconf 87' lang='lat' dir='ltr'><strong>te</strong></span> <span class='ocrx_word' id='word_1_194' title='bbox 571 2235 725 2310; x_wconf 84' lang='lat' dir='ltr'><strong>praetore,</strong></span> <span class='ocrx_word' id='word_1_195' title='bbox 746 2236 783 2289; x_wconf 91' lang='lat' dir='ltr'><strong>ut</strong></span> <span class='ocrx_word' id='word_1_196' title='bbox 803 2234 839 2291; x_wconf 92' lang='lat' dir='ltr'><strong>tu</strong></span> <span class='ocrx_word' id='word_1_197' title='bbox 859 2228 892 2291; x_wconf 92' lang='lat' dir='ltr'><strong>in</strong></span> <span class='ocrx_word' id='word_1_198' title='bbox 914 2227 1023 2290; x_wconf 86' lang='lat' dir='ltr'><strong>multis</strong></span> <span class='ocrx_word' id='word_1_199' title='bbox 1046 2227 1190 2309; x_wconf 86' lang='lat' dir='ltr'><strong>epistolis</strong></span> <span class='ocrx_word' id='word_1_200' title='bbox 1204 2228 1244 2289; x_wconf 88' lang='lat' dir='ltr'><strong>ad</strong></span> <span class='ocrx_word' id='word_1_201' title='bbox 1259 2228 1378 2290; x_wconf 85' lang='lat' dir='ltr'><strong>amicos</strong></span> <span class='ocrx_word' id='word_1_202' title='bbox 1395 2233 1467 2291; x_wconf 91' lang='lat' dir='ltr'><strong>tuos</strong></span> <span class='ocrx_word' id='word_1_203' title='bbox 1481 2228 1661 2312; x_wconf 79' lang='lat' dir='ltr'><strong>gloriaris,</strong></span> 
     </span>
     <span class='ocr_line' id='line_1_21' title="bbox 272 2320 1660 2405; baseline 0.001 -23"><span class='ocrx_word' id='word_1_204' title='bbox 272 2321 371 2386; x_wconf 70' lang='lat' dir='ltr'><strong>soils</strong></span> <span class='ocrx_word' id='word_1_205' title='bbox 395 2339 429 2384; x_wconf 86' lang='lat'><strong>11.</strong></span> <span class='ocrx_word' id='word_1_206' title='bbox 473 2321 536 2384; x_wconf 88' lang='lat' dir='ltr'><strong>Sed</strong></span> <span class='ocrx_word' id='word_1_207' title='bbox 563 2321 659 2386; x_wconf 86' lang='lat' dir='ltr'><strong>luerit</strong></span> <span class='ocrx_word' id='word_1_208' title='bbox 680 2322 740 2385; x_wconf 78' lang='lat' dir='ltr'><strong>HS</strong></span> <span class='ocrx_word' id='word_1_209' title='bbox 763 2339 832 2398; x_wconf 68' lang='lat' dir='ltr'><strong>us„</strong></span> <span class='ocrx_word' id='word_1_210' title='bbox 862 2323 1015 2405; x_wconf 84' lang='lat' dir='ltr'><strong>quonism</strong></span> <span class='ocrx_word' id='word_1_211' title='bbox 1044 2329 1165 2384; x_wconf 83' lang='lat' dir='ltr'><strong>tuntum</strong></span> <span class='ocrx_word' id='word_1_212' title='bbox 1194 2340 1212 2383; x_wconf 89' lang='lat' dir='ltr'><strong>a</strong></span> <span class='ocrx_word' id='word_1_213' title='bbox 1240 2320 1419 2384; x_wconf 86' lang='lat' dir='ltr'><strong>civitatibus</strong></span> <span class='ocrx_word' id='word_1_214' title='bbox 1448 2325 1483 2387; x_wconf 91' lang='lat' dir='ltr'><strong>in</strong></span> <span class='ocrx_word' id='word_1_215' title='bbox 1519 2325 1660 2388; x_wconf 89' lang='lat' dir='ltr'><strong>modios</strong></span> 
     </span>
     <span class='ocr_line' id='line_1_22' title="bbox 310 2415 1660 2501; baseline -0.001 -23"><span class='ocrx_word' id='word_1_216' title='bbox 310 2415 453 2497; x_wconf 79' lang='lat' dir='ltr'><strong>singulos</strong></span> <span class='ocrx_word' id='word_1_217' title='bbox 476 2415 618 2498; x_wconf 76' lang='lat' dir='ltr'><strong>exegisti.</strong></span> <span class='ocrx_word' id='word_1_218' title='bbox 663 2415 758 2489; x_wconf 88' lang='lat' dir='ltr'><strong>Cum,</strong></span> <span class='ocrx_word' id='word_1_219' title='bbox 789 2415 816 2478; x_wconf 92' lang='lat' dir='ltr'><strong>si</strong></span> <span class='ocrx_word' id='word_1_220' title='bbox 846 2416 985 2479; x_wconf 88' lang='lat' dir='ltr'><strong>solveres</strong></span> <span class='ocrx_word' id='word_1_221' title='bbox 1015 2416 1131 2478; x_wconf 87' lang='lat' dir='ltr'><strong>Siculis</strong></span> <span class='ocrx_word' id='word_1_222' title='bbox 1158 2422 1299 2489; x_wconf 87' lang='lat' dir='ltr'><strong>tuntum,</strong></span> <span class='ocrx_word' id='word_1_223' title='bbox 1326 2423 1479 2499; x_wconf 88' lang='lat' dir='ltr'><strong>quantum</strong></span> <span class='ocrx_word' id='word_1_224' title='bbox 1504 2417 1660 2501; x_wconf 89' lang='lat' dir='ltr'><strong>populus</strong></span> 
     </span>
     <span class='ocr_line' id='line_1_23' title="bbox 309 2509 1658 2594; baseline 0 -22"><span class='ocrx_word' id='word_1_225' title='bbox 309 2509 468 2573; x_wconf 83' lang='lat' dir='ltr'><strong>Romanus</strong></span> <span class='ocrx_word' id='word_1_226' title='bbox 490 2510 634 2584; x_wconf 83' lang='lat' dir='ltr'><strong>iusserat,</strong></span> <span class='ocrx_word' id='word_1_227' title='bbox 657 2512 831 2576; x_wconf 82' lang='lat' dir='ltr'><strong>aratoribus</strong></span> <span class='ocrx_word' id='word_1_228' title='bbox 852 2509 920 2574; x_wconf 85' lang='lat' dir='ltr'><strong>beri</strong></span> <span class='ocrx_word' id='word_1_229' title='bbox 943 2510 1154 2594; x_wconf 79' lang='lat' dir='ltr'><strong>gratissimum</strong></span> <span class='ocrx_word' id='word_1_230' title='bbox 1174 2519 1299 2593; x_wconf 89' lang='lat' dir='ltr'><strong>posset:</strong></span> <span class='ocrx_word' id='word_1_231' title='bbox 1321 2519 1355 2573; x_wconf 90' lang='lat' dir='ltr'><strong>tu</strong></span> <span class='ocrx_word' id='word_1_232' title='bbox 1377 2531 1442 2574; x_wconf 89' lang='lat' dir='ltr'><strong>non</strong></span> <span class='ocrx_word' id='word_1_233' title='bbox 1464 2511 1572 2574; x_wconf 92' lang='lat' dir='ltr'><strong>modo</strong></span> <span class='ocrx_word' id='word_1_234' title='bbox 1597 2527 1658 2573; x_wconf 86' lang='lat' dir='ltr'><strong>eos</strong></span> 
     </span>
     <span class='ocr_line' id='line_1_24' title="bbox 308 2603 1656 2688; baseline 0.002 -23"><span class='ocrx_word' id='word_1_235' title='bbox 308 2603 461 2684; x_wconf 84' lang='lat' dir='ltr'><strong>accipere,</strong></span> <span class='ocrx_word' id='word_1_236' title='bbox 484 2605 571 2686; x_wconf 91' lang='lat' dir='ltr'><strong>quod</strong></span> <span class='ocrx_word' id='word_1_237' title='bbox 593 2606 768 2687; x_wconf 83' lang='lat' dir='ltr'><strong>oportebat,</strong></span> <span class='ocrx_word' id='word_1_238' title='bbox 791 2606 940 2680; x_wconf 87' lang='lat' dir='ltr'><strong>noluisti,</strong></span> <span class='ocrx_word' id='word_1_239' title='bbox 963 2605 1019 2669; x_wconf 89' lang='lat' dir='ltr'><strong>sed</strong></span> <span class='ocrx_word' id='word_1_240' title='bbox 1041 2605 1136 2668; x_wconf 89' lang='lat' dir='ltr'><strong>etiam</strong></span> <span class='ocrx_word' id='word_1_241' title='bbox 1158 2604 1248 2680; x_wconf 87' lang='lat' dir='ltr'><strong>dare,</strong></span> <span class='ocrx_word' id='word_1_242' title='bbox 1270 2605 1356 2688; x_wconf 92' lang='lat' dir='ltr'><strong>quod</strong></span> <span class='ocrx_word' id='word_1_243' title='bbox 1378 2624 1443 2668; x_wconf 93' lang='lat' dir='ltr'><strong>non</strong></span> <span class='ocrx_word' id='word_1_244' title='bbox 1466 2606 1656 2678; x_wconf 78' lang='lat' dir='ltr'><strong>debebunt,</strong></span> 
     </span>
     <span class='ocr_line' id='line_1_25' title="bbox 310 2693 1654 2783; baseline 0.001 -25"><span class='ocrx_word' id='word_1_245' title='bbox 310 2697 450 2778; x_wconf 75' lang='lat' dir='ltr'><strong>coegisti.</strong></span> <span class='ocrx_word' id='word_1_246' title='bbox 488 2693 559 2760; x_wconf 83' lang='lat' dir='ltr'><strong>l75.</strong></span> <span class='ocrx_word' id='word_1_247' title='bbox 582 2699 686 2783; x_wconf 83' lang='lat' dir='ltr'><strong>Atque</strong></span> <span class='ocrx_word' id='word_1_248' title='bbox 708 2700 786 2765; x_wconf 83' lang='lat' dir='ltr'><strong>haec</strong></span> <span class='ocrx_word' id='word_1_249' title='bbox 808 2701 851 2763; x_wconf 89' lang='lat' dir='ltr'><strong>ita</strong></span> <span class='ocrx_word' id='word_1_250' title='bbox 866 2709 954 2782; x_wconf 84' lang='lat' dir='ltr'><strong>gesta</strong></span> <span class='ocrx_word' id='word_1_251' title='bbox 969 2718 1049 2774; x_wconf 90' lang='lat' dir='ltr'><strong>esse,</strong></span> <span class='ocrx_word' id='word_1_252' title='bbox 1072 2698 1202 2774; x_wconf 90' lang='lat' dir='ltr'><strong>iudices,</strong></span> <span class='ocrx_word' id='word_1_253' title='bbox 1225 2699 1404 2782; x_wconf 79' lang='lat' dir='ltr'><strong>cognoscite</strong></span> <span class='ocrx_word' id='word_1_254' title='bbox 1419 2706 1510 2762; x_wconf 84' lang='lat' dir='ltr'><strong>etex</strong></span> <span class='ocrx_word' id='word_1_255' title='bbox 1526 2699 1654 2762; x_wconf 88' lang='lat' dir='ltr'><strong>litteris</strong></span> 
     </span>
     <span class='ocr_line' id='line_1_26' title="bbox 272 2789 1654 2881; baseline -0.001 -25"><span class='ocrx_word' id='word_1_256' title='bbox 272 2789 443 2876; x_wconf 72' lang='lat' dir='ltr'><strong>republicis</strong></span> <span class='ocrx_word' id='word_1_257' title='bbox 477 2793 639 2856; x_wconf 81' lang='lat' dir='ltr'><strong>civitatum</strong></span> <span class='ocrx_word' id='word_1_258' title='bbox 673 2800 705 2858; x_wconf 87' lang='lat' dir='ltr'><strong>et</strong></span> <span class='ocrx_word' id='word_1_259' title='bbox 738 2813 779 2856; x_wconf 81' lang='lat' dir='ltr'><strong>ex</strong></span> <span class='ocrx_word' id='word_1_260' title='bbox 806 2794 995 2858; x_wconf 89' lang='lat' dir='ltr'><strong>testimoniis</strong></span> <span class='ocrx_word' id='word_1_261' title='bbox 1023 2792 1174 2881; x_wconf 88' lang='lat' dir='ltr'><strong>publicis,</strong></span> <span class='ocrx_word' id='word_1_262' title='bbox 1202 2795 1235 2858; x_wconf 90' lang='lat' dir='ltr'><strong>iu</strong></span> <span class='ocrx_word' id='word_1_263' title='bbox 1264 2793 1378 2876; x_wconf 87' lang='lat' dir='ltr'><strong>quibus</strong></span> <span class='ocrx_word' id='word_1_264' title='bbox 1407 2792 1488 2856; x_wconf 87' lang='lat' dir='ltr'><strong>nibil</strong></span> <span class='ocrx_word' id='word_1_265' title='bbox 1519 2793 1654 2864; x_wconf 88' lang='lat' dir='ltr'><strong>fictum,</strong></span> 
     </span>
     <span class='ocr_line' id='line_1_27' title="bbox 308 2882 1653 2972; baseline 0.001 -24"><span class='ocrx_word' id='word_1_266' title='bbox 308 2883 389 2948; x_wconf 87' lang='lat' dir='ltr'><strong>nibil</strong></span> <span class='ocrx_word' id='word_1_267' title='bbox 410 2882 450 2946; x_wconf 83' lang='lat' dir='ltr'><strong>ad</strong></span> <span class='ocrx_word' id='word_1_268' title='bbox 472 2891 596 2972; x_wconf 88' lang='lat' dir='ltr'><strong>tempus</strong></span> <span class='ocrx_word' id='word_1_269' title='bbox 619 2890 890 2953; x_wconf 86' lang='lat' dir='ltr'><strong>accommodatum</strong></span> <span class='ocrx_word' id='word_1_270' title='bbox 913 2887 1107 2969; x_wconf 80' lang='lat' dir='ltr'><strong>intelligetis.</strong></span> <span class='ocrx_word' id='word_1_271' title='bbox 1152 2887 1280 2961; x_wconf 88' lang='lat' dir='ltr'><strong>Omnia,</strong></span> <span class='ocrx_word' id='word_1_272' title='bbox 1307 2907 1387 2970; x_wconf 85' lang='lat' dir='ltr'><strong>quae</strong></span> <span class='ocrx_word' id='word_1_273' title='bbox 1409 2887 1567 2962; x_wconf 87' lang='lat' dir='ltr'><strong>dicimus,</strong></span> <span class='ocrx_word' id='word_1_274' title='bbox 1599 2905 1653 2950; x_wconf 82' lang='lat' dir='ltr'><strong>ra·</strong></span> 
     </span>
     <span class='ocr_line' id='line_1_28' title="bbox 308 2976 1651 3066; baseline 0.001 -26"><span class='ocrx_word' id='word_1_275' title='bbox 308 2976 447 3042; x_wconf 89' lang='lat' dir='ltr'><strong>tionibus</strong></span> <span class='ocrx_word' id='word_1_276' title='bbox 469 2981 659 3064; x_wconf 88' lang='lat' dir='ltr'><strong>populorum</strong></span> <span class='ocrx_word' id='word_1_277' title='bbox 680 3004 744 3047; x_wconf 91' lang='lat' dir='ltr'><strong>non</strong></span> <span class='ocrx_word' id='word_1_278' title='bbox 766 2984 960 3066; x_wconf 87' lang='lat' dir='ltr'><strong>interpositis</strong></span> <span class='ocrx_word' id='word_1_279' title='bbox 988 3003 1092 3066; x_wconf 88' lang='lat' dir='ltr'><strong>neque</strong></span> <span class='ocrx_word' id='word_1_280' title='bbox 1114 2983 1302 3066; x_wconf 87' lang='lat' dir='ltr'><strong>perturbatis</strong></span> <span class='ocrx_word' id='word_1_281' title='bbox 1324 3002 1429 3064; x_wconf 88' lang='lat' dir='ltr'><strong>neque</strong></span> <span class='ocrx_word' id='word_1_282' title='bbox 1451 2980 1651 3064; x_wconf 84' lang='lat' dir='ltr'><strong>repentinis,</strong></span> 
     </span>
     <span class='ocr_line' id='line_1_29' title="bbox 310 3069 1648 3159; baseline -0.001 -22"><span class='ocrx_word' id='word_1_283' title='bbox 310 3069 366 3137; x_wconf 84' lang='lat' dir='ltr'><strong>sed</strong></span> <span class='ocrx_word' id='word_1_284' title='bbox 389 3075 494 3150; x_wconf 86' lang='lat' dir='ltr'><strong>certis,</strong></span> <span class='ocrx_word' id='word_1_285' title='bbox 516 3075 684 3151; x_wconf 86' lang='lat' dir='ltr'><strong>institutis,</strong></span> <span class='ocrx_word' id='word_1_286' title='bbox 707 3076 817 3140; x_wconf 90' lang='lat' dir='ltr'><strong>ordine</strong></span> <span class='ocrx_word' id='word_1_287' title='bbox 839 3076 939 3140; x_wconf 84' lang='lat' dir='ltr'><strong>relata</strong></span> <span class='ocrx_word' id='word_1_288' title='bbox 960 3085 1055 3159; x_wconf 87' lang='lat' dir='ltr'><strong>atque</strong></span> <span class='ocrx_word' id='word_1_289' title='bbox 1077 3077 1220 3140; x_wconf 85' lang='grc'><strong>00040040</strong></span> <span class='ocrx_word' id='word_1_290' title='bbox 1241 3083 1323 3140; x_wconf 91' lang='lat' dir='ltr'><strong>suut.</strong></span> <span class='ocrx_word' id='word_1_291' title='bbox 1367 3075 1477 3140; x_wconf 84' lang='lat' dir='ltr'><strong>Recita</strong></span> <span class='ocrx_word' id='word_1_292' title='bbox 1497 3077 1648 3139; x_wconf 80' lang='lat' dir='ltr'><strong>rationes</strong></span> 
     </span>
    </p>
   </div>
   <div class='ocr_carea' id='block_1_4' title="bbox 303 3324 1644 5050">
    <p class='ocr_par' dir='ltr' id='par_1_4' title="bbox 303 3324 1644 5050">
     <span class='ocr_line' id='line_1_30' title="bbox 307 3324 1644 3392; baseline -0.002 -15"><span class='ocrx_word' id='word_1_293' title='bbox 307 3325 415 3389; x_wconf 86' lang='lat' dir='ltr'><strong>hebent,</strong></span> <span class='ocrx_word' id='word_1_294' title='bbox 434 3327 505 3392; x_wconf 93' lang='lat' dir='ltr'><strong>quod</strong></span> <span class='ocrx_word' id='word_1_295' title='bbox 523 3326 600 3378; x_wconf 87' lang='lat' dir='ltr'><strong>deest</strong></span> <span class='ocrx_word' id='word_1_296' title='bbox 616 3327 643 3378; x_wconf 92' lang='lat' dir='ltr'><strong>iu</strong></span> <span class='ocrx_word' id='word_1_297' title='bbox 660 3327 745 3378; x_wconf 85' lang='lat' dir='ltr'><strong>isdem</strong></span> <span class='ocrx_word' id='word_1_298' title='bbox 762 3328 952 3392; x_wconf 85' lang='lat' dir='ltr'><strong>superioribus.</strong></span> <span class='ocrx_word' id='word_1_299' title='bbox 975 3354 1001 3363; x_wconf 96' lang='lat'><em>-</em></span> <span class='ocrx_word' id='word_1_300' title='bbox 1022 3327 1045 3378; x_wconf 85' lang='lat'><strong>⁴.</strong></span> <span class='ocrx_word' id='word_1_301' title='bbox 1063 3327 1192 3378; x_wconf 75' lang='lat' dir='ltr'><strong>medimnis</strong></span> <span class='ocrx_word' id='word_1_302' title='bbox 1207 3325 1311 3390; x_wconf 73' lang='grc'><strong>04030440</strong></span> <span class='ocrx_word' id='word_1_303' title='bbox 1328 3324 1406 3389; x_wconf 88' lang='grc'><strong>4344.</strong></span> <span class='ocrx_word' id='word_1_304' title='bbox 1422 3350 1449 3360; x_wconf 93' lang='grc'>-</span> <span class='ocrx_word' id='word_1_305' title='bbox 1472 3338 1504 3374; x_wconf 79' lang='lat' dir='ltr'><strong>ac</strong></span> <span class='ocrx_word' id='word_1_306' title='bbox 1521 3326 1599 3376; x_wconf 74' lang='lat' dir='ltr'><strong>libris</strong></span> <span class='ocrx_word' id='word_1_307' title='bbox 1611 3324 1644 3374; x_wconf 88' lang='lat' dir='ltr'><strong>V.</strong></span> 
     </span>
     <span class='ocr_line' id='line_1_31' title="bbox 309 3399 1644 3468; baseline -0.004 -15"><span class='ocrx_word' id='word_1_308' title='bbox 309 3429 337 3439; x_wconf 92' lang='lat'>-</span> <span class='ocrx_word' id='word_1_309' title='bbox 356 3403 451 3467; x_wconf 78' lang='grc'><strong>004000]</strong></span> <span class='ocrx_word' id='word_1_310' title='bbox 469 3417 530 3466; x_wconf 81' lang='lat' dir='ltr'><strong>quos</strong></span> <span class='ocrx_word' id='word_1_311' title='bbox 545 3403 623 3466; x_wconf 86' lang='grc'><strong>4344.</strong></span> <span class='ocrx_word' id='word_1_312' title='bbox 638 3429 665 3439; x_wconf 90' lang='grc'><strong>-</strong></span> <span class='ocrx_word' id='word_1_313' title='bbox 680 3401 703 3454; x_wconf 95' lang='grc'><strong>4.</strong></span> <span class='ocrx_word' id='word_1_314' title='bbox 723 3409 758 3454; x_wconf 81' lang='lat' dir='ltr'><strong>est</strong></span> <span class='ocrx_word' id='word_1_315' title='bbox 772 3417 832 3468; x_wconf 78' lang='lat' dir='ltr'><strong>erpo</strong></span> <span class='ocrx_word' id='word_1_316' title='bbox 844 3401 868 3465; x_wconf 85' lang='lat' dir='ltr'><strong>l,</strong></span> <span class='ocrx_word' id='word_1_317' title='bbox 881 3405 954 3464; x_wconf 69' lang='lat' dir='ltr'><strong>Vac:</strong></span> <span class='ocrx_word' id='word_1_318' title='bbox 974 3408 1008 3452; x_wconf 83' lang='lat' dir='ltr'><strong>cst</strong></span> <span class='ocrx_word' id='word_1_319' title='bbox 1023 3415 1076 3454; x_wconf 89' lang='lat' dir='ltr'><strong>om.</strong></span> <span class='ocrx_word' id='word_1_320' title='bbox 1095 3402 1160 3452; x_wconf 90' lang='lat' dir='ltr'><strong>dett.</strong></span> <span class='ocrx_word' id='word_1_321' title='bbox 1175 3427 1202 3438; x_wconf 89' lang='lat'>-</span> <span class='ocrx_word' id='word_1_322' title='bbox 1217 3402 1267 3450; x_wconf 76' lang='grc'><strong>4040</strong></span> <span class='ocrx_word' id='word_1_323' title='bbox 1284 3401 1395 3450; x_wconf 78' lang='lat' dir='ltr'><strong>amentia</strong></span> <span class='ocrx_word' id='word_1_324' title='bbox 1410 3399 1495 3462; x_wconf 73' lang='lat' dir='ltr'><strong>Lgts:</strong></span> <span class='ocrx_word' id='word_1_325' title='bbox 1514 3402 1568 3452; x_wconf 75' lang='lat' dir='ltr'><strong>ista</strong></span> <span class='ocrx_word' id='word_1_326' title='bbox 1585 3413 1644 3452; x_wconf 89' lang='lat' dir='ltr'><strong>om.</strong></span> 
     </span>
     <span class='ocr_line' id='line_1_32' title="bbox 308 3475 1641 3543; baseline 0 -17"><span class='ocrx_word' id='word_1_327' title='bbox 308 3477 412 3541; x_wconf 80' lang='lat' dir='ltr'><strong>Vlllr.),</strong></span> <span class='ocrx_word' id='word_1_328' title='bbox 429 3477 485 3529; x_wconf 86' lang='lat' dir='ltr'><strong>rell.</strong></span> <span class='ocrx_word' id='word_1_329' title='bbox 499 3480 527 3529; x_wconf 93' lang='lat'><strong>0.</strong></span> <span class='ocrx_word' id='word_1_330' title='bbox 542 3505 569 3514; x_wconf 93' lang='lat'><em>—</em></span> <span class='ocrx_word' id='word_1_331' title='bbox 589 3481 614 3530; x_wconf 77' lang='grc'><strong>4.</strong></span> <span class='ocrx_word' id='word_1_332' title='bbox 633 3481 699 3541; x_wconf 79' lang='lat' dir='ltr'><strong>quod</strong></span> <span class='ocrx_word' id='word_1_333' title='bbox 714 3493 742 3530; x_wconf 86' lang='lat' dir='ltr'><strong>oo</strong></span> <span class='ocrx_word' id='word_1_334' title='bbox 760 3480 821 3542; x_wconf 87' lang='lat' dir='ltr'><strong>(om.</strong></span> <span class='ocrx_word' id='word_1_335' title='bbox 835 3481 875 3542; x_wconf 80' lang='grc'><strong>00(</strong></span> <span class='ocrx_word' id='word_1_336' title='bbox 892 3479 980 3543; x_wconf 71' lang='grc'><strong>4344(</strong></span> <span class='ocrx_word' id='word_1_337' title='bbox 999 3479 1064 3541; x_wconf 85' lang='lat' dir='ltr'><strong>quod</strong></span> <span class='ocrx_word' id='word_1_338' title='bbox 1080 3483 1103 3528; x_wconf 87' lang='lat' dir='ltr'><strong>et</strong></span> <span class='ocrx_word' id='word_1_339' title='bbox 1119 3491 1147 3528; x_wconf 84' lang='lat' dir='ltr'><strong>eo</strong></span> <span class='ocrx_word' id='word_1_340' title='bbox 1163 3492 1195 3537; x_wconf 87' lang='grc' dir='ltr'><strong>φ.</strong></span> <span class='ocrx_word' id='word_1_341' title='bbox 1206 3503 1233 3512; x_wconf 97' lang='grc'>-</span> <span class='ocrx_word' id='word_1_342' title='bbox 1252 3476 1318 3525; x_wconf 83' lang='lat' dir='ltr'><strong>locos</strong></span> <span class='ocrx_word' id='word_1_343' title='bbox 1333 3477 1364 3524; x_wconf 80' lang='grc'><strong>044</strong></span> <span class='ocrx_word' id='word_1_344' title='bbox 1380 3475 1447 3524; x_wconf 92' lang='lat' dir='ltr'><strong>V.—</strong></span> <span class='ocrx_word' id='word_1_345' title='bbox 1467 3489 1550 3526; x_wconf 74' lang='lat' dir='ltr'><strong>euers</strong></span> <span class='ocrx_word' id='word_1_346' title='bbox 1562 3477 1595 3526; x_wconf 94' lang='lat' dir='ltr'><strong>V.</strong></span> <span class='ocrx_word' id='word_1_347' title='bbox 1612 3501 1641 3510; x_wconf 89' lang='lat'>-</span> 
     </span>
     <span class='ocr_line' id='line_1_33' title="bbox 308 3547 1641 3618; baseline -0.004 -16"><span class='ocrx_word' id='word_1_348' title='bbox 308 3551 332 3602; x_wconf 88' lang='grc'><strong>6.</strong></span> <span class='ocrx_word' id='word_1_349' title='bbox 351 3558 374 3603; x_wconf 84' lang='lat' dir='ltr'><strong>cl</strong></span> <span class='ocrx_word' id='word_1_350' title='bbox 389 3567 423 3604; x_wconf 81' lang='grc'><strong>00</strong></span> <span class='ocrx_word' id='word_1_351' title='bbox 438 3567 467 3604; x_wconf 87' lang='grc'><strong>00</strong></span> <span class='ocrx_word' id='word_1_352' title='bbox 483 3553 638 3618; x_wconf 70' lang='grc' dir='ltr'><strong>434444οι</strong></span> <span class='ocrx_word' id='word_1_353' title='bbox 657 3568 690 3606; x_wconf 79' lang='lat' dir='ltr'><strong>ac</strong></span> <span class='ocrx_word' id='word_1_354' title='bbox 705 3568 733 3605; x_wconf 90' lang='lat' dir='ltr'><strong>eo</strong></span> <span class='ocrx_word' id='word_1_355' title='bbox 750 3554 806 3606; x_wconf 86' lang='lat' dir='ltr'><strong>rell.</strong></span> <span class='ocrx_word' id='word_1_356' title='bbox 826 3555 854 3604; x_wconf 93' lang='lat'><strong>0.</strong></span> <span class='ocrx_word' id='word_1_357' title='bbox 869 3580 897 3590; x_wconf 89' lang='lat'>-</span> <span class='ocrx_word' id='word_1_358' title='bbox 916 3555 1109 3604; x_wconf 79' lang='lat' dir='ltr'><strong>decumanorum</strong></span> <span class='ocrx_word' id='word_1_359' title='bbox 1126 3552 1157 3601; x_wconf 93' lang='lat' dir='ltr'><strong>V.</strong></span> <span class='ocrx_word' id='word_1_360' title='bbox 1170 3577 1198 3586; x_wconf 97' lang='lat'><em>-</em></span> <span class='ocrx_word' id='word_1_361' title='bbox 1217 3552 1242 3600; x_wconf 81' lang='lat'><strong>7.</strong></span> <span class='ocrx_word' id='word_1_362' title='bbox 1253 3550 1391 3612; x_wconf 69' lang='lat' dir='ltr'><strong>pamniam</strong></span> <span class='ocrx_word' id='word_1_363' title='bbox 1408 3547 1478 3612; x_wconf 86' lang='grc'><strong>4344</strong></span> <span class='ocrx_word' id='word_1_364' title='bbox 1495 3549 1563 3612; x_wconf 79' lang='lat' dir='ltr'><strong>ch,</strong></span> <span class='ocrx_word' id='word_1_365' title='bbox 1582 3547 1641 3600; x_wconf 83' lang='lat' dir='ltr'><strong>alii:</strong></span> 
     </span>
     <span class='ocr_line' id='line_1_34' title="bbox 303 3623 1644 3695; baseline -0.004 -17"><span class='ocrx_word' id='word_1_366' title='bbox 303 3629 425 3688; x_wconf 77' lang='grc'><strong>00000400</strong></span> <span class='ocrx_word' id='word_1_367' title='bbox 441 3627 570 3693; x_wconf 82' lang='lat' dir='ltr'><strong>plerique,</strong></span> <span class='ocrx_word' id='word_1_368' title='bbox 590 3631 618 3682; x_wconf 92' lang='grc'><strong>0.</strong></span> <span class='ocrx_word' id='word_1_369' title='bbox 639 3629 690 3695; x_wconf 89' lang='grc' dir='ltr'><strong>(ΒΓ.</strong></span> <span class='ocrx_word' id='word_1_370' title='bbox 708 3631 768 3681; x_wconf 90' lang='lat' dir='ltr'><strong>inV</strong></span> <span class='ocrx_word' id='word_1_371' title='bbox 785 3629 848 3694; x_wconf 82' lang='lat' dir='ltr'><strong>legit</strong></span> <span class='ocrx_word' id='word_1_372' title='bbox 861 3631 977 3692; x_wconf 72' lang='grc'><strong>0000040,</strong></span> <span class='ocrx_word' id='word_1_373' title='bbox 996 3640 1064 3691; x_wconf 81' lang='lat' dir='ltr'><strong>quae</strong></span> <span class='ocrx_word' id='word_1_374' title='bbox 1081 3640 1133 3676; x_wconf 84' lang='lat' dir='ltr'><strong>vox</strong></span> <span class='ocrx_word' id='word_1_375' title='bbox 1150 3627 1192 3676; x_wconf 88' lang='lat' dir='ltr'><strong>est</strong></span> <span class='ocrx_word' id='word_1_376' title='bbox 1208 3626 1234 3676; x_wconf 89' lang='grc'><strong>40</strong></span> <span class='ocrx_word' id='word_1_377' title='bbox 1252 3625 1304 3676; x_wconf 84' lang='lat' dir='ltr'><strong>fine</strong></span> <span class='ocrx_word' id='word_1_378' title='bbox 1321 3625 1437 3686; x_wconf 76' lang='lat' dir='ltr'><strong>versus]</strong></span> <span class='ocrx_word' id='word_1_379' title='bbox 1455 3650 1482 3658; x_wconf 98' lang='lat'><em>-</em></span> <span class='ocrx_word' id='word_1_380' title='bbox 1502 3625 1525 3674; x_wconf 91' lang='lat'><strong>8.</strong></span> <span class='ocrx_word' id='word_1_381' title='bbox 1545 3638 1607 3676; x_wconf 81' lang='lat' dir='ltr'><strong>cam</strong></span> <span class='ocrx_word' id='word_1_382' title='bbox 1620 3623 1644 3672; x_wconf 95' lang='lat' dir='ltr'>V</span> 
     </span>
     <span class='ocr_line' id='line_1_35' title="bbox 309 3696 1643 3768; baseline -0.002 -17"><span class='ocrx_word' id='word_1_383' title='bbox 309 3713 369 3766; x_wconf 89' lang='lat' dir='ltr'><strong>sup.</strong></span> <span class='ocrx_word' id='word_1_384' title='bbox 387 3701 432 3752; x_wconf 84' lang='lat' dir='ltr'><strong>liu.</strong></span> <span class='ocrx_word' id='word_1_385' title='bbox 451 3715 488 3754; x_wconf 91' lang='lat' dir='ltr'><strong>m.</strong></span> <span class='ocrx_word' id='word_1_386' title='bbox 500 3705 524 3756; x_wconf 84' lang='grc'><strong>4.</strong></span> <span class='ocrx_word' id='word_1_387' title='bbox 545 3705 607 3768; x_wconf 80' lang='grc' dir='ltr'><strong>(ΒΓ.)</strong></span> <span class='ocrx_word' id='word_1_388' title='bbox 621 3731 647 3742; x_wconf 88' lang='grc'>-</span> <span class='ocrx_word' id='word_1_389' title='bbox 661 3711 746 3755; x_wconf 73' lang='lat' dir='ltr'><strong>utram</strong></span> <span class='ocrx_word' id='word_1_390' title='bbox 757 3705 940 3766; x_wconf 75' lang='grc' dir='ltr'><strong>004004041οι</strong></span> <span class='ocrx_word' id='word_1_391' title='bbox 958 3703 1119 3753; x_wconf 74' lang='lat' dir='ltr'><strong>utrumnum</strong></span> <span class='ocrx_word' id='word_1_392' title='bbox 1131 3699 1213 3764; x_wconf 82' lang='grc'><strong>4344;</strong></span> <span class='ocrx_word' id='word_1_393' title='bbox 1231 3705 1317 3749; x_wconf 66' lang='lat' dir='ltr'><strong>utrem</strong></span> <span class='ocrx_word' id='word_1_394' title='bbox 1329 3696 1418 3749; x_wconf 81' lang='lat' dir='ltr'><strong>terell.</strong></span> <span class='ocrx_word' id='word_1_395' title='bbox 1433 3699 1461 3748; x_wconf 91' lang='lat'><strong>0.</strong></span> <span class='ocrx_word' id='word_1_396' title='bbox 1476 3724 1503 3734; x_wconf 93' lang='lat'>—</span> <span class='ocrx_word' id='word_1_397' title='bbox 1518 3699 1543 3752; x_wconf 88' lang='grc'><strong>9.</strong></span> <span class='ocrx_word' id='word_1_398' title='bbox 1557 3710 1643 3750; x_wconf 82' lang='lat' dir='ltr'><strong>emere</strong></span> 
     </span>
     <span class='ocr_line' id='line_1_36' title="bbox 308 3772 1639 3841; baseline -0.002 -15"><span class='ocrx_word' id='word_1_399' title='bbox 308 3775 378 3840; x_wconf 83' lang='grc'><strong>4344</strong></span> <span class='ocrx_word' id='word_1_400' title='bbox 389 3777 410 3826; x_wconf 89' lang='lat' dir='ltr'>V</span> <span class='ocrx_word' id='word_1_401' title='bbox 421 3791 462 3839; x_wconf 78' lang='lat' dir='ltr'><strong>sp:</strong></span> <span class='ocrx_word' id='word_1_402' title='bbox 481 3792 560 3830; x_wconf 78' lang='lat' dir='ltr'><strong>msere</strong></span> <span class='ocrx_word' id='word_1_403' title='bbox 576 3781 699 3831; x_wconf 72' lang='lat' dir='ltr'><strong>ostentis</strong></span> <span class='ocrx_word' id='word_1_404' title='bbox 715 3779 771 3830; x_wconf 89' lang='lat' dir='ltr'><strong>rell.</strong></span> <span class='ocrx_word' id='word_1_405' title='bbox 786 3781 815 3830; x_wconf 93' lang='grc' dir='ltr'><strong>Ο.</strong></span> <span class='ocrx_word' id='word_1_406' title='bbox 829 3805 856 3814; x_wconf 89' lang='grc'><strong>-</strong></span> <span class='ocrx_word' id='word_1_407' title='bbox 876 3793 894 3828; x_wconf 87' lang='grc'><strong>0</strong></span> <span class='ocrx_word' id='word_1_408' title='bbox 910 3779 999 3830; x_wconf 79' lang='lat' dir='ltr'><strong>Siculis</strong></span> <span class='ocrx_word' id='word_1_409' title='bbox 1015 3777 1084 3841; x_wconf 83' lang='grc'><strong>4344</strong></span> <span class='ocrx_word' id='word_1_410' title='bbox 1101 3776 1132 3836; x_wconf 79' lang='lat' dir='ltr'><strong>V,</strong></span> <span class='ocrx_word' id='word_1_411' title='bbox 1150 3774 1209 3825; x_wconf 87' lang='lat' dir='ltr'><strong>elii:</strong></span> <span class='ocrx_word' id='word_1_412' title='bbox 1229 3775 1261 3824; x_wconf 84' lang='lat' dir='ltr'><strong>ab</strong></span> <span class='ocrx_word' id='word_1_413' title='bbox 1278 3775 1328 3824; x_wconf 88' lang='grc'><strong>840.</strong></span> <span class='ocrx_word' id='word_1_414' title='bbox 1346 3772 1476 3838; x_wconf 83' lang='lat' dir='ltr'><strong>plerique,</strong></span> <span class='ocrx_word' id='word_1_415' title='bbox 1495 3776 1525 3826; x_wconf 93' lang='lat'><strong>0.</strong></span> <span class='ocrx_word' id='word_1_416' title='bbox 1545 3803 1574 3812; x_wconf 91' lang='lat'><em>-</em></span> <span class='ocrx_word' id='word_1_417' title='bbox 1597 3777 1639 3824; x_wconf 89' lang='grc'><strong>44.</strong></span> 
     </span>
     <span class='ocr_line' id='line_1_37' title="bbox 307 3849 1638 3919; baseline 0.001 -18"><span class='ocrx_word' id='word_1_418' title='bbox 307 3853 428 3914; x_wconf 78' lang='lat' dir='ltr'><strong>occepisse</strong></span> <span class='ocrx_word' id='word_1_419' title='bbox 444 3853 523 3917; x_wconf 85' lang='grc'><strong>4344.</strong></span> <span class='ocrx_word' id='word_1_420' title='bbox 543 3881 570 3890; x_wconf 91' lang='grc'>-</span> <span class='ocrx_word' id='word_1_421' title='bbox 589 3853 635 3906; x_wconf 85' lang='lat' dir='ltr'><strong>XV</strong></span> <span class='ocrx_word' id='word_1_422' title='bbox 649 3855 728 3906; x_wconf 87' lang='lat' dir='ltr'><strong>codd.</strong></span> <span class='ocrx_word' id='word_1_423' title='bbox 748 3855 863 3919; x_wconf 86' lang='lat' dir='ltr'><strong>(praeter</strong></span> <span class='ocrx_word' id='word_1_424' title='bbox 878 3853 957 3916; x_wconf 83' lang='grc'><strong>4349,</strong></span> <span class='ocrx_word' id='word_1_425' title='bbox 976 3854 1020 3916; x_wconf 85' lang='lat' dir='ltr'><strong>qui</strong></span> <span class='ocrx_word' id='word_1_426' title='bbox 1038 3849 1120 3901; x_wconf 87' lang='lat' dir='ltr'><strong>babet</strong></span> <span class='ocrx_word' id='word_1_427' title='bbox 1134 3849 1215 3912; x_wconf 80' lang='lat' dir='ltr'><strong>Xll.):</strong></span> <span class='ocrx_word' id='word_1_428' title='bbox 1234 3849 1322 3910; x_wconf 79' lang='lat' dir='ltr'><strong>quinos</strong></span> <span class='ocrx_word' id='word_1_429' title='bbox 1338 3850 1412 3897; x_wconf 80' lang='grc'><strong>40000</strong></span> <span class='ocrx_word' id='word_1_430' title='bbox 1428 3849 1493 3900; x_wconf 90' lang='lat' dir='ltr'><strong>Ven.</strong></span> <span class='ocrx_word' id='word_1_431' title='bbox 1514 3851 1541 3900; x_wconf 88' lang='lat' dir='ltr'><strong>L.</strong></span> <span class='ocrx_word' id='word_1_432' title='bbox 1562 3852 1593 3902; x_wconf 93' lang='lat'><strong>0.</strong></span> <span class='ocrx_word' id='word_1_433' title='bbox 1609 3877 1638 3886; x_wconf 92' lang='lat'><em>-</em></span> 
     </span>
     <span class='ocr_line' id='line_1_38' title="bbox 308 3923 1638 3993; baseline -0.002 -16"><span class='ocrx_word' id='word_1_434' title='bbox 308 3929 372 3978; x_wconf 83' lang='grc'><strong>40044</strong></span> <span class='ocrx_word' id='word_1_435' title='bbox 388 3929 464 3978; x_wconf 79' lang='lat' dir='ltr'><strong>eliam</strong></span> <span class='ocrx_word' id='word_1_436' title='bbox 479 3929 522 3978; x_wconf 86' lang='grc'><strong>4440</strong></span> <span class='ocrx_word' id='word_1_437' title='bbox 538 3929 616 3990; x_wconf 86' lang='grc'><strong>4344.</strong></span> <span class='ocrx_word' id='word_1_438' title='bbox 637 3928 691 3993; x_wconf 68' lang='grc'><strong>(004</strong></span> <span class='ocrx_word' id='word_1_439' title='bbox 711 3930 775 3978; x_wconf 77' lang='lat' dir='ltr'><strong>tosti</strong></span> <span class='ocrx_word' id='word_1_440' title='bbox 791 3933 826 3979; x_wconf 78' lang='lat' dir='ltr'><strong>eet</strong></span> <span class='ocrx_word' id='word_1_441' title='bbox 841 3929 906 3978; x_wconf 78' lang='lat' dir='ltr'><strong>enim</strong></span> <span class='ocrx_word' id='word_1_442' title='bbox 922 3928 972 3978; x_wconf 87' lang='grc'><strong>4440.</strong></span> <span class='ocrx_word' id='word_1_443' title='bbox 993 3925 1085 3990; x_wconf 66' lang='lat' dir='ltr'><strong>Hecu]</strong></span> <span class='ocrx_word' id='word_1_444' title='bbox 1098 3952 1124 3962; x_wconf 86' lang='lat'>—</span> <span class='ocrx_word' id='word_1_445' title='bbox 1140 3925 1179 3976; x_wconf 85' lang='grc'><strong>43.</strong></span> <span class='ocrx_word' id='word_1_446' title='bbox 1197 3925 1239 3976; x_wconf 83' lang='grc'><strong>148</strong></span> <span class='ocrx_word' id='word_1_447' title='bbox 1250 3936 1303 3974; x_wconf 90' lang='lat' dir='ltr'><strong>om.</strong></span> <span class='ocrx_word' id='word_1_448' title='bbox 1317 3923 1395 3986; x_wconf 82' lang='grc'><strong>4344.</strong></span> <span class='ocrx_word' id='word_1_449' title='bbox 1410 3949 1437 3959; x_wconf 86' lang='grc'>-</span> <span class='ocrx_word' id='word_1_450' title='bbox 1450 3925 1506 3975; x_wconf 85' lang='lat' dir='ltr'><strong>XX!</strong></span> <span class='ocrx_word' id='word_1_451' title='bbox 1517 3926 1588 3990; x_wconf 87' lang='grc'><strong>4344</strong></span> <span class='ocrx_word' id='word_1_452' title='bbox 1601 3927 1638 3976; x_wconf 83' lang='lat' dir='ltr'><strong>N:</strong></span> 
     </span>
     <span class='ocr_line' id='line_1_39' title="bbox 306 4000 1640 4070; baseline -0.002 -16"><span class='ocrx_word' id='word_1_453' title='bbox 306 4003 374 4054; x_wconf 84' lang='lat' dir='ltr'><strong>XXV</strong></span> <span class='ocrx_word' id='word_1_454' title='bbox 387 4007 421 4062; x_wconf 71' lang='lat' dir='ltr'><strong>A,</strong></span> <span class='ocrx_word' id='word_1_455' title='bbox 447 4004 515 4056; x_wconf 83' lang='grc'><strong>444444</strong></span> <span class='ocrx_word' id='word_1_456' title='bbox 529 4005 598 4068; x_wconf 87' lang='grc'><strong>4349</strong></span> <span class='ocrx_word' id='word_1_457' title='bbox 613 4006 646 4065; x_wconf 87' lang='grc' dir='ltr'><strong>Β;</strong></span> <span class='ocrx_word' id='word_1_458' title='bbox 670 4005 717 4056; x_wconf 87' lang='lat' dir='ltr'><strong>Xll</strong></span> <span class='ocrx_word' id='word_1_459' title='bbox 734 4003 854 4070; x_wconf 86' lang='lat' dir='ltr'><strong>plerique</strong></span> <span class='ocrx_word' id='word_1_460' title='bbox 878 4003 933 4062; x_wconf 71' lang='lat' dir='ltr'><strong>elli,</strong></span> <span class='ocrx_word' id='word_1_461' title='bbox 959 4003 1038 4054; x_wconf 84' lang='lat' dir='ltr'><strong>Xthl</strong></span> <span class='ocrx_word' id='word_1_462' title='bbox 1057 4002 1090 4054; x_wconf 90' lang='lat' dir='ltr'><strong>de</strong></span> <span class='ocrx_word' id='word_1_463' title='bbox 1112 4002 1216 4052; x_wconf 85' lang='lat' dir='ltr'><strong>Hotom.</strong></span> <span class='ocrx_word' id='word_1_464' title='bbox 1235 4000 1305 4050; x_wconf 88' lang='lat' dir='ltr'><strong>conl.</strong></span> <span class='ocrx_word' id='word_1_465' title='bbox 1325 4000 1360 4060; x_wconf 91' lang='lat'><strong>0,</strong></span> <span class='ocrx_word' id='word_1_466' title='bbox 1382 4003 1412 4049; x_wconf 91' lang='lat' dir='ltr'><strong>ut</strong></span> <span class='ocrx_word' id='word_1_467' title='bbox 1427 4001 1512 4064; x_wconf 84' lang='grc'><strong>40344</strong></span> <span class='ocrx_word' id='word_1_468' title='bbox 1530 4003 1640 4053; x_wconf 82' lang='lat' dir='ltr'><strong>videtur</strong></span> 
     </span>
     <span class='ocr_line' id='line_1_40' title="bbox 307 4073 1640 4145; baseline -0.002 -15"><span class='ocrx_word' id='word_1_469' title='bbox 307 4079 417 4130; x_wconf 85' lang='lat' dir='ltr'><strong>bebere.</strong></span> <span class='ocrx_word' id='word_1_470' title='bbox 432 4107 460 4116; x_wconf 91' lang='lat'>—</span> <span class='ocrx_word' id='word_1_471' title='bbox 472 4081 591 4144; x_wconf 72' lang='grc'><strong>(0000044</strong></span> <span class='ocrx_word' id='word_1_472' title='bbox 607 4081 685 4145; x_wconf 88' lang='grc'><strong>4344.</strong></span> <span class='ocrx_word' id='word_1_473' title='bbox 705 4107 733 4116; x_wconf 89' lang='grc'>-</span> <span class='ocrx_word' id='word_1_474' title='bbox 753 4080 793 4132; x_wconf 91' lang='grc'><strong>44.</strong></span> <span class='ocrx_word' id='word_1_475' title='bbox 811 4081 854 4130; x_wconf 87' lang='grc'><strong>400</strong></span> <span class='ocrx_word' id='word_1_476' title='bbox 870 4079 951 4130; x_wconf 85' lang='lat' dir='ltr'><strong>idem.</strong></span> <span class='ocrx_word' id='word_1_477' title='bbox 966 4105 993 4114; x_wconf 90' lang='lat'><em>-</em></span> <span class='ocrx_word' id='word_1_478' title='bbox 1007 4077 1132 4128; x_wconf 78' lang='grc'><strong>8404140000</strong></span> <span class='ocrx_word' id='word_1_479' title='bbox 1148 4076 1219 4140; x_wconf 89' lang='grc'><strong>4344</strong></span> <span class='ocrx_word' id='word_1_480' title='bbox 1231 4077 1265 4125; x_wconf 88' lang='lat' dir='ltr'><strong>F:</strong></span> <span class='ocrx_word' id='word_1_481' title='bbox 1291 4087 1344 4124; x_wconf 89' lang='lat' dir='ltr'><strong>om.</strong></span> <span class='ocrx_word' id='word_1_482' title='bbox 1363 4073 1419 4125; x_wconf 85' lang='lat' dir='ltr'><strong>rell.</strong></span> <span class='ocrx_word' id='word_1_483' title='bbox 1439 4075 1469 4126; x_wconf 90' lang='lat'><strong>0.</strong></span> <span class='ocrx_word' id='word_1_484' title='bbox 1488 4101 1515 4110; x_wconf 93' lang='lat'>—</span> <span class='ocrx_word' id='word_1_485' title='bbox 1536 4077 1576 4128; x_wconf 85' lang='grc'><strong>48.</strong></span> <span class='ocrx_word' id='word_1_486' title='bbox 1596 4076 1640 4127; x_wconf 83' lang='grc'><strong>418</strong></span> 
     </span>
     <span class='ocr_line' id='line_1_41' title="bbox 305 4150 1637 4220; baseline -0.003 -14"><span class='ocrx_word' id='word_1_487' title='bbox 305 4156 360 4206; x_wconf 95' lang='grc'><strong>4148</strong></span> <span class='ocrx_word' id='word_1_488' title='bbox 376 4155 444 4206; x_wconf 90' lang='lat' dir='ltr'><strong>coni.</strong></span> <span class='ocrx_word' id='word_1_489' title='bbox 464 4157 566 4220; x_wconf 88' lang='lat' dir='ltr'><strong>Zumpt.</strong></span> <span class='ocrx_word' id='word_1_490' title='bbox 587 4157 611 4218; x_wconf 88' lang='grc'><strong>(4.</strong></span> <span class='ocrx_word' id='word_1_491' title='bbox 631 4171 655 4207; x_wconf 90' lang='lat' dir='ltr'><strong>e.</strong></span> <span class='ocrx_word' id='word_1_492' title='bbox 675 4157 802 4208; x_wconf 87' lang='lat' dir='ltr'><strong>sestertiis</strong></span> <span class='ocrx_word' id='word_1_493' title='bbox 820 4157 902 4207; x_wconf 87' lang='lat' dir='ltr'><strong>ternis</strong></span> <span class='ocrx_word' id='word_1_494' title='bbox 919 4154 1023 4215; x_wconf 85' lang='lat' dir='ltr'><strong>semisl:</strong></span> <span class='ocrx_word' id='word_1_495' title='bbox 1041 4154 1083 4204; x_wconf 84' lang='lat' dir='ltr'><strong>HS</strong></span> <span class='ocrx_word' id='word_1_496' title='bbox 1093 4153 1141 4203; x_wconf 93' lang='grc'><strong>4441</strong></span> <span class='ocrx_word' id='word_1_497' title='bbox 1154 4154 1175 4202; x_wconf 92' lang='lat' dir='ltr'><strong>A</strong></span> <span class='ocrx_word' id='word_1_498' title='bbox 1187 4153 1222 4212; x_wconf 64' lang='lat' dir='ltr'><strong>B,</strong></span> <span class='ocrx_word' id='word_1_499' title='bbox 1240 4150 1281 4200; x_wconf 86' lang='lat' dir='ltr'><strong>HS</strong></span> <span class='ocrx_word' id='word_1_500' title='bbox 1291 4150 1327 4200; x_wconf 93' lang='grc'><strong>444</strong></span> <span class='ocrx_word' id='word_1_501' title='bbox 1342 4152 1387 4200; x_wconf 83' lang='grc'><strong>044.</strong></span> <span class='ocrx_word' id='word_1_502' title='bbox 1406 4150 1434 4200; x_wconf 93' lang='lat'><strong>0.</strong></span> <span class='ocrx_word' id='word_1_503' title='bbox 1449 4176 1477 4185; x_wconf 95' lang='lat'>-</span> <span class='ocrx_word' id='word_1_504' title='bbox 1492 4150 1532 4200; x_wconf 85' lang='grc'><strong>49.</strong></span> <span class='ocrx_word' id='word_1_505' title='bbox 1545 4157 1568 4202; x_wconf 82' lang='grc'><strong>40</strong></span> <span class='ocrx_word' id='word_1_506' title='bbox 1579 4164 1637 4202; x_wconf 88' lang='lat' dir='ltr'><strong>om.</strong></span> 
     </span>
     <span class='ocr_line' id='line_1_42' title="bbox 306 4226 1638 4295; baseline -0.005 -13"><span class='ocrx_word' id='word_1_507' title='bbox 306 4230 385 4294; x_wconf 87' lang='grc'><strong>4344.</strong></span> <span class='ocrx_word' id='word_1_508' title='bbox 405 4257 432 4266; x_wconf 89' lang='grc'><strong>-</strong></span> <span class='ocrx_word' id='word_1_509' title='bbox 452 4231 493 4282; x_wconf 85' lang='grc'><strong>40.</strong></span> <span class='ocrx_word' id='word_1_510' title='bbox 511 4231 543 4295; x_wconf 83' lang='lat' dir='ltr'><strong>ll]</strong></span> <span class='ocrx_word' id='word_1_511' title='bbox 559 4232 602 4282; x_wconf 82' lang='lat'><strong>118</strong></span> <span class='ocrx_word' id='word_1_512' title='bbox 618 4231 681 4292; x_wconf 78' lang='lat' dir='ltr'><strong>F03</strong></span> <span class='ocrx_word' id='word_1_513' title='bbox 699 4231 743 4282; x_wconf 88' lang='lat' dir='ltr'><strong>NS</strong></span> <span class='ocrx_word' id='word_1_514' title='bbox 758 4229 836 4294; x_wconf 84' lang='grc'><strong>4344.</strong></span> <span class='ocrx_word' id='word_1_515' title='bbox 856 4257 883 4266; x_wconf 97' lang='grc'>-</span> <span class='ocrx_word' id='word_1_516' title='bbox 902 4229 986 4292; x_wconf 70' lang='lat' dir='ltr'><strong>poerit]</strong></span> <span class='ocrx_word' id='word_1_517' title='bbox 1004 4229 1092 4279; x_wconf 79' lang='lat' dir='ltr'><strong>euertit</strong></span> <span class='ocrx_word' id='word_1_518' title='bbox 1109 4227 1186 4292; x_wconf 87' lang='grc'><strong>4344.</strong></span> <span class='ocrx_word' id='word_1_519' title='bbox 1206 4253 1234 4263; x_wconf 93' lang='grc'>-</span> <span class='ocrx_word' id='word_1_520' title='bbox 1253 4227 1293 4276; x_wconf 88' lang='lat' dir='ltr'><strong>HS</strong></span> <span class='ocrx_word' id='word_1_521' title='bbox 1303 4226 1346 4276; x_wconf 89' lang='grc'><strong>448</strong></span> <span class='ocrx_word' id='word_1_522' title='bbox 1362 4226 1511 4289; x_wconf 86' lang='lat' dir='ltr'><strong>Zumptius:</strong></span> <span class='ocrx_word' id='word_1_523' title='bbox 1530 4227 1638 4279; x_wconf 86' lang='grc'><strong>4481148</strong></span> 
     </span>
     <span class='ocr_line' id='line_1_43' title="bbox 307 4299 1638 4369; baseline -0.002 -11"><span class='ocrx_word' id='word_1_524' title='bbox 307 4303 377 4369; x_wconf 89' lang='grc'><strong>4344</strong></span> <span class='ocrx_word' id='word_1_525' title='bbox 388 4307 424 4359; x_wconf 82' lang='lat' dir='ltr'><strong>N:</strong></span> <span class='ocrx_word' id='word_1_526' title='bbox 442 4305 530 4358; x_wconf 83' lang='grc'><strong>148144</strong></span> <span class='ocrx_word' id='word_1_527' title='bbox 544 4304 684 4358; x_wconf 89' lang='grc' dir='ltr'><strong>Γο41.0.-</strong></span> <span class='ocrx_word' id='word_1_528' title='bbox 705 4311 802 4358; x_wconf 83' lang='lat' dir='ltr'><strong>tontum</strong></span> <span class='ocrx_word' id='word_1_529' title='bbox 818 4303 904 4368; x_wconf 78' lang='grc' dir='ltr'><strong>4344ι</strong></span> <span class='ocrx_word' id='word_1_530' title='bbox 923 4310 952 4354; x_wconf 79' lang='lat' dir='ltr'><strong>tu</strong></span> <span class='ocrx_word' id='word_1_531' title='bbox 968 4308 1066 4352; x_wconf 80' lang='grc'><strong>4004000</strong></span> <span class='ocrx_word' id='word_1_532' title='bbox 1083 4306 1129 4355; x_wconf 88' lang='lat' dir='ltr'><strong>ott.</strong></span> <span class='ocrx_word' id='word_1_533' title='bbox 1143 4303 1172 4353; x_wconf 88' lang='lat'><strong>0.</strong></span> <span class='ocrx_word' id='word_1_534' title='bbox 1186 4329 1213 4338; x_wconf 87' lang='lat'>-</span> <span class='ocrx_word' id='word_1_535' title='bbox 1227 4303 1267 4352; x_wconf 83' lang='grc'><strong>41.</strong></span> <span class='ocrx_word' id='word_1_536' title='bbox 1285 4303 1310 4350; x_wconf 74' lang='lat' dir='ltr'><strong>sl</strong></span> <span class='ocrx_word' id='word_1_537' title='bbox 1323 4314 1376 4351; x_wconf 92' lang='lat' dir='ltr'><strong>om.</strong></span> <span class='ocrx_word' id='word_1_538' title='bbox 1395 4299 1473 4363; x_wconf 86' lang='grc'><strong>4344.</strong></span> <span class='ocrx_word' id='word_1_539' title='bbox 1487 4327 1514 4336; x_wconf 92' lang='grc'><strong>-</strong></span> <span class='ocrx_word' id='word_1_540' title='bbox 1533 4303 1638 4356; x_wconf 80' lang='lat' dir='ltr'><strong>solveris</strong></span> 
     </span>
     <span class='ocr_line' id='line_1_44' title="bbox 307 4375 1632 4446; baseline -0.005 -12"><span class='ocrx_word' id='word_1_541' title='bbox 307 4383 385 4446; x_wconf 84' lang='grc'><strong>4033.</strong></span> <span class='ocrx_word' id='word_1_542' title='bbox 404 4395 461 4432; x_wconf 82' lang='lat' dir='ltr'><strong>ero.</strong></span> <span class='ocrx_word' id='word_1_543' title='bbox 480 4381 521 4434; x_wconf 91' lang='grc'><strong>44.</strong></span> <span class='ocrx_word' id='word_1_544' title='bbox 542 4409 569 4419; x_wconf 89' lang='grc'>-</span> <span class='ocrx_word' id='word_1_545' title='bbox 597 4387 719 4444; x_wconf 77' lang='lat' dir='ltr'><strong>quactum</strong></span> <span class='ocrx_word' id='word_1_546' title='bbox 736 4380 820 4443; x_wconf 79' lang='lat' dir='ltr'><strong>Lglt:</strong></span> <span class='ocrx_word' id='word_1_547' title='bbox 848 4383 970 4442; x_wconf 74' lang='lat' dir='ltr'><strong>quactum</strong></span> <span class='ocrx_word' id='word_1_548' title='bbox 986 4383 1009 4428; x_wconf 85' lang='grc'><strong>40</strong></span> <span class='ocrx_word' id='word_1_549' title='bbox 1024 4376 1081 4429; x_wconf 89' lang='lat' dir='ltr'><strong>rell.</strong></span> <span class='ocrx_word' id='word_1_550' title='bbox 1100 4380 1129 4429; x_wconf 91' lang='lat'><strong>0.</strong></span> <span class='ocrx_word' id='word_1_551' title='bbox 1155 4403 1183 4414; x_wconf 91' lang='lat'><em>-</em></span> <span class='ocrx_word' id='word_1_552' title='bbox 1211 4377 1251 4428; x_wconf 83' lang='grc'><strong>43.</strong></span> <span class='ocrx_word' id='word_1_553' title='bbox 1272 4375 1387 4426; x_wconf 70' lang='grc'><strong>00404004</strong></span> <span class='ocrx_word' id='word_1_554' title='bbox 1409 4376 1484 4426; x_wconf 77' lang='lat' dir='ltr'><strong>ettam</strong></span> <span class='ocrx_word' id='word_1_555' title='bbox 1505 4377 1583 4442; x_wconf 87' lang='grc'><strong>4344.</strong></span> <span class='ocrx_word' id='word_1_556' title='bbox 1604 4405 1632 4415; x_wconf 94' lang='grc'>-</span> 
     </span>
     <span class='ocr_line' id='line_1_45' title="bbox 307 4451 1631 4521; baseline -0.004 -14"><span class='ocrx_word' id='word_1_557' title='bbox 307 4457 349 4512; x_wconf 85' lang='grc'><strong>44.</strong></span> <span class='ocrx_word' id='word_1_558' title='bbox 367 4457 669 4520; x_wconf 79' lang='lat' dir='ltr'><strong>coprsosctle--cidimus</strong></span> <span class='ocrx_word' id='word_1_559' title='bbox 687 4455 711 4521; x_wconf 75' lang='grc'><strong>5.</strong></span> <span class='ocrx_word' id='word_1_560' title='bbox 731 4456 787 4506; x_wconf 78' lang='lat' dir='ltr'><strong>lli.</strong></span> <span class='ocrx_word' id='word_1_561' title='bbox 805 4455 860 4506; x_wconf 89' lang='lat' dir='ltr'><strong>init.</strong></span> <span class='ocrx_word' id='word_1_562' title='bbox 879 4453 961 4504; x_wconf 85' lang='lat' dir='ltr'><strong>hebet</strong></span> <span class='ocrx_word' id='word_1_563' title='bbox 976 4453 1006 4505; x_wconf 90' lang='lat' dir='ltr'><strong>V.</strong></span> <span class='ocrx_word' id='word_1_564' title='bbox 1027 4479 1051 4489; x_wconf 85' lang='lat'><em>-</em></span> <span class='ocrx_word' id='word_1_565' title='bbox 1082 4458 1104 4504; x_wconf 82' lang='lat' dir='ltr'><strong>et</strong></span> <span class='ocrx_word' id='word_1_566' title='bbox 1121 4468 1154 4504; x_wconf 79' lang='grc'><strong>00</strong></span> <span class='ocrx_word' id='word_1_567' title='bbox 1175 4453 1222 4503; x_wconf 86' lang='lat' dir='ltr'><strong>litt.</strong></span> <span class='ocrx_word' id='word_1_568' title='bbox 1242 4451 1309 4516; x_wconf 86' lang='grc'><strong>4344</strong></span> <span class='ocrx_word' id='word_1_569' title='bbox 1321 4453 1359 4502; x_wconf 89' lang='lat' dir='ltr'><strong>N:</strong></span> <span class='ocrx_word' id='word_1_570' title='bbox 1385 4463 1418 4500; x_wconf 78' lang='grc'><strong>00</strong></span> <span class='ocrx_word' id='word_1_571' title='bbox 1434 4451 1481 4500; x_wconf 83' lang='lat' dir='ltr'><strong>litt.</strong></span> <span class='ocrx_word' id='word_1_572' title='bbox 1499 4452 1522 4501; x_wconf 91' lang='lat' dir='ltr'>V</span> <span class='ocrx_word' id='word_1_573' title='bbox 1540 4454 1583 4504; x_wconf 86' lang='lat' dir='ltr'><strong>ott.</strong></span> <span class='ocrx_word' id='word_1_574' title='bbox 1603 4479 1631 4490; x_wconf 82' lang='lat'>—</span> 
     </span>
     <span class='ocr_line' id='line_1_46' title="bbox 306 4527 1630 4594; baseline -0.004 -8"><span class='ocrx_word' id='word_1_575' title='bbox 306 4535 348 4586; x_wconf 79' lang='grc'><strong>45.</strong></span> <span class='ocrx_word' id='word_1_576' title='bbox 366 4532 506 4583; x_wconf 80' lang='grc'><strong>0404404400</strong></span> <span class='ocrx_word' id='word_1_577' title='bbox 521 4533 551 4582; x_wconf 91' lang='lat' dir='ltr'><strong>V.</strong></span> <span class='ocrx_word' id='word_1_578' title='bbox 568 4559 595 4568; x_wconf 93' lang='lat'><em>-</em></span> <span class='ocrx_word' id='word_1_579' title='bbox 608 4545 641 4583; x_wconf 80' lang='grc'><strong>00</strong></span> <span class='ocrx_word' id='word_1_580' title='bbox 657 4531 791 4582; x_wconf 81' lang='lat' dir='ltr'><strong>testimonis</strong></span> <span class='ocrx_word' id='word_1_581' title='bbox 807 4531 863 4582; x_wconf 86' lang='lat' dir='ltr'><strong>sine</strong></span> <span class='ocrx_word' id='word_1_582' title='bbox 880 4535 903 4579; x_wconf 83' lang='lat' dir='ltr'><strong>st</strong></span> <span class='ocrx_word' id='word_1_583' title='bbox 914 4529 935 4578; x_wconf 96' lang='lat' dir='ltr'><strong>V</strong></span> <span class='ocrx_word' id='word_1_584' title='bbox 953 4529 1015 4592; x_wconf 76' lang='lat' dir='ltr'><strong>(Bul</strong></span> <span class='ocrx_word' id='word_1_585' title='bbox 1029 4555 1056 4564; x_wconf 95' lang='lat'><em>-</em></span> <span class='ocrx_word' id='word_1_586' title='bbox 1077 4544 1094 4580; x_wconf 87' lang='grc'><strong>0</strong></span> <span class='ocrx_word' id='word_1_587' title='bbox 1110 4535 1133 4580; x_wconf 82' lang='grc'><strong>40</strong></span> <span class='ocrx_word' id='word_1_588' title='bbox 1147 4531 1232 4594; x_wconf 69' lang='lat' dir='ltr'><strong>fictum</strong></span> <span class='ocrx_word' id='word_1_589' title='bbox 1243 4529 1274 4578; x_wconf 95' lang='lat' dir='ltr'><strong>V.</strong></span> <span class='ocrx_word' id='word_1_590' title='bbox 1294 4529 1334 4590; x_wconf 79' lang='lat' dir='ltr'><strong>lex</strong></span> <span class='ocrx_word' id='word_1_591' title='bbox 1346 4527 1481 4590; x_wconf 70' lang='lat' dir='ltr'><strong>adfictum?</strong></span> <span class='ocrx_word' id='word_1_592' title='bbox 1499 4528 1590 4593; x_wconf 75' lang='grc'><strong>14400.)</strong></span> <span class='ocrx_word' id='word_1_593' title='bbox 1603 4557 1630 4566; x_wconf 90' lang='grc'>-</span> 
     </span>
     <span class='ocr_line' id='line_1_47' title="bbox 306 4601 1631 4670; baseline -0.004 -11"><span class='ocrx_word' id='word_1_594' title='bbox 306 4609 347 4659; x_wconf 84' lang='grc'><strong>46.</strong></span> <span class='ocrx_word' id='word_1_595' title='bbox 367 4608 574 4657; x_wconf 81' lang='lat' dir='ltr'><strong>ocomododctom</strong></span> <span class='ocrx_word' id='word_1_596' title='bbox 587 4607 618 4656; x_wconf 92' lang='lat' dir='ltr'><strong>V.</strong></span> <span class='ocrx_word' id='word_1_597' title='bbox 638 4607 701 4670; x_wconf 90' lang='grc' dir='ltr'><strong>(ΒΓ.,</strong></span> <span class='ocrx_word' id='word_1_598' title='bbox 719 4619 771 4656; x_wconf 89' lang='grc'><strong>000</strong></span> <span class='ocrx_word' id='word_1_599' title='bbox 788 4605 1042 4666; x_wconf 83' lang='lat' dir='ltr'><strong>accommododctcm,</strong></span> <span class='ocrx_word' id='word_1_600' title='bbox 1061 4607 1090 4654; x_wconf 89' lang='lat' dir='ltr'><strong>ut</strong></span> <span class='ocrx_word' id='word_1_601' title='bbox 1106 4603 1189 4654; x_wconf 85' lang='lat' dir='ltr'><strong>hebet</strong></span> <span class='ocrx_word' id='word_1_602' title='bbox 1200 4601 1301 4665; x_wconf 83' lang='lat' dir='ltr'><strong>Maius.)</strong></span> <span class='ocrx_word' id='word_1_603' title='bbox 1315 4626 1342 4635; x_wconf 93' lang='lat'>—</span> <span class='ocrx_word' id='word_1_604' title='bbox 1355 4601 1494 4664; x_wconf 72' lang='grc'><strong>4040443040</strong></span> <span class='ocrx_word' id='word_1_605' title='bbox 1510 4604 1546 4654; x_wconf 85' lang='grc'><strong>84.</strong></span> <span class='ocrx_word' id='word_1_606' title='bbox 1559 4605 1588 4654; x_wconf 90' lang='grc'><strong>4.</strong></span> <span class='ocrx_word' id='word_1_607' title='bbox 1601 4606 1631 4656; x_wconf 87' lang='grc' dir='ltr'><strong>Ο.</strong></span> 
     </span>
     <span class='ocr_line' id='line_1_48' title="bbox 308 4676 1630 4747; baseline 0 -15"><span class='ocrx_word' id='word_1_608' title='bbox 308 4681 388 4745; x_wconf 82' lang='lat' dir='ltr'><strong>(quod</strong></span> <span class='ocrx_word' id='word_1_609' title='bbox 400 4695 433 4731; x_wconf 82' lang='lat' dir='ltr'><strong>ex</strong></span> <span class='ocrx_word' id='word_1_610' title='bbox 447 4681 505 4732; x_wconf 87' lang='lat' dir='ltr'><strong>cod.</strong></span> <span class='ocrx_word' id='word_1_611' title='bbox 519 4683 602 4733; x_wconf 85' lang='lat' dir='ltr'><strong>Nenn.</strong></span> <span class='ocrx_word' id='word_1_612' title='bbox 616 4681 806 4747; x_wconf 86' lang='lat' dir='ltr'><strong>depromptum</strong></span> <span class='ocrx_word' id='word_1_613' title='bbox 824 4694 883 4732; x_wconf 87' lang='lat' dir='ltr'><strong>esse</strong></span> <span class='ocrx_word' id='word_1_614' title='bbox 896 4679 960 4731; x_wconf 89' lang='lat' dir='ltr'><strong>lelso</strong></span> <span class='ocrx_word' id='word_1_615' title='bbox 974 4679 1097 4738; x_wconf 64' lang='lat' dir='ltr'><strong>traditum</strong></span> <span class='ocrx_word' id='word_1_616' title='bbox 1116 4692 1177 4728; x_wconf 86' lang='lat' dir='ltr'><strong>nam</strong></span> <span class='ocrx_word' id='word_1_617' title='bbox 1190 4680 1257 4728; x_wconf 88' lang='lat' dir='ltr'><strong>teste</strong></span> <span class='ocrx_word' id='word_1_618' title='bbox 1270 4679 1355 4726; x_wconf 80' lang='lat' dir='ltr'><strong>Garat.</strong></span> <span class='ocrx_word' id='word_1_619' title='bbox 1370 4676 1398 4726; x_wconf 93' lang='lat' dir='ltr'><strong>ll.</strong></span> <span class='ocrx_word' id='word_1_620' title='bbox 1412 4676 1439 4725; x_wconf 90' lang='lat' dir='ltr'><strong>in</strong></span> <span class='ocrx_word' id='word_1_621' title='bbox 1450 4677 1511 4728; x_wconf 85' lang='lat' dir='ltr'><strong>edd.</strong></span> <span class='ocrx_word' id='word_1_622' title='bbox 1524 4681 1630 4743; x_wconf 87' lang='lat' dir='ltr'><strong>Oporiu.</strong></span> 
     </span>
     <span class='ocr_line' id='line_1_49' title="bbox 307 4753 1629 4823; baseline 0.001 -16"><span class='ocrx_word' id='word_1_623' title='bbox 307 4761 335 4808; x_wconf 87' lang='lat' dir='ltr'><strong>el</strong></span> <span class='ocrx_word' id='word_1_624' title='bbox 346 4755 448 4817; x_wconf 85' lang='lat' dir='ltr'><strong>colon,</strong></span> <span class='ocrx_word' id='word_1_625' title='bbox 467 4757 535 4806; x_wconf 89' lang='lat' dir='ltr'><strong>sicut</strong></span> <span class='ocrx_word' id='word_1_626' title='bbox 549 4757 576 4806; x_wconf 93' lang='lat' dir='ltr'><strong>in</strong></span> <span class='ocrx_word' id='word_1_627' title='bbox 591 4758 622 4807; x_wconf 94' lang='lat' dir='ltr'><strong>V.</strong></span> <span class='ocrx_word' id='word_1_628' title='bbox 641 4758 670 4807; x_wconf 92' lang='lat' dir='ltr'><strong>l..</strong></span> <span class='ocrx_word' id='word_1_629' title='bbox 690 4757 792 4808; x_wconf 76' lang='lat' dir='ltr'><strong>Graevii</strong></span> <span class='ocrx_word' id='word_1_630' title='bbox 809 4757 943 4821; x_wconf 76' lang='lat' dir='ltr'><strong>intellips&#39;lts</strong></span> <span class='ocrx_word' id='word_1_631' title='bbox 960 4770 992 4808; x_wconf 86' lang='lat' dir='ltr'><strong>ex</strong></span> <span class='ocrx_word' id='word_1_632' title='bbox 1009 4757 1067 4807; x_wconf 90' lang='lat' dir='ltr'><strong>cod.</strong></span> <span class='ocrx_word' id='word_1_633' title='bbox 1087 4757 1170 4807; x_wconf 84' lang='lat' dir='ltr'><strong>Noun.</strong></span> <span class='ocrx_word' id='word_1_634' title='bbox 1184 4756 1317 4814; x_wconf 87' lang='lat' dir='ltr'><strong>enotetur,</strong></span> <span class='ocrx_word' id='word_1_635' title='bbox 1337 4753 1415 4816; x_wconf 86' lang='lat' dir='ltr'><strong>idque</strong></span> <span class='ocrx_word' id='word_1_636' title='bbox 1434 4757 1475 4803; x_wconf 89' lang='lat' dir='ltr'><strong>est</strong></span> <span class='ocrx_word' id='word_1_637' title='bbox 1491 4756 1570 4809; x_wconf 84' lang='lat' dir='ltr'><strong>etium</strong></span> <span class='ocrx_word' id='word_1_638' title='bbox 1587 4772 1629 4823; x_wconf 90' lang='lat' dir='ltr'><strong>ep.</strong></span> 
     </span>
     <span class='ocr_line' id='line_1_50' title="bbox 307 4828 1632 4898; baseline 0.002 -15"><span class='ocrx_word' id='word_1_639' title='bbox 307 4833 416 4898; x_wconf 84' lang='lat' dir='ltr'><strong>Stepb.;</strong></span> <span class='ocrx_word' id='word_1_640' title='bbox 442 4831 490 4883; x_wconf 87' lang='lat' dir='ltr'><strong>sed</strong></span> <span class='ocrx_word' id='word_1_641' title='bbox 507 4833 565 4883; x_wconf 89' lang='lat' dir='ltr'><strong>sine</strong></span> <span class='ocrx_word' id='word_1_642' title='bbox 582 4831 663 4882; x_wconf 92' lang='lat' dir='ltr'><strong>dubio</strong></span> <span class='ocrx_word' id='word_1_643' title='bbox 680 4833 719 4882; x_wconf 87' lang='lat' dir='ltr'><strong>sio</strong></span> <span class='ocrx_word' id='word_1_644' title='bbox 733 4830 906 4884; x_wconf 86' lang='lat' dir='ltr'><strong>scribendum</strong></span> <span class='ocrx_word' id='word_1_645' title='bbox 924 4832 986 4896; x_wconf 77' lang='lat' dir='ltr'><strong>estl:</strong></span> <span class='ocrx_word' id='word_1_646' title='bbox 1011 4832 1146 4894; x_wconf 75' lang='lat' dir='ltr'><strong>inletts‘ps&#39;ts&#39;s</strong></span> <span class='ocrx_word' id='word_1_647' title='bbox 1161 4843 1183 4881; x_wconf 82' lang='lat' dir='ltr'><strong>s,</strong></span> <span class='ocrx_word' id='word_1_648' title='bbox 1201 4830 1339 4893; x_wconf 80' lang='lat' dir='ltr'><strong>intellcpttls</strong></span> <span class='ocrx_word' id='word_1_649' title='bbox 1354 4829 1380 4891; x_wconf 91' lang='grc'><strong>4,</strong></span> <span class='ocrx_word' id='word_1_650' title='bbox 1398 4828 1469 4888; x_wconf 86' lang='lat' dir='ltr'><strong>NV;</strong></span> <span class='ocrx_word' id='word_1_651' title='bbox 1490 4832 1632 4898; x_wconf 80' lang='lat' dir='ltr'><strong>totells&#39;potis</strong></span> 
     </span>
     <span class='ocr_line' id='line_1_51' title="bbox 308 4904 1627 4972; baseline 0 -12"><span class='ocrx_word' id='word_1_652' title='bbox 308 4909 372 4960; x_wconf 87' lang='lat' dir='ltr'><strong>dett.</strong></span> <span class='ocrx_word' id='word_1_653' title='bbox 392 4908 516 4972; x_wconf 77' lang='lat' dir='ltr'><strong>(Brennio</strong></span> <span class='ocrx_word' id='word_1_654' title='bbox 533 4909 559 4958; x_wconf 90' lang='grc'><strong>40</strong></span> <span class='ocrx_word' id='word_1_655' title='bbox 570 4909 593 4956; x_wconf 94' lang='lat' dir='ltr'>V</span> <span class='ocrx_word' id='word_1_656' title='bbox 611 4909 696 4971; x_wconf 87' lang='lat' dir='ltr'><strong>potius</strong></span> <span class='ocrx_word' id='word_1_657' title='bbox 712 4909 859 4972; x_wconf 80' lang='lat' dir='ltr'><strong>s&#39;cteltcpalis</strong></span> <span class='ocrx_word' id='word_1_658' title='bbox 875 4921 955 4971; x_wconf 85' lang='lat' dir='ltr'><strong>quem</strong></span> <span class='ocrx_word' id='word_1_659' title='bbox 972 4907 1110 4970; x_wconf 74' lang='lat' dir='ltr'><strong>torsucpllts</strong></span> <span class='ocrx_word' id='word_1_660' title='bbox 1126 4906 1231 4956; x_wconf 86' lang='lat' dir='ltr'><strong>videtur</strong></span> <span class='ocrx_word' id='word_1_661' title='bbox 1248 4904 1369 4968; x_wconf 74' lang='lat' dir='ltr'><strong>exstare.)</strong></span> <span class='ocrx_word' id='word_1_662' title='bbox 1393 4930 1420 4940; x_wconf 95' lang='lat'>-</span> <span class='ocrx_word' id='word_1_663' title='bbox 1439 4906 1480 4956; x_wconf 88' lang='grc'><strong>48.</strong></span> <span class='ocrx_word' id='word_1_664' title='bbox 1504 4909 1558 4959; x_wconf 82' lang='grc'><strong>4400.</strong></span> <span class='ocrx_word' id='word_1_665' title='bbox 1575 4915 1627 4961; x_wconf 87' lang='lat' dir='ltr'><strong>rat.</strong></span> 
     </span>
     <span class='ocr_line' id='line_1_52' title="bbox 306 4980 1625 5050; baseline 0 -14"><span class='ocrx_word' id='word_1_666' title='bbox 306 4985 387 5036; x_wconf 80' lang='grc'><strong>440400.</strong></span> <span class='ocrx_word' id='word_1_667' title='bbox 407 4997 460 5034; x_wconf 91' lang='lat' dir='ltr'><strong>om.</strong></span> <span class='ocrx_word' id='word_1_668' title='bbox 478 4985 547 5047; x_wconf 86' lang='grc'><strong>4344</strong></span> <span class='ocrx_word' id='word_1_669' title='bbox 559 4983 591 5036; x_wconf 86' lang='grc'><strong>44</strong></span> <span class='ocrx_word' id='word_1_670' title='bbox 609 4988 632 5035; x_wconf 88' lang='lat' dir='ltr'><strong>A</strong></span> <span class='ocrx_word' id='word_1_671' title='bbox 649 4987 676 5034; x_wconf 88' lang='lat' dir='ltr'><strong>et</strong></span> <span class='ocrx_word' id='word_1_672' title='bbox 687 4997 771 5034; x_wconf 84' lang='lat' dir='ltr'><strong>vocuo</strong></span> <span class='ocrx_word' id='word_1_673' title='bbox 788 4984 873 5049; x_wconf 87' lang='lat' dir='ltr'><strong>spatio</strong></span> <span class='ocrx_word' id='word_1_674' title='bbox 889 4982 982 5036; x_wconf 86' lang='lat' dir='ltr'><strong>relicto</strong></span> <span class='ocrx_word' id='word_1_675' title='bbox 999 4981 1067 5050; x_wconf 83' lang='grc'><strong>4349</strong></span> <span class='ocrx_word' id='word_1_676' title='bbox 1079 4981 1108 5033; x_wconf 88' lang='grc' dir='ltr'><strong>Β.</strong></span> <span class='ocrx_word' id='word_1_677' title='bbox 1126 4982 1221 5034; x_wconf 74' lang='lat' dir='ltr'><strong>Extant</strong></span> <span class='ocrx_word' id='word_1_678' title='bbox 1236 4981 1355 5032; x_wconf 82' lang='lat' dir='ltr'><strong>heecvv.</strong></span> <span class='ocrx_word' id='word_1_679' title='bbox 1369 4980 1441 5044; x_wconf 86' lang='lat' dir='ltr'><strong>inV,</strong></span> <span class='ocrx_word' id='word_1_680' title='bbox 1460 4981 1551 5046; x_wconf 89' lang='lat' dir='ltr'><strong>inquo</strong></span> <span class='ocrx_word' id='word_1_681' title='bbox 1568 4985 1596 5036; x_wconf 89' lang='lat' dir='ltr'><strong>b.</strong></span> <span class='ocrx_word' id='word_1_682' title='bbox 1609 4983 1625 5036; x_wconf 96' lang='lat' dir='ltr'><strong>l.</strong></span> 
     </span>
    </p>
   </div>
   <div class='ocr_carea' id='block_1_5' title="bbox 305 5059 799 5118">
    <p class='ocr_par' dir='ltr' id='par_1_5' title="bbox 305 5059 799 5118">
     <span class='ocr_line' id='line_1_53' title="bbox 305 5059 799 5118; baseline -0.008 -2"><span class='ocrx_word' id='word_1_683' title='bbox 305 5060 388 5116; x_wconf 74' lang='grc'><strong>440400.</strong></span> <span class='ocrx_word' id='word_1_684' title='bbox 406 5071 461 5115; x_wconf 88' lang='grc'><strong>000</strong></span> <span class='ocrx_word' id='word_1_685' title='bbox 476 5059 577 5116; x_wconf 72' lang='lat' dir='ltr'><strong>douc.</strong></span> <span class='ocrx_word' id='word_1_686' title='bbox 596 5061 733 5118; x_wconf 73' lang='lat' dir='ltr'><strong>excretum</strong></span> <span class='ocrx_word' id='word_1_687' title='bbox 750 5061 799 5114; x_wconf 86' lang='lat' dir='ltr'><strong>est.</strong></span> 
     </span>
    </p>
   </div>
   <div class='ocr_carea' id='block_1_6' title="bbox 0 0 1824 5868">
    <p class='ocr_par' dir='ltr' id='par_1_6' title="bbox 0 0 1824 5868">
     <span class='ocr_line' id='line_1_54' title="bbox 0 0 1824 5868; baseline 0 4"><span class='ocrx_word' id='word_1_688' title='bbox 0 0 1824 5868; x_wconf 95' lang='lat' dir='ltr'><strong> </strong></span> 
     </span>
    </p>
   </div>
  </div>
 </body>
</html>
