3644 5874
336 411 400 479 cis
737 415 779 480 IN
801 415 837 480 L.
859 414 1080 484 CATILINAM
1101 416 1222 483 LIBER
1242 415 1281 479 Π.

339 588 367 655 si
395 592 427 652 et
454 587 488 652 in
515 585 594 656 urlso
621 591 655 659 st
681 583 716 650 in
744 583 857 650 eadem
885 591 990 650 mente
1018 591 1220 670 permanent,
1252 605 1291 650 ea
1314 605 1397 670 quse
1422 589 1582 658 merentur
1607 605 1667 654 sr-

339 686 491 764 spectent·

423 775 477 839 vl.
499 769 551 840 42.
572 775 614 838 tt
634 772 731 840 etiam
753 779 842 847 sunt,
864 773 921 856 qui
943 772 1066 848 dicant,
1089 771 1250 848 Quirites,
1271 794 1291 840 a
1312 795 1364 840 me
1385 775 1419 841 iu
1434 773 1582 843 exsilium
1597 773 1669 842 eis-

341 863 424 939 etiun
450 887 522 934 esse
552 868 726 939 Catilinam.
772 866 867 943 Quod
896 885 956 949 epo
985 866 1012 932 si
1040 867 1136 932 verbo
1158 868 1286 952 assequi
1307 888 1451 951 possem,
1478 869 1554 936 istos
1575 869 1667 956 ipses

316 961 504 1036 seiieerem,
536 961 591 1045 qni
612 959 692 1026 haec
713 961 898 1044 loquuntur.
939 961 1043 1024 Homo
1065 960 1150 1024 enim
1170 959 1319 1030 videlicet
1339 960 1469 1028 timidos
1490 970 1546 1030 aut
1565 963 1667 1032 etim

339 1056 558 1139 permodestus
579 1073 690 1120 vocem
712 1052 852 1118 consulis
872 1052 956 1118 ferre
970 1075 1034 1118 non
1047 1054 1166 1138 potuit:
1188 1054 1391 1140 simulatque
1405 1056 1452 1120 ire
1466 1057 1499 1122 in
1514 1056 1666 1124 exsilium

340 1150 446 1216 iussin
468 1155 534 1224 esi,
559 1149 676 1231 paruit
719 1146 829 1224 Quot
857 1155 892 1212 ut
911 1146 1060 1214 hesterno
1081 1147 1151 1222 dic,
1181 1169 1253 1212 cum
1274 1149 1360 1214 dorni
1381 1169 1470 1216 meae
1491 1169 1593 1233 pacm
1613 1149 1666 1214 in·

340 1241 489 1310 terlectus
512 1262 632 1317 essem,
654 1249 798 1309 senatum
818 1242 852 1307 in
874 1242 984 1308 aedem
1003 1243 1088 1308 Iovis
1103 1241 1235 1306 Statoris
1250 1244 1435 1318 convocavi,
1457 1262 1524 1309 ram
1537 1263 1664 1308 omnem

340 1336 380 1406 ad
409 1343 515 1420 petros
545 1337 740 1420 conscriptos
769 1334 885 1412 detuli,
907 1369 949 1384 -
977 1357 1041 1421 quo
1063 1357 1134 1402 eum
1157 1336 1290 1400 Catilina
1310 1338 1466 1412 venisset,
1495 1336 1565 1418 qudo
1588 1357 1663 1402 cunr

305 1439 465 1500 sasenates
485 1429 681 1515 appellavit?
703 1430 774 1513 quis
796 1429 964 1496 salutavit?
987 1431 1058 1514 quis
1080 1429 1219 1514 denique
1238 1431 1281 1493 ita
1295 1430 1441 1514 adspexit
1455 1437 1492 1498 ut
1505 1429 1663 1514 porditum

341 1525 458 1600 civem,
480 1545 517 1594 ac
538 1543 604 1588 non
625 1523 731 1608 potius
753 1530 791 1586 ut
810 1523 1110 1607 importunissimum
1130 1523 1277 1592 hostem?
1300 1524 1486 1608 quinetiam
1503 1525 1662 1609 principes

340 1619 409 1686 olus
429 1617 549 1684 ordinis
571 1623 693 1701 partem
714 1615 800 1683 illam
822 1616 1060 1692 subselliorum,
1082 1618 1122 1681 ad
1144 1637 1239 1702 quam
1260 1617 1316 1682 ille
1329 1625 1523 1694 accesserat,
1543 1617 1661 1685 nudam

339 1720 436 1798 atque
455 1713 582 1778 manem
603 1710 814 1794 reliquerunt:
843 1710 957 1774 -hic
979 1729 1039 1792 epo
1061 1710 1230 1776 vehemens
1251 1710 1306 1775 ille
1328 1711 1457 1786 consul,
1486 1710 1541 1796 qui
1561 1711 1660 1778 verbo

339 1806 423 1870 cives
444 1806 478 1868 in
499 1804 646 1877 exsilium
667 1804 775 1878 elicio,
799 1805 940 1887 quaesivi
961 1823 980 1868 a
999 1804 1147 1880 Catilina,
1168 1805 1201 1870 in
1222 1809 1375 1870 nocturno
1397 1811 1553 1872 consents
1572 1806 1659 1889 apud

303 1911 330 1958 44
340 1901 381 1966 44.
396 1899 531 1969 Laecam
551 1897 666 1966 luisset
685 1917 795 1964 necne.
832 1893 883 1960 43.
900 1897 978 1962 Cum
1000 1898 1071 1973 ille,
1093 1898 1189 1963 homo
1203 1896 1446 1973 audacissimus,
1467 1899 1661 1974 conscicntia

339 1993 503 2059 conmotus
524 1991 625 2080 primo
647 1991 838 2068 reticuisset,
860 1990 994 2074 patefeci
1017 1986 1236 2076 ceterafquid
1257 2011 1295 2058 ea
1316 1998 1408 2058 nocte
1430 1992 1559 2074 egisset,
1581 1991 1659 2076 quid

338 2088 372 2150 in
396 2087 572 2171 proximam
602 2085 834 2170 constituisset,
865 2105 960 2170 quem
987 2086 1028 2149 ad
1057 2085 1187 2150 modum
1209 2092 1294 2151 essct
1314 2086 1344 2150 ei
1365 2085 1446 2150 ratio
1467 2087 1563 2152 totius
1583 2085 1658 2150 belli

338 2180 510 2263 descripta,
533 2178 656 2249 edocui,
694 2179 771 2243 Cum
792 2178 981 2253 haesitaret,
1003 2199 1075 2242 cum
1096 2185 1269 2254 tenerotsu,
1291 2179 1450 2262 quaesivi,
1472 2178 1549 2262 quid
1567 2178 1658 2243 dehi-

295 2315 315 2348 -v
338 2282 418 2343 taret
438 2269 595 2357 proficisci
618 2294 674 2350 eo,
702 2292 767 2356 quo
788 2274 850 2338 iam
877 2272 999 2356 pridem
1019 2258 1266 2356 pararet,(cum
1295 2292 1398 2348 arma,
1426 2293 1498 2343 cnm
1519 2291 1655 2348 secures,

299 2379 407 2434 aecum
427 2366 545 2442 lances,
578 2388 649 2438 cum
669 2367 779 2444 mbas,
800 2388 870 2432 cum
892 2367 982 2450 signa
1003 2366 1165 2442 militaria,
1187 2386 1258 2436 cum
1279 2367 1418 2452 aquilam
1438 2353 1655 2452 illamlarpcu-

337 2467 436 2536 team,
457 2461 508 2534 api
529 2460 583 2527 ille
605 2461 699 2532 etiam
721 2462 892 2529 sacrarium
915 2454 1095 2545 [scelerum]
1111 2459 1196 2524 domi
1213 2481 1288 2529 suae
1302 2461 1571 2558 fecerat,(scircnr
1585 2480 1653 2529 osse

190 2522 264 2624 ,ts

400 2786 425 2840 4,
443 2785 464 2835 st
480 2785 512 2848 st]
529 2789 552 2838 st
567 2785 589 2835 rt
605 2784 670 2847 hisp
689 2789 713 2836 st
729 2797 782 2836 om.
802 2786 938 2846 CVesc,
958 2785 973 2836 i
990 2783 1032 2835 alii
1049 2786 1129 2850 Lagg.
1149 2811 1176 2822 -
1203 2790 1226 2836 st
1241 2786 1302 2851 past
1316 2785 1377 2837 isias
1393 2799 1446 2838 orn.
1465 2801 1483 2851 q
1500 2789 1527 2838 et
1542 2789 1558 2839 d
1574 2789 1651 2852 segg.

337 2889 363 2904 η
379 2863 546 2925 mmet
561 2872 609 2921 er.
625 2885 652 2898 »-
670 2871 702 2910 eo
718 2859 821 2919 om.v;
840 2865 863 2912 st
878 2873 946 2912 eoo.
961 2888 988 2900 -
1008 2861 1032 2914 3.
1049 2862 1081 2912 At
1095 2861 1427 2926 animandorum..
1445 2860 1650 2918 ostenuit

335 2961 362 2972 -
383 2935 455 2998 Quis.
473 2933 721 2996 possessivum
741 2935 914 2999 (aomccz.)
933 2963 960 2972 -
981 2937 1083 2988 ιίεσιιιιιι
1098 2939 1126 2987 is
1141 2939 1245 2988 acilium
1260 2939 1371 2999 BazL3
1397 2939 1424 2989 io
1439 2939 1500 2989 mii.
1517 2952 1536 2988 o
1550 2951 1589 2988 ms
1603 2940 1653 2989 sis-

331 3017 399 3062 ctom
414 3024 445 3069 r;
464 3023 480 3059 o
497 3009 524 3060 iss
540 3010 644 3060 mitian
660 3011 721 3075 post
737 3010 873 3062 Catilinam
890 3010 980 3062 habet.
1001 3039 1028 3048 —
1048 3011 1072 3064 l.
1092 3013 1165 3064 Catil.
1184 3026 1234 3064 esse
1250 3026 1280 3077 g,
1303 3026 1353 3064 esee
1370 3027 1423 3065 om.
1441 3013 1490 3064 hs.
1515 3040 1542 3049 —
1566 3013 1590 3063 li.
1609 3013 1653 3063 soe

332 3087 358 3138 d.
379 3113 407 3122 -
425 3083 828 3149 lommtorabceilqsuwx,
846 3087 973 3150 Lg.7.9;
992 3087 1212 3150 incestans.-
1230 3088 1391 3139 enimomd
1409 3087 1651 3154 eripiamus.

331 3163 379 3224 cs,
397 3161 427 3211 0.
446 3185 474 3195 -
493 3165 539 3210 erc
554 3160 638 3223 aiom]
655 3161 786 3212 mistiam
803 3160 834 3220 d;
853 3161 929 3213 diam
946 3161 1011 3224 (sins
1029 3163 1081 3224 ortt)
1100 3163 1151 3213 CV
1167 3163 1272 3225 ipit,
1290 3167 1313 3214 et
1329 3164 1373 3226 Lg.
1392 3163 1416 3212 7.
1436 3160 1535 3224 iili,
1554 3161 1650 3213 Lo.-

331 3235 588 3302 apamenos,
610 3236 656 3302 ις.
674 3234 715 3287 li.
737 3263 764 3272 -
787 3242 862 3300 meas
883 3237 957 3290 masi
973 3238 997 3296 t;
1023 3237 1140 3288 amedei
1156 3251 1181 3288 o.
1201 3263 1228 3273 -
1251 3239 1277 3289 7.
1296 3237 1433 3304 osidiut]
1455 3240 1494 3290 sic
1510 3237 1604 3304 scripsi
1620 3250 1653 3287 ex

330 3315 398 3364 lise
419 3310 523 3365 stood.
542 3309 650 3375 coer..
672 3311 883 3378 interpunctione
899 3311 1001 3376 vulgari
1021 3325 1070 3376 per
1086 3314 1170 3362 totam
1186 3312 1325 3380 periodum
1343 3313 1496 3366 emendata:
1523 3313 1566 3376 ossi
1587 3325 1650 3366 omre.

331 3388 487 3450 (insidiato,
505 3383 855 3451 emmegilretuwxz
873 3389 918 3452 Lg.
937 3387 978 3438 46.
997 3386 1041 3446 l8;
1066 3387 1284 3452 quldLg.tl.20;
1309 3388 1458 3452 otLg.53;
1477 3387 1653 3452 poiquui-

298 3457 302 3468 '
329 3476 386 3517 com
402 3463 432 3522 k;
451 3459 496 3522 qai
510 3473 567 3518 cases
584 3461 616 3520 h;
634 3461 729 3524 permit
745 3473 773 3522 c,
793 3460 851 3512 cod.
865 3463 973 3525 Mureti,
991 3463 1028 3522 1.;
1047 3463 1113 3524 qood
1124 3461 1166 3512 vel
1184 3463 1226 3524 qut
1245 3463 1290 3524 (sic
1301 3464 1380 3516 etiam
1392 3459 1479 3514 schol.
1493 3459 1584 3524 Grec.)
1595 3457 1650 3514 rell.

329 3542 424 3604 capp,
439 3535 541 3599 patruit,
560 3535 612 3588 ivit.
630 3535 748 3586 Hortense
764 3535 834 3586 dieo
852 3549 885 3588 ex
902 3536 933 3596 d,
953 3533 1001 3586 sed
1018 3533 1113 3598 legitur
1129 3537 1155 3586 in
1173 3537 1224 3588 hoc
1238 3541 1265 3588 et
1281 3538 1307 3588 in
1319 3539 1410 3598 Parc.;
1426 3537 1653 3602 prumtessima

329 3616 428 3677 cuidem
444 3612 491 3662 die.
512 3637 540 3646 -
558 3611 673 3665 demo
688 3609 844 3672 abcdoz,
862 3613 877 3662 t
894 3608 936 3662 alii
953 3610 1031 3674 segg.
1053 3635 1080 3646 -
1099 3611 1139 3662 die
1156 3612 1262 3673 omittes
1278 3613 1351 3665 scd.
1373 3640 1400 3649 -
1418 3626 1488 3666 aneos
1503 3624 1557 3662 om.
1575 3610 1602 3661 h.
1623 3639 1649 3645 -

328 3704 404 3745 enan
425 3687 508 3751 latmi
527 3686 550 3746 i;
577 3687 716 3750 interfectos
736 3700 786 3738 esre
808 3701 835 3738 u.
855 3713 882 3722 -
910 3687 934 3736 8.
953 3685 1087 3738 convocavi
1109 3686 1236 3744 Baerz,
1259 3685 1333 3737 tulit
1351 3687 1443 3752 Lapa:
1469 3687 1557 3738 ooceoi
1573 3685 1601 3738 li.
1622 3711 1648 3722 -

328 3767 352 3816 9.
370 3764 444 3816 russii
461 3763 492 3813 V.
513 3788 540 3798 -
560 3761 601 3819 40.
619 3766 758 3816 mamm
769 3761 874 3826 pedalis
890 3774 922 3828 p,
940 3760 1010 3817 undo
1022 3761 1147 3812 Pithoeus
1158 3762 1284 3814 coniecit:
1302 3768 1403 3816 ssaotor
1418 3757 1599 3829 ceropellooit(
1635 3759 1640 3770 '

327 3845 471 3895 sermonen
487 3849 543 3888 eaeo
560 3849 619 3900 opp.
638 3835 671 3897 ο).
692 3863 719 3872 -
737 3835 783 3902 ito]
800 3837 838 3888 ito
853 3848 903 3886 aon
920 3848 946 3894 r;
973 3849 1023 3886 uos
1039 3836 1077 3890 ito
1093 3851 1116 3886 z.
1137 3864 1164 3874 -
1190 3838 1229 3888 tl.
1245 3839 1440 3901 perditissimam
1456 3851 1510 3894 om.
1528 3844 1557 3891 ut
1572 3852 1602 3890 w.
1623 3868 1649 3878 -

329 3909 674 3972 testamenmentum.
695 3937 722 3950 -
742 3909 782 3964 43.
800 3911 856 3964 tiae
873 3923 894 3960 s.
916 3933 943 3946 -
963 3911 1048 3962 coeant
1064 3911 1104 3962 itte
1120 3925 1145 3962 o.
1160 3940 1187 3948 -
1208 3911 1246 3965 44.
1266 3913 1326 3970 civis
1342 3927 1358 3964 a
1375 3915 1402 3966 ct
1419 3915 1463 3978 ις.
1476 3913 1501 3962 9.
1518 3939 1545 3950 -
1564 3915 1590 3964 io
1605 3927 1651 3966 oo·

326 3995 414 4044 cleirac
436 3985 619 4047 hdilrstu,
643 3985 704 4040 cod.
729 3987 819 4040 Parc:
841 3989 963 4037 coctoreo
985 3985 1005 4038 1.
1031 3999 1093 4038 curn
1114 3987 1195 4037 Prisc.
1213 3984 1271 4038 Vol.
1290 3989 1320 4041 ll.
1339 4001 1365 4056 p.
1385 3986 1440 4042 tlt.
1461 3989 1530 4054 etp.
1549 3987 1612 4048 44ος
1634 4003 1653 4040 a

327 4069 449 4121 eoctmso
465 4074 499 4122 ιι;
518 4073 553 4112 on
569 4061 596 4110 ie
612 4064 677 4120 spect.
697 4059 830 4124 quwx
849 4062 876 4112 et
892 4059 908 4110 6
925 4057 967 4110 olii
984 4059 1077 4125 Lagg.;
1096 4073 1131 4112 eo
1147 4067 1268 4114 eoctumo
1285 4076 1340 4128 ep,
1359 4059 1444 4120 Schol.
1459 4065 1538 4117 Gron.
1552 4065 1578 4119 et
1593 4061 1649 4118 rell.

327 4143 417 4206 mg„
436 4138 465 4190 ut
476 4133 588 4188 videtin.
609 4135 660 4198 lDe
677 4133 737 4186 cod.
756 4147 770 4186 r
786 4131 896 4186 orellius
915 4136 1026 4196 orreum
1045 4135 1127 4190 hahet
1143 4139 1179 4200 is:
1199 4139 1294 4200 questui
1311 4152 1345 4188 ors
1361 4139 1466 4196 cotilias
1481 4138 1509 4192 ia
1524 4137 1650 4200 nocturne)

330 4241 356 4250 -
376 4215 416 4264 ss.
434 4212 542 4266 uereor
558 4208 585 4258 h.
604 4207 621 4258 l.
641 4209 720 4262 etiam
738 4211 756 4260 t.
777 4236 805 4246 -
824 4209 865 4262 lo.
885 4211 1017 4276 convictos]
1035 4217 1169 4264 commotos
1185 4213 1237 4264 hk.
1258 4240 1285 4250 -
1303 4214 1451 4276 reticuisset,
1467 4218 1592 4280 pestrarno
1603 4229 1652 4280 po·

326 4289 395 4353 refeci
410 4288 496 4344 Diem.
514 4296 541 4348 p.
560 4283 616 4338 386.
635 4285 675 4346 Ρ.,
693 4282 741 4336 ssd
759 4283 836 4339 abest
854 4291 1011 4350 postrema
1029 4286 1089 4338 cod.
1108 4287 1176 4341 Mon.
1197 4315 1224 4326 -
1251 4294 1333 4339 cetero
1349 4302 1402 4345 om.
1422 4303 1452 4356 q;
1471 4294 1562 4340 coacto
1577 4303 1601 4340 e.
1622 4316 1648 4327 -

325 4363 411 4429 spissat
432 4361 644 4424 imoqrsux,
668 4357 713 4422 ιε.
732 4359 772 4410 53.
791 4359 832 4414 58.
851 4373 914 4414 cum
936 4361 1069 4417 muciano
1086 4361 1116 4414 ll.
1136 4376 1162 4431 p.
1182 4361 1246 4418 tls:
1273 4377 1326 4416 om.
1345 4365 1430 4430 spissat
1448 4377 1477 4426 e,
1504 4365 1590 4429 causet
1609 4363 1650 4420 udi

324 4432 560 4503 mimmchdltu
579 4430 683 4494 streil,
702 4433 858 4496 utvidetur,
876 4436 994 4499 chg.-
1015 4437 1054 4486 ⁴7.
1068 4438 1094 4487 ia
1107 4438 1255 4500 prosimos
1271 4437 1447 4490 aclnrtuz:
1464 4438 1491 4489 io
1505 4439 1650 4504 promiscae

324 4528 356 4574 si
375 4513 402 4563 is
415 4509 538 4574 monimo
554 4509 590 4569 li;
605 4509 727 4571 proxime
743 4510 825 4562 Prisc.
844 4508 861 4561 l.
880 4524 903 4562 c.
925 4539 952 4546 -
970 4517 1030 4564 esset
1046 4525 1099 4564 om.
1118 4527 1148 4574 o,
1167 4515 1189 4563 ei
1206 4527 1264 4578 sup.
1284 4513 1328 4566 lia.
1341 4513 1430 4566 habet.
1451 4541 1478 4552 -
1497 4513 1528 4582 es]
1545 4517 1584 4568 ret
1599 4513 1648 4566 bs.

327 4616 354 4626 —
373 4587 447 4640 totiass
463 4597 517 4638 our.
537 4582 563 4636 d.
584 4610 611 4620 —
632 4584 671 4636 48.
690 4585 786 4636 edocuit
802 4599 833 4646 u;
852 4587 925 4638 domi
941 4588 1101 4652 vgimrs,
1120 4586 1136 4642 4
1153 4585 1195 4638 alii
1212 4589 1290 4652 Lnga.
1304 4588 1399 4652 (moesi
1415 4601 1469 4640 om.
1482 4588 1521 4654 1..)
1541 4613 1568 4626 -
1587 4593 1651 4640 tesse-

323 4661 403 4730 retem]
420 4663 581 4716 mactaretur
597 4661 642 4724 ις.
661 4658 701 4722 ld.
721 4662 768 4722 53,
786 4663 814 4712 L.
830 4689 857 4700 ·-
877 4664 917 4715 49.
936 4677 964 4714 eo
977 4663 1103 4728 proflaret
1118 4663 1163 4726 Lg.
1177 4663 1201 4714 6.
1214 4662 1255 4713 53.
1268 4661 1316 4714 soli
1333 4676 1395 4714 curn
1406 4661 1535 4716 Diomede
1552 4677 1579 4732 p.
1592 4663 1648 4716 387.

324 4741 352 4795 et
369 4735 487 4793 eherisio
503 4748 530 4801 p.
548 4735 605 4786 rot.
624 4737 668 4799 1²4
691 4735 741 4788 sed
761 4737 811 4789 hos
832 4739 1019 4801 grammaticos
1036 4735 1124 4788 locum
1142 4750 1174 4788 er
1191 4738 1318 4790 memoria
1336 4738 1432 4790 citasse
1450 4737 1539 4802 prodit
1556 4753 1648 4794 eorum

323 4813 402 4868 lectio
425 4811 579 4876 mafferoni
596 4824 644 4875 pro
661 4812 780 4874 cadmei.
806 4840 833 4850 -
858 4817 968 4878 peroret
984 4811 1015 4876 d,
1041 4812 1056 4860 7
1074 4813 1152 4875 lagg.
1171 4811 1247 4872 dett,
1270 4813 1304 4872 l.;
1327 4817 1443 4876 parasset
1460 4813 1479 4866 C
1497 4817 1525 4865 et
1541 4816 1585 4880 lg.
1603 4814 1647 4878 46,

324 4888 383 4942 tort.
402 4887 509 4941 rectius.
529 4912 557 4921 -
576 4898 633 4936 casn
648 4898 745 4938 secam
760 4899 813 4941 om.
831 4887 866 4949 b;
884 4900 940 4938 mers
957 4899 1009 4940 om.
1029 4886 1117 4952 Vp.-
1135 4887 1176 4938 20.
1195 4901 1252 4938 cum
1266 4889 1335 4952 socer
1351 4901 1431 4953 ruw,
1449 4888 1465 4938 t
1482 4889 1575 4954 impp,
1592 4904 1649 4942 eom

324 4963 455 5028 dipadatss
472 4973 528 5012 casm
542 4960 621 5024 {sams
636 4959 768 5020 Bthz,
795 4961 810 5011 3
828 4958 870 5013 alii
888 4963 966 5026 lagg.
985 4962 1043 5024 (scd
1060 4965 1071 5012 t
1087 4961 1212 5026 dipsitosl
1233 4991 1259 5000 —
1282 4963 1352 5014 iliam
1369 4977 1421 5016 om.
1440 4965 1486 5027 Lg.
1506 4965 1546 5017 46.
1565 4965 1611 5028 43;
1629 4979 1648 5017 u

324 5050 383 5105 sup.
401 5035 446 5091 lin.
465 5034 555 5092 hebet
575 5062 603 5072 -
626 5036 667 5088 84.
685 5036 727 5088 coi
742 5037 818 5090 etiem
833 5037 956 5090 ittae-
974 5037 1091 5088 sesumam
1108 5049 1162 5089 om.
1181 5038 1216 5088 ei
1234 5041 1261 5090 et
1271 5037 1352 5090 Pale
1370 5043 1397 5089 et
1413 5039 1442 5100 9;
1465 5039 1583 5093 aeterne
1604 5054 1648 5098 so-

324 5110 437 5160 croriom
453 5108 555 5161 hess.
579 5109 686 5178 irrepsit
702 5108 834 5174 glossema
851 5123 884 5161 ex
901 5124 940 5164 or.
957 5112 977 5164 4.
996 5110 1020 5178 8.
1038 5109 1079 5164 il.
1100 5139 1127 5150 -
1145 5112 1230 5166 aomos
1245 5113 1279 5164 rt
1294 5113 1309 5164 3
1326 5113 1404 5178 lagg.
