3578 5862
526 473 598 538 en.
620 471 883 538 xxru-xxv.
909 469 966 556 es.
988 469 1134 538 sa-os.
1423 465 1487 536 aar

250 641 341 706 Parta
362 641 403 705 sit
423 641 572 724 pecunia,
606 640 763 718 Quirites,
786 641 970 708 decemviris
990 651 1093 718 tanta,
1116 648 1233 728 quanta
1254 643 1356 706 estin
1377 641 1487 718 terris3

164 736 245 800 nihil
272 736 524 819 praetermissum
552 737 610 812 sit‘;
638 757 748 817 ornnes
777 737 887 812 urbes,
916 738 1001 820 agri,
1028 756 1126 820 regna
1147 736 1302 822 deniqne,
1325 743 1486 820 postremo
1522 791 1526 799 .
1558 735 1588 816 3

166 831 262 894 etiarn
282 831 447 913 vectigalia
475 836 578 893 vestra
598 832 772 906 renieriut;
802 831 988 894 accesserint
1009 833 1041 893 in
1063 831 1224 894 cumulum
1244 830 1412 895 manubiae
1433 851 1487 894 ve·

165 932 300 986 strorum
321 924 559 1009 imperatonrm:
588 932 725 1008 quaeue
753 931 785 988 et
806 943 900 1008 quam
922 925 1075 988 immanes
1097 925 1225 989 divitiae
1247 924 1432 989 decemviris
1454 925 1488 986 in

166 1019 260 1081 tantis
275 1019 491 1093 auctionibus,
512 1025 561 1080 tot
573 1018 714 1093 iudiciis,
737 1025 801 1082 tam
816 1018 940 1081 infinita
954 1025 1106 1102 potestate
1119 1037 1225 1081 rerum
1240 1019 1378 1083 omnium
1393 1033 1512 1103 quae-s

164 1119 289 1189 rantur,
312 1113 437 1178 videtis.
480 1112 595 1174 xxw.
617 1110 669 1174 63.
693 1112 878 1195 cognoscite
900 1131 984 1175 nunc
1006 1113 1085 1176 aiios
1102 1115 1271 1178 immensos
1292 1119 1384 1196 atque
1406 1113 1489 1176 into·

162 1205 311 1272 larabiies
333 1213 497 1291 quaestus,
519 1213 555 1270 ut
569 1207 770 1289 intelligatis,
793 1206 833 1270 ad
848 1213 1003 1270 certorum
1017 1206 1179 1272 hominurn
1191 1207 1402 1290 importunam
1416 1223 1490 1272 ara-

162 1300 269 1364 ritiam
291 1300 353 1364 boe
374 1299 527 1384 populere
549 1300 629 1383 legis
652 1301 790 1383 agrariae
812 1320 927 1364 nomen
949 1323 1019 1365 esse
1042 1303 1229 1385 quaesitum.
1269 1301 1336 1364 Hac
1355 1301 1490 1386 pecunia

162 1393 252 1456 iubet
283 1413 377 1477 agros
410 1395 490 1469 emi,
524 1414 587 1478 quo
617 1393 825 1458 deducamini.
875 1395 945 1458 Non
975 1397 1125 1460 consuevi
1156 1395 1301 1459 homines
1330 1395 1489 1479 appellere

163 1489 323 1572 asperius,
348 1489 504 1565 Quirites,
527 1489 590 1550 nisi
611 1487 784 1552 lacessitus.
816 1489 940 1553 Vellem
956 1485 1023 1552 fieri
1044 1496 1167 1573 posset,
1188 1496 1319 1552 utame
1334 1490 1402 1552 sine
1417 1507 1526 1554 oon-ro

163 1581 294 1646 tumeli'a
315 1583 556 1646 nominarentur
577 1581 618 1657 ii,
642 1582 696 1667 qui
719 1603 752 1646 se
775 1582 968 1646 decemviros
983 1589 1112 1666 sperant
1125 1583 1268 1646 futuros:
1290 1585 1352 1647 iam
1366 1583 1489 1647 videre·

163 1677 222 1751 tis,
257 1676 373 1761 quibus
402 1676 580 1740 bominibus
608 1677 748 1740 omnium
774 1697 880 1740 rerum
911 1682 942 1739 et
969 1676 1205 1740 vendendarum
1231 1683 1264 1742 et
1285 1678 1489 1742 emendarum

162 1775 351 1853 potestatem
379 1771 612 1856 permitteretis.
655 1766 706 1832 64.
737 1771 800 1840 Sed
831 1772 917 1854 quod
948 1790 1007 1853 ego
1028 1771 1169 1834 nondum
1191 1776 1296 1836 statuo
1318 1773 1396 1836 mibi
1418 1791 1488 1836 esse

166 1863 352 1939 dicendum,
374 1884 430 1928 ros
452 1873 557 1928 tamma
578 1863 611 1928 id
631 1865 761 1948 potestis
784 1885 853 1927 cum
874 1865 987 1929 animis
1001 1866 1113 1929 resuis
1129 1865 1278 1947 cogitare.
1312 1867 1415 1930 Unum
1428 1866 1490 1929 hoc

165 1965 250 2022 certe
276 1958 385 2022 videor
413 1957 491 2020 mibi
519 1959 682 2022 verissime
709 1977 803 2040 posse
832 1957 954 2022 dicere:
982 1965 1065 2034 tum,
1096 1978 1165 2021 cum
1187 1957 1318 2022 baberet
1338 1958 1416 2022 baec
1438 1977 1526 2024 reste

163 2051 291 2136 publice
303 2053 482 2127 Luscinos,
506 2051 681 2126 Calatinos,
701 2051 867 2127 Acidinos,
888 2051 1034 2146 homines
1046 2071 1112 2117 non
1127 2053 1229 2116 solum
1243 2052 1415 2118 bonoribus
1433 2074 1490 2139 po-

163 2146 230 2230 puli
251 2147 410 2230 rebusque
433 2147 547 2228 gestis,
570 2165 680 2209 rerum
702 2147 796 2210 etiam
817 2147 970 2230 patientia
990 2147 1182 2230 paupertatis
1197 2153 1340 2222 ematos,
1362 2154 1395 2210 et
1412 2155 1489 2221 tum,

164 2259 237 2304 cum
258 2248 348 2305 erant
373 2240 525 2315 Catones,
553 2239 649 2315 Phili,
679 2240 796 2316 Laelii,
821 2259 957 2324 quorum
978 2241 1163 2325 sapientiam
1183 2239 1489 2324 temperantiamque

164 2332 199 2395 in
231 2334 369 2416 publicis
397 2333 608 2418 privatisque,
639 2333 818 2398 forensibus
847 2333 1088 2418 domesticisque
1117 2333 1212 2398 rebus
1236 2334 1488 2418 perspexeratis,

167 2435 273 2492 tamen
294 2427 426 2492 huiusce
447 2427 533 2491 modi
555 2447 605 2491 res
628 2428 793 2492 commissa
813 2429 931 2491 nemini
954 2434 1017 2504 est,
1040 2437 1076 2492 ut
1096 2428 1179 2492 idem
1201 2428 1528 2498 iudicaretetven-ao

166 2520 255 2586 deret
283 2529 316 2586 ct
345 2523 408 2586 hoc
428 2521 548 2586 faceret
568 2542 627 2605 per
647 2523 898 2606 quinquennium
920 2529 987 2585 toto
1012 2523 1045 2584 in
1068 2522 1143 2586 orbe
1163 2529 1317 2587 terrarum
1340 2523 1489 2607 idemque

163 2635 255 2700 agros
277 2617 447 2700 vectigales
470 2615 579 2699 populi
602 2617 733 2680 Romani
755 2617 950 2682 abalienaret
971 2625 1017 2694 et,
1040 2639 1111 2682 cum
1133 2639 1285 2682 summam
1306 2625 1412 2682 tantm
1434 2637 1490 2700 pe·

163 2711 274 2775 cunme
295 2709 385 2775 ntrlio
408 2717 488 2773 teste
512 2709 571 2773 sibi
592 2711 662 2793 ipse
684 2731 724 2773 ex
746 2731 804 2776 sua
824 2713 986 2776 voluntate
1007 2712 1149 2788 iecisset,
1170 2719 1239 2776 tum
1253 2712 1390 2796 denique
1405 2731 1489 2775 eme·

161 2811 211 2868 ret
230 2827 249 2870 a
271 2804 388 2890 quibus
409 2803 507 2868 vellet
528 2804 615 2887 quod
630 2803 799 2868 videretur.
841 2803 893 2868 65.
918 2806 1108 2870 Committite
1130 2825 1216 2869 nunc
1240 2826 1313 2882 ros,
1334 2807 1488 2883 Quirites,

162 2898 213 2963 bis
234 2897 416 2964 bominibus
437 2897 517 2961 baec
532 2899 654 2973 omnia,
676 2919 757 2981 quos
772 2898 898 2964 odorari
912 2899 996 2964 hunc
1009 2900 1254 2964 decemviratum
1269 2900 1488 2985 suspicamini:
1498 2919 1527 2968 so

163 2995 329 3077 reperietis
350 2999 471 3076 partem
494 3011 563 3056 esse
586 3012 711 3068 corum,
734 2993 848 3077 quibus
870 2995 911 3058 ad
931 2994 1128 3070 babendum,
1149 3002 1285 3080 putem,
1311 2993 1426 3078 quibus
1448 2993 1488 3058 ad

163 3088 414 3152 consumendum
437 3085 516 3149 nibil
538 3087 614 3151 satis
636 3107 706 3150 esse
726 3087 880 3151 rideatur.

246 3183 347 3245 XXV.
368 3181 429 3244 Hic
450 3200 509 3262 ego
529 3181 591 3244 iam
612 3181 707 3254 iliud,
731 3183 816 3264 quod
840 3182 1110 3267 expeditissimum
1133 3189 1197 3257 est,
1218 3201 1260 3245 ne
1276 3182 1402 3266 disputo
1418 3182 1490 3265 qni·

163 3273 252 3351 dem,
277 3273 427 3351 Quirites,
448 3293 514 3336 non
536 3293 607 3338 csse
628 3272 710 3336 banc
730 3275 822 3337 nobis
840 3295 860 3338 a
875 3275 1045 3339 maioribus
1063 3275 1204 3340 relictam
1218 3273 1488 3350 consuetudinem,

162 3375 198 3431 ut
219 3374 364 3432 emantur
385 3367 452 3450 agri
474 3385 493 3430 a
513 3366 661 3449 privatis,
685 3385 748 3449 quo
771 3367 879 3451 plebes
894 3367 1017 3452 publice
1032 3369 1220 3447 deducebam
1243 3369 1389 3432 omuibus
1411 3369 1525 3452 legi-eo

142 3463 220 3525 .bus
248 3461 333 3545 agris
361 3459 498 3545 publicis
524 3460 663 3545 privatos
686 3480 755 3524 esse
778 3461 948 3539 deductos3
972 3461 1211 3546 huiuscemodi
1232 3481 1284 3527 me
1305 3462 1425 3546 aliquid
1448 3461 1487 3527 ab

161 3555 223 3620 hoc
251 3553 380 3618 borritb
411 3574 446 3619 ac
472 3561 560 3618 truce
589 3554 714 3618 tribuno
741 3555 841 3639 plebis
864 3561 1080 3641 exspectasse:
1107 3556 1189 3623 bane
1211 3577 1287 3622 vero
1309 3555 1435 3622 emendi
1457 3563 1489 3621 et

161 3648 320 3714 vendendi
348 3648 658 3733 quaestuosissimam
679 3668 716 3712 ac
744 3650 956 3733 turpissimam
977 3659 1184 3716 mercaturam
1206 3651 1342 3716 alienam
1364 3652 1487 3715 actione
1587 3683 1592 3688 ·

162 3744 343 3819 tribunicia,
375 3744 511 3809 alienam
540 3743 692 3828 dignitato
718 3744 827 3828 populi
858 3745 991 3808 Romani
1020 3764 1143 3830 semper
1164 3745 1282 3829 putari.
1324 3742 1375 3808 66.
1397 3745 1489 3808 lubet

161 3857 254 3923 agros
276 3837 348 3904 cmi.
384 3838 521 3902 Primum
547 3857 682 3922 quaero,
704 3859 786 3922 quos
801 3857 891 3922 agros
907 3845 940 3902 et
953 3839 1070 3924 quibus
1082 3839 1116 3902 in
1130 3839 1235 3904 locist
1258 3839 1338 3904 Nolo
1355 3859 1524 3923 suspen-as

162 3952 229 3999 sam
260 3939 293 3998 et
320 3933 472 3998 incertam
500 3930 625 4014 plebem
653 3931 825 3996 Romanam
853 3933 985 3998 obscura
1006 3952 1062 4017 spe
1084 3941 1116 3998 et
1136 3953 1230 3998 caeca
1251 3932 1487 4018 exspectatione

161 4014 484 4119 pendere.(dlbonus
512 4043 586 4119 affice
602 4031 671 4120 est,
705 4025 848 4102 Setinus,
878 4026 1058 4103 Privernas,
1090 4026 1279 4103 Fundanus,
1311 4027 1485 4103 Vescinus,
1596 4015 1657 4110 ιβ,
1673 4017 1698 4099 ,’“’

225 4367 250 4417 4.
268 4369 305 4418 est
321 4367 353 4417 L:
371 4364 403 4416 tit
420 4364 511 4416 ceteri.
537 4361 576 4414 Ci.
594 4361 762 4428 Wesenberg
779 4361 813 4414 ed
830 4375 869 4413 or.
886 4358 1174 4427 prosequuta·
1192 4361 1217 4412 b.
1233 4363 1436 4424 praetereuntem
1446 4362 1488 4423 stt;
1570 4381 1571 4384 ¹

162 4451 244 4491 maes
259 4440 445 4492 Leuredenus:
468 4441 689 4503 praeteruectus:
712 4440 753 4490 scd
769 4451 851 4490 omnes
867 4435 980 4491 Erat.
1004 4435 1043 4488 Ci.
1062 4448 1117 4487 var.
1137 4435 1197 4488 lect.
1216 4437 1259 4487 111.
1278 4437 1302 4502 5.
1320 4437 1345 4490 8.
1365 4463 1392 4473 -
1411 4439 1436 4488 7.
1454 4437 1489 4488 od

161 4515 398 4568 euroaustrum
419 4544 446 4553 -
471 4516 495 4567 9.
514 4516 580 4580 quod
596 4516 726 4566 matoes·
743 4515 807 4576 Em
820 4514 895 4577 quod
913 4513 1052 4563 decumano
1067 4511 1099 4572 F;
1125 4523 1173 4575 quo
1190 4513 1321 4564 dememm
1336 4514 1367 4564 Α.
1393 4511 1489 4563 Emen-

162 4587 233 4640 davit
247 4589 395 4654 Naugerius
412 4591 439 4642 in
457 4590 500 4642 ed.
518 4589 620 4642 Aldina.
641 4617 668 4628 -
695 4591 735 4642 to.
755 4589 870 4654 Quirites]
888 4601 967 4650 quare
983 4589 1010 4638 F.
1031 4615 1058 4623 -
1079 4587 1168 4639 Vellem
1183 4589 1333 4641 Ernestius:
1351 4587 1425 4639 celtu
1440 4586 1488 4638 EF

161 4661 243 4719 soe.
270 4664 308 4716 Cf.
328 4664 362 4717 de
380 4667 436 4718 tota
451 4665 502 4719 bec
520 4667 699 4718 enuntiatione
715 4663 882 4728 Wesenberg
898 4662 915 4712 l.
934 4661 950 4714 l.
970 4677 996 4728 p.
1014 4661 1055 4714 48.
1076 4689 1102 4699 -
1122 4664 1163 4714 tt.
1181 4664 1200 4713 ii
1217 4677 1271 4715 orn.
1284 4665 1311 4715 F.
1332 4692 1360 4702 -
1376 4663 1490 4713 sideritis

161 4736 223 4801 Ei'3
240 4739 330 4791 addetis
345 4741 374 4793 P.
395 4768 423 4779 -
442 4743 482 4796 43.
497 4743 662 4807 pannosum
677 4743 710 4804 E;
725 4742 868 4805 permittitis
885 4739 940 4789 FP.
958 4763 986 4773 —
1006 4737 1047 4788 48.
1064 4737 1275 4802 praesagantur:
1291 4737 1397 4802 philippi
1413 4737 1489 4787 EFP

162 4813 218 4868 Ab.
244 4814 282 4868 Gi.
302 4827 352 4882 pro
368 4817 478 4871 Murena
496 4819 521 4884 5.
540 4819 579 4870 66.
601 4846 628 4855 -
646 4819 688 4871 2⁰.
706 4819 796 4870 antaeo
812 4817 847 4879 Ε;
870 4814 992 4880 pertatem
1008 4812 1189 4866 Lauredanns.
1213 4841 1240 4850 -
1265 4815 1307 4865 22.
1320 4809 1489 4876 exequitati

164 4887 221 4939 rt.
242 4917 270 4927 -
288 4887 329 4942 ii.
348 4904 415 4943 naue
429 4906 473 4945 vos
489 4894 524 4944 E:
541 4906 586 4944 uos
600 4907 667 4944 ausc
684 4887 825 4945 FALtO.
846 4919 872 4928 -
890 4889 932 4941 25.
950 4890 1056 4940 αᾱοναή
1071 4889 1156 4940 EFP.
1171 4917 1199 4928 -
1217 4889 1258 4942 28.
1277 4886 1490 4948 estwesenoerg

165 4962 205 5028 (ad
222 4976 261 5015 or.
281 4977 330 5032 pro
348 4967 432 5020 Sestio
450 4981 477 5033 p.
495 4967 562 5030 ibt:
580 4967 612 5019 eit
629 4969 719 5019 ceteri.
739 4992 766 5004 -
791 4967 833 5019 29.
851 4965 921 5017 cobis
937 4963 1027 5017 EFT:
1045 4964 1113 5016 oobte
1129 4962 1215 5020 420.
1236 4991 1264 5002 -
1289 4963 1329 5015 30.
1344 4961 1426 5026 pates
1441 4959 1489 5011 EF

164 5037 255 5092 GPA:
270 5039 340 5105 ploos
356 5053 419 5094 cum
436 5041 480 5094 ed.
498 5039 593 5096 Aldina
610 5041 695 5098 [80.
720 5041 758 5094 Ci.
778 5042 801 5108 ἓ.
815 5041 855 5094 66.
869 5067 897 5077 -
916 5041 1071 5092 deducantur
1087 5041 1171 5092 EFP.
1186 5068 1213 5078 -
1233 5040 1273 5091 34.
1291 5038 1363 5104 apris
1374 5033 1489 5102 publicis]

165 5111 213 5165 rel.
230 5116 259 5167 io
274 5129 351 5182 cerm
362 5117 489 5182 multem»
505 5131 559 5184 mg.
577 5113 604 5172 t.
623 5142 652 5155 -
677 5117 717 5170 34.
735 5117 803 5169 tabet
817 5117 879 5168 EF:
902 5116 978 5168 Lubet
993 5118 1025 5179 P;
1049 5115 1118 5168 Libet
1132 5113 1248 5172 4420.
1267 5139 1295 5151 -
1314 5111 1355 5163 37.
1375 5111 1490 5164 Vescinus

165 5187 207 5242 ed.
224 5189 312 5247 wald.
331 5203 356 5247 a.
373 5190 452 5250 etto:
469 5194 575 5262 (emices
590 5193 623 5258 Fa
641 5192 744 5260 tuticus
758 5193 793 5254 1²3
808 5191 912 5258 settim
927 5193 960 5256 E3
982 5189 1191 5247 Vertissem.
