3684 5862
318 441 362 510 36
417 525 423 532 ,
614 443 766 511 ORATIO
787 444 866 511 PRO
890 443 980 512 SEX.
1001 443 1148 511 ROSCIO
1169 443 1353 512 AllERINO

319 613 450 700 gerendi
476 619 667 700 potestatem
694 615 781 680 solus
808 615 939 692 habeat,
967 637 1039 682 cum
1061 635 1170 682 omnes
1192 617 1226 680 ia
1246 635 1346 681 unum
1368 620 1528 700 spectent,
1554 633 1639 678 nnus

319 710 427 774 omnia
452 709 621 794 guhemet,
650 731 722 775 cum
751 717 798 774 tot
819 713 980 796 tantisque
1002 711 1137 796 negotiis
1159 711 1315 776 distentus
1338 711 1394 786 sit,
1424 717 1460 774 ut
1480 710 1639 794 respirare

316 802 416 868 libere
437 824 504 868 non
517 805 633 889 possit,
656 806 684 869 si
697 805 819 890 aliquid
833 825 900 869 non
913 806 1158 880 animadvertat,
1181 825 1253 868 cum
1267 806 1454 890 praesertim
1467 812 1533 869 mm
1546 805 1639 868 multi

316 899 559 981 occupationem
581 900 650 962 eius
672 900 840 964 observent
861 907 1051 985 tempusque
1065 907 1278 984 aucupentur,
1299 906 1352 973 ut,
1373 899 1566 985 simulatque
1584 898 1639 961 ille

291 993 513 1077 odespexerit,
535 993 658 1078 aliquid
679 994 900 1059 huiuscemodi
922 995 1102 1060 moliantur.
1144 995 1216 1057 Huc
1238 993 1378 1069 accedit,
1401 994 1505 1078 quod,
1528 1011 1639 1078 quam

314 1087 363 1152 vis
384 1088 439 1152 ille
459 1088 539 1151 ielix
560 1089 618 1164 sit,
641 1089 724 1152 sicut
745 1095 807 1166 est,
830 1089 936 1154 tamen
959 1085 1015 1174 [in]
1039 1095 1127 1152 unta
1148 1087 1300 1152 felicitate
1321 1107 1416 1152 nemo
1437 1093 1639 1172 potestesse,

313 1183 349 1246 in
370 1203 486 1268 magna
505 1183 627 1248 familia
648 1185 704 1268 qui
725 1184 885 1249 neminem
906 1204 1011 1269 neque
1033 1202 1160 1246 servum
1174 1201 1281 1266 neque
1296 1182 1445 1246 libertum
1458 1181 1639 1265 improbum

176 1252 227 1343 ⁸.
312 1276 439 1342 haheat.
475 1274 526 1341 23.
548 1279 673 1342 Interea
686 1279 747 1344 iste
762 1281 799 1342 Τ.
813 1280 963 1355 Roscius,
984 1279 1035 1342 vir
1049 1278 1205 1360 optimus,
1227 1284 1414 1360 procurator
1430 1275 1639 1359 Chrysogoni,

312 1373 474 1436 Ameriam
495 1373 599 1449 veuit,
627 1374 662 1437 in
683 1376 814 1458 praedia
833 1375 929 1439 huius
950 1363 1088 1448 invadit,
1119 1373 1205 1435 hunc
1227 1372 1393 1446 miserum,
1423 1370 1512 1434 lnctn
1533 1369 1640 1454 perdi·

276 1473 396 1542 asum,
429 1467 487 1551 qui
511 1469 654 1532 nondum
683 1469 779 1532 etiam
810 1469 918 1533 omnia
938 1475 1071 1550 paterno
1092 1465 1196 1528 funeri
1218 1465 1302 1528 iusta
1324 1463 1486 1540 solvisset,
1518 1464 1640 1528 nudum

314 1561 402 1626 eiioit
427 1563 523 1626 domo
551 1569 648 1648 atque
677 1563 757 1626 locis
785 1565 897 1650 patriis
919 1564 1032 1646 disque
1054 1559 1222 1645 penatibus
1243 1559 1468 1643 praecipitem,
1498 1558 1621 1620 iudices
1628 1601 1639 1632 ,

313 1656 476 1733 extrahat,
497 1657 567 1740 ipse
588 1657 804 1742 amplissimae
825 1657 981 1742 pecuniae
1003 1653 1039 1720 iit
1059 1654 1218 1718 dominus.
1257 1654 1320 1730 Qui
1342 1653 1377 1716 in
1398 1670 1458 1716 sua
1477 1671 1512 1714 re
1525 1651 1641 1716 luisset

313 1752 553 1836 egentissimus,
575 1757 659 1826 erat,
680 1758 717 1814 nt
737 1746 788 1826 iit,
809 1751 951 1816 insoleus
973 1751 1008 1813 in
1029 1749 1141 1814 misna.
1169 1749 1271 1812 Multa
1283 1748 1389 1832 palam
1404 1748 1533 1810 domum
1548 1765 1639 1809 snam

311 1846 490 1921 auferebat,
511 1846 605 1929 plura
626 1847 708 1909 clam
729 1846 898 1910 demedio
919 1845 1118 1920 removebat3
1140 1864 1206 1907 non
1227 1863 1331 1927 pauca
1351 1843 1418 1906 suis
1439 1841 1638 1905 adiutoribus

274 1947 303 1996 ⁴⁶
311 1941 398 2025 large
420 1941 584 2024 effuseque
607 1940 761 2014 donabat,
789 1941 914 2025 reliqua
936 1941 1108 2004 constituta
1128 1939 1278 2002 auctione
1299 1937 1465 2003 vendebat.
1507 1935 1563 1998 ix.
1584 1932 1636 1999 at.

297 2011 406 2114 (Quod
426 2035 585 2100 Amerinis
607 2055 709 2119 usque
732 2054 771 2097 eo
793 2035 897 2097 visum
919 2042 968 2097 est
988 2033 1169 2116 indignum,
1191 2040 1228 2096 nt
1248 2031 1327 2096 urhe
1348 2039 1415 2096 tota
1428 2031 1522 2094 iletus
1538 2029 1636 2114 gemi-

83 2123 188 2240 „L
211 2137 227 2162 ²
310 2137 426 2215 tusque
448 2121 561 2216 fleretl
582 2129 709 2192 Etenim
738 2128 838 2192 multa
871 2128 1060 2191 simulante
1082 2128 1193 2191 oculos
1215 2128 1438 2214 versahantur:
1470 2145 1555 2189 mors
1576 2125 1636 2189 ho-

215 2206 224 2298 l
309 2225 405 2288 minis
418 2223 652 2298 florentissimi,
675 2223 750 2286 Sex.
764 2221 882 2297 Roscii,
905 2223 1137 2298 crudelissima,
1159 2219 1216 2285 lilii
1231 2230 1337 2286 autem
1353 2224 1422 2286 eius
1443 2213 1566 2314 egestas
1587 2221 1638 2284 in-

156 2289 171 2396 l
310 2319 514 2402 dignissima,
536 2317 589 2381 cni
610 2319 650 2381 de
672 2311 975 2400 tantB'patrinsonio
997 2318 1118 2401 praedo
1139 2317 1199 2380 iste
1220 2316 1361 2381 nefarius
1375 2336 1417 2380 ne
1431 2315 1498 2378 iter'
1506 2315 1636 2399 quidem

228 2485 234 2495 ι
271 2414 350 2477 toad
372 2413 578 2498 sepulchrum
590 2412 730 2496 patrium
744 2411 941 2497 reliquisset,
962 2412 1120 2476 honorum
1134 2412 1254 2498 emptio
1270 2412 1443 2495 flagitiosa,
1464 2409 1637 2493 possessio,

221 2496 228 2534 ³
308 2508 410 2585 turta,
432 2509 578 2592 rapinae,
601 2508 800 2571 donationes.
829 2509 931 2571 Nemo
952 2514 1028 2584 erat,
1051 2508 1108 2592 qui
1129 2528 1194 2571 non
1208 2507 1317 2570 ardere
1332 2507 1387 2570 illa
1406 2505 1515 2569 omnia
1528 2504 1636 2567 millet

309 2624 406 2689 quam
426 2605 535 2669 videre
556 2604 589 2666 in
605 2603 678 2666 Sex.
693 2602 817 2677 Roscii,
838 2602 1028 2686 viri‘optimi
1042 2610 1138 2686 atque
1152 2601 1388 2676 honestissimi,
1410 2599 1504 2663 honis
1518 2599 1638 2663 iactan-

187 2721 192 2734 ⁸
308 2705 374 2761 tem
396 2717 431 2762 so
445 2717 482 2762 ac
497 2699 713 2762 dominantem
728 2699 764 2760 Τ.
780 2697 940 2759 Roscium.
975 2693 1026 2760 25.
1047 2698 1160 2782 ltaque
1175 2697 1383 2760 decurionum
1398 2695 1560 2759 decretum
1574 2701 1638 2758 sta·

309 2791 367 2856 tim
381 2789 434 2867 lit,
456 2799 492 2856 ut
507 2793 617 2856 decem
631 2791 726 2876 primi
741 2790 985 2874 proficiscantur
1005 2791 1046 2854 ad
1062 2792 1097 2854 L.
1113 2774 1450 2875 Sullamq'doceantque
1466 2811 1556 2866 eum,
1580 2789 1636 2878 qui

131 2913 207 2965 4⁶..
271 2887 359 2950 sevir
387 2887 461 2950 Sex.
482 2887 617 2951 Roscius
648 2873 776 2967 fuerit)
795 2891 1033 2968 conquerantur
1059 2887 1099 2950 de
1125 2887 1260 2949 istorum
1290 2885 1409 2948 scelere
1431 2892 1463 2950 et
1491 2883 1635 2958 iniuriis,

310 2987 416 3056 orent,
437 2988 474 3044 ut
496 2989 528 3044 et
548 2980 637 3043 illius
659 2980 776 3043 mortui
797 2979 914 3043 famam
937 2987 969 3044 et
989 2977 1046 3044 filii
1067 2981 1247 3044 innocentis
1268 2981 1412 3044 fortunas
1433 2983 1634 3044 conservatas

308 3075 396 3139 velit
432 3077 537 3161 Atque
559 3075 665 3158 ipsum
687 3075 864 3151 decretum,
893 3094 1032 3158 quaeso,
1061 3076 1253 3158 cognoscite.
1289 3076 1465 3140 Dscnsruu
1485 3092 1636 3138 oacumo-

308 3187 384 3232 ruas.
420 3169 531 3253 Legati
552 3168 588 3232 in
609 3177 712 3234 castra
732 3171 874 3234 veniunt.
909 3170 1117 3253 Intelligitur,
1148 3171 1289 3244 iudices,
1311 3170 1345 3232 id
1367 3170 1453 3253 quod
1475 3168 1539 3232 iam
1560 3175 1635 3232 ante

309 3262 394 3339 dixi,
415 3264 618 3347 imprudente
639 3265 676 3328 L.
692 3264 781 3329 Sulla
802 3265 923 3330 scelera
935 3265 1016 3354 haec
1031 3273 1063 3329 et
1076 3261 1196 3347 flagitia
1210 3261 1288 3328 lieri.
1320 3264 1400 3326 Nam
1415 3262 1521 3326 statim
1537 3259 1637 3346 Chry-

374 3443 398 3493 t.
416 3440 490 3506 uass]
512 3441 579 3494 sotus
594 3443 645 3495 lli.
666 3467 693 3478 -
712 3441 736 3494 4.
754 3443 791 3510 ut]
810 3448 833 3494 ct
850 3445 878 3494 G.
894 3470 922 3481 -
940 3445 965 3495 5.
982 3443 1121 3507 reapseesit
1136 3443 1193 3505 nit,
1216 3441 1276 3493 cod.
1296 3443 1368 3492 laun.
1388 3439 1472 3506 (moui
1490 3445 1565 3502 mque
1584 3439 1636 3490 olio

307 3517 445 3580 amerit
461 3516 530 3568 coni.
549 3519 578 3570 R.
597 3518 796 3581 Boemoraeus.)
816 3543 843 3554 -
861 3519 1001 3570 hoiconis·
1017 3531 1043 3570 v.
1065 3545 1093 3556 -
1114 3518 1374 3569 amioum-siout
1388 3519 1424 3568 est
1439 3527 1493 3566 orn.
1511 3517 1542 3566 o.
1562 3541 1590 3554 —
1609 3516 1633 3566 6.

307 3590 379 3656 aad]
389 3595 419 3641 ut
429 3593 457 3642 L.
473 3615 500 3629 —
520 3593 549 3642 io
559 3590 705 3644 delendum
716 3605 776 3645 esse
789 3591 881 3644 Lamb.
894 3595 1038 3660 perspexit.
1054 3621 1082 3630 -
1100 3594 1181 3660 toruo]
1193 3593 1242 3642 iste
1252 3593 1313 3656 Lag.
1328 3594 1352 3642 4.
1367 3619 1394 3628 -
1413 3603 1475 3653 esse,
1493 3591 1521 3640 ia
1531 3589 1635 3655 mopso]

307 3666 347 3718 elo
362 3667 465 3732 primus
482 3667 544 3718 Ern.
562 3669 776 3734 interpunxit·
794 3668 819 3718 7.
838 3670 882 3732 pai
899 3682 952 3720 om.
966 3670 1001 3729 G,
1020 3670 1081 3732 peso
1097 3669 1203 3733 lLagg.
1217 3694 1246 3705 -
1265 3679 1362 3719 moso
1377 3668 1438 3731 Lag.
1451 3666 1493 3718 tl.
1508 3691 1536 3704 -·
1554 3677 1635 3729 nepus

263 3749 268 3758 ·
307 3754 361 3792 om.
386 3743 447 3806 Lag.
465 3743 508 3794 26.
528 3770 556 3780 -
580 3744 685 3795 titensa
703 3745 754 3806 lit,
772 3759 801 3804 χ.
821 3771 849 3781 -
872 3745 896 3795 8.
914 3745 960 3794 isio
975 3757 1029 3796 om.
1049 3745 1077 3795 T.
1098 3771 1125 3780 -
1149 3743 1185 3808 Τ]
1205 3743 1239 3793 li.
1257 3743 1308 3804 lit,
1326 3741 1400 3806 quod
1416 3741 1509 3792 vitium
1525 3741 1633 3808 saepius

306 3815 397 3867 hahet.
418 3843 446 3855 -
465 3817 489 3868 9.
507 3818 607 3869 Musca
623 3820 684 3882 Lag.
702 3817 743 3869 43.
764 3844 793 3855 -
808 3819 935 3881 pesitus
951 3821 1015 3869 Ge:
1038 3821 1165 3882 prestun
1180 3819 1274 3883 Μχψ
1285 3830 1329 3868 sc
1346 3819 1373 3867 et
1388 3815 1488 3880 aliquot
1504 3815 1582 3881 Lagg.
1604 3842 1633 3852 -

307 3893 348 3944 40.
366 3893 453 3943 cossio
468 3905 522 3944 om.
541 3907 556 3944 c
572 3906 635 3944 cum
651 3892 752 3958 aliquot
768 3893 846 3945 codd.
866 3897 896 3945 ut
910 3894 1031 3956 videtur,
1049 3894 1075 3945 id
1093 3893 1165 3958 quod
1180 3906 1264 3945 unum
1274 3905 1369 3944 verum
1386 3903 1447 3944 esse
1458 3891 1633 3942 Buechnerns

307 3965 422 4030 probare
439 3969 551 4018 conatus
562 3971 617 4030 est;
636 3971 664 4020 at
674 3969 763 4020 firmat
773 3971 860 4021 omnio
870 3972 951 4022 etiam
962 3968 1048 4020 schol.
1063 3970 1159 4021 Lucani
1171 3969 1213 4019 ill.
1224 3969 1265 4020 67.
1279 3981 1306 4033 p.
1320 3968 1368 4019 686
1379 3966 1470 4030 weh,
1488 3967 1533 4033 qni
1544 3969 1635 4018 tamen

307 4041 383 4090 etism
393 4054 447 4094 om.
466 4041 505 4094 Ci.
519 4043 562 4094 Os.
577 4070 606 4084 -
625 4045 667 4095 44.
679 4045 749 4095 eiecit
763 4046 881 4107 (illac,
899 4045 914 4098 4
927 4047 989 4096 011.
1004 4047 1032 4096 et
1042 4043 1141 4109 aliquot
1152 4045 1229 4108 Lagg.
1243 4043 1340 4108 (ortum
1351 4056 1384 4094 ex
1394 4045 1486 4094 vetere
1503 4041 1635 4108 scriptura

306 4116 363 4166 sicit
378 4130 461 4181 prave
471 4119 582 4181 mutata,
600 4121 630 4170 nt
640 4119 757 4171 vicissim
770 4120 794 4184 5.
807 4121 848 4171 39.
865 4122 911 4171 01.
925 4122 945 4172 C
957 4121 1031 4171 obicit
1046 4119 1128 4170 habet
1143 4132 1192 4184 pro
1204 4117 1307 4180 obiecit).
1323 4141 1350 4155 —
1363 4117 1429 4168 siicit
1440 4117 1471 4167 de
1480 4116 1553 4168 domo
1562 4129 1589 4168 v.
1604 4143 1632 4152 —

306 4191 402 4253 supas
418 4192 564 4244 Gllvac.
586 4219 614 4230 -
629 4196 793 4258 praecipitem
808 4196 1004 4248 iudiceslivc:
1024 4186 1249 4246 adduntSea.vel
1266 4193 1372 4244 waso
1387 4193 1449 4243 ante
1465 4191 1633 4257 iasd.l0n.,

305 4265 412 4331 lLagg.
426 4270 454 4319 et
469 4281 495 4329 a,
513 4270 588 4321 cauus
605 4269 813 4336 interpolationis
829 4262 903 4336 origo
915 4285 947 4323 er
959 4272 981 4322 G
991 4273 1113 4336 apparet,
1132 4269 1177 4334 qui
1193 4267 1291 4319 habet:
1306 4267 1470 4330 proecipitem
1480 4266 1636 4320 induissem

306 4342 400 4393 what.
420 4343 458 4394 Ci.
473 4343 497 4408 S.
510 4345 536 4396 8.
547 4371 576 4382 -
596 4345 635 4398 43.
648 4347 676 4397 io
687 4347 772 4398 otono
782 4361 796 4398 a
807 4361 835 4410 o,
853 4351 930 4399 Aras.
943 4347 1022 4399 llese.
1034 4359 1061 4411 p.
1073 4344 1117 4397 tlt
1134 4341 1219 4394 hlud:
1237 4343 1265 4393 iss
1275 4343 1384 4393 alimum
1396 4342 1490 4407 tilla,
1509 4343 1634 4394 60¹1.-

305 4417 334 4467 iss
349 4416 450 4467 mosius
465 4419 495 4468 G.
516 4445 544 4454 -
567 4419 607 4472 44.
626 4421 746 4486 egomet
761 4423 811 4474 lia.
833 4449 861 4458 -
880 4423 920 4473 ii.
939 4423 1014 4486 emus
1028 4426 1086 4471 suot
1102 4418 1212 4470 onmes
1227 4420 1257 4468 G.
1277 4444 1305 4454 -
1330 4417 1370 4468 ii.
1387 4419 1475 4482 west
1490 4419 1521 4469 G.
1542 4443 1570 4454 -
1588 4415 1630 4468 20.

305 4493 397 4556 crispus
415 4493 554 4558 popilioso,
572 4497 700 4563 possessio]
722 4498 813 4561 evoptio
832 4498 974 4564 nemauso,
995 4497 1122 4564 flagitiose
1134 4493 1253 4556 possessio
1270 4491 1445 4544 ilemmianus
1465 4490 1587 4544 Lambini
1607 4491 1635 4542 et

305 4567 418 4619 tortasse
441 4566 541 4632 aliquot
559 4570 648 4637 lagg..
670 4575 706 4634 03
728 4574 819 4636 emptio
834 4574 975 4638 flagitioso,
996 4572 1124 4623 malitioso
1136 4581 1202 4631 poss.
1221 4568 1290 4618 coni.
1311 4567 1492 4619 Buechnerus.
1520 4565 1635 4628 Quidam

307 4642 396 4708 (etium
408 4643 432 4705 a)
450 4641 612 4709 distinguere
624 4646 789 4699 maluerunt:
808 4647 929 4700 bosom
939 4649 1040 4712 eruptio,
1057 4647 1186 4712 stopitimo
1197 4656 1280 4706 poss.;
1298 4645 1326 4693 at
1335 4655 1361 4693 v.
1375 4640 1452 4694 orell.
1466 4643 1498 4708 (4)
1510 4645 1539 4694 et
1553 4643 1632 4707 impr.

306 4715 405 4769 osenb.
424 4730 451 4782 p.
471 4717 503 4768 49
519 4731 579 4785 sqq.
599 4747 627 4757 -
649 4722 690 4773 it.
710 4723 855 4775 masticem
871 4737 924 4776 om.
944 4724 1001 4775 HS.
1022 4750 1050 4760 -
1073 4721 1163 4772 ordeo
1179 4719 1225 4769 ilio
1240 4719 1326 4769 oaoio
1341 4718 1494 4770 Rufinianus
1512 4717 1546 4782 (fi.
1565 4715 1632 4780 atil:

306 4805 360 4844 om.
378 4792 424 4842 itio
441 4791 520 4844 codd.
539 4793 648 4846 Tulliani
664 4799 692 4848 et
708 4799 737 4849 0.
765 4799 880 4851 «Rursus
897 4811 930 4850 er
947 4798 1093 4862 archetypo
1113 4793 1192 4846 codd.
1210 4796 1364 4845 nostrorum
1380 4793 1479 4846 excidR
1492 4803 1569 4858 pron.
1587 4801 1634 4841 ne·

305 4869 467 4932 cessarium,
492 4881 545 4934 quo
567 4870 666 4922 omisso
684 4870 839 4936 ambiguum
856 4873 898 4936 ot,
919 4875 1009 4925 unum
1025 4873 1077 4923 hoc
1093 4871 1183 4936 ipsum
1199 4867 1289 4920 dicere
1306 4867 1436 4921 voluerit:
1461 4869 1552 4920 orden
1567 4865 1634 4918 sona

304 4943 333 4995 S.
350 4944 446 5006 Roscii,
465 4955 499 4995 an
516 4944 596 4996 nimia
607 4945 773 5010 hyperbole:
792 4949 877 4999 musio
891 4949 990 5000 mucoso·
1005 4953 1080 5010 atque
1092 4944 1265 5010 parsuros.»
1277 4946 1322 4996 Or.
1335 4946 1360 4998 2.
1375 4972 1404 4982 -
1421 4943 1464 4997 22.
1476 4942 1549 4996 Samii
1560 4943 1589 4994 ti.
1601 4967 1630 4978 -

304 5018 346 5071 ii.
364 5019 398 5084 sc]
420 5031 472 5072 sese
486 5020 549 5084 Lag.
569 5019 611 5070 40.
630 5043 659 5057 -
677 5019 719 5072 ai.
738 5021 845 5086 Suaom]
862 5025 901 5076 sio
917 5024 945 5075 h.
962 5023 980 5074 i.
999 5023 1065 5075 (ilii
1087 5025 1114 5097 et
1129 5019 1208 5086 paulo
1223 5022 1331 5074 interius
1347 5021 1428 5073 Suis.
1448 5045 1478 5059 -
1495 5019 1537 5073 it.
1554 5021 1584 5070 ut
1599 5017 1631 5083 st]

304 5097 446 5148 duda.
467 5121 495 5134 -
519 5095 562 5148 47.
583 5095 710 5146 dmrstuos
729 5097 890 5148 dmssiossum
912 5098 1021 5158 om.C;
1048 5098 1172 5148 demeasm
1190 5097 1297 5149 dcciiii.
1318 5093 1579 5160 -saupeacz
1602 5095 1634 5146 ast

249 5217 251 5226 .
305 5169 373 5233 quod
389 5169 541 5234 Gelliam
557 5169 597 5225 osi
612 5171 679 5237 gssod
693 5183 729 5236 x;
748 5173 814 5237 quod
829 5173 888 5226 lia.
915 5173 954 5226 ci.
972 5187 1000 5240 p.
1018 5173 1092 5226 Font.
1111 5171 1136 5238 5.
1153 5171 1203 5226 ⁴6:
1220 5172 1248 5225 id
1263 5171 1329 5236 meod
1344 5171 1500 5226 amasus.
