3578 5862
474 431 548 499 cn.
569 428 891 498 xxm-xxxiv.
918 426 974 514 sc
995 423 1143 494 sr-oa.
1315 494 1325 514 ‚
1408 417 1471 484 ces

155 621 330 686 agrumque
359 602 478 668 civibus
500 601 708 676 ademissent,
736 609 841 666 tamen
866 619 932 664 non
953 597 1078 674 defore,
1108 597 1164 682 qui
1191 595 1246 662 illa
1272 595 1476 658 restituerent

155 703 251 780 atque
268 690 346 778 [qui]
362 697 468 760 omnia
482 705 555 760 ante
570 701 805 770 commutarent,
828 713 923 778 wem
937 714 995 758 nos
1010 694 1117 758 audire
1132 709 1314 775 possemus:
1334 687 1386 752 hic
1399 705 1475 750 vero

155 791 189 856 in
212 789 312 852 oculis
334 796 464 853 senatus
484 789 660 873 populique
674 789 808 853 Romani
828 787 908 852 nihil
924 806 1019 871 posse
1034 788 1202 862 exsistere,
1224 784 1309 870 quod
1324 801 1388 847 non
1402 787 1475 844 anto

156 883 313 966 exstingui
342 890 439 967 atque
469 883 607 966 opprimi
638 890 762 966 posset,
795 902 891 967 quam
912 882 1006 965 plane
1027 888 1173 946 exortum
1193 900 1230 943 ac
1251 885 1360 942 natum
1381 882 1474 938 esset.

154 980 267 1060 Neque
294 997 370 1040 vero
400 996 438 1040 ea
465 997 517 1040 res
545 975 658 1040 ieiellit
677 977 823 1042 homines
845 976 952 1040 divina
972 982 1077 1040 mente
1100 981 1133 1040 et
1153 973 1282 1038 consilio
1304 968 1499 1053 praeditose

155 1072 235 1134 Nam
256 1077 330 1153 post
351 1071 390 1147 Q.
405 1071 551 1135 Fulvium
573 1072 612 1148 Q.
627 1071 758 1134 Fabium
780 1070 945 1154 consides,
967 1070 1083 1153 quihus
1102 1067 1285 1133 oonsulibus
1300 1065 1407 1147 Capua
1421 1063 1476 1126 de·
1630 1049 1649 1146 ζ

155 1165 236 1228 victa
261 1171 359 1248 atque
387 1171 479 1248 capta
507 1173 571 1239 est,
598 1165 677 1229 nihil
704 1174 752 1230 est
772 1165 806 1228 in
827 1164 882 1228 illa
903 1162 981 1227 urhe
1004 1170 1114 1228 contra
1134 1162 1215 1226 hanc
1235 1179 1301 1225 rem
1322 1156 1476 1243 publicam

154 1279 220 1322 non
248 1258 320 1321 dico
347 1257 479 1333 iactum,
509 1259 565 1322 sed
592 1259 673 1322 nihil
701 1259 830 1322 omnino
853 1264 902 1322 est
922 1256 1099 1340 cogitatum.
1143 1255 1243 1320 Multa
1262 1259 1373 1336 postea
1391 1248 1477 1312 bella
1547 1296 1566 1378 Ζ

154 1360 243 1443 gesta
264 1373 335 1416 cum
357 1352 502 1434 regibus,
530 1353 695 1461 Philippo,
715 1351 889 1427 Antiocho,
918 1352 1029 1424 Persa,
1050 1349 1337 1432 Pseudophilippo,
1358 1343 1477 1407 Aristo·
1518 1355 1535 1451 ‘3

154 1447 242 1522 nico,
263 1446 444 1510 Mithridate
467 1453 498 1510 et
519 1453 646 1522 cetens;
668 1446 766 1510 multa
785 1454 949 1529 praeterea
962 1444 1047 1508 heila
1061 1443 1183 1526 gratim
1205 1438 1533 1522 Karthaginiensem)

155 1539 368 1614 Corinthium,
389 1541 633 1615 Numantinum
655 1539 772 1603 multae
794 1540 827 1603 in
849 1539 909 1604 hac
930 1558 964 1602 re
987 1536 1114 1620 puhlica
1131 1535 1306 1628 seditiones
1327 1517 1478 1596 omenti·
1506 1572 1513 1584 ι

155 1653 228 1707 cae,
250 1653 329 1716 quas
350 1634 584 1717 praetermitt03
613 1633 789 1698 bellacum
812 1635 923 1708 sociis,
944 1630 1180 1713 Fregellanum,
1201 1628 1384 1694 Marsicum:
1406 1625 1478 1708 qui·

154 1730 216 1792 hus
238 1727 384 1790 omnihus
406 1727 586 1794 domesticis
608 1728 811 1812 externisque
832 1727 926 1790 hellis
950 1726 1057 1808 Capua
1078 1745 1142 1788 non
1163 1723 1257 1788 modo
1279 1741 1343 1784 non
1365 1717 1478 1792 ohiuit,

155 1823 212 1888 sed
235 1821 533 1905 opportunissimam
555 1840 589 1885 se
611 1821 703 1888 nohis
724 1822 868 1905 praebuit
889 1822 981 1884 etad
1003 1819 1122 1883 hellam
1142 1816 1364 1883 instruendum
1385 1812 1477 1878 etad

156 1917 313 1980 exercitus
343 1914 501 1980 ornandos
529 1921 562 1978 ot
590 1916 681 1979 tectis
703 1935 740 1978 ao
761 1915 890 1978 sedibus
912 1915 977 1978 suis
999 1912 1208 1996 recipiendos.
1252 1905 1303 1972 94.
1323 1909 1477 1998 Homines
1486 1919 1515 1968 se

154 2030 222 2074 non
242 2010 368 2072 inerant
387 2008 420 2070 in
434 2009 528 2085 urhe,
550 2009 607 2092 qui
624 2008 714 2072 malis
729 2009 945 2084 contionibus,
968 2006 1158 2072 turbulentis
1173 2002 1478 2077 senatusconsultis,

155 2103 273 2187 iniquis
294 2101 435 2188 imperiis
457 2102 703 2184 rempublicam
725 2103 894 2168 miscerent
915 2110 947 2166 et
974 2122 1078 2165 rerum
1099 2121 1251 2164 novarum
1272 2117 1399 2162 causam
1421 2094 1479 2158 ali·

155 2215 250 2281 quam
280 2201 477 2280 quaererent
520 2198 631 2278 Neque
659 2197 742 2260 enim
773 2196 975 2260 contionandi
1002 2201 1143 2278 potestas
1165 2202 1231 2258 erat
1252 2193 1398 2277 cuiquam
1416 2208 1479 2254 nec

7 2357 10 2364 Δ
156 2292 280 2357 consilii
302 2291 451 2375 capiundi
472 2291 609 2375 puhlici3
640 2311 703 2355 non
725 2291 842 2374 gloriae
865 2291 1035 2374 cupiditate
1058 2289 1286 2364 efferebantur,
1312 2293 1479 2371 propterea

33 2449 42 2464 ,
156 2387 259 2471 quod,
281 2385 335 2448 uhi
356 2383 461 2448 hono's
482 2385 608 2468 publice
630 2406 693 2449 aon
716 2393 780 2461 est,
803 2385 848 2448 ibi
869 2385 988 2468 gloriae
1003 2385 1159 2468 cupiditas
1181 2403 1250 2448 esse
1271 2403 1337 2446 non
1358 2387 1516 2464 potestne

155 2501 221 2546 non
242 2479 465 2554 contentione,
486 2498 553 2542 non
574 2480 745 2542 ambitione
766 2478 940 2544 discordes.
972 2479 1056 2544 Nihil
1078 2480 1160 2542 enim
1183 2483 1346 2561 supererat
1360 2476 1399 2539 de
1414 2494 1478 2559 quo

155 2579 327 2648 certarent,
349 2572 429 2636 nihil
453 2572 540 2656 quod
562 2581 672 2637 contre
691 2580 852 2656 peterent,
874 2573 955 2636 nihil
969 2573 1024 2636 uhi
1039 2572 1238 2636 dissiderent.
1268 2572 1378 2655 ltaque
1392 2568 1479 2632 illam

156 2669 348 2749 Campanam
378 2674 576 2748 arrogantem
604 2675 700 2750 atque
727 2667 958 2730 intolerandam
978 2666 1129 2730 ferociam
1150 2666 1273 2732 ratione
1295 2673 1327 2730 et
1347 2662 1480 2728 oonsilio

155 2761 290 2826 maiores
319 2761 418 2824 nostri
446 2759 486 2822 ad
515 2761 739 2824 inertissimum
765 2779 803 2824 ac
824 2761 1111 2826 desidiosissimum
1131 2761 1231 2825 otium
1252 2758 1480 2843 perduxerunt

156 2856 209 2918 Sic
231 2861 262 2916 et
283 2853 478 2919 crudelitatis
499 2854 660 2918 infamiam
683 2855 879 2938 effugerunt,
902 2858 987 2940 quod
1008 2856 1118 2922 urhem
1141 2877 1182 2920 ex
1198 2855 1289 2920 ltalia
1309 2851 1517 2940 pulcherrim

3 2973 4 3010 1
60 2957 67 2962 '
155 2969 238 3012 mam
260 2968 323 3011 oon
345 2948 556 3022 sustulerunt,
579 2956 612 3012 et
632 2949 767 3013 multum
789 2950 823 3012 in
844 2955 1007 3032 posterum
1028 2952 1251 3034 providerunt,
1273 2949 1359 3032 quod
1373 2948 1479 3012 nervis

156 3042 301 3107 omnihus
329 3042 407 3105 urhe
435 3045 570 3107 exsectis
591 3043 701 3106 urbem
722 3045 824 3126 ipsam
846 3045 979 3108 solutam
1001 3065 1037 3108 ac
1059 3044 1252 3110 debilitatam
1272 3044 1479 3128 reliquerunt.

157 3137 303 3199 XXXIV.
324 3133 376 3198 92.
398 3137 485 3200 llaec
505 3137 638 3199 consilia
659 3137 810 3201 maiorum
832 3140 873 3201 ll.
895 3140 1007 3212 Bruto,
1032 3145 1068 3201 ut
1089 3144 1182 3202 antea
1203 3139 1287 3213 dixi,
1309 3136 1480 3221 reprehen-

158 3229 263 3294 denda
286 3225 331 3312 [et
351 3231 384 3292 P.
407 3225 511 3312 liullo]
535 3231 601 3294 risa
623 3237 712 3306 suut,
735 3251 840 3312 neque
862 3241 910 3306 te,
932 3234 965 3295 P.
987 3232 1095 3307 Rulle,
1125 3233 1231 3298 omina
1253 3233 1308 3296 illa
1328 3231 1370 3294 hl.
1392 3230 1479 3292 Bruti

157 3331 253 3407 atque
276 3323 418 3406 auspicia
439 3343 458 3386 a
480 3323 573 3386 simili
594 3322 701 3386 furore
724 3325 892 3418 deterrent.
935 3328 1015 3390 Nam
1036 3327 1174 3411 etipse,
1204 3328 1258 3410 qui
1280 3324 1426 3399 deduxit,
1448 3331 1516 3388 etto

157 3419 212 3501 qui
240 3418 455 3499 magistratum
485 3417 610 3501 Capuae
638 3416 694 3480 illo
717 3426 844 3482 creante
866 3427 1034 3503 ceperunt,
1063 3427 1094 3482 et
1118 3421 1174 3504 qui
1196 3421 1334 3503 aliquam
1357 3424 1479 3502 partem

157 3512 244 3576 illias
267 3510 485 3586 deductionis,
512 3509 660 3585 honoris,
683 3514 821 3576 muneris
844 3514 1029 3597 attigerunt,
1052 3533 1162 3578 omnes
1184 3513 1401 3578 acerbissimas
1422 3513 1480 3575 im·

157 3607 282 3690 piorum
304 3624 425 3688 poenas
447 3606 654 3687 pertulerunt.
697 3606 736 3668 Et
758 3609 910 3690 quoniam
931 3609 1018 3671 Bruti
1040 3615 1134 3692 atque
1155 3608 1242 3671 illius
1256 3604 1480 3691 temporisieci

157 3700 369 3773 mentionem,
399 3700 650 3762 commemorabo
677 3699 728 3775 id,
757 3700 843 3784 quod
873 3708 998 3784 egomet
1023 3702 1105 3778 vidi,
1135 3723 1205 3766 cum
1234 3701 1393 3765 venissem
1424 3699 1480 3764 Ca·

157 3814 270 3878 paam,
292 3793 450 3890 coloniam
473 3793 640 3859 deductam
661 3793 696 3856 L.
720 3793 870 3859 Considio
893 3802 925 3858 et
947 3795 1021 3860 Sex.
1043 3795 1157 3873 Saltio,
1180 3815 1274 3880 quem
1296 3795 1336 3860 ad
1351 3794 1518 3860 medunco

222 4021 247 4072 Ξ.
266 4025 341 4084 mque
357 4019 408 4084 qus]
425 4023 500 4081 etque
510 4031 564 4082 mg.
581 4017 606 4072 t.
621 4046 648 4056 -
667 4021 752 4070 omnio
768 4026 827 4072 coto
842 4021 877 4072 E:
896 4026 955 4072 onte
970 4021 1056 4072 omnio
1071 4015 1212 4072 FALilO.
1227 4047 1254 4056 —
1273 4021 1482 4074 cosumuoitoeent

157 4097 213 4148 EF.
234 4120 262 4132 -
286 4094 311 4147 4.
330 4101 390 4146 esset
409 4108 463 4147 om.
481 4096 567 4146 EFA.
593 4095 699 4146 Addidit
714 4098 770 4147 Nic.
788 4095 920 4159 Angelius.
944 4122 971 4132 -
995 4097 1020 4147 6.
1039 4097 1083 4148 Cis.
1102 4096 1217 4147 Froloiom
1239 4095 1283 4148 sti.
1301 4097 1439 4160 &himma
1461 4099 1480 4149 1.

157 4171 571 4224 coil.hiv.XXV1.t.-7.ttto
584 4171 645 4224 urbe
661 4172 754 4222 EFP:
773 4170 1001 4224 oowheAhFO.
1013 4172 1077 4223 -8.
1095 4172 1137 4222 sed
1152 4171 1214 4222 nihil
1230 4171 1330 4222 omnim
1346 4173 1477 4236 moote-

156 4253 209 4298 tom
224 4248 259 4306 A;
284 4247 327 4298 ud
350 4248 450 4298 mnos'oo
469 4247 638 4311 secoqttotcon
663 4259 725 4298 cum
742 4245 785 4297 ed.
805 4247 907 4298 Iuntina
924 4241 954 4306 F;
972 4246 1014 4297 ced
1029 4247 1129 4298 oecon
1145 4247 1281 4310 contonam
1300 4259 1363 4298 cum
1382 4248 1482 4298 Laure-

156 4322 226 4373 dano
249 4322 279 4372 0.
293 4341 333 4358 ·-
357 4323 398 4374 40.
420 4322 613 4387 Cortdomnenee
633 4323 669 4382 A;
695 4322 915 4386 Kortopinesuiraen
931 4323 996 4381 EF3
1022 4322 1269 4387 Korttopiniensisen
1289 4319 1320 4383 il;
1347 4323 1481 4388 04444441ρί-
1563 4377 1565 4379 ,

155 4398 238 4449 otono
253 4397 296 4448 111.
314 4396 494 4449 heuredanus.
508 4425 536 4436 -
557 4399 597 4449 44.
615 4398 662 4448 noc
680 4411 714 4460 .p.
732 4399 760 4448 A.
780 4399 811 4457 Ἐς
828 4398 874 4448 tec
892 4410 925 4459 p.
942 4398 969 4448 44.
987 4397 1017 4448 Ε.
1031 4423 1059 4434 -
1079 4395 1119 4448 ti.
1137 4397 1274 4448 donnum
1289 4398 1381 4450 italicis
1396 4403 1481 4450 ecor-

155 4473 242 4535 cocto
258 4473 313 4522 FP.
333 4497 360 4507 -
384 4471 424 4524 44.
442 4475 660 4535 oportunissimam
676 4473 733 4524 EF.
754 4499 782 4510 -
804 4473 840 4522 od
855 4473 947 4522 cutm
962 4471 991 4522 E.
1011 4497 1039 4508 -
1067 4473 1108 4522 ttt.
1126 4472 1166 4535 oo]
1184 4485 1201 4522 a
1216 4474 1272 4524 EF.
1293 4499 1321 4512 ·-
1340 4473 1381 4524 46.
1398 4473 1480 4538 mdis]

156 4547 225 4598 tonis
241 4547 267 4596 F.
282 4571 310 4582 -
328 4548 507 4598 conditionibus
523 4549 579 4600 EF.
594 4575 622 4588 -
641 4550 681 4598 ⁴7.
700 4548 880 4611 odwomom.
893 4549 923 4599 E.
939 4573 968 4584 -
986 4547 1027 4600 th.
1041 4549 1318 4612 qsoodconspeteronti'.
1333 4575 1361 4586 -
1379 4550 1420 4600 2³.
1434 4564 1481 4600 or-

155 4625 286 4686 ropontom
302 4621 362 4672 EF:
389 4623 566 4686 onopmtiom
587 4619 701 4674 Atto.
725 4649 753 4660 -
772 4621 814 4673 hl.
832 4635 864 4672 ac
880 4623 940 4674 EF:
959 4628 983 4674 et
998 4624 1114 4678 Atto.
1134 4649 1161 4662 -
1181 4626 1222 4676 27.
1240 4624 1353 4676 manitus
1367 4624 1428 4675 urhe
1445 4625 1479 4676 E:

155 4697 224 4750 oreo
233 4695 345 4746 enindus
355 4699 445 4748 ceteri
458 4725 485 4734 -
504 4698 617 4761 wando]
633 4699 713 4749 noetis
723 4697 743 4746 E
754 4697 771 4746 F
781 4698 839 4748 GP.
857 4697 1015 4748 Emendavit
1031 4699 1088 4750 Nic.
1100 4699 1232 4762 Angelius.
1252 4701 1290 4752 Ct.
1304 4701 1358 4750 Liv.
1371 4701 1424 4750 Vll.
1437 4699 1478 4750 39.

158 4799 185 4810 -
197 4772 239 4823 28.
252 4777 310 4822 onte
319 4771 346 4821 F.
359 4797 393 4809 -
407 4773 450 4824 29.
463 4778 486 4824 ct
495 4775 522 4825 Ρ.
535 4773 606 4824 Aulio
622 4772 733 4824 insiticia
751 4770 815 4822 mihi
826 4769 992 4823 videntur.-
1011 4773 1103 4838 moa]
1124 4774 1209 4825 mario
1218 4775 1238 4826 E
1247 4776 1265 4826 F
1274 4779 1305 4826 A.
1323 4775 1481 4828 Emendavtt

156 4847 211 4900 Nic.
229 4845 361 4910 Angelius.
382 4874 409 4885 -
434 4849 474 4900 er.
494 4849 595 4913 capnos
615 4849 658 4900 illo
674 4850 775 4898 creante
791 4845 942 4898 Turnebus:
965 4861 1049 4911 copon
1070 4849 1153 4900 locon
1173 4855 1232 4901 onte
1247 4851 1281 4909 E;
1303 4863 1388 4913 copon
1403 4856 1426 4902 et
1442 4851 1480 4900 tc-

155 4923 252 4975 creooti
268 4923 327 4984 FG;
345 4936 429 4986 copoo
445 4929 468 4974 et
483 4924 610 4974 locccrsu
626 4926 659 4983 P;
678 4921 999 4984 emmeramensem
1018 4924 1308 4987 copometteocreonti
1324 4922 1409 4983 ΕΕΟς
1429 4926 1481 4977 Co-

153 5013 221 5063 pooe
236 5011 267 5050 eo
283 4999 335 5064 lopo
351 5000 430 5050 creati
445 5001 474 5050 P.
492 4999 635 5058 Aiaoutius3
660 4999 761 5061 Copuoe
776 5010 805 5048 eo
821 4997 918 5050 loooote
934 4998 1029 5050 Orellio
1045 5003 1153 5052 sucuro
1170 4999 1294 5052 Klotzim.
1320 5000 1360 5052 Cl.
1378 5000 1480 5052 iladvi-

156 5075 228 5138 gium
247 5073 334 5124 Philet.
355 5073 505 5124 Schneidesc.
524 5075 554 5124 11.
572 5087 600 5139 p.
619 5072 675 5126 444.
704 5099 731 5110 -
758 5073 799 5123 32.
820 5073 979 5142 deductionis]
1002 5077 1132 5130 (4444444οηί4
1150 5077 1240 5138 ΕΡΕς
1266 5075 1383 5130 deditioni
1399 5078 1427 5128 P.
1448 5101 1476 5114 ·-·

157 5149 197 5201 33.
215 5150 285 5201 Fert.
303 5149 423 5212 quonlam
438 5149 474 5201 u.
492 5149 574 5200 ants'.
594 5173 622 5186 ·-
641 5147 681 5200 tt.
698 5149 782 5200 coneo
798 5148 882 5203 EFP.
