3610 5860
631 482 704 547 cn.
726 483 834 545 1-11.
863 479 918 565 44.
940 477 1046 548 4-4.
1427 480 1482 546 444

181 650 303 736 aliquid
317 649 473 725 dicerent,
496 651 523 714 si
538 650 629 734 probi
647 653 914 728 existimarentur,
938 650 1022 735 qnod
1038 651 1191 716 dixissent
1210 652 1386 735 probarent,
1407 673 1489 717 nunc

182 766 250 809 sum
280 745 384 808 animo
406 745 607 827 aequissimo.
641 745 673 807 Si
696 746 779 809 enim
802 753 875 810 sunt
895 747 954 809 viri
978 746 1073 820 boni,
1102 764 1151 809 me
1173 745 1337 822 adiuvant,
1366 748 1489 810 numid

180 839 274 924 iurati
296 838 418 912 dicunt,
441 837 528 922 quod
549 859 607 920 ego
629 840 781 902 iniuratus
803 839 968 902 insimulo:
990 841 1161 902 sinautem
1177 839 1279 902 minus
1294 839 1418 914 idonei,
1440 860 1490 904 me

180 951 246 995 non
267 931 410 1006 laedunt,
433 953 520 1006 oum,
541 933 581 995 iis
604 934 670 996 sive
692 933 847 1007 creditur,
870 933 1008 996 creditur
1028 934 1089 996 hoc
1110 933 1230 1017 ipsum,
1254 933 1337 1016 quod
1361 955 1420 996 nos
1442 954 1491 997 ar·

180 1025 319 1107 gaimus,
342 1027 407 1090 sive
430 1022 507 1089 fides
529 1045 593 1088 non
615 1026 760 1101 babetur,
784 1025 823 1088 de
845 1026 1016 1091 adversarii
1037 1027 1164 1090 testium
1186 1023 1246 1088 fide
1268 1027 1441 1110 derogatur.
1499 1039 1514 1086 a

263 1119 303 1182 11.
325 1109 493 1182 aterum
521 1126 627 1182 tamen
656 1140 726 1183 cum
754 1120 880 1184 illorum
906 1121 1060 1184 actionem
1082 1140 1194 1183 causae
1216 1121 1398 1197 considero,
1427 1142 1491 1186 non
1584 1150 1587 1156 ¹

180 1213 289 1288 video,
320 1213 397 1297 quid
426 1212 638 1297 impudentius
666 1211 728 1276 dici
750 1215 865 1296 possit,
893 1236 964 1278 cum
986 1222 1090 1278 autem
1112 1223 1246 1278 vestram
1266 1216 1299 1276 in
1321 1215 1490 1278 iudicando

181 1306 423 1382 dubitationem,
446 1327 555 1370 vereor
576 1327 615 1370 ne
637 1305 685 1380 id,
709 1308 796 1390 quod
812 1309 958 1371 videntur
978 1309 1178 1393 impudenter
1194 1307 1323 1383 fecisse,
1344 1319 1445 1372 astute
1461 1317 1492 1371 et

181 1399 294 1464 callide
314 1400 456 1464 fecerint.
498 1402 592 1475 Nam,
615 1401 642 1464 si
663 1410 831 1483 negassent
847 1404 909 1464 rim
930 1403 1113 1466 bominibus
1136 1403 1262 1466 armatis
1285 1421 1354 1464 esse
1368 1401 1491 1473 factam,

180 1491 271 1556 facile
291 1492 522 1558 honestissimis
544 1495 676 1558 testibus
697 1497 730 1558 in
752 1516 786 1559 re
808 1498 974 1584 perspicua
995 1504 1193 1560 tenerentur:
1216 1497 1265 1560 sin
1287 1494 1420 1559 confessi
1444 1515 1492 1558 es·
1505 1510 1529 1556 44

182 1594 252 1651 sent
272 1595 304 1650 et
323 1586 371 1663 id,
396 1589 480 1672 quod
502 1589 590 1652 nullo
606 1597 745 1672 tempore
760 1589 828 1652 iure
844 1587 912 1652 lieri
931 1598 1046 1672 potest,
1069 1599 1173 1654 tamen
1188 1591 1226 1653 ab
1246 1609 1280 1652 se
1295 1589 1362 1651 iure
1377 1589 1492 1652 factum

183 1701 252 1746 esse
274 1682 492 1757 defenderent,
520 1690 700 1766 sperarunt,
730 1682 762 1744 id
785 1685 869 1767 quod
892 1686 1026 1748 assecuti
1048 1694 1136 1759 eunt,
1158 1705 1192 1747 sc
1213 1685 1382 1747 iniecturos
1404 1680 1492 1744 vobis

182 1795 307 1840 oausam
330 1776 521 1840 deliberandi
541 1785 572 1840 et
586 1775 746 1840 iudicandi
762 1778 874 1841 iustam
889 1799 1007 1841 moram
1023 1799 1059 1842 ac
1073 1779 1274 1860 religionem,
1297 1776 1390 1840 simul
1404 1775 1492 1849 illud,

182 1870 267 1952 quod
288 1869 540 1951 indignissimum
562 1881 625 1945 est,
647 1869 785 1933 futurum
807 1870 947 1934 arbitrati
969 1881 1060 1946 sunt,
1083 1874 1172 1946 utin
1192 1873 1251 1935 bac
1267 1891 1361 1934 causa
1375 1891 1439 1933 non
1453 1870 1492 1932 de

181 1964 378 2046 improbitate
414 1963 486 2025 Sex.
514 1964 659 2038 Aebutii,
693 1964 748 2026 sed
778 1964 817 2026 de
847 1964 914 2028 iure
943 1965 1028 2030 civili
1055 1966 1208 2029 iudicium
1237 1962 1304 2029 fieri
1325 1966 1530 2029 videretur.ra

181 2055 210 2119 5.
234 2058 304 2131 Qua
325 2058 358 2119 in
379 2077 429 2131 re,
460 2057 487 2118 si
509 2056 585 2120 mibi
608 2065 689 2120 esset
710 2059 804 2121 unius
826 2059 862 2120 A.
886 2059 1036 2122 Caecinae
1058 2081 1151 2124 cansa
1171 2059 1304 2142 agenda,
1329 2058 1494 2140 profiterer

180 2154 256 2216 satis
277 2152 429 2214 idoneum
451 2171 520 2214 esse
543 2171 593 2214 mc
616 2151 831 2226 defensorem,
853 2159 1019 2235 propterea
1034 2155 1118 2237 quod
1136 2151 1230 2217 fidem
1245 2173 1345 2217 meam
1360 2153 1494 2236 diligen·

180 2247 319 2329 tiamquo
347 2253 554 2330 praestarem:
587 2266 667 2328 quae
690 2267 761 2309 cum
783 2247 910 2310 suntin
932 2253 1036 2309 actore
1059 2267 1186 2322 causae,
1215 2247 1295 2310 nibil
1317 2256 1381 2322 est,
1403 2249 1437 2308 in
1458 2267 1492 2310 re

179 2339 365 2423 praesertim
386 2346 495 2422 aperta
517 2358 553 2404 ac
574 2340 726 2422 simplici,
748 2340 834 2423 quod
850 2339 1008 2402 excellens
1030 2340 1191 2423 ingenium
1212 2341 1397 2424 requiratur.
1429 2339 1492 2404 Sed

180 2454 251 2497 cum
274 2433 312 2496 de
336 2453 374 2496 eo
395 2431 472 2496 mihi
494 2433 560 2496 iure
583 2432 748 2496 dicendum
764 2435 821 2509 sit,
844 2435 930 2517 quod
944 2434 1101 2522 pertineat
1114 2435 1153 2498 ad
1169 2454 1293 2509 omnes,
1316 2434 1403 2518 quod
1418 2452 1529 2499 con-to

180 2528 322 2591 stitutum
345 2528 386 2590 sit
406 2526 625 2602 amaioribus,
648 2535 864 2592 conservatum
880 2549 981 2611 usque
996 2528 1036 2591 ad
1050 2527 1111 2592 hoc
1127 2537 1267 2612 tempus,
1290 2549 1354 2612 quo
1370 2529 1492 2592 sublato
1581 2534 1584 2544 “

180 2641 245 2685 non
267 2621 366 2685 solum
388 2640 460 2703 pars
482 2619 588 2703 aliqua
609 2622 687 2685 iuris
703 2620 879 2697 deminuta,
903 2622 958 2685 sed
982 2623 1075 2686 etiam
1096 2625 1144 2687 vis
1167 2643 1219 2698 ea,
1242 2642 1323 2706 quae
1345 2622 1406 2686 iuri
1428 2642 1493 2688 ma·

179 2716 264 2779 xime
287 2721 335 2778 est
355 2713 547 2788 adversaria,
580 2715 698 2778 iudicio
722 2715 902 2780 confirmata
924 2736 993 2780 esse
1015 2717 1175 2791 videatur,
1197 2716 1288 2780 video
1311 2718 1424 2780 summi
1445 2717 1493 2779 in-

180 2809 265 2892 genii
280 2828 406 2873 causam
422 2829 506 2883 esse,
529 2829 594 2871 non
608 2817 642 2872 ut
655 2809 688 2872 id
704 2810 948 2886 demonstretur,
972 2812 1057 2896 quod
1075 2819 1147 2876 ante
1163 2812 1271 2874 oculos
1287 2818 1349 2885 est,
1370 2809 1425 2874 sed
1440 2831 1491 2885 nc,

180 2904 206 2968 si
230 2905 300 3000 quis
322 2903 412 2966 vobis
434 2923 522 2965 error
542 2903 575 2965 in
598 2909 737 2967 tentare
759 2904 798 2966 sit
827 2905 984 2981 obiectus,
1013 2925 1122 2969 ornnes
1143 2907 1247 2988 potius
1267 2925 1318 2968 me
1339 2905 1529 2968 arbitron-2⁵

180 3004 231 3061 tur
252 3017 381 3071 causae,
404 3015 500 3080 quam
520 3017 577 3060 vos
599 2996 744 3077 religioni
765 3007 887 3061 vestrae
909 2999 1056 3063 defuisse.
1084 2997 1113 3062 6.
1130 2997 1327 3082 Quamquam
1342 3019 1401 3082 ego
1415 2999 1493 3062 mibi

180 3093 225 3154 sic
246 3089 442 3174 persuadeo,
471 3098 720 3174 recuperatores,
748 3112 814 3156 non
835 3113 891 3156 vos
913 3100 976 3157 tam
1001 3101 1131 3177 propter
1151 3093 1230 3155 iuris
1252 3092 1413 3157 obscuram
1435 3093 1493 3159 du·

178 3185 327 3270 biamque
347 3185 502 3248 rationem
522 3185 572 3247 bis
595 3186 656 3248 iam
679 3185 717 3246 de
739 3184 849 3249 eadem
871 3206 965 3263 causa
983 3186 1160 3260 dubitasse,
1182 3207 1277 3269 quam
1298 3187 1384 3269 quod
1405 3185 1493 3249 vide-

178 3287 230 3343 tur
251 3279 291 3342 ad
313 3298 465 3340 summam
486 3278 572 3342 illius
595 3279 861 3358 existimationem
881 3281 942 3344 hoc
960 3279 1111 3342 indicium
1125 3281 1307 3362 pertinere,¹
1320 3299 1439 3342 moram
1453 3279 1492 3342 ad

180 3373 452 3437 condemnandum
480 3373 675 3457 anquisisse,
704 3373 796 3436 simul
827 3381 859 3437 et
886 3373 932 3436 illi
961 3373 1093 3457 spatium
1122 3372 1160 3436 ad
1190 3392 1260 3435 sese
1283 3372 1529 3454 colligendnmao

180 3467 314 3531 dedisse.
350 3465 442 3542 Quod
472 3467 622 3550 quoniam
649 3468 713 3530 iam
739 3468 773 3529 in
802 3467 1063 3531 consuetudinem
1091 3467 1178 3529 venit
1207 3473 1239 3528 et
1265 3466 1296 3527 id
1326 3466 1385 3528 riri
1406 3466 1493 3540 boni,

179 3561 275 3626 vestri
305 3560 441 3633 similes,
472 3559 506 3622 in
533 3561 701 3623 iudicando
730 3560 864 3636 faciunt,
898 3559 1192 3644 reprehendendum
1219 3559 1352 3623 fortasse
1380 3559 1493 3632 minus,

180 3654 374 3742 querendum
391 3673 465 3718 vero
487 3654 585 3736 magis
601 3656 696 3718 etiam
711 3655 851 3732 ridetur,
873 3655 946 3719 ideo
962 3655 1048 3740 quod
1066 3655 1173 3718 omnia
1185 3655 1300 3718 iudicia
1315 3662 1369 3717 aut
1383 3655 1495 3717 distra-

237 3917 261 3967 l.
272 3915 312 3967 sin
325 3913 398 3978 praet
408 3915 591 3978 Pantagathus.
606 3943 633 3953 -
646 3914 670 3969 4.
683 3916 767 3968 tentant
777 3917 805 3967 T.
817 3943 844 3952 -
859 3929 915 3967 44444
924 3917 956 3966 444
968 3916 1019 3967 4444
1033 3917 1152 3978 credam,
1164 3915 1274 3965 44444444
1287 3915 1332 3965 boc
1342 3916 1423 3978 ipsum
1433 3927 1495 3966 cum

180 3993 208 4044 P.
221 3991 307 4043 Fabro
318 3992 352 4041 0:
370 4005 427 4042 asan
436 3991 468 4041 444
477 3991 527 4042 noe
543 3991 652 4042 4444444444
667 3992 712 4041 boc
728 3993 808 4054 ipsam
820 3989 843 4043 a
855 3993 912 4056 (nisi
929 3991 1002 4056 quod
1017 3993 1055 4042 btr
1070 4005 1119 4056 pro
1131 3992 1162 4042 tts
1171 3989 1272 4042 habent
1282 4004 1296 4040 e
1306 4007 1336 4054 α,
1355 3993 1401 4042 trite
1416 4009 1448 4058 y,
1465 3991 1497 4042 tte

180 4066 259 4137 deest
266 4069 293 4118 tn
304 4065 333 4130 β,
345 4068 465 4119 crederiat
478 4067 501 4130 4)
513 4067 533 4116 A
542 4081 548 4127 ;
566 4079 623 4116 cam
633 4067 683 4118 riae
695 4068 733 4118 444
743 4068 853 4118 creditar-
862 4068 907 4118 boc
921 4068 1001 4130 ipsam
1012 4067 1046 4124 L;
1065 4079 1121 4116 444444
1131 4067 1181 4116 stoc
1191 4065 1300 4115 ereditur
1309 4067 1347 4115 444
1362 4067 1407 4116 tec
1416 4067 1497 4128 tpsam

179 4141 207 4197 8.
225 4141 263 4194 444
275 4141 405 4208 duplicato
418 4141 500 4194 verbo
511 4143 621 4192 creditur
632 4141 665 4193 ot.
679 4156 734 4194 var.
747 4142 807 4194 lect.
821 4143 844 4208 5.
856 4142 896 4194 44.
906 4141 947 4194 36.
961 4142 995 4192 de
1007 4143 1060 4206 opt.
1073 4154 1132 4205 gen.
1146 4143 1211 4192 oret.
1226 4140 1249 4204 5.
1261 4142 1299 4192 49.
1313 4141 1388 4191 Verr.
1400 4142 1495 4191 Ancus.

179 4217 211 4269 V.
223 4218 249 4282 3.
262 4218 302 4269 ta.
320 4219 407 4270 Moser
423 4217 456 4268 ad
468 4217 560 4268 Parad.
573 4231 600 4283 p.
615 4219 661 4268 les
673 4230 714 4281 sq.
727 4243 755 4254 -
775 4219 798 4269 6.
812 4222 933 4268 cottonem
949 4229 1040 4269 carnae
1051 4217 1111 4267 ET:
1130 4229 1220 4266 carnae
1230 4213 1495 4268 crammelino,

182 4319 209 4330 -
221 4293 260 4343 m.
273 4293 412 4344 tenentmts
429 4295 570 4358 (supersor.
583 4291 726 4356 litteriones]
740 4294 768 4344 Ε,
779 4320 806 4332 -
825 4294 866 4344 tt.
879 4294 945 4354 quod
955 4293 1005 4342 atto
1022 4294 1050 4342 T.
1063 4319 1090 4329 -
1103 4297 1185 4346 tamen
1196 4292 1283 4342 EGk:
1301 4296 1353 4340 tam
1364 4288 1495 4344 444440.

182 4391 210 4404 -
229 4368 270 4420 48.
288 4367 439 4420 4444ίὸ444444
455 4379 558 4417 cansam
575 4368 603 4419 l..
623 4393 651 4404 ·—
672 4368 713 4417 444.
731 4367 813 4417 aebatt
829 4368 858 4417 E.
878 4367 915 4419 Cf.
934 4367 958 4431 ἓ.
973 4369 996 4418 4.
1011 4394 1038 4403 -
1057 4367 1100 4420 46.
1118 4367 1158 4432 A]
1175 4367 1231 4417 Aalt
1247 4367 1275 4418 E.
1291 4394 1318 4403 -
1337 4366 1376 4416 48.
1394 4367 1498 4415 44444444

181 4443 209 4494 et
223 4444 253 4495 A.
269 4471 297 4480 -
315 4449 398 4494 actore
415 4456 430 4494 e
447 4443 510 4504 (soe.
524 4441 581 4506 m),
600 4443 720 4502 Iuntina,
738 4439 828 4494 LAO:
846 4442 941 4492 actione
957 4443 988 4501 44;
1009 4444 1144 4492 auctoreR
1162 4441 1335 4502 (dcTtamen
1351 4439 1497 4491 Harlessius

180 4515 246 4581 etet)
263 4518 294 4569 A.
308 4544 336 4554 -
353 4517 394 4568 40.
412 4517 472 4567 mitt
487 4517 542 4568 tare
558 4517 621 4568 ET:
639 4517 694 4567 tare
712 4517 773 4580 (om.
791 4516 858 4579 man
875 4531 906 4583 y,
924 4518 979 4568 tarr
994 4518 1054 4568 mtbr'
1071 4515 1214 4570 444440.
1235 4544 1261 4553 -
1281 4517 1392 4578 caeduae
1408 4515 1499 4565 444444-

179 4597 260 4660 4444444
276 4593 304 4642 T.
325 4619 353 4628 -
378 4592 419 4642 44.
438 4593 560 4642 diminuta
576 4593 779 4656 acmpqtoy
795 4593 822 4642 et
837 4593 867 4642 A.
895 4591 932 4642 Cf.
952 4591 975 4655 ἕ.
994 4593 1035 4643 38.
1064 4619 1091 4628 -
1115 4591 1158 4643 44.
1176 4596 1204 4642 at
1224 4592 1251 4641 td
1266 4592 1444 4642 demonstretur
1460 4591 1496 4640 T:

179 4665 217 4718 att
233 4669 411 4718 444444444444444·
426 4665 580 4720 444440.
599 4691 626 4702 -
655 4667 867 4716 demonstraretur
888 4668 1042 4732 Gaempt
1061 4669 1088 4718 et
1108 4669 1143 4726 A;
1170 4667 1347 4717 demostraret
1361 4662 1390 4726 β.
1410 4690 1437 4701 -
1456 4663 1497 4714 444.

181 4741 260 4793 annis
283 4742 439 4809 ETaepy.
469 4768 496 4779 -
526 4741 712 4792 arbitrarentur
735 4740 966 4806 Tabemptati
991 4744 1019 4793 et
1038 4743 1074 4804 A;
1102 4739 1270 4793 ordinaretur
1290 4756 1316 4806 y.
1341 4766 1367 4775 -
1392 4739 1432 4789 46.
1456 4739 1499 4788 444-

179 4818 264 4883 fuisset
279 4817 307 4866 T.
328 4843 356 4854 -
374 4817 415 4868 44.
432 4818 610 4881 reciperatores
626 4819 646 4868 E
664 4817 801 4881 (Freundio
819 4818 894 4880 teste)
911 4819 939 4868 T.
964 4818 1004 4869 Cf.
1023 4816 1046 4880 ἓ.
1065 4817 1089 4869 8.
1109 4818 1149 4868 ro.
1170 4816 1210 4868 44.
1226 4816 1266 4868 44.
1279 4815 1320 4868 lb.
1335 4841 1363 4852 ·-
1381 4813 1422 4864 48.
1434 4813 1500 4875 qaod

182 4905 235 4942 om.
252 4892 283 4943 A.
303 4918 332 4928 -
350 4891 391 4942 344.
409 4894 627 4956 contempnendum
645 4891 686 4955 (ex
701 4893 935 4955 contempnendae)
954 4894 981 4942 T.
1001 4890 1040 4942 Cf.
1060 4891 1084 4955 5.
1102 4892 1143 4943 49.
1162 4891 1218 4942 toa.
1237 4892 1324 4942 Osann
1341 4888 1374 4940 ed
1392 4889 1445 4938 Cic.
1465 4887 1499 4936 de

180 4967 244 5033 Rep.
257 4981 284 5033 p.
296 4968 337 5018 444.
353 4993 381 5002 -
399 4968 535 5032 cenetense
546 4965 712 5018 Gulielmius:
731 4967 892 5028 manescit,
911 4967 1032 5028 camatero
1047 4967 1080 5024 T;
1098 4966 1283 5030 444444444444ς
1302 4964 1433 5026 metuatur
1448 4963 1503 5012 nn

181 5041 235 5098 48.
257 5072 283 5082 -
302 5045 337 5094 ad
351 5055 376 5094 44
392 5044 555 5109 ootttgerrdaan
573 5041 600 5098 8.
621 5071 648 5080 -
667 5043 707 5094 34,
726 5043 852 5105 quantam]
870 5054 947 5102 qaam
963 5043 991 5092 T.
1010 5041 1047 5094 Ct.
1062 5041 1086 5106 ἓ.
1099 5044 1123 5094 4.
1138 5066 1166 5078 -
1184 5042 1212 5092 tn
1227 5043 1296 5092 inter
1311 5038 1394 5089 verba
1410 5037 1462 5086 tam
1473 5039 1500 5086 et

181 5120 380 5172 emnaetudtaem
396 5131 477 5184 supra
494 5131 602 5170 versum
618 5117 728 5168 inseruit
744 5117 772 5167 E.
794 5143 820 5152 -
839 5115 880 5166 34.
898 5116 984 5166 amatr
1000 5117 1028 5167 T.
1043 5143 1071 5152 -
1089 5115 1129 5168 ³3.
1148 5115 1316 5178 qaaermdam
1331 5113 1360 5163 T.
1375 5139 1401 5150 -
1420 5113 1501 5176 magts

181 5192 235 5246 tarn
250 5194 391 5248 Weiskirrs.
417 5194 470 5250 Sed
487 5194 520 5250 ci·
539 5194 572 5248 de
590 5193 663 5247 orac.
675 5193 696 5246 4.
713 5192 755 5257 44,
769 5190 810 5244 44.
828 5189 862 5242 ad
879 5189 967 5244 Famil.
985 5189 1038 5244 XV.
1050 5190 1080 5258 A,
1098 5190 1138 5243 43.
1153 5218 1181 5230 -
1199 5190 1277 5256 gaad,
1295 5199 1352 5244 44444
1367 5187 1501 5240 4444444--

228 5286 312 5338 cicero
331 5286 358 5342 T.
372 5287 400 5344 11.
1276 5279 1311 5348 34
