<?xml version="1.0" encoding="UTF-8"?>
<!DOCTYPE html PUBLIC "-//W3C//DTD XHTML 1.0 Transitional//EN"
    "http://www.w3.org/TR/xhtml1/DTD/xhtml1-transitional.dtd">
<html xmlns="http://www.w3.org/1999/xhtml" xml:lang="en" lang="en">
 <head>
  <title>
</title>
<meta http-equiv="Content-Type" content="text/html;charset=utf-8" />
  <meta name='ocr-system' content='tesseract 3.04.00' />
  <meta name='ocr-capabilities' content='ocr_page ocr_carea ocr_par ocr_line ocrx_word'/>
</head>
<body>
  <div class='ocr_page' id='page_1' title='image "./mtulliiciceroni00baitgoog_0194.png"; bbox 0 0 3648 5888; ppageno 0'>
   <div class='ocr_carea' id='block_1_1' title="bbox 265 349 1209 456">
    <p class='ocr_par' dir='ltr' id='par_1_1' title="bbox 265 349 1209 456">
     <span class='ocr_line' id='line_1_1' title="bbox 265 349 1209 456; baseline -0.003 -1"><span class='ocrx_word' id='word_1_1' title='bbox 265 386 327 456; x_wconf 84' lang='lat' dir='ltr'><strong>roa</strong></span> <span class='ocrx_word' id='word_1_2' title='bbox 626 386 1000 454; x_wconf 77' lang='lat' dir='ltr'><strong>mvsannunorro</strong></span> <span class='ocrx_word' id='word_1_3' title='bbox 1023 349 1209 452; x_wconf 83' lang='lat' dir='ltr'><strong>sco&#39;uam</strong></span> 
     </span>
    </p>
   </div>
   <div class='ocr_carea' id='block_1_2' title="bbox 244 557 1597 1019">
    <p class='ocr_par' dir='ltr' id='par_1_2' title="bbox 244 557 1597 1019">
     <span class='ocr_line' id='line_1_2' title="bbox 267 557 1596 644; baseline -0.002 -16"><span class='ocrx_word' id='word_1_4' title='bbox 267 565 347 628; x_wconf 84' lang='lat' dir='ltr'><strong>simo</strong></span> <span class='ocrx_word' id='word_1_5' title='bbox 360 561 438 637; x_wconf 79' lang='grc'><strong>44444,</strong></span> <span class='ocrx_word' id='word_1_6' title='bbox 460 559 577 636; x_wconf 87' lang='lat' dir='ltr'><strong>multa,</strong></span> <span class='ocrx_word' id='word_1_7' title='bbox 599 579 682 644; x_wconf 89' lang='lat' dir='ltr'><strong>quae</strong></span> <span class='ocrx_word' id='word_1_8' title='bbox 699 559 843 643; x_wconf 82' lang='lat' dir='ltr'><strong>quemvis</strong></span> <span class='ocrx_word' id='word_1_9' title='bbox 858 578 1057 622; x_wconf 87' lang='lat' dir='ltr'><strong>commovere</strong></span> <span class='ocrx_word' id='word_1_10' title='bbox 1072 563 1219 640; x_wconf 81' lang='lat' dir='ltr'><strong>possent,</strong></span> <span class='ocrx_word' id='word_1_11' title='bbox 1243 558 1338 622; x_wconf 83' lang='lat' dir='ltr'>dixit:</span> <span class='ocrx_word' id='word_1_12' title='bbox 1362 557 1402 622; x_wconf 85' lang='lat' dir='ltr'><strong>ad</strong></span> <span class='ocrx_word' id='word_1_13' title='bbox 1417 565 1596 626; x_wconf 86' lang='lat' dir='ltr'><strong>extremum</strong></span> 
     </span>
     <span class='ocr_line' id='line_1_3' title="bbox 266 653 1597 742; baseline -0.003 -20"><span class='ocrx_word' id='word_1_14' title='bbox 266 667 375 742; x_wconf 88' lang='lat' dir='ltr'><strong>petere</strong></span> <span class='ocrx_word' id='word_1_15' title='bbox 403 655 522 738; x_wconf 92' lang='lat' dir='ltr'><strong>coepit,</strong></span> <span class='ocrx_word' id='word_1_16' title='bbox 553 673 594 716; x_wconf 90' lang='lat' dir='ltr'><strong>ne</strong></span> <span class='ocrx_word' id='word_1_17' title='bbox 622 673 726 737; x_wconf 90' lang='lat' dir='ltr'><strong>usque</strong></span> <span class='ocrx_word' id='word_1_18' title='bbox 758 673 796 717; x_wconf 88' lang='lat' dir='ltr'><strong>eo</strong></span> <span class='ocrx_word' id='word_1_19' title='bbox 826 673 915 717; x_wconf 87' lang='lat' dir='ltr'><strong>suam</strong></span> <span class='ocrx_word' id='word_1_20' title='bbox 945 655 1166 716; x_wconf 87' lang='lat' dir='ltr'><strong>auctoritatem</strong></span> <span class='ocrx_word' id='word_1_21' title='bbox 1194 653 1370 735; x_wconf 90' lang='lat' dir='ltr'><strong>despiceret</strong></span> <span class='ocrx_word' id='word_1_22' title='bbox 1399 653 1597 738; x_wconf 77' lang='lat' dir='ltr'><strong>gratiamque</strong></span> 
     </span>
     <span class='ocr_line' id='line_1_4' title="bbox 268 747 1596 831; baseline -0.003 -16"><span class='ocrx_word' id='word_1_23' title='bbox 268 756 497 822; x_wconf 88' lang='lat' dir='ltr'><strong>contemneret,</strong></span> <span class='ocrx_word' id='word_1_24' title='bbox 519 754 557 810; x_wconf 94' lang='lat' dir='ltr'><strong>ut</strong></span> <span class='ocrx_word' id='word_1_25' title='bbox 577 767 611 810; x_wconf 89' lang='lat' dir='ltr'><strong>se</strong></span> <span class='ocrx_word' id='word_1_26' title='bbox 626 754 713 811; x_wconf 85' lang='lat' dir='ltr'><strong>tanta</strong></span> <span class='ocrx_word' id='word_1_27' title='bbox 727 748 843 812; x_wconf 89' lang='lat' dir='ltr'><strong>iniuria</strong></span> <span class='ocrx_word' id='word_1_28' title='bbox 857 747 1007 810; x_wconf 85' lang='lat' dir='ltr'><strong>afficeret.</strong></span> <span class='ocrx_word' id='word_1_29' title='bbox 1035 748 1138 810; x_wconf 88' lang='lat' dir='ltr'><strong>Homo</strong></span> <span class='ocrx_word' id='word_1_30' title='bbox 1154 748 1302 830; x_wconf 75' lang='lat' dir='ltr'><strong>Ligurem</strong></span> <span class='ocrx_word' id='word_1_31' title='bbox 1317 767 1465 811; x_wconf 88' lang='lat' dir='ltr'><strong>accusare</strong></span> <span class='ocrx_word' id='word_1_32' title='bbox 1480 750 1596 831; x_wconf 90' lang='lat' dir='ltr'><strong>coepit,</strong></span> 
     </span>
     <span class='ocr_line' id='line_1_5' title="bbox 268 840 1594 930; baseline -0.004 -21"><span class='ocrx_word' id='word_1_33' title='bbox 268 845 379 930; x_wconf 92' lang='lat' dir='ltr'><strong>quiin</strong></span> <span class='ocrx_word' id='word_1_34' title='bbox 400 864 435 906; x_wconf 91' lang='lat' dir='ltr'><strong>re</strong></span> <span class='ocrx_word' id='word_1_35' title='bbox 457 840 634 906; x_wconf 82' lang='lat' dir='ltr'><strong>adventicia</strong></span> <span class='ocrx_word' id='word_1_36' title='bbox 656 850 751 925; x_wconf 90' lang='lat' dir='ltr'><strong>atque</strong></span> <span class='ocrx_word' id='word_1_37' title='bbox 772 841 966 906; x_wconf 88' lang='lat' dir='ltr'><strong>hereditaria</strong></span> <span class='ocrx_word' id='word_1_38' title='bbox 988 849 1051 904; x_wconf 86' lang='lat' dir='ltr'><strong>tam</strong></span> <span class='ocrx_word' id='word_1_39' title='bbox 1075 841 1227 924; x_wconf 76' lang='lat' dir='ltr'><strong>diligens,</strong></span> <span class='ocrx_word' id='word_1_40' title='bbox 1250 848 1314 906; x_wconf 88' lang='lat' dir='ltr'><strong>tam</strong></span> <span class='ocrx_word' id='word_1_41' title='bbox 1336 847 1475 905; x_wconf 84' lang='lat' dir='ltr'><strong>attentus</strong></span> <span class='ocrx_word' id='word_1_42' title='bbox 1493 850 1594 906; x_wconf 86' lang='lat' dir='ltr'><strong>esset:</strong></span> 
     </span>
     <span class='ocr_line' id='line_1_6' title="bbox 244 929 1596 1019; baseline 0.001 -21"><span class='ocrx_word' id='word_1_43' title='bbox 244 939 385 1003; x_wconf 78' lang='lat' dir='ltr'><strong>odebero</strong></span> <span class='ocrx_word' id='word_1_44' title='bbox 408 957 480 1000; x_wconf 92' lang='lat' dir='ltr'><strong>eum</strong></span> <span class='ocrx_word' id='word_1_45' title='bbox 502 934 607 998; x_wconf 84' lang='lat' dir='ltr'><strong>aiebat</strong></span> <span class='ocrx_word' id='word_1_46' title='bbox 628 954 717 998; x_wconf 87' lang='lat' dir='ltr'><strong>suam</strong></span> <span class='ocrx_word' id='word_1_47' title='bbox 740 929 871 1019; x_wconf 85' lang='lat' dir='ltr'><strong>quoque</strong></span> <span class='ocrx_word' id='word_1_48' title='bbox 892 935 1048 998; x_wconf 89' lang='lat' dir='ltr'><strong>rationem</strong></span> <span class='ocrx_word' id='word_1_49' title='bbox 1071 934 1204 1008; x_wconf 89' lang='lat' dir='ltr'><strong>ducere;</strong></span> <span class='ocrx_word' id='word_1_50' title='bbox 1227 934 1326 998; x_wconf 82' lang='lat' dir='ltr'><strong>multa</strong></span> <span class='ocrx_word' id='word_1_51' title='bbox 1347 935 1406 997; x_wconf 91' lang='lat' dir='ltr'><strong>sibi</strong></span> <span class='ocrx_word' id='word_1_52' title='bbox 1421 955 1501 1018; x_wconf 90' lang='lat' dir='ltr'><strong>opus</strong></span> <span class='ocrx_word' id='word_1_53' title='bbox 1515 955 1596 1010; x_wconf 87' lang='lat' dir='ltr'><strong>esse,</strong></span> 
     </span>
    </p>
   </div>
   <div class='ocr_carea' id='block_1_3' title="bbox 222 1028 1707 1116">
    <p class='ocr_par' dir='ltr' id='par_1_3' title="bbox 222 1028 1707 1116">
     <span class='ocr_line' id='line_1_7' title="bbox 222 1028 1707 1116; baseline -0.003 -20"><span class='ocrx_word' id='word_1_54' title='bbox 222 1049 225 1056; x_wconf 84' lang='lat'>·</span> <span class='ocrx_word' id='word_1_55' title='bbox 268 1032 367 1096; x_wconf 86' lang='lat' dir='ltr'><strong>muita</strong></span> <span class='ocrx_word' id='word_1_56' title='bbox 396 1030 528 1093; x_wconf 88' lang='lat' dir='ltr'><strong>canibus</strong></span> <span class='ocrx_word' id='word_1_57' title='bbox 555 1030 638 1103; x_wconf 91' lang='lat' dir='ltr'><strong>suis,</strong></span> <span class='ocrx_word' id='word_1_58' title='bbox 674 1048 755 1112; x_wconf 76' lang='lat' dir='ltr'><strong>quos</strong></span> <span class='ocrx_word' id='word_1_59' title='bbox 782 1030 866 1092; x_wconf 89' lang='lat' dir='ltr'><strong>circa</strong></span> <span class='ocrx_word' id='word_1_60' title='bbox 895 1048 929 1091; x_wconf 89' lang='lat' dir='ltr'><strong>se</strong></span> <span class='ocrx_word' id='word_1_61' title='bbox 959 1028 1100 1091; x_wconf 84' lang='lat' dir='ltr'><strong>heberet.</strong></span> <span class='ocrx_word' id='word_1_62' title='bbox 1144 1029 1213 1089; x_wconf 91' lang='lat' dir='ltr'><strong>Non</strong></span> <span class='ocrx_word' id='word_1_63' title='bbox 1242 1047 1372 1110; x_wconf 90' lang='lat' dir='ltr'><strong>possum</strong></span> <span class='ocrx_word' id='word_1_64' title='bbox 1394 1029 1450 1091; x_wconf 85' lang='lat' dir='ltr'><strong>illa</strong></span> <span class='ocrx_word' id='word_1_65' title='bbox 1470 1029 1596 1112; x_wconf 88' lang='lat' dir='ltr'><strong>planius</strong></span> <span class='ocrx_word' id='word_1_66' title='bbox 1704 1111 1707 1116; x_wconf 27' lang='grc' dir='ltr'>Ι</span> 
     </span>
    </p>
   </div>
   <div class='ocr_carea' id='block_1_4' title="bbox 165 1121 1600 3657">
    <p class='ocr_par' dir='ltr' id='par_1_4' title="bbox 233 1121 1597 2057">
     <span class='ocr_line' id='line_1_8' title="bbox 269 1121 1595 1205; baseline -0.004 -16"><span class='ocrx_word' id='word_1_67' title='bbox 269 1143 534 1196; x_wconf 87' lang='lat' dir='ltr'><strong>commemorare,</strong></span> <span class='ocrx_word' id='word_1_68' title='bbox 568 1143 665 1205; x_wconf 89' lang='lat' dir='ltr'><strong>quarn</strong></span> <span class='ocrx_word' id='word_1_69' title='bbox 698 1123 802 1205; x_wconf 92' lang='lat' dir='ltr'><strong>ipsum</strong></span> <span class='ocrx_word' id='word_1_70' title='bbox 831 1123 981 1205; x_wconf 79' lang='lat' dir='ltr'><strong>Ligurem</strong></span> <span class='ocrx_word' id='word_1_71' title='bbox 1015 1141 1072 1204; x_wconf 90' lang='lat' dir='ltr'><strong>pro</strong></span> <span class='ocrx_word' id='word_1_72' title='bbox 1111 1121 1292 1185; x_wconf 87' lang='lat' dir='ltr'><strong>testimonio</strong></span> <span class='ocrx_word' id='word_1_73' title='bbox 1321 1123 1427 1186; x_wconf 91' lang='lat' dir='ltr'><strong>dicere</strong></span> <span class='ocrx_word' id='word_1_74' title='bbox 1454 1123 1595 1186; x_wconf 88' lang='lat' dir='ltr'><strong>audistis.</strong></span> 
     </span>
     <span class='ocr_line' id='line_1_9' title="bbox 269 1214 1595 1300; baseline -0.002 -18"><span class='ocrx_word' id='word_1_75' title='bbox 269 1216 341 1282; x_wconf 73' lang='lat'><strong>⁴27.</strong></span> <span class='ocrx_word' id='word_1_76' title='bbox 364 1218 449 1294; x_wconf 85' lang='lat' dir='ltr'><strong>Quid</strong></span> <span class='ocrx_word' id='word_1_77' title='bbox 471 1223 537 1291; x_wconf 89' lang='lat' dir='ltr'><strong>est,</strong></span> <span class='ocrx_word' id='word_1_78' title='bbox 560 1219 700 1280; x_wconf 76' lang='lat' dir='ltr'><strong>Verres?</strong></span> <span class='ocrx_word' id='word_1_79' title='bbox 722 1225 828 1281; x_wconf 88' lang='lat' dir='ltr'><strong>utrum</strong></span> <span class='ocrx_word' id='word_1_80' title='bbox 850 1237 890 1280; x_wconf 93' lang='lat' dir='ltr'><strong>ne</strong></span> <span class='ocrx_word' id='word_1_81' title='bbox 912 1217 962 1279; x_wconf 92' lang='lat' dir='ltr'><strong>his</strong></span> <span class='ocrx_word' id='word_1_82' title='bbox 979 1214 1107 1300; x_wconf 90' lang='lat' dir='ltr'><strong>quidem</strong></span> <span class='ocrx_word' id='word_1_83' title='bbox 1129 1215 1261 1278; x_wconf 88' lang='lat' dir='ltr'><strong>testibus</strong></span> <span class='ocrx_word' id='word_1_84' title='bbox 1281 1217 1442 1292; x_wconf 74' lang='lat' dir='ltr'><strong>credetur,</strong></span> <span class='ocrx_word' id='word_1_85' title='bbox 1464 1235 1504 1280; x_wconf 90' lang='lat' dir='ltr'><strong>an</strong></span> <span class='ocrx_word' id='word_1_86' title='bbox 1518 1218 1595 1280; x_wconf 86' lang='lat' dir='ltr'><strong>haec</strong></span> 
     </span>
     <span class='ocr_line' id='line_1_10' title="bbox 269 1308 1596 1395; baseline -0.003 -17"><span class='ocrx_word' id='word_1_87' title='bbox 269 1313 397 1378; x_wconf 87' lang='lat' dir='ltr'><strong>adrem</strong></span> <span class='ocrx_word' id='word_1_88' title='bbox 418 1331 483 1376; x_wconf 91' lang='lat' dir='ltr'><strong>non</strong></span> <span class='ocrx_word' id='word_1_89' title='bbox 505 1314 689 1395; x_wconf 78' lang='lat' dir='ltr'><strong>pertinenti</strong></span> <span class='ocrx_word' id='word_1_90' title='bbox 711 1333 777 1376; x_wconf 91' lang='lat' dir='ltr'><strong>non</strong></span> <span class='ocrx_word' id='word_1_91' title='bbox 799 1312 965 1376; x_wconf 84' lang='lat' dir='ltr'><strong>credemus</strong></span> <span class='ocrx_word' id='word_1_92' title='bbox 987 1312 1029 1374; x_wconf 87' lang='grc' dir='ltr'><strong>Μ.</strong></span> <span class='ocrx_word' id='word_1_93' title='bbox 1052 1308 1207 1372; x_wconf 72' lang='lat' dir='ltr'><strong>Octavio?</strong></span> <span class='ocrx_word' id='word_1_94' title='bbox 1229 1329 1292 1372; x_wconf 91' lang='lat' dir='ltr'><strong>non</strong></span> <span class='ocrx_word' id='word_1_95' title='bbox 1312 1312 1347 1372; x_wconf 92' lang='lat' dir='ltr'><strong>L.</strong></span> <span class='ocrx_word' id='word_1_96' title='bbox 1361 1311 1495 1393; x_wconf 69' lang='lat' dir='ltr'><strong>Liguri?</strong></span> <span class='ocrx_word' id='word_1_97' title='bbox 1518 1310 1596 1386; x_wconf 85' lang='lat' dir='ltr'><strong>Quis</strong></span> 
     </span>
     <span class='ocr_line' id='line_1_11' title="bbox 233 1400 1596 1492; baseline -0.001 -23"><span class='ocrx_word' id='word_1_98' title='bbox 233 1408 361 1473; x_wconf 83' lang='lat' dir='ltr'><strong>ronobis</strong></span> <span class='ocrx_word' id='word_1_99' title='bbox 383 1408 514 1470; x_wconf 76' lang='lat' dir='ltr'><strong>credet?</strong></span> <span class='ocrx_word' id='word_1_100' title='bbox 545 1408 596 1470; x_wconf 91' lang='lat' dir='ltr'><strong>cui</strong></span> <span class='ocrx_word' id='word_1_101' title='bbox 618 1411 699 1470; x_wconf 80' lang='lat' dir='ltr'><strong>nost</strong></span> <span class='ocrx_word' id='word_1_102' title='bbox 730 1408 893 1492; x_wconf 91' lang='lat' dir='ltr'><strong>quidest,</strong></span> <span class='ocrx_word' id='word_1_103' title='bbox 924 1400 1079 1490; x_wconf 88' lang='lat' dir='ltr'><strong>[Verres‚]</strong></span> <span class='ocrx_word' id='word_1_104' title='bbox 1109 1403 1195 1488; x_wconf 93' lang='lat' dir='ltr'><strong>quod</strong></span> <span class='ocrx_word' id='word_1_105' title='bbox 1224 1405 1354 1488; x_wconf 85' lang='lat' dir='ltr'><strong>planum</strong></span> <span class='ocrx_word' id='word_1_106' title='bbox 1374 1405 1444 1468; x_wconf 88' lang='lat' dir='ltr'><strong>fieri</strong></span> <span class='ocrx_word' id='word_1_107' title='bbox 1465 1406 1596 1470; x_wconf 88' lang='lat' dir='ltr'><strong>testibus</strong></span> 
     </span>
     <span class='ocr_line' id='line_1_12' title="bbox 270 1498 1596 1587; baseline -0.003 -21"><span class='ocrx_word' id='word_1_108' title='bbox 270 1504 386 1587; x_wconf 84' lang='lat' dir='ltr'><strong>possit,</strong></span> <span class='ocrx_word' id='word_1_109' title='bbox 408 1505 435 1566; x_wconf 88' lang='lat' dir='ltr'><strong>si</strong></span> <span class='ocrx_word' id='word_1_110' title='bbox 456 1503 517 1565; x_wconf 92' lang='lat' dir='ltr'><strong>hoc</strong></span> <span class='ocrx_word' id='word_1_111' title='bbox 539 1521 603 1564; x_wconf 92' lang='lat' dir='ltr'><strong>non</strong></span> <span class='ocrx_word' id='word_1_112' title='bbox 619 1498 677 1566; x_wconf 81' lang='lat' dir='ltr'><strong>fitr</strong></span> <span class='ocrx_word' id='word_1_113' title='bbox 706 1505 756 1566; x_wconf 78' lang='lat' dir='ltr'><strong>An</strong></span> <span class='ocrx_word' id='word_1_114' title='bbox 774 1501 823 1577; x_wconf 92' lang='lat' dir='ltr'><strong>id,</strong></span> <span class='ocrx_word' id='word_1_115' title='bbox 847 1502 934 1585; x_wconf 93' lang='lat' dir='ltr'><strong>quod</strong></span> <span class='ocrx_word' id='word_1_116' title='bbox 949 1500 1072 1574; x_wconf 89' lang='lat' dir='ltr'><strong>dieunt,</strong></span> <span class='ocrx_word' id='word_1_117' title='bbox 1094 1499 1164 1562; x_wconf 83' lang='lat' dir='ltr'><strong>leve</strong></span> <span class='ocrx_word' id='word_1_118' title='bbox 1179 1502 1253 1562; x_wconf 81' lang='lat' dir='ltr'><strong>estt</strong></span> <span class='ocrx_word' id='word_1_119' title='bbox 1285 1499 1371 1562; x_wconf 90' lang='lat' dir='ltr'><strong>Nihil</strong></span> <span class='ocrx_word' id='word_1_120' title='bbox 1386 1500 1487 1564; x_wconf 90' lang='lat' dir='ltr'><strong>levius</strong></span> <span class='ocrx_word' id='word_1_121' title='bbox 1502 1519 1596 1584; x_wconf 88' lang='lat' dir='ltr'><strong>quam</strong></span> 
     </span>
     <span class='ocr_line' id='line_1_13' title="bbox 270 1593 1596 1680; baseline -0.002 -21"><span class='ocrx_word' id='word_1_122' title='bbox 270 1603 448 1680; x_wconf 83' lang='lat' dir='ltr'><strong>praetorem</strong></span> <span class='ocrx_word' id='word_1_123' title='bbox 477 1596 634 1659; x_wconf 85' lang='lat' dir='ltr'><strong>urbanum</strong></span> <span class='ocrx_word' id='word_1_124' title='bbox 663 1598 725 1661; x_wconf 87' lang='lat' dir='ltr'><strong>hoc</strong></span> <span class='ocrx_word' id='word_1_125' title='bbox 756 1598 834 1660; x_wconf 90' lang='lat' dir='ltr'><strong>iuris</strong></span> <span class='ocrx_word' id='word_1_126' title='bbox 859 1598 891 1659; x_wconf 94' lang='lat' dir='ltr'><strong>in</strong></span> <span class='ocrx_word' id='word_1_127' title='bbox 914 1615 972 1658; x_wconf 91' lang='lat' dir='ltr'><strong>suo</strong></span> <span class='ocrx_word' id='word_1_128' title='bbox 995 1593 1180 1675; x_wconf 81' lang='lat' dir='ltr'><strong>magistratu</strong></span> <span class='ocrx_word' id='word_1_129' title='bbox 1202 1593 1412 1668; x_wconf 89' lang='lat' dir='ltr'><strong>constituere,</strong></span> <span class='ocrx_word' id='word_1_130' title='bbox 1441 1594 1596 1670; x_wconf 90' lang='lat' dir='ltr'><strong>omnibus,</strong></span> 
     </span>
     <span class='ocr_line' id='line_1_14' title="bbox 271 1687 1595 1775; baseline -0.002 -23"><span class='ocrx_word' id='word_1_131' title='bbox 271 1691 387 1775; x_wconf 91' lang='lat' dir='ltr'><strong>quibus</strong></span> <span class='ocrx_word' id='word_1_132' title='bbox 409 1688 568 1752; x_wconf 82' lang='lat' dir='ltr'><strong>hereditas</strong></span> <span class='ocrx_word' id='word_1_133' title='bbox 590 1693 730 1765; x_wconf 88' lang='lat' dir='ltr'><strong>venerit,</strong></span> <span class='ocrx_word' id='word_1_134' title='bbox 753 1687 944 1754; x_wconf 80' lang='lat' dir='ltr'><strong>coheredem</strong></span> <span class='ocrx_word' id='word_1_135' title='bbox 965 1695 1142 1771; x_wconf 83' lang='lat' dir='ltr'><strong>praetorem</strong></span> <span class='ocrx_word' id='word_1_136' title='bbox 1164 1705 1234 1749; x_wconf 89' lang='lat' dir='ltr'><strong>esse</strong></span> <span class='ocrx_word' id='word_1_137' title='bbox 1257 1696 1414 1771; x_wconf 84' lang='lat' dir='ltr'><strong>oportere.</strong></span> <span class='ocrx_word' id='word_1_138' title='bbox 1451 1690 1500 1753; x_wconf 87' lang='lat' dir='ltr'><strong>An</strong></span> <span class='ocrx_word' id='word_1_139' title='bbox 1522 1707 1595 1752; x_wconf 82' lang='lat' dir='ltr'><strong>vero</strong></span> 
     </span>
     <span class='ocr_line' id='line_1_15' title="bbox 271 1781 1595 1866; baseline -0.003 -18"><span class='ocrx_word' id='word_1_140' title='bbox 271 1785 463 1858; x_wconf 89' lang='lat' dir='ltr'><strong>dubitamus,</strong></span> <span class='ocrx_word' id='word_1_141' title='bbox 494 1803 559 1866; x_wconf 93' lang='lat' dir='ltr'><strong>quo</strong></span> <span class='ocrx_word' id='word_1_142' title='bbox 589 1802 643 1847; x_wconf 91' lang='lat' dir='ltr'><strong>ore</strong></span> <span class='ocrx_word' id='word_1_143' title='bbox 670 1785 730 1847; x_wconf 91' lang='lat' dir='ltr'><strong>iste</strong></span> <span class='ocrx_word' id='word_1_144' title='bbox 757 1792 879 1848; x_wconf 89' lang='lat' dir='ltr'><strong>ceteros</strong></span> <span class='ocrx_word' id='word_1_145' title='bbox 908 1783 1052 1846; x_wconf 89' lang='lat' dir='ltr'><strong>homines</strong></span> <span class='ocrx_word' id='word_1_146' title='bbox 1084 1781 1250 1845; x_wconf 83' lang='lat' dir='ltr'><strong>inferiores</strong></span> <span class='ocrx_word' id='word_1_147' title='bbox 1278 1781 1366 1858; x_wconf 85' lang='lat' dir='ltr'><strong>ioco,</strong></span> <span class='ocrx_word' id='word_1_148' title='bbox 1395 1784 1595 1859; x_wconf 86' lang='lat' dir='ltr'><strong>auctoritate,</strong></span> 
     </span>
     <span class='ocr_line' id='line_1_16' title="bbox 234 1876 1596 1961; baseline 0 -21"><span class='ocrx_word' id='word_1_149' title='bbox 234 1879 398 1951; x_wconf 78' lang='lat' dir='ltr'><strong>reordine,</strong></span> <span class='ocrx_word' id='word_1_150' title='bbox 430 1898 495 1961; x_wconf 95' lang='lat' dir='ltr'><strong>quo</strong></span> <span class='ocrx_word' id='word_1_151' title='bbox 527 1897 582 1940; x_wconf 89' lang='lat' dir='ltr'><strong>ore</strong></span> <span class='ocrx_word' id='word_1_152' title='bbox 610 1877 757 1941; x_wconf 91' lang='lat' dir='ltr'><strong>homines</strong></span> <span class='ocrx_word' id='word_1_153' title='bbox 786 1878 964 1941; x_wconf 91' lang='lat' dir='ltr'><strong>rusticanos</strong></span> <span class='ocrx_word' id='word_1_154' title='bbox 992 1895 1032 1938; x_wconf 82' lang='lat' dir='ltr'><strong>ex</strong></span> <span class='ocrx_word' id='word_1_155' title='bbox 1054 1876 1252 1958; x_wconf 91' lang='lat' dir='ltr'><strong>municipiis,</strong></span> <span class='ocrx_word' id='word_1_156' title='bbox 1285 1897 1349 1960; x_wconf 92' lang='lat' dir='ltr'><strong>quo</strong></span> <span class='ocrx_word' id='word_1_157' title='bbox 1372 1876 1511 1961; x_wconf 90' lang='lat' dir='ltr'><strong>denique</strong></span> <span class='ocrx_word' id='word_1_158' title='bbox 1533 1897 1596 1951; x_wconf 91' lang='lat' dir='ltr'><strong>ore,</strong></span> 
     </span>
     <span class='ocr_line' id='line_1_17' title="bbox 271 1959 1597 2057; baseline -0.002 -21"><span class='ocrx_word' id='word_1_159' title='bbox 271 1959 352 2057; x_wconf 83' lang='lat' dir='ltr'><strong>quos</strong></span> <span class='ocrx_word' id='word_1_160' title='bbox 374 1992 549 2055; x_wconf 83' lang='lat' dir='ltr'><strong>numquam</strong></span> <span class='ocrx_word' id='word_1_161' title='bbox 571 1972 688 2035; x_wconf 86' lang='lat' dir='ltr'><strong>liberos</strong></span> <span class='ocrx_word' id='word_1_162' title='bbox 709 1974 848 2055; x_wconf 86' lang='lat' dir='ltr'><strong>putavit,</strong></span> <span class='ocrx_word' id='word_1_163' title='bbox 880 1973 1042 2035; x_wconf 89' lang='lat' dir='ltr'><strong>libertinos</strong></span> <span class='ocrx_word' id='word_1_164' title='bbox 1064 1972 1209 2034; x_wconf 90' lang='lat' dir='ltr'><strong>homines</strong></span> <span class='ocrx_word' id='word_1_165' title='bbox 1233 1973 1344 2036; x_wconf 89' lang='lat' dir='ltr'><strong>solitus</strong></span> <span class='ocrx_word' id='word_1_166' title='bbox 1367 1973 1407 2036; x_wconf 90' lang='lat' dir='ltr'><strong>sit</strong></span> <span class='ocrx_word' id='word_1_167' title='bbox 1428 1971 1597 2054; x_wconf 84' lang='lat' dir='ltr'><strong>appellare,</strong></span> 
     </span>
    </p>

    <p class='ocr_par' dir='ltr' id='par_1_5' title="bbox 165 2062 1596 2339">
     <span class='ocr_line' id='line_1_18' title="bbox 179 2062 1596 2150; baseline -0.001 -20"><span class='ocrx_word' id='word_1_168' title='bbox 179 2062 183 2069; x_wconf 82' lang='grc'><strong>’</strong></span> <span class='ocrx_word' id='word_1_169' title='bbox 271 2067 326 2150; x_wconf 95' lang='lat' dir='ltr'><strong>qui</strong></span> <span class='ocrx_word' id='word_1_170' title='bbox 347 2066 388 2129; x_wconf 89' lang='lat' dir='ltr'><strong>ob</strong></span> <span class='ocrx_word' id='word_1_171' title='bbox 409 2067 460 2128; x_wconf 91' lang='lat' dir='ltr'><strong>ius</strong></span> <span class='ocrx_word' id='word_1_172' title='bbox 476 2066 647 2130; x_wconf 91' lang='lat' dir='ltr'><strong>dicendum</strong></span> <span class='ocrx_word' id='word_1_173' title='bbox 663 2069 703 2133; x_wconf 89' lang='lat' dir='ltr'><strong>M.</strong></span> <span class='ocrx_word' id='word_1_174' title='bbox 719 2067 886 2131; x_wconf 82' lang='lat' dir='ltr'><strong>Octavium</strong></span> <span class='ocrx_word' id='word_1_175' title='bbox 901 2069 1066 2150; x_wconf 78' lang='lat' dir='ltr'><strong>Ligurem,</strong></span> <span class='ocrx_word' id='word_1_176' title='bbox 1088 2065 1249 2128; x_wconf 89' lang='lat' dir='ltr'><strong>hominem</strong></span> <span class='ocrx_word' id='word_1_177' title='bbox 1265 2067 1501 2130; x_wconf 89' lang='lat' dir='ltr'><strong>ornatissimum</strong></span> <span class='ocrx_word' id='word_1_178' title='bbox 1516 2065 1596 2138; x_wconf 89' lang='lat' dir='ltr'><strong>loco,</strong></span> 
     </span>
     <span class='ocr_line' id='line_1_19' title="bbox 165 2159 1596 2244; baseline -0.002 -20"><span class='ocrx_word' id='word_1_179' title='bbox 165 2159 173 2172; x_wconf 84' lang='lat'>&#39;</span> <span class='ocrx_word' id='word_1_180' title='bbox 271 2161 400 2234; x_wconf 86' lang='lat' dir='ltr'><strong>ordine,</strong></span> <span class='ocrx_word' id='word_1_181' title='bbox 422 2159 566 2233; x_wconf 90' lang='lat' dir='ltr'><strong>nomine,</strong></span> <span class='ocrx_word' id='word_1_182' title='bbox 582 2161 708 2236; x_wconf 83' lang='lat' dir='ltr'><strong>virtute,</strong></span> <span class='ocrx_word' id='word_1_183' title='bbox 729 2163 869 2244; x_wconf 81' lang='lat' dir='ltr'><strong>ingenio,</strong></span> <span class='ocrx_word' id='word_1_184' title='bbox 885 2161 995 2243; x_wconf 88' lang='lat' dir='ltr'><strong>copiis,</strong></span> <span class='ocrx_word' id='word_1_185' title='bbox 1016 2178 1147 2242; x_wconf 89' lang='lat' dir='ltr'><strong>poscere</strong></span> <span class='ocrx_word' id='word_1_186' title='bbox 1162 2161 1329 2241; x_wconf 87' lang='lat' dir='ltr'><strong>pecuniam</strong></span> <span class='ocrx_word' id='word_1_187' title='bbox 1343 2181 1407 2224; x_wconf 91' lang='lat' dir='ltr'><strong>non</strong></span> <span class='ocrx_word' id='word_1_188' title='bbox 1423 2161 1596 2223; x_wconf 74' lang='lat' dir='ltr'><strong>dubitavit?</strong></span> 
     </span>
     <span class='ocr_line' id='line_1_20' title="bbox 356 2249 1595 2339; baseline 0 -23"><span class='ocrx_word' id='word_1_189' title='bbox 356 2254 469 2316; x_wconf 82' lang='lat' dir='ltr'><strong>XLIX.</strong></span> <span class='ocrx_word' id='word_1_190' title='bbox 492 2249 566 2316; x_wconf 71' lang='lat'><strong>428.</strong></span> <span class='ocrx_word' id='word_1_191' title='bbox 589 2255 626 2316; x_wconf 92' lang='lat' dir='ltr'><strong>ln</strong></span> <span class='ocrx_word' id='word_1_192' title='bbox 649 2257 739 2318; x_wconf 90' lang='lat' dir='ltr'><strong>sartis</strong></span> <span class='ocrx_word' id='word_1_193' title='bbox 762 2258 854 2320; x_wconf 90' lang='lat' dir='ltr'><strong>tectis</strong></span> <span class='ocrx_word' id='word_1_194' title='bbox 877 2276 951 2320; x_wconf 81' lang='lat' dir='ltr'><strong>vero</strong></span> <span class='ocrx_word' id='word_1_195' title='bbox 975 2273 1069 2337; x_wconf 90' lang='lat' dir='ltr'><strong>quern</strong></span> <span class='ocrx_word' id='word_1_196' title='bbox 1091 2252 1277 2318; x_wconf 89' lang='lat' dir='ltr'><strong>admodum</strong></span> <span class='ocrx_word' id='word_1_197' title='bbox 1299 2275 1332 2318; x_wconf 90' lang='lat' dir='ltr'><strong>se</strong></span> <span class='ocrx_word' id='word_1_198' title='bbox 1354 2257 1500 2339; x_wconf 79' lang='lat' dir='ltr'><strong>gesserit,</strong></span> <span class='ocrx_word' id='word_1_199' title='bbox 1522 2253 1595 2339; x_wconf 91' lang='lat' dir='ltr'><strong>quid</strong></span> 
     </span>
    </p>

    <p class='ocr_par' dir='ltr' id='par_1_6' title="bbox 173 2347 1600 3657">
     <span class='ocr_line' id='line_1_21' title="bbox 233 2347 1596 2433; baseline 0.001 -21"><span class='ocrx_word' id='word_1_200' title='bbox 233 2365 329 2431; x_wconf 73' lang='lat' dir='ltr'><strong>coago</strong></span> <span class='ocrx_word' id='word_1_201' title='bbox 352 2347 478 2410; x_wconf 82' lang='grc'><strong>4444444444</strong></span> <span class='ocrx_word' id='word_1_202' title='bbox 512 2347 700 2423; x_wconf 64' lang='lat' dir='ltr'><strong>Diuorum„</strong></span> <span class='ocrx_word' id='word_1_203' title='bbox 717 2352 772 2433; x_wconf 94' lang='lat' dir='ltr'><strong>qui</strong></span> <span class='ocrx_word' id='word_1_204' title='bbox 795 2357 983 2414; x_wconf 89' lang='lat' dir='ltr'><strong>senserunt:</strong></span> <span class='ocrx_word' id='word_1_205' title='bbox 1012 2355 1086 2410; x_wconf 93' lang='lat' dir='ltr'><strong>sunt</strong></span> <span class='ocrx_word' id='word_1_206' title='bbox 1108 2347 1178 2422; x_wconf 92' lang='lat' dir='ltr'><strong>alii,</strong></span> <span class='ocrx_word' id='word_1_207' title='bbox 1202 2351 1256 2432; x_wconf 94' lang='lat' dir='ltr'><strong>qui</strong></span> <span class='ocrx_word' id='word_1_208' title='bbox 1280 2350 1404 2413; x_wconf 89' lang='lat' dir='ltr'><strong>dicant:</strong></span> <span class='ocrx_word' id='word_1_209' title='bbox 1432 2359 1526 2413; x_wconf 84' lang='lat' dir='ltr'><strong>notee</strong></span> <span class='ocrx_word' id='word_1_210' title='bbox 1547 2369 1596 2413; x_wconf 89' lang='lat' dir='ltr'><strong>res</strong></span> 
     </span>
     <span class='ocr_line' id='line_1_22' title="bbox 271 2441 1596 2530; baseline 0.001 -25"><span class='ocrx_word' id='word_1_211' title='bbox 271 2453 367 2525; x_wconf 89' lang='lat' dir='ltr'><strong>atque</strong></span> <span class='ocrx_word' id='word_1_212' title='bbox 391 2441 576 2504; x_wconf 79' lang='lat' dir='ltr'><strong>manifestae</strong></span> <span class='ocrx_word' id='word_1_213' title='bbox 599 2443 742 2524; x_wconf 77' lang='lat' dir='ltr'><strong>prolatae</strong></span> <span class='ocrx_word' id='word_1_214' title='bbox 765 2451 884 2508; x_wconf 89' lang='lat' dir='ltr'><strong>suntet</strong></span> <span class='ocrx_word' id='word_1_215' title='bbox 906 2441 1114 2525; x_wconf 78' lang='lat' dir='ltr'><strong>proferentur.</strong></span> <span class='ocrx_word' id='word_1_216' title='bbox 1149 2443 1236 2505; x_wconf 85' lang='lat' dir='ltr'><strong>Dixit</strong></span> <span class='ocrx_word' id='word_1_217' title='bbox 1253 2444 1308 2506; x_wconf 86' lang='lat' dir='ltr'><strong>Cn.</strong></span> <span class='ocrx_word' id='word_1_218' title='bbox 1323 2444 1477 2517; x_wconf 88' lang='lat' dir='ltr'><strong>Fannius,</strong></span> <span class='ocrx_word' id='word_1_219' title='bbox 1500 2463 1596 2530; x_wconf 78' lang='lat' dir='ltr'><strong>eques</strong></span> 
     </span>
     <span class='ocr_line' id='line_1_23' title="bbox 192 2534 1597 2620; baseline 0.006 -28"><span class='ocrx_word' id='word_1_220' title='bbox 192 2554 207 2592; x_wconf 57' lang='lat'><strong>.&#39;</strong></span> <span class='ocrx_word' id='word_1_221' title='bbox 270 2537 447 2609; x_wconf 84' lang='lat' dir='ltr'><strong>Romanus,</strong></span> <span class='ocrx_word' id='word_1_222' title='bbox 469 2535 566 2598; x_wconf 84' lang='lat' dir='ltr'><strong>irater</strong></span> <span class='ocrx_word' id='word_1_223' title='bbox 587 2556 755 2619; x_wconf 75' lang='lat' dir='ltr'><strong>germanus</strong></span> <span class='ocrx_word' id='word_1_224' title='bbox 778 2537 816 2612; x_wconf 86' lang='lat' dir='ltr'><strong>Q.</strong></span> <span class='ocrx_word' id='word_1_225' title='bbox 839 2537 962 2610; x_wconf 89' lang='lat' dir='ltr'><strong>Titinii,</strong></span> <span class='ocrx_word' id='word_1_226' title='bbox 992 2534 1105 2597; x_wconf 91' lang='lat' dir='ltr'><strong>iudicis</strong></span> <span class='ocrx_word' id='word_1_227' title='bbox 1128 2536 1191 2608; x_wconf 89' lang='lat' dir='ltr'><strong>tui,</strong></span> <span class='ocrx_word' id='word_1_228' title='bbox 1219 2536 1278 2599; x_wconf 89' lang='lat' dir='ltr'><strong>tibi</strong></span> <span class='ocrx_word' id='word_1_229' title='bbox 1301 2557 1333 2599; x_wconf 90' lang='lat' dir='ltr'><strong>se</strong></span> <span class='ocrx_word' id='word_1_230' title='bbox 1355 2539 1521 2620; x_wconf 91' lang='lat' dir='ltr'><strong>pecuniam</strong></span> <span class='ocrx_word' id='word_1_231' title='bbox 1545 2537 1597 2602; x_wconf 89' lang='lat' dir='ltr'><strong>de·</strong></span> 
     </span>
     <span class='ocr_line' id='line_1_24' title="bbox 272 2629 1596 2719; baseline 0.002 -27"><span class='ocrx_word' id='word_1_232' title='bbox 272 2630 366 2692; x_wconf 90' lang='lat' dir='ltr'><strong>disse.</strong></span> <span class='ocrx_word' id='word_1_233' title='bbox 399 2631 521 2693; x_wconf 80' lang='lat' dir='ltr'><strong>Rscrrs</strong></span> <span class='ocrx_word' id='word_1_234' title='bbox 543 2651 757 2694; x_wconf 80' lang='lat' dir='ltr'><strong>rusrruourvru</strong></span> <span class='ocrx_word' id='word_1_235' title='bbox 781 2633 833 2695; x_wconf 84' lang='lat' dir='ltr'><strong>Cu.</strong></span> <span class='ocrx_word' id='word_1_236' title='bbox 855 2633 976 2694; x_wconf 69' lang='lat' dir='ltr'><strong>Fauen.</strong></span> <span class='ocrx_word' id='word_1_237' title='bbox 1013 2629 1117 2691; x_wconf 91' lang='lat' dir='ltr'><strong>Nolite</strong></span> <span class='ocrx_word' id='word_1_238' title='bbox 1141 2629 1197 2719; x_wconf 84' lang='lat' dir='ltr'><strong>Cn.</strong></span> <span class='ocrx_word' id='word_1_239' title='bbox 1212 2631 1333 2694; x_wconf 85' lang='lat' dir='ltr'><strong>Fannio</strong></span> <span class='ocrx_word' id='word_1_240' title='bbox 1354 2631 1499 2694; x_wconf 89' lang='lat' dir='ltr'><strong>credere:</strong></span> <span class='ocrx_word' id='word_1_241' title='bbox 1522 2631 1596 2705; x_wconf 92' lang='lat' dir='ltr'><strong>noli,</strong></span> 
     </span>
     <span class='ocr_line' id='line_1_25' title="bbox 198 2723 1597 2807; baseline 0.002 -22"><span class='ocrx_word' id='word_1_242' title='bbox 198 2731 202 2738; x_wconf 88' lang='grc'><strong>’</strong></span> <span class='ocrx_word' id='word_1_243' title='bbox 270 2725 415 2807; x_wconf 90' lang='lat' dir='ltr'><strong>inquam,</strong></span> <span class='ocrx_word' id='word_1_244' title='bbox 438 2732 489 2800; x_wconf 89' lang='lat' dir='ltr'><strong>tu,</strong></span> <span class='ocrx_word' id='word_1_245' title='bbox 513 2724 551 2802; x_wconf 86' lang='lat' dir='ltr'><strong>Q.</strong></span> <span class='ocrx_word' id='word_1_246' title='bbox 575 2727 689 2801; x_wconf 89' lang='lat' dir='ltr'><strong>Titini,</strong></span> <span class='ocrx_word' id='word_1_247' title='bbox 715 2728 770 2791; x_wconf 86' lang='lat' dir='ltr'><strong>Gn.</strong></span> <span class='ocrx_word' id='word_1_248' title='bbox 794 2728 930 2800; x_wconf 87' lang='lat' dir='ltr'><strong>Fannio,</strong></span> <span class='ocrx_word' id='word_1_249' title='bbox 952 2725 1039 2788; x_wconf 88' lang='lat' dir='ltr'><strong>iratri</strong></span> <span class='ocrx_word' id='word_1_250' title='bbox 1062 2730 1134 2796; x_wconf 93' lang='lat' dir='ltr'><strong>tuo,</strong></span> <span class='ocrx_word' id='word_1_251' title='bbox 1157 2723 1302 2786; x_wconf 86' lang='lat' dir='ltr'><strong>credere:</strong></span> <span class='ocrx_word' id='word_1_252' title='bbox 1327 2725 1405 2788; x_wconf 92' lang='lat' dir='ltr'><strong>dicit</strong></span> <span class='ocrx_word' id='word_1_253' title='bbox 1426 2727 1510 2790; x_wconf 91' lang='lat' dir='ltr'><strong>enirn</strong></span> <span class='ocrx_word' id='word_1_254' title='bbox 1532 2745 1597 2789; x_wconf 91' lang='lat' dir='ltr'><strong>rem</strong></span> 
     </span>
     <span class='ocr_line' id='line_1_26' title="bbox 173 2817 1598 2903; baseline -0.001 -21"><span class='ocrx_word' id='word_1_255' title='bbox 173 2823 181 2846; x_wconf 65' lang='lat'>²</span> <span class='ocrx_word' id='word_1_256' title='bbox 237 2819 509 2883; x_wconf 76' lang='lat' dir='ltr'><strong>reincredibilem:</strong></span> <span class='ocrx_word' id='word_1_257' title='bbox 543 2821 575 2883; x_wconf 88' lang='lat' dir='ltr'><strong>C.</strong></span> <span class='ocrx_word' id='word_1_258' title='bbox 598 2821 728 2885; x_wconf 85' lang='lat' dir='ltr'><strong>Verrem</strong></span> <span class='ocrx_word' id='word_1_259' title='bbox 751 2821 913 2884; x_wconf 88' lang='lat' dir='ltr'><strong>insimulat</strong></span> <span class='ocrx_word' id='word_1_260' title='bbox 935 2819 1084 2882; x_wconf 85' lang='lat' dir='ltr'><strong>avaritiae</strong></span> <span class='ocrx_word' id='word_1_261' title='bbox 1107 2824 1139 2879; x_wconf 89' lang='lat' dir='ltr'><strong>et</strong></span> <span class='ocrx_word' id='word_1_262' title='bbox 1161 2817 1329 2894; x_wconf 87' lang='lat' dir='ltr'><strong>audaciae,</strong></span> <span class='ocrx_word' id='word_1_263' title='bbox 1353 2839 1435 2903; x_wconf 88' lang='lat' dir='ltr'><strong>quae</strong></span> <span class='ocrx_word' id='word_1_264' title='bbox 1456 2820 1532 2882; x_wconf 86' lang='lat' dir='ltr'><strong>vitia</strong></span> <span class='ocrx_word' id='word_1_265' title='bbox 1553 2819 1598 2880; x_wconf 85' lang='lat' dir='ltr'><strong>vi-</strong></span> 
     </span>
     <span class='ocr_line' id='line_1_27' title="bbox 273 2912 1598 2998; baseline 0.002 -25"><span class='ocrx_word' id='word_1_266' title='bbox 273 2912 388 2974; x_wconf 89' lang='lat' dir='ltr'><strong>dentur</strong></span> <span class='ocrx_word' id='word_1_267' title='bbox 415 2913 448 2975; x_wconf 91' lang='lat' dir='ltr'><strong>in</strong></span> <span class='ocrx_word' id='word_1_268' title='bbox 477 2915 620 2997; x_wconf 84' lang='lat' dir='ltr'><strong>quemvis</strong></span> <span class='ocrx_word' id='word_1_269' title='bbox 649 2916 755 2997; x_wconf 89' lang='lat' dir='ltr'><strong>potius</strong></span> <span class='ocrx_word' id='word_1_270' title='bbox 787 2935 883 2998; x_wconf 91' lang='lat' dir='ltr'><strong>quam</strong></span> <span class='ocrx_word' id='word_1_271' title='bbox 905 2916 939 2978; x_wconf 95' lang='lat' dir='ltr'><strong>in</strong></span> <span class='ocrx_word' id='word_1_272' title='bbox 960 2915 1054 2977; x_wconf 92' lang='lat' dir='ltr'><strong>istum</strong></span> <span class='ocrx_word' id='word_1_273' title='bbox 1078 2914 1256 2976; x_wconf 89' lang='lat' dir='ltr'><strong>convenire.</strong></span> <span class='ocrx_word' id='word_1_274' title='bbox 1299 2915 1388 2978; x_wconf 84' lang='lat' dir='ltr'><strong>Dixit</strong></span> <span class='ocrx_word' id='word_1_275' title='bbox 1410 2913 1449 2988; x_wconf 87' lang='lat' dir='ltr'><strong>Q.</strong></span> <span class='ocrx_word' id='word_1_276' title='bbox 1471 2914 1598 2990; x_wconf 90' lang='lat' dir='ltr'><strong>Tadius,</strong></span> 
     </span>
     <span class='ocr_line' id='line_1_28' title="bbox 204 3005 1600 3096; baseline 0.002 -28"><span class='ocrx_word' id='word_1_277' title='bbox 204 3088 210 3096; x_wconf 85' lang='lat'><strong>.</strong></span> <span class='ocrx_word' id='word_1_278' title='bbox 271 3005 367 3068; x_wconf 88' lang='lat' dir='ltr'><strong>homo</strong></span> <span class='ocrx_word' id='word_1_279' title='bbox 389 3006 650 3070; x_wconf 76' lang='lat' dir='ltr'><strong>familiarissimus</strong></span> <span class='ocrx_word' id='word_1_280' title='bbox 673 3011 770 3092; x_wconf 88' lang='lat' dir='ltr'><strong>patris</strong></span> <span class='ocrx_word' id='word_1_281' title='bbox 794 3010 903 3083; x_wconf 90' lang='lat' dir='ltr'><strong>istius,</strong></span> <span class='ocrx_word' id='word_1_282' title='bbox 938 3027 1002 3070; x_wconf 91' lang='lat' dir='ltr'><strong>non</strong></span> <span class='ocrx_word' id='word_1_283' title='bbox 1025 3006 1147 3070; x_wconf 89' lang='lat' dir='ltr'><strong>alienus</strong></span> <span class='ocrx_word' id='word_1_284' title='bbox 1170 3027 1189 3070; x_wconf 91' lang='lat' dir='ltr'><strong>a</strong></span> <span class='ocrx_word' id='word_1_285' title='bbox 1210 3010 1317 3072; x_wconf 87' lang='lat' dir='ltr'><strong>matris</strong></span> <span class='ocrx_word' id='word_1_286' title='bbox 1341 3011 1409 3072; x_wconf 89' lang='lat' dir='ltr'><strong>eius</strong></span> <span class='ocrx_word' id='word_1_287' title='bbox 1431 3027 1546 3092; x_wconf 78' lang='lat' dir='ltr'><strong>genere</strong></span> <span class='ocrx_word' id='word_1_288' title='bbox 1568 3015 1600 3071; x_wconf 91' lang='lat' dir='ltr'><strong>et</strong></span> 
     </span>
     <span class='ocr_line' id='line_1_29' title="bbox 272 3100 1599 3188; baseline 0.004 -26"><span class='ocrx_word' id='word_1_289' title='bbox 272 3101 418 3164; x_wconf 89' lang='lat' dir='ltr'><strong>nomine:</strong></span> <span class='ocrx_word' id='word_1_290' title='bbox 443 3102 564 3165; x_wconf 86' lang='lat' dir='ltr'><strong>tabulas</strong></span> <span class='ocrx_word' id='word_1_291' title='bbox 586 3103 735 3185; x_wconf 88' lang='lat' dir='ltr'><strong>protulit,</strong></span> <span class='ocrx_word' id='word_1_292' title='bbox 759 3104 876 3188; x_wconf 88' lang='lat' dir='ltr'><strong>quihus</strong></span> <span class='ocrx_word' id='word_1_293' title='bbox 898 3104 1066 3186; x_wconf 89' lang='lat' dir='ltr'><strong>pecuniam</strong></span> <span class='ocrx_word' id='word_1_294' title='bbox 1088 3120 1122 3162; x_wconf 90' lang='lat' dir='ltr'><strong>se</strong></span> <span class='ocrx_word' id='word_1_295' title='bbox 1146 3100 1270 3164; x_wconf 85' lang='lat' dir='ltr'><strong>dedisse</strong></span> <span class='ocrx_word' id='word_1_296' title='bbox 1293 3103 1440 3167; x_wconf 90' lang='lat' dir='ltr'><strong>ostendit.</strong></span> <span class='ocrx_word' id='word_1_297' title='bbox 1478 3104 1599 3167; x_wconf 80' lang='lat' dir='ltr'><strong>Recrra</strong></span> 
     </span>
     <span class='ocr_line' id='line_1_30' title="bbox 271 3195 1599 3281; baseline 0.002 -24"><span class='ocrx_word' id='word_1_298' title='bbox 271 3213 394 3259; x_wconf 81' lang='grc'><strong>4444444444</strong></span> <span class='ocrx_word' id='word_1_299' title='bbox 417 3195 456 3271; x_wconf 88' lang='lat' dir='ltr'><strong>Q.</strong></span> <span class='ocrx_word' id='word_1_300' title='bbox 479 3197 581 3259; x_wconf 78' lang='lat' dir='ltr'><strong>Trnrr.</strong></span> <span class='ocrx_word' id='word_1_301' title='bbox 625 3198 746 3260; x_wconf 81' lang='grc'><strong>14444444</strong></span> <span class='ocrx_word' id='word_1_302' title='bbox 773 3217 987 3261; x_wconf 83' lang='lat' dir='ltr'><strong>rasrruoruvu</strong></span> <span class='ocrx_word' id='word_1_303' title='bbox 1010 3195 1049 3270; x_wconf 86' lang='lat' dir='ltr'><strong>Q.</strong></span> <span class='ocrx_word' id='word_1_304' title='bbox 1072 3197 1174 3259; x_wconf 80' lang='lat' dir='ltr'><strong>Trou.</strong></span> <span class='ocrx_word' id='word_1_305' title='bbox 1218 3198 1263 3258; x_wconf 90' lang='lat' dir='ltr'><strong>Ne</strong></span> <span class='ocrx_word' id='word_1_306' title='bbox 1287 3197 1376 3259; x_wconf 85' lang='lat' dir='ltr'><strong>Tadii</strong></span> <span class='ocrx_word' id='word_1_307' title='bbox 1403 3197 1530 3281; x_wconf 90' lang='lat' dir='ltr'><strong>quidem</strong></span> <span class='ocrx_word' id='word_1_308' title='bbox 1553 3205 1599 3260; x_wconf 87' lang='lat' dir='ltr'><strong>to-</strong></span> 
     </span>
     <span class='ocr_line' id='line_1_31' title="bbox 236 3289 1598 3375; baseline -0.002 -20"><span class='ocrx_word' id='word_1_309' title='bbox 236 3289 354 3355; x_wconf 85' lang='lat' dir='ltr'><strong>oobulis</strong></span> <span class='ocrx_word' id='word_1_310' title='bbox 375 3309 435 3352; x_wconf 89' lang='lat' dir='ltr'><strong>neo</strong></span> <span class='ocrx_word' id='word_1_311' title='bbox 455 3291 636 3353; x_wconf 90' lang='lat' dir='ltr'><strong>testimonio</strong></span> <span class='ocrx_word' id='word_1_312' title='bbox 660 3293 846 3356; x_wconf 73' lang='lat' dir='ltr'><strong>credemus?</strong></span> <span class='ocrx_word' id='word_1_313' title='bbox 882 3290 968 3366; x_wconf 84' lang='lat' dir='ltr'><strong>Quid</strong></span> <span class='ocrx_word' id='word_1_314' title='bbox 990 3292 1086 3373; x_wconf 83' lang='lat' dir='ltr'><strong>igitur</strong></span> <span class='ocrx_word' id='word_1_315' title='bbox 1107 3292 1140 3352; x_wconf 94' lang='lat' dir='ltr'><strong>in</strong></span> <span class='ocrx_word' id='word_1_316' title='bbox 1161 3290 1286 3354; x_wconf 90' lang='lat' dir='ltr'><strong>iudiciis</strong></span> <span class='ocrx_word' id='word_1_317' title='bbox 1299 3295 1491 3375; x_wconf 73' lang='lat' dir='ltr'><strong>sequemur?</strong></span> <span class='ocrx_word' id='word_1_318' title='bbox 1514 3291 1598 3367; x_wconf 86' lang='lat' dir='ltr'><strong>Quid</strong></span> 
     </span>
     <span class='ocr_line' id='line_1_32' title="bbox 273 3381 1599 3468; baseline 0 -22"><span class='ocrx_word' id='word_1_319' title='bbox 273 3389 322 3446; x_wconf 91' lang='lat' dir='ltr'><strong>est</strong></span> <span class='ocrx_word' id='word_1_320' title='bbox 342 3383 427 3447; x_wconf 88' lang='lat' dir='ltr'><strong>aliud</strong></span> <span class='ocrx_word' id='word_1_321' title='bbox 450 3384 596 3447; x_wconf 91' lang='lat' dir='ltr'><strong>omnibus</strong></span> <span class='ocrx_word' id='word_1_322' title='bbox 619 3385 726 3448; x_wconf 87' lang='lat' dir='ltr'><strong>omnia</strong></span> <span class='ocrx_word' id='word_1_323' title='bbox 747 3393 877 3468; x_wconf 84' lang='lat' dir='ltr'><strong>peccata</strong></span> <span class='ocrx_word' id='word_1_324' title='bbox 898 3391 931 3447; x_wconf 93' lang='lat' dir='ltr'><strong>et</strong></span> <span class='ocrx_word' id='word_1_325' title='bbox 952 3381 1104 3448; x_wconf 82' lang='lat' dir='ltr'><strong>maleficia</strong></span> <span class='ocrx_word' id='word_1_326' title='bbox 1120 3384 1294 3448; x_wconf 91' lang='lat' dir='ltr'><strong>concedere</strong></span> <span class='ocrx_word' id='word_1_327' title='bbox 1316 3386 1378 3449; x_wconf 88' lang='lat' dir='ltr'><strong>nisi</strong></span> <span class='ocrx_word' id='word_1_328' title='bbox 1399 3386 1474 3460; x_wconf 91' lang='lat' dir='ltr'><strong>hoc,</strong></span> <span class='ocrx_word' id='word_1_329' title='bbox 1497 3383 1599 3447; x_wconf 89' lang='lat' dir='ltr'><strong>homi-</strong></span> 
     </span>
     <span class='ocr_line' id='line_1_33' title="bbox 272 3475 1598 3543; baseline 0.002 -6"><span class='ocrx_word' id='word_1_330' title='bbox 272 3495 347 3538; x_wconf 92' lang='lat' dir='ltr'><strong>num</strong></span> <span class='ocrx_word' id='word_1_331' title='bbox 377 3475 671 3542; x_wconf 89' lang='lat' dir='ltr'><strong>honestissimorum</strong></span> <span class='ocrx_word' id='word_1_332' title='bbox 703 3479 892 3542; x_wconf 88' lang='lat' dir='ltr'><strong>testimoniis</strong></span> <span class='ocrx_word' id='word_1_333' title='bbox 915 3487 947 3540; x_wconf 93' lang='lat' dir='ltr'><strong>et</strong></span> <span class='ocrx_word' id='word_1_334' title='bbox 970 3480 1108 3541; x_wconf 88' lang='lat' dir='ltr'><strong>virorum</strong></span> <span class='ocrx_word' id='word_1_335' title='bbox 1130 3479 1285 3543; x_wconf 88' lang='lat' dir='ltr'><strong>bonorum</strong></span> <span class='ocrx_word' id='word_1_336' title='bbox 1308 3478 1424 3542; x_wconf 86' lang='lat' dir='ltr'><strong>tabulis</strong></span> <span class='ocrx_word' id='word_1_337' title='bbox 1446 3499 1511 3542; x_wconf 94' lang='lat' dir='ltr'><strong>non</strong></span> <span class='ocrx_word' id='word_1_338' title='bbox 1532 3498 1598 3541; x_wconf 90' lang='lat' dir='ltr'><strong>cre·</strong></span> 
     </span>
     <span class='ocr_line' id='line_1_34' title="bbox 273 3566 1599 3657; baseline 0.001 -24"><span class='ocrx_word' id='word_1_339' title='bbox 273 3571 374 3633; x_wconf 80' lang='lat' dir='ltr'><strong>deret</strong></span> <span class='ocrx_word' id='word_1_340' title='bbox 418 3566 489 3634; x_wconf 75' lang='lat'><strong>⁴29.</strong></span> <span class='ocrx_word' id='word_1_341' title='bbox 517 3574 597 3636; x_wconf 88' lang='lat' dir='ltr'><strong>Nam</strong></span> <span class='ocrx_word' id='word_1_342' title='bbox 626 3573 705 3656; x_wconf 93' lang='lat' dir='ltr'><strong>quid</strong></span> <span class='ocrx_word' id='word_1_343' title='bbox 735 3592 794 3656; x_wconf 79' lang='lat' dir='ltr'><strong>ego</strong></span> <span class='ocrx_word' id='word_1_344' title='bbox 818 3573 857 3634; x_wconf 92' lang='lat' dir='ltr'><strong>de</strong></span> <span class='ocrx_word' id='word_1_345' title='bbox 880 3572 1067 3657; x_wconf 92' lang='lat' dir='ltr'><strong>quotidiano</strong></span> <span class='ocrx_word' id='word_1_346' title='bbox 1090 3591 1234 3636; x_wconf 91' lang='lat' dir='ltr'><strong>sermone</strong></span> <span class='ocrx_word' id='word_1_347' title='bbox 1258 3573 1520 3657; x_wconf 87' lang='lat' dir='ltr'><strong>querimoniaque</strong></span> <span class='ocrx_word' id='word_1_348' title='bbox 1542 3591 1599 3654; x_wconf 91' lang='lat' dir='ltr'><strong>po-</strong></span> 
     </span>
    </p>
   </div>
   <div class='ocr_carea' id='block_1_5' title="bbox 272 3759 1600 5185">
    <p class='ocr_par' dir='ltr' id='par_1_7' title="bbox 272 3759 1600 5185">
     <span class='ocr_line' id='line_1_35' title="bbox 339 3759 1600 3824; baseline 0 -16"><span class='ocrx_word' id='word_1_349' title='bbox 339 3759 363 3812; x_wconf 86' lang='lat' dir='ltr'><strong>t.</strong></span> <span class='ocrx_word' id='word_1_350' title='bbox 386 3773 540 3810; x_wconf 85' lang='lat' dir='ltr'><strong>commouere</strong></span> <span class='ocrx_word' id='word_1_351' title='bbox 560 3759 714 3822; x_wconf 70' lang='lat' dir='ltr'><strong>vignau:</strong></span> <span class='ocrx_word' id='word_1_352' title='bbox 740 3773 838 3810; x_wconf 89' lang='lat' dir='ltr'><strong>mouere</strong></span> <span class='ocrx_word' id='word_1_353' title='bbox 864 3759 959 3809; x_wconf 78' lang='lat' dir='ltr'><strong>dito.</strong></span> <span class='ocrx_word' id='word_1_354' title='bbox 986 3785 1013 3793; x_wconf 88' lang='lat'><em>-</em></span> <span class='ocrx_word' id='word_1_355' title='bbox 1037 3759 1061 3808; x_wconf 89' lang='grc'><strong>3,</strong></span> <span class='ocrx_word' id='word_1_356' title='bbox 1080 3761 1195 3824; x_wconf 72' lang='lat' dir='ltr'><strong>adficeret</strong></span> <span class='ocrx_word' id='word_1_357' title='bbox 1211 3761 1242 3810; x_wconf 91' lang='lat' dir='ltr'><strong>V.</strong></span> <span class='ocrx_word' id='word_1_358' title='bbox 1267 3787 1292 3798; x_wconf 93' lang='lat'><strong>·-</strong></span> <span class='ocrx_word' id='word_1_359' title='bbox 1322 3761 1345 3810; x_wconf 86' lang='lat'><strong>6.</strong></span> <span class='ocrx_word' id='word_1_360' title='bbox 1364 3759 1600 3811; x_wconf 83' lang='lat' dir='ltr'><strong>muttuetccnibus</strong></span> 
     </span>
     <span class='ocr_line' id='line_1_36' title="bbox 274 3832 1596 3900; baseline 0.002 -16"><span class='ocrx_word' id='word_1_361' title='bbox 274 3832 352 3898; x_wconf 75' lang='lat' dir='ltr'><strong>Lgte.</strong></span> <span class='ocrx_word' id='word_1_362' title='bbox 378 3834 517 3900; x_wconf 80' lang='lat' dir='ltr'><strong>Vulgatam</strong></span> <span class='ocrx_word' id='word_1_363' title='bbox 535 3837 624 3884; x_wconf 90' lang='lat' dir='ltr'><strong>tuetur</strong></span> <span class='ocrx_word' id='word_1_364' title='bbox 641 3837 721 3885; x_wconf 88' lang='lat' dir='ltr'><strong>etiarn</strong></span> <span class='ocrx_word' id='word_1_365' title='bbox 738 3839 814 3886; x_wconf 82' lang='lat' dir='ltr'><strong>Aras.</strong></span> <span class='ocrx_word' id='word_1_366' title='bbox 834 3835 867 3884; x_wconf 82' lang='lat' dir='ltr'><strong>td.</strong></span> <span class='ocrx_word' id='word_1_367' title='bbox 887 3847 913 3898; x_wconf 89' lang='lat' dir='ltr'><strong>p.</strong></span> <span class='ocrx_word' id='word_1_368' title='bbox 932 3833 989 3884; x_wconf 80' lang='lat' dir='ltr'><strong>ato.</strong></span> <span class='ocrx_word' id='word_1_369' title='bbox 1011 3861 1037 3869; x_wconf 92' lang='lat'><em>-</em></span> <span class='ocrx_word' id='word_1_370' title='bbox 1064 3835 1088 3885; x_wconf 88' lang='lat'><strong>8.</strong></span> <span class='ocrx_word' id='word_1_371' title='bbox 1108 3837 1218 3897; x_wconf 80' lang='lat' dir='ltr'><strong>quidest</strong></span> <span class='ocrx_word' id='word_1_372' title='bbox 1234 3837 1273 3885; x_wconf 86' lang='lat' dir='ltr'><strong>V:</strong></span> <span class='ocrx_word' id='word_1_373' title='bbox 1298 3836 1439 3898; x_wconf 73' lang='lat' dir='ltr'><strong>quidecim</strong></span> <span class='ocrx_word' id='word_1_374' title='bbox 1456 3837 1501 3885; x_wconf 89' lang='lat' dir='ltr'><strong>ott.</strong></span> <span class='ocrx_word' id='word_1_375' title='bbox 1519 3837 1548 3886; x_wconf 92' lang='lat'><strong>0.</strong></span> <span class='ocrx_word' id='word_1_376' title='bbox 1569 3859 1596 3871; x_wconf 90' lang='lat'><em>-</em></span> 
     </span>
     <span class='ocr_line' id='line_1_37' title="bbox 274 3910 1597 3973; baseline 0.002 -15"><span class='ocrx_word' id='word_1_377' title='bbox 274 3910 373 3972; x_wconf 79' lang='lat' dir='ltr'><strong>quidem</strong></span> <span class='ocrx_word' id='word_1_378' title='bbox 389 3923 441 3960; x_wconf 90' lang='lat' dir='ltr'><strong>orn.</strong></span> <span class='ocrx_word' id='word_1_379' title='bbox 461 3911 508 3961; x_wconf 92' lang='lat' dir='ltr'><strong>eV.</strong></span> <span class='ocrx_word' id='word_1_380' title='bbox 529 3937 556 3947; x_wconf 93' lang='lat'><em>-</em></span> <span class='ocrx_word' id='word_1_381' title='bbox 574 3911 716 3960; x_wconf 87' lang='lat' dir='ltr'><strong>crederetur</strong></span> <span class='ocrx_word' id='word_1_382' title='bbox 733 3910 780 3960; x_wconf 88' lang='lat' dir='ltr'><strong>dtt.</strong></span> <span class='ocrx_word' id='word_1_383' title='bbox 800 3936 828 3945; x_wconf 94' lang='lat'>-</span> <span class='ocrx_word' id='word_1_384' title='bbox 847 3910 871 3959; x_wconf 84' lang='lat'><strong>9.</strong></span> <span class='ocrx_word' id='word_1_385' title='bbox 890 3911 1019 3960; x_wconf 87' lang='lat' dir='ltr'><strong>credemus</strong></span> <span class='ocrx_word' id='word_1_386' title='bbox 1035 3911 1073 3959; x_wconf 89' lang='lat' dir='ltr'><strong>V:</strong></span> <span class='ocrx_word' id='word_1_387' title='bbox 1097 3913 1220 3961; x_wconf 87' lang='lat' dir='ltr'><strong>credimus</strong></span> <span class='ocrx_word' id='word_1_388' title='bbox 1236 3911 1316 3973; x_wconf 72' lang='lat' dir='ltr'><strong>ngas:</strong></span> <span class='ocrx_word' id='word_1_389' title='bbox 1334 3924 1387 3961; x_wconf 87' lang='lat' dir='ltr'><strong>om.</strong></span> <span class='ocrx_word' id='word_1_390' title='bbox 1406 3910 1453 3960; x_wconf 90' lang='lat' dir='ltr'><strong>dtt.</strong></span> <span class='ocrx_word' id='word_1_391' title='bbox 1473 3911 1502 3959; x_wconf 90' lang='lat'><strong>0.</strong></span> <span class='ocrx_word' id='word_1_392' title='bbox 1522 3935 1549 3945; x_wconf 91' lang='lat'><strong>-—</strong></span> <span class='ocrx_word' id='word_1_393' title='bbox 1568 3911 1597 3960; x_wconf 90' lang='lat' dir='ltr'><strong>L.</strong></span> 
     </span>
     <span class='ocr_line' id='line_1_38' title="bbox 274 3983 1596 4050; baseline 0.001 -15"><span class='ocrx_word' id='word_1_394' title='bbox 274 3997 327 4035; x_wconf 90' lang='lat' dir='ltr'><strong>om.</strong></span> <span class='ocrx_word' id='word_1_395' title='bbox 347 3985 394 4036; x_wconf 90' lang='lat' dir='ltr'><strong>eV.</strong></span> <span class='ocrx_word' id='word_1_396' title='bbox 415 4012 441 4024; x_wconf 90' lang='lat'>-</span> <span class='ocrx_word' id='word_1_397' title='bbox 459 3985 500 4035; x_wconf 81' lang='lat' dir='ltr'><strong>to.</strong></span> <span class='ocrx_word' id='word_1_398' title='bbox 522 3987 608 4036; x_wconf 83' lang='lat' dir='ltr'><strong>Verres</strong></span> <span class='ocrx_word' id='word_1_399' title='bbox 625 3999 678 4035; x_wconf 88' lang='lat' dir='ltr'><strong>om.</strong></span> <span class='ocrx_word' id='word_1_400' title='bbox 698 3987 744 4036; x_wconf 91' lang='lat' dir='ltr'><strong>eV.</strong></span> <span class='ocrx_word' id='word_1_401' title='bbox 761 4013 788 4021; x_wconf 90' lang='lat'>-</span> <span class='ocrx_word' id='word_1_402' title='bbox 809 3987 847 4035; x_wconf 72' lang='grc'><strong>43.</strong></span> <span class='ocrx_word' id='word_1_403' title='bbox 862 3985 987 4036; x_wconf 84' lang='lat' dir='ltr'><strong>urbanum</strong></span> <span class='ocrx_word' id='word_1_404' title='bbox 998 3987 1037 4035; x_wconf 87' lang='lat' dir='ltr'><strong>V:</strong></span> <span class='ocrx_word' id='word_1_405' title='bbox 1054 3987 1178 4037; x_wconf 85' lang='lat' dir='ltr'><strong>urbisctt.</strong></span> <span class='ocrx_word' id='word_1_406' title='bbox 1193 3988 1221 4036; x_wconf 92' lang='lat'><strong>0.</strong></span> <span class='ocrx_word' id='word_1_407' title='bbox 1241 3983 1596 4050; x_wconf 56' lang='lat' dir='ltr'><strong>consuetissimum.</strong></span> 
     </span>
     <span class='ocr_line' id='line_1_39' title="bbox 275 4060 1599 4127; baseline 0.002 -17"><span class='ocrx_word' id='word_1_408' title='bbox 275 4088 303 4098; x_wconf 94' lang='lat'><em>-</em></span> <span class='ocrx_word' id='word_1_409' title='bbox 322 4061 434 4110; x_wconf 79' lang='grc'><strong>4444444444</strong></span> <span class='ocrx_word' id='word_1_410' title='bbox 449 4061 564 4124; x_wconf 76' lang='lat' dir='ltr'><strong>vrgao:</strong></span> <span class='ocrx_word' id='word_1_411' title='bbox 584 4061 696 4110; x_wconf 80' lang='grc'><strong>4444444444</strong></span> <span class='ocrx_word' id='word_1_412' title='bbox 711 4061 743 4109; x_wconf 88' lang='grc'><strong>444</strong></span> <span class='ocrx_word' id='word_1_413' title='bbox 759 4060 807 4111; x_wconf 88' lang='grc'><strong>4444.</strong></span> <span class='ocrx_word' id='word_1_414' title='bbox 826 4063 854 4111; x_wconf 88' lang='grc'><strong>0.</strong></span> <span class='ocrx_word' id='word_1_415' title='bbox 871 4090 898 4098; x_wconf 99' lang='grc'>-</span> <span class='ocrx_word' id='word_1_416' title='bbox 917 4061 957 4112; x_wconf 92' lang='grc'><strong>44.</strong></span> <span class='ocrx_word' id='word_1_417' title='bbox 976 4063 1115 4127; x_wconf 71' lang='lat' dir='ltr'><strong>inferiores]</strong></span> <span class='ocrx_word' id='word_1_418' title='bbox 1133 4063 1203 4112; x_wconf 84' lang='lat' dir='ltr'><strong>ltaV</strong></span> <span class='ocrx_word' id='word_1_419' title='bbox 1220 4075 1235 4110; x_wconf 89' lang='grc'><strong>44</strong></span> <span class='ocrx_word' id='word_1_420' title='bbox 1253 4075 1293 4126; x_wconf 91' lang='lat' dir='ltr'><strong>pr.</strong></span> <span class='ocrx_word' id='word_1_421' title='bbox 1307 4066 1380 4112; x_wconf 89' lang='lat' dir='ltr'><strong>certe</strong></span> <span class='ocrx_word' id='word_1_422' title='bbox 1393 4075 1487 4120; x_wconf 83' lang='lat' dir='ltr'><strong>manu.</strong></span> <span class='ocrx_word' id='word_1_423' title='bbox 1507 4073 1599 4126; x_wconf 87' lang='lat' dir='ltr'><strong>quem·</strong></span> 
     </span>
     <span class='ocr_line' id='line_1_40' title="bbox 274 4134 1600 4200; baseline 0.001 -15"><span class='ocrx_word' id='word_1_424' title='bbox 274 4148 353 4198; x_wconf 90' lang='lat' dir='ltr'><strong>quam</strong></span> <span class='ocrx_word' id='word_1_425' title='bbox 371 4136 461 4199; x_wconf 86' lang='lat' dir='ltr'><strong>postea</strong></span> <span class='ocrx_word' id='word_1_426' title='bbox 480 4150 492 4185; x_wconf 88' lang='lat' dir='ltr'><strong>s</strong></span> <span class='ocrx_word' id='word_1_427' title='bbox 508 4135 615 4185; x_wconf 82' lang='lat' dir='ltr'><strong>videtur</strong></span> <span class='ocrx_word' id='word_1_428' title='bbox 631 4134 754 4200; x_wconf 86' lang='lat' dir='ltr'><strong>expulsa:</strong></span> <span class='ocrx_word' id='word_1_429' title='bbox 774 4137 891 4198; x_wconf 74' lang='lat' dir='ltr'><strong>inferiore</strong></span> <span class='ocrx_word' id='word_1_430' title='bbox 909 4139 952 4187; x_wconf 87' lang='lat' dir='ltr'><strong>ott.</strong></span> <span class='ocrx_word' id='word_1_431' title='bbox 967 4138 995 4187; x_wconf 91' lang='lat'><strong>0.</strong></span> <span class='ocrx_word' id='word_1_432' title='bbox 1018 4165 1043 4174; x_wconf 81' lang='lat'>-</span> <span class='ocrx_word' id='word_1_433' title='bbox 1064 4140 1103 4188; x_wconf 81' lang='lat' dir='ltr'><strong>re.</strong></span> <span class='ocrx_word' id='word_1_434' title='bbox 1122 4138 1234 4187; x_wconf 76' lang='lat' dir='ltr'><strong>ordinem</strong></span> <span class='ocrx_word' id='word_1_435' title='bbox 1251 4149 1300 4199; x_wconf 82' lang='lat' dir='ltr'><strong>quo</strong></span> <span class='ocrx_word' id='word_1_436' title='bbox 1315 4151 1344 4184; x_wconf 85' lang='lat' dir='ltr'><strong>re</strong></span> <span class='ocrx_word' id='word_1_437' title='bbox 1360 4136 1389 4185; x_wconf 94' lang='lat' dir='ltr'><strong>V.</strong></span> <span class='ocrx_word' id='word_1_438' title='bbox 1406 4165 1433 4174; x_wconf 89' lang='lat'><em>-</em></span> <span class='ocrx_word' id='word_1_439' title='bbox 1453 4137 1493 4187; x_wconf 86' lang='grc'><strong>44.</strong></span> <span class='ocrx_word' id='word_1_440' title='bbox 1511 4137 1600 4186; x_wconf 80' lang='lat' dir='ltr'><strong>tiberne</strong></span> 
     </span>
     <span class='ocr_line' id='line_1_41' title="bbox 272 4210 1599 4275; baseline 0.001 -16"><span class='ocrx_word' id='word_1_441' title='bbox 272 4211 381 4260; x_wconf 76' lang='lat' dir='ltr'><strong>homines</strong></span> <span class='ocrx_word' id='word_1_442' title='bbox 393 4215 448 4273; x_wconf 89' lang='lat' dir='ltr'><strong>put.</strong></span> <span class='ocrx_word' id='word_1_443' title='bbox 463 4210 510 4260; x_wconf 87' lang='lat' dir='ltr'><strong>dtt.</strong></span> <span class='ocrx_word' id='word_1_444' title='bbox 530 4210 563 4260; x_wconf 88' lang='lat' dir='ltr'><strong>ct.</strong></span> <span class='ocrx_word' id='word_1_445' title='bbox 577 4212 657 4261; x_wconf 86' lang='lat' dir='ltr'><strong>Prisc.</strong></span> <span class='ocrx_word' id='word_1_446' title='bbox 671 4213 701 4261; x_wconf 92' lang='grc'><strong>44.</strong></span> <span class='ocrx_word' id='word_1_447' title='bbox 716 4223 741 4274; x_wconf 89' lang='lat' dir='ltr'><strong>p.</strong></span> <span class='ocrx_word' id='word_1_448' title='bbox 760 4212 815 4262; x_wconf 80' lang='grc'><strong>449.</strong></span> <span class='ocrx_word' id='word_1_449' title='bbox 831 4239 853 4248; x_wconf 96' lang='grc'>-</span> <span class='ocrx_word' id='word_1_450' title='bbox 876 4213 986 4275; x_wconf 78' lang='grc'><strong>4444444444</strong></span> <span class='ocrx_word' id='word_1_451' title='bbox 995 4212 1026 4263; x_wconf 88' lang='lat' dir='ltr'><strong>V.</strong></span> <span class='ocrx_word' id='word_1_452' title='bbox 1042 4237 1070 4248; x_wconf 94' lang='grc'>-</span> <span class='ocrx_word' id='word_1_453' title='bbox 1090 4212 1130 4262; x_wconf 82' lang='grc'><strong>44.</strong></span> <span class='ocrx_word' id='word_1_454' title='bbox 1146 4212 1274 4261; x_wconf 77' lang='lat' dir='ltr'><strong>dicendum</strong></span> <span class='ocrx_word' id='word_1_455' title='bbox 1292 4211 1391 4274; x_wconf 73' lang='lat' dir='ltr'><strong>vigit&gt;</strong></span> <span class='ocrx_word' id='word_1_456' title='bbox 1403 4210 1447 4260; x_wconf 78' lang='lat' dir='ltr'><strong>ai:</strong></span> <span class='ocrx_word' id='word_1_457' title='bbox 1466 4213 1599 4262; x_wconf 81' lang='grc' dir='ltr'><strong>4444444ιά4444</strong></span> 
     </span>
     <span class='ocr_line' id='line_1_42' title="bbox 274 4283 1596 4349; baseline -0.002 -12"><span class='ocrx_word' id='word_1_458' title='bbox 274 4285 323 4337; x_wconf 90' lang='lat' dir='ltr'><strong>dtt.</strong></span> <span class='ocrx_word' id='word_1_459' title='bbox 341 4286 371 4337; x_wconf 90' lang='lat'><strong>0.</strong></span> <span class='ocrx_word' id='word_1_460' title='bbox 386 4313 413 4322; x_wconf 92' lang='lat'>-</span> <span class='ocrx_word' id='word_1_461' title='bbox 433 4286 472 4336; x_wconf 91' lang='grc'><strong>48.</strong></span> <span class='ocrx_word' id='word_1_462' title='bbox 491 4286 642 4336; x_wconf 82' lang='lat' dir='ltr'><strong>ordineom.</strong></span> <span class='ocrx_word' id='word_1_463' title='bbox 662 4286 747 4349; x_wconf 61' lang='lat' dir='ltr'><strong>egam</strong></span> <span class='ocrx_word' id='word_1_464' title='bbox 766 4290 808 4337; x_wconf 90' lang='lat' dir='ltr'><strong>est</strong></span> <span class='ocrx_word' id='word_1_465' title='bbox 824 4288 849 4336; x_wconf 91' lang='lat' dir='ltr'><strong>in</strong></span> <span class='ocrx_word' id='word_1_466' title='bbox 868 4288 915 4349; x_wconf 83' lang='lat' dir='ltr'><strong>cv,</strong></span> <span class='ocrx_word' id='word_1_467' title='bbox 934 4287 960 4337; x_wconf 87' lang='grc'><strong>444</strong></span> <span class='ocrx_word' id='word_1_468' title='bbox 978 4286 1065 4348; x_wconf 76' lang='lat' dir='ltr'><strong>digg.</strong></span> <span class='ocrx_word' id='word_1_469' title='bbox 1085 4283 1173 4336; x_wconf 87' lang='grc'><strong>4444444</strong></span> <span class='ocrx_word' id='word_1_470' title='bbox 1191 4288 1282 4336; x_wconf 84' lang='lat' dir='ltr'><strong>mutet.</strong></span> <span class='ocrx_word' id='word_1_471' title='bbox 1299 4311 1326 4321; x_wconf 90' lang='grc'>-</span> <span class='ocrx_word' id='word_1_472' title='bbox 1345 4285 1467 4335; x_wconf 78' lang='lat' dir='ltr'><strong>ameum</strong></span> <span class='ocrx_word' id='word_1_473' title='bbox 1483 4287 1596 4346; x_wconf 69' lang='lat' dir='ltr'><strong>Vthtt:</strong></span> 
     </span>
     <span class='ocr_line' id='line_1_43' title="bbox 275 4359 1600 4424; baseline 0 -14"><span class='ocrx_word' id='word_1_474' title='bbox 275 4361 396 4410; x_wconf 79' lang='lat' dir='ltr'><strong>dubitarit</strong></span> <span class='ocrx_word' id='word_1_475' title='bbox 412 4363 458 4411; x_wconf 87' lang='lat' dir='ltr'><strong>ott.</strong></span> <span class='ocrx_word' id='word_1_476' title='bbox 472 4363 501 4412; x_wconf 94' lang='lat'><strong>0.</strong></span> <span class='ocrx_word' id='word_1_477' title='bbox 521 4389 549 4399; x_wconf 89' lang='lat'>-</span> <span class='ocrx_word' id='word_1_478' title='bbox 569 4361 608 4412; x_wconf 86' lang='grc'><strong>49.</strong></span> <span class='ocrx_word' id='word_1_479' title='bbox 629 4365 845 4424; x_wconf 80' lang='lat' dir='ltr'><strong>quemammodum</strong></span> <span class='ocrx_word' id='word_1_480' title='bbox 863 4363 893 4413; x_wconf 90' lang='lat' dir='ltr'><strong>V.</strong></span> <span class='ocrx_word' id='word_1_481' title='bbox 911 4389 937 4399; x_wconf 92' lang='lat'>-</span> <span class='ocrx_word' id='word_1_482' title='bbox 956 4376 980 4411; x_wconf 91' lang='lat' dir='ltr'><strong>se</strong></span> <span class='ocrx_word' id='word_1_483' title='bbox 997 4362 1027 4411; x_wconf 90' lang='lat' dir='ltr'><strong>V.</strong></span> <span class='ocrx_word' id='word_1_484' title='bbox 1042 4360 1127 4422; x_wconf 77' lang='lat' dir='ltr'><strong>egee:</strong></span> <span class='ocrx_word' id='word_1_485' title='bbox 1147 4373 1197 4410; x_wconf 89' lang='lat' dir='ltr'><strong>sese</strong></span> <span class='ocrx_word' id='word_1_486' title='bbox 1213 4359 1260 4410; x_wconf 92' lang='lat' dir='ltr'><strong>dtt.</strong></span> <span class='ocrx_word' id='word_1_487' title='bbox 1275 4361 1303 4409; x_wconf 92' lang='lat'><strong>0.</strong></span> <span class='ocrx_word' id='word_1_488' title='bbox 1319 4385 1345 4394; x_wconf 87' lang='lat'><strong>-</strong></span> <span class='ocrx_word' id='word_1_489' title='bbox 1365 4362 1405 4409; x_wconf 76' lang='grc'><strong>44.</strong></span> <span class='ocrx_word' id='word_1_490' title='bbox 1425 4365 1500 4422; x_wconf 85' lang='lat' dir='ltr'><strong>atque</strong></span> <span class='ocrx_word' id='word_1_491' title='bbox 1515 4361 1600 4410; x_wconf 81' lang='lat' dir='ltr'><strong>muni-</strong></span> 
     </span>
     <span class='ocr_line' id='line_1_44' title="bbox 272 4433 1600 4501; baseline -0.002 -16"><span class='ocrx_word' id='word_1_492' title='bbox 272 4437 349 4501; x_wconf 77' lang='lat' dir='ltr'><strong>(estee</strong></span> <span class='ocrx_word' id='word_1_493' title='bbox 367 4437 451 4498; x_wconf 74' lang='lat' dir='ltr'><strong>egeo:</strong></span> <span class='ocrx_word' id='word_1_494' title='bbox 469 4451 500 4487; x_wconf 88' lang='lat' dir='ltr'><strong>oc</strong></span> <span class='ocrx_word' id='word_1_495' title='bbox 516 4449 585 4486; x_wconf 81' lang='lat' dir='ltr'><strong>mun.</strong></span> <span class='ocrx_word' id='word_1_496' title='bbox 604 4437 651 4489; x_wconf 91' lang='lat' dir='ltr'><strong>dtt.</strong></span> <span class='ocrx_word' id='word_1_497' title='bbox 671 4437 708 4498; x_wconf 89' lang='lat'><strong>0;</strong></span> <span class='ocrx_word' id='word_1_498' title='bbox 727 4439 856 4501; x_wconf 74' lang='grc'><strong>4444444444</strong></span> <span class='ocrx_word' id='word_1_499' title='bbox 874 4441 935 4500; x_wconf 83' lang='lat' dir='ltr'><strong>(om.</strong></span> <span class='ocrx_word' id='word_1_500' title='bbox 954 4439 1036 4500; x_wconf 81' lang='lat' dir='ltr'><strong>utque)</strong></span> <span class='ocrx_word' id='word_1_501' title='bbox 1054 4437 1084 4485; x_wconf 89' lang='lat' dir='ltr'><strong>V.</strong></span> <span class='ocrx_word' id='word_1_502' title='bbox 1104 4436 1137 4485; x_wconf 91' lang='grc'><strong>44.</strong></span> <span class='ocrx_word' id='word_1_503' title='bbox 1156 4439 1212 4486; x_wconf 74' lang='lat' dir='ltr'><strong>Act.</strong></span> <span class='ocrx_word' id='word_1_504' title='bbox 1231 4438 1249 4486; x_wconf 91' lang='lat'><strong>1.</strong></span> <span class='ocrx_word' id='word_1_505' title='bbox 1269 4435 1293 4499; x_wconf 73' lang='lat'><strong>5.</strong></span> <span class='ocrx_word' id='word_1_506' title='bbox 1312 4436 1352 4486; x_wconf 88' lang='grc'><strong>48.</strong></span> <span class='ocrx_word' id='word_1_507' title='bbox 1370 4434 1416 4485; x_wconf 88' lang='lat' dir='ltr'><strong>lib.</strong></span> <span class='ocrx_word' id='word_1_508' title='bbox 1436 4436 1477 4485; x_wconf 88' lang='grc'><strong>144.</strong></span> <span class='ocrx_word' id='word_1_509' title='bbox 1497 4434 1521 4498; x_wconf 69' lang='lat' dir='ltr'><strong>g.</strong></span> <span class='ocrx_word' id='word_1_510' title='bbox 1541 4433 1600 4494; x_wconf 73' lang='lat' dir='ltr'><strong>rat,</strong></span> 
     </span>
     <span class='ocr_line' id='line_1_45' title="bbox 277 4511 1599 4576; baseline 0.002 -17"><span class='ocrx_word' id='word_1_511' title='bbox 277 4539 301 4548; x_wconf 91' lang='lat'><em>-</em></span> <span class='ocrx_word' id='word_1_512' title='bbox 321 4511 480 4574; x_wconf 71' lang='lat' dir='ltr'><strong>proferentur</strong></span> <span class='ocrx_word' id='word_1_513' title='bbox 497 4511 574 4562; x_wconf 86' lang='lat' dir='ltr'><strong>codd.</strong></span> <span class='ocrx_word' id='word_1_514' title='bbox 594 4511 703 4576; x_wconf 85' lang='lat' dir='ltr'><strong>pleriq:</strong></span> <span class='ocrx_word' id='word_1_515' title='bbox 719 4512 895 4575; x_wconf 76' lang='lat' dir='ltr'><strong>proferrentur</strong></span> <span class='ocrx_word' id='word_1_516' title='bbox 911 4514 947 4572; x_wconf 84' lang='lat' dir='ltr'><strong>V;</strong></span> <span class='ocrx_word' id='word_1_517' title='bbox 963 4513 1128 4576; x_wconf 69' lang='lat' dir='ltr'><strong>proferuntur·</strong></span> <span class='ocrx_word' id='word_1_518' title='bbox 1144 4511 1177 4562; x_wconf 90' lang='lat' dir='ltr'><strong>el.</strong></span> <span class='ocrx_word' id='word_1_519' title='bbox 1193 4541 1220 4549; x_wconf 97' lang='lat'>-</span> <span class='ocrx_word' id='word_1_520' title='bbox 1240 4511 1282 4562; x_wconf 81' lang='lat' dir='ltr'><strong>Cn.</strong></span> <span class='ocrx_word' id='word_1_521' title='bbox 1301 4512 1423 4562; x_wconf 74' lang='lat' dir='ltr'><strong>Phaenius</strong></span> <span class='ocrx_word' id='word_1_522' title='bbox 1437 4511 1472 4570; x_wconf 88' lang='lat' dir='ltr'><strong>V;</strong></span> <span class='ocrx_word' id='word_1_523' title='bbox 1491 4511 1517 4561; x_wconf 82' lang='lat'><strong>0.</strong></span> <span class='ocrx_word' id='word_1_524' title='bbox 1531 4512 1599 4561; x_wconf 83' lang='lat' dir='ltr'><strong>Fort-</strong></span> 
     </span>
     <span class='ocr_line' id='line_1_46' title="bbox 273 4587 1598 4650; baseline 0 -14"><span class='ocrx_word' id='word_1_525' title='bbox 273 4589 331 4637; x_wconf 81' lang='lat' dir='ltr'><strong>eius</strong></span> <span class='ocrx_word' id='word_1_526' title='bbox 347 4587 395 4637; x_wconf 89' lang='lat' dir='ltr'><strong>dtt.</strong></span> <span class='ocrx_word' id='word_1_527' title='bbox 415 4587 448 4646; x_wconf 81' lang='lat'><strong>03</strong></span> <span class='ocrx_word' id='word_1_528' title='bbox 467 4587 493 4637; x_wconf 80' lang='lat' dir='ltr'><strong>C.</strong></span> <span class='ocrx_word' id='word_1_529' title='bbox 511 4587 605 4636; x_wconf 78' lang='lat' dir='ltr'><strong>Fortius</strong></span> <span class='ocrx_word' id='word_1_530' title='bbox 622 4587 697 4649; x_wconf 72' lang='lat' dir='ltr'><strong>egro.</strong></span> <span class='ocrx_word' id='word_1_531' title='bbox 720 4614 746 4623; x_wconf 95' lang='lat'><em>-</em></span> <span class='ocrx_word' id='word_1_532' title='bbox 766 4601 872 4650; x_wconf 86' lang='lat' dir='ltr'><strong>oequees</strong></span> <span class='ocrx_word' id='word_1_533' title='bbox 888 4589 919 4638; x_wconf 90' lang='lat' dir='ltr'><strong>V.</strong></span> <span class='ocrx_word' id='word_1_534' title='bbox 940 4615 967 4624; x_wconf 87' lang='lat'><em>-</em></span> <span class='ocrx_word' id='word_1_535' title='bbox 986 4589 1027 4637; x_wconf 74' lang='lat' dir='ltr'><strong>et.</strong></span> <span class='ocrx_word' id='word_1_536' title='bbox 1048 4588 1121 4637; x_wconf 80' lang='lat' dir='ltr'><strong>Tittoi</strong></span> <span class='ocrx_word' id='word_1_537' title='bbox 1136 4588 1167 4638; x_wconf 89' lang='lat' dir='ltr'><strong>V.</strong></span> <span class='ocrx_word' id='word_1_538' title='bbox 1187 4615 1215 4625; x_wconf 93' lang='lat'>-</span> <span class='ocrx_word' id='word_1_539' title='bbox 1234 4590 1332 4638; x_wconf 82' lang='lat' dir='ltr'><strong>iudiciis</strong></span> <span class='ocrx_word' id='word_1_540' title='bbox 1348 4587 1429 4638; x_wconf 83' lang='lat' dir='ltr'><strong>tuisV</strong></span> <span class='ocrx_word' id='word_1_541' title='bbox 1448 4587 1504 4648; x_wconf 78' lang='lat' dir='ltr'><strong>(sed</strong></span> <span class='ocrx_word' id='word_1_542' title='bbox 1522 4589 1598 4637; x_wconf 88' lang='lat' dir='ltr'><strong>tertia</strong></span> 
     </span>
     <span class='ocr_line' id='line_1_47' title="bbox 274 4661 1596 4727; baseline 0 -15"><span class='ocrx_word' id='word_1_543' title='bbox 274 4663 284 4712; x_wconf 90' lang='grc'><strong>4</strong></span> <span class='ocrx_word' id='word_1_544' title='bbox 301 4661 452 4726; x_wconf 82' lang='lat' dir='ltr'><strong>expuncto),</strong></span> <span class='ocrx_word' id='word_1_545' title='bbox 472 4663 532 4725; x_wconf 77' lang='lat' dir='ltr'><strong>ng.</strong></span> <span class='ocrx_word' id='word_1_546' title='bbox 551 4674 662 4719; x_wconf 89' lang='lat' dir='ltr'><strong>omnes;</strong></span> <span class='ocrx_word' id='word_1_547' title='bbox 681 4663 769 4712; x_wconf 82' lang='grc'><strong>44444444</strong></span> <span class='ocrx_word' id='word_1_548' title='bbox 785 4665 858 4712; x_wconf 78' lang='lat' dir='ltr'><strong>tutus</strong></span> <span class='ocrx_word' id='word_1_549' title='bbox 873 4663 909 4713; x_wconf 87' lang='grc'><strong>4444</strong></span> <span class='ocrx_word' id='word_1_550' title='bbox 927 4663 1043 4714; x_wconf 85' lang='grc'><strong>4444444444.</strong></span> <span class='ocrx_word' id='word_1_551' title='bbox 1063 4689 1089 4698; x_wconf 90' lang='lat'><strong>-·</strong></span> <span class='ocrx_word' id='word_1_552' title='bbox 1109 4661 1149 4712; x_wconf 78' lang='grc'><strong>43.</strong></span> <span class='ocrx_word' id='word_1_553' title='bbox 1170 4663 1196 4714; x_wconf 81' lang='lat' dir='ltr'><strong>G.</strong></span> <span class='ocrx_word' id='word_1_554' title='bbox 1209 4663 1282 4714; x_wconf 70' lang='lat' dir='ltr'><strong>Fauni</strong></span> <span class='ocrx_word' id='word_1_555' title='bbox 1299 4664 1382 4727; x_wconf 72' lang='lat' dir='ltr'><strong>Lgt9;</strong></span> <span class='ocrx_word' id='word_1_556' title='bbox 1401 4663 1427 4713; x_wconf 85' lang='lat' dir='ltr'><strong>G.</strong></span> <span class='ocrx_word' id='word_1_557' title='bbox 1440 4663 1531 4713; x_wconf 80' lang='lat' dir='ltr'><strong>Fannii</strong></span> <span class='ocrx_word' id='word_1_558' title='bbox 1548 4662 1596 4712; x_wconf 87' lang='lat' dir='ltr'><strong>dtt.</strong></span> 
     </span>
     <span class='ocr_line' id='line_1_48' title="bbox 275 4737 1598 4802; baseline -0.002 -13"><span class='ocrx_word' id='word_1_559' title='bbox 275 4739 312 4797; x_wconf 81' lang='lat'><strong>03</strong></span> <span class='ocrx_word' id='word_1_560' title='bbox 332 4739 358 4787; x_wconf 88' lang='grc'><strong>44.</strong></span> <span class='ocrx_word' id='word_1_561' title='bbox 383 4737 408 4800; x_wconf 86' lang='lat' dir='ltr'><strong>(i.</strong></span> <span class='ocrx_word' id='word_1_562' title='bbox 428 4750 452 4788; x_wconf 88' lang='lat' dir='ltr'><strong>e.</strong></span> <span class='ocrx_word' id='word_1_563' title='bbox 472 4739 562 4798; x_wconf 83' lang='grc'><strong>4444444)</strong></span> <span class='ocrx_word' id='word_1_564' title='bbox 581 4737 625 4787; x_wconf 83' lang='lat' dir='ltr'><strong>Cn.</strong></span> <span class='ocrx_word' id='word_1_565' title='bbox 644 4739 722 4787; x_wconf 82' lang='lat' dir='ltr'><strong>Faeni</strong></span> <span class='ocrx_word' id='word_1_566' title='bbox 739 4739 796 4801; x_wconf 82' lang='lat' dir='ltr'><strong>(sed</strong></span> <span class='ocrx_word' id='word_1_567' title='bbox 811 4741 847 4790; x_wconf 79' lang='lat' dir='ltr'><strong>tu</strong></span> <span class='ocrx_word' id='word_1_568' title='bbox 863 4739 1004 4802; x_wconf 76' lang='lat' dir='ltr'><strong>suprascr.)</strong></span> <span class='ocrx_word' id='word_1_569' title='bbox 1029 4738 1193 4788; x_wconf 82' lang='lat' dir='ltr'><strong>testimonium</strong></span> <span class='ocrx_word' id='word_1_570' title='bbox 1208 4739 1239 4789; x_wconf 90' lang='lat' dir='ltr'><strong>V.</strong></span> <span class='ocrx_word' id='word_1_571' title='bbox 1260 4766 1287 4776; x_wconf 95' lang='lat'><em>-</em></span> <span class='ocrx_word' id='word_1_572' title='bbox 1306 4741 1381 4788; x_wconf 77' lang='lat' dir='ltr'><strong>Venio</strong></span> <span class='ocrx_word' id='word_1_573' title='bbox 1397 4738 1432 4798; x_wconf 86' lang='lat' dir='ltr'><strong>V;</strong></span> <span class='ocrx_word' id='word_1_574' title='bbox 1457 4739 1500 4788; x_wconf 83' lang='lat' dir='ltr'><strong>Co.</strong></span> <span class='ocrx_word' id='word_1_575' title='bbox 1519 4739 1598 4787; x_wconf 78' lang='lat' dir='ltr'><strong>Venio</strong></span> 
     </span>
     <span class='ocr_line' id='line_1_49' title="bbox 274 4812 1599 4878; baseline -0.001 -13"><span class='ocrx_word' id='word_1_576' title='bbox 274 4813 343 4878; x_wconf 72' lang='lat' dir='ltr'><strong>egee</strong></span> <span class='ocrx_word' id='word_1_577' title='bbox 360 4812 394 4863; x_wconf 85' lang='lat' dir='ltr'><strong>et.</strong></span> <span class='ocrx_word' id='word_1_578' title='bbox 413 4813 494 4864; x_wconf 88' lang='lat' dir='ltr'><strong>etsie</strong></span> <span class='ocrx_word' id='word_1_579' title='bbox 512 4815 617 4876; x_wconf 87' lang='lat' dir='ltr'><strong>postea;</strong></span> <span class='ocrx_word' id='word_1_580' title='bbox 644 4813 671 4863; x_wconf 86' lang='lat' dir='ltr'><strong>C.</strong></span> <span class='ocrx_word' id='word_1_581' title='bbox 689 4814 784 4864; x_wconf 73' lang='lat' dir='ltr'><strong>Fausto</strong></span> <span class='ocrx_word' id='word_1_582' title='bbox 802 4815 849 4865; x_wconf 89' lang='lat' dir='ltr'><strong>dtt.</strong></span> <span class='ocrx_word' id='word_1_583' title='bbox 869 4816 898 4865; x_wconf 94' lang='lat'><strong>0.</strong></span> <span class='ocrx_word' id='word_1_584' title='bbox 920 4840 945 4850; x_wconf 93' lang='lat'><em>-</em></span> <span class='ocrx_word' id='word_1_585' title='bbox 966 4815 1065 4863; x_wconf 82' lang='lat' dir='ltr'><strong>credere</strong></span> <span class='ocrx_word' id='word_1_586' title='bbox 1081 4812 1115 4861; x_wconf 90' lang='lat' dir='ltr'><strong>V:</strong></span> <span class='ocrx_word' id='word_1_587' title='bbox 1139 4813 1228 4864; x_wconf 83' lang='lat' dir='ltr'><strong>dicenti</strong></span> <span class='ocrx_word' id='word_1_588' title='bbox 1243 4815 1343 4865; x_wconf 81' lang='lat' dir='ltr'><strong>eredere</strong></span> <span class='ocrx_word' id='word_1_589' title='bbox 1360 4815 1405 4865; x_wconf 91' lang='grc'><strong>444.</strong></span> <span class='ocrx_word' id='word_1_590' title='bbox 1424 4814 1453 4863; x_wconf 94' lang='lat'><strong>0.</strong></span> <span class='ocrx_word' id='word_1_591' title='bbox 1475 4839 1501 4850; x_wconf 88' lang='lat'><em>-</em></span> <span class='ocrx_word' id='word_1_592' title='bbox 1525 4813 1599 4864; x_wconf 80' lang='lat' dir='ltr'><strong>notite</strong></span> 
     </span>
     <span class='ocr_line' id='line_1_50' title="bbox 275 4887 1598 4952; baseline 0.001 -13"><span class='ocrx_word' id='word_1_593' title='bbox 275 4891 379 4951; x_wconf 81' lang='lat' dir='ltr'><strong>iaqrmm</strong></span> <span class='ocrx_word' id='word_1_594' title='bbox 394 4889 425 4941; x_wconf 95' lang='lat' dir='ltr'><strong>V.</strong></span> <span class='ocrx_word' id='word_1_595' title='bbox 446 4917 472 4926; x_wconf 89' lang='lat'>-</span> <span class='ocrx_word' id='word_1_596' title='bbox 492 4888 532 4940; x_wconf 73' lang='grc'><strong>44.</strong></span> <span class='ocrx_word' id='word_1_597' title='bbox 553 4889 595 4939; x_wconf 84' lang='lat' dir='ltr'><strong>Co.</strong></span> <span class='ocrx_word' id='word_1_598' title='bbox 615 4889 703 4938; x_wconf 73' lang='lat' dir='ltr'><strong>Phemio</strong></span> <span class='ocrx_word' id='word_1_599' title='bbox 720 4890 749 4939; x_wconf 92' lang='lat' dir='ltr'><strong>V.</strong></span> <span class='ocrx_word' id='word_1_600' title='bbox 772 4919 798 4928; x_wconf 89' lang='lat'>-</span> <span class='ocrx_word' id='word_1_601' title='bbox 818 4891 858 4941; x_wconf 74' lang='grc'><strong>43.</strong></span> <span class='ocrx_word' id='word_1_602' title='bbox 878 4891 907 4940; x_wconf 86' lang='lat' dir='ltr'><strong>a.</strong></span> <span class='ocrx_word' id='word_1_603' title='bbox 925 4891 1028 4939; x_wconf 83' lang='lat' dir='ltr'><strong>uomina</strong></span> <span class='ocrx_word' id='word_1_604' title='bbox 1044 4901 1109 4951; x_wconf 83' lang='lat' dir='ltr'><strong>quoe</strong></span> <span class='ocrx_word' id='word_1_605' title='bbox 1128 4889 1196 4938; x_wconf 83' lang='lat' dir='ltr'><strong>Tadii</strong></span> <span class='ocrx_word' id='word_1_606' title='bbox 1208 4890 1249 4950; x_wconf 80' lang='grc'><strong>44.,</strong></span> <span class='ocrx_word' id='word_1_607' title='bbox 1269 4888 1317 4940; x_wconf 87' lang='lat' dir='ltr'><strong>scd</strong></span> <span class='ocrx_word' id='word_1_608' title='bbox 1336 4901 1400 4952; x_wconf 86' lang='lat' dir='ltr'><strong>quoe</strong></span> <span class='ocrx_word' id='word_1_609' title='bbox 1418 4887 1488 4938; x_wconf 80' lang='lat' dir='ltr'><strong>Tadii</strong></span> <span class='ocrx_word' id='word_1_610' title='bbox 1506 4892 1598 4951; x_wconf 84' lang='lat' dir='ltr'><strong>postea</strong></span> 
     </span>
     <span class='ocr_line' id='line_1_51' title="bbox 276 4963 1596 5026; baseline -0.002 -12"><span class='ocrx_word' id='word_1_611' title='bbox 276 4963 371 5014; x_wconf 86' lang='lat' dir='ltr'><strong>deieta.</strong></span> <span class='ocrx_word' id='word_1_612' title='bbox 387 4987 414 5002; x_wconf 91' lang='lat'><strong>··-</strong></span> <span class='ocrx_word' id='word_1_613' title='bbox 432 4963 473 5014; x_wconf 79' lang='lat'><strong>29.</strong></span> <span class='ocrx_word' id='word_1_614' title='bbox 491 4965 529 5014; x_wconf 87' lang='lat' dir='ltr'><strong>Ne</strong></span> <span class='ocrx_word' id='word_1_615' title='bbox 547 4964 608 5014; x_wconf 85' lang='lat' dir='ltr'><strong>Yodi</strong></span> <span class='ocrx_word' id='word_1_616' title='bbox 625 4965 723 5026; x_wconf 86' lang='lat' dir='ltr'><strong>quidem</strong></span> <span class='ocrx_word' id='word_1_617' title='bbox 739 4965 830 5015; x_wconf 83' lang='grc'><strong>44444444</strong></span> <span class='ocrx_word' id='word_1_618' title='bbox 847 4965 884 5014; x_wconf 87' lang='lat' dir='ltr'><strong>V:</strong></span> <span class='ocrx_word' id='word_1_619' title='bbox 903 4979 934 5014; x_wconf 81' lang='lat' dir='ltr'><strong>ne</strong></span> <span class='ocrx_word' id='word_1_620' title='bbox 951 4965 999 5014; x_wconf 82' lang='grc'><strong>444.</strong></span> <span class='ocrx_word' id='word_1_621' title='bbox 1020 4977 1045 5025; x_wconf 84' lang='lat' dir='ltr'><strong>q.</strong></span> <span class='ocrx_word' id='word_1_622' title='bbox 1064 4965 1092 5025; x_wconf 82' lang='lat' dir='ltr'><strong>Q.</strong></span> <span class='ocrx_word' id='word_1_623' title='bbox 1114 4964 1182 5014; x_wconf 81' lang='lat' dir='ltr'><strong>Vadit</strong></span> <span class='ocrx_word' id='word_1_624' title='bbox 1200 4968 1247 5016; x_wconf 89' lang='grc'><strong>444.</strong></span> <span class='ocrx_word' id='word_1_625' title='bbox 1266 4966 1294 5014; x_wconf 90' lang='lat'><strong>0.</strong></span> <span class='ocrx_word' id='word_1_626' title='bbox 1310 4991 1337 5000; x_wconf 88' lang='lat'><strong>-</strong></span> <span class='ocrx_word' id='word_1_627' title='bbox 1357 4965 1397 5014; x_wconf 86' lang='grc'><strong>344.</strong></span> <span class='ocrx_word' id='word_1_628' title='bbox 1419 4965 1545 5013; x_wconf 85' lang='lat' dir='ltr'><strong>credemus</strong></span> <span class='ocrx_word' id='word_1_629' title='bbox 1560 4963 1596 5012; x_wconf 88' lang='lat' dir='ltr'><strong>V:</strong></span> 
     </span>
     <span class='ocr_line' id='line_1_52' title="bbox 275 5039 1596 5111; baseline -0.002 -21"><span class='ocrx_word' id='word_1_630' title='bbox 275 5041 389 5090; x_wconf 73' lang='lat' dir='ltr'><strong>medetur</strong></span> <span class='ocrx_word' id='word_1_631' title='bbox 405 5040 453 5091; x_wconf 89' lang='lat' dir='ltr'><strong>dtt.</strong></span> <span class='ocrx_word' id='word_1_632' title='bbox 466 5041 495 5091; x_wconf 92' lang='lat'><strong>0.</strong></span> <span class='ocrx_word' id='word_1_633' title='bbox 511 5068 537 5078; x_wconf 92' lang='lat'>-</span> <span class='ocrx_word' id='word_1_634' title='bbox 557 5039 597 5091; x_wconf 88' lang='grc'><strong>33.</strong></span> <span class='ocrx_word' id='word_1_635' title='bbox 617 5040 669 5089; x_wconf 86' lang='lat' dir='ltr'><strong>iam</strong></span> <span class='ocrx_word' id='word_1_636' title='bbox 686 5043 745 5102; x_wconf 77' lang='lat' dir='ltr'><strong>quid</strong></span> <span class='ocrx_word' id='word_1_637' title='bbox 761 5043 829 5092; x_wconf 77' lang='lat' dir='ltr'><strong>tiss.</strong></span> <span class='ocrx_word' id='word_1_638' title='bbox 844 5055 886 5111; x_wconf 85' lang='lat' dir='ltr'><strong>up.</strong></span> <span class='ocrx_word' id='word_1_639' title='bbox 906 5043 1010 5099; x_wconf 78' lang='lat' dir='ltr'><strong>Hotom,</strong></span> <span class='ocrx_word' id='word_1_640' title='bbox 1029 5041 1173 5098; x_wconf 84' lang='lat' dir='ltr'><strong>Burmann.</strong></span> <span class='ocrx_word' id='word_1_641' title='bbox 1191 5039 1294 5098; x_wconf 79' lang='lat' dir='ltr'><strong>Anthol.</strong></span> <span class='ocrx_word' id='word_1_642' title='bbox 1309 5041 1363 5090; x_wconf 87' lang='lat' dir='ltr'><strong>Lat.</strong></span> <span class='ocrx_word' id='word_1_643' title='bbox 1382 5041 1410 5090; x_wconf 86' lang='grc'><strong>’4.</strong></span> <span class='ocrx_word' id='word_1_644' title='bbox 1422 5041 1442 5089; x_wconf 90' lang='lat' dir='ltr'><strong>l.</strong></span> <span class='ocrx_word' id='word_1_645' title='bbox 1461 5051 1487 5111; x_wconf 90' lang='lat' dir='ltr'><strong>p.</strong></span> <span class='ocrx_word' id='word_1_646' title='bbox 1502 5039 1558 5094; x_wconf 77' lang='grc'><strong>464.</strong></span> <span class='ocrx_word' id='word_1_647' title='bbox 1569 5063 1596 5076; x_wconf 84' lang='grc'><strong>·-</strong></span> 
     </span>
     <span class='ocr_line' id='line_1_53' title="bbox 275 5115 783 5185; baseline -0.008 -16"><span class='ocrx_word' id='word_1_648' title='bbox 275 5116 399 5170; x_wconf 77' lang='lat' dir='ltr'><strong>cotidiano</strong></span> <span class='ocrx_word' id='word_1_649' title='bbox 415 5115 447 5168; x_wconf 90' lang='lat' dir='ltr'><strong>V.</strong></span> <span class='ocrx_word' id='word_1_650' title='bbox 468 5143 496 5153; x_wconf 94' lang='lat'>-</span> <span class='ocrx_word' id='word_1_651' title='bbox 515 5116 737 5185; x_wconf 79' lang='lat' dir='ltr'><strong>quaerimoniaquc</strong></span> <span class='ocrx_word' id='word_1_652' title='bbox 753 5116 783 5174; x_wconf 84' lang='lat' dir='ltr'><strong>V,</strong></span> 
     </span>
    </p>
   </div>
   <div class='ocr_carea' id='block_1_6' title="bbox 0 0 1831 5888">
    <p class='ocr_par' dir='ltr' id='par_1_8' title="bbox 0 0 1831 5888">
     <span class='ocr_line' id='line_1_54' title="bbox 0 0 1831 5888; baseline 0 0"><span class='ocrx_word' id='word_1_653' title='bbox 0 0 1831 5888; x_wconf 95' lang='lat' dir='ltr'><strong> </strong></span> 
     </span>
    </p>
   </div>
  </div>
 </body>
</html>
