3644 5874
602 463 674 526 cn».
696 461 953 526 xxn-xxrv.
979 458 1036 544 ss.
1057 457 1203 524 ri-rs.
1501 457 1563 526 735

254 638 369 718 posset
411 631 621 696 Vehementer
643 631 763 695 errasti.
799 631 880 724 Quis
903 630 986 694 enim
1009 628 1077 694 dies
1096 629 1171 704 fuit,
1192 637 1399 714 posteaquam
1418 632 1452 694 in
1472 632 1564 696 istam

254 727 423 794 accusandi
437 726 704 790 denuntiationem
721 721 879 807 ingressus
893 746 945 800 es,
968 745 1062 807 wem
1077 733 1112 789 tu
1127 745 1191 789 non
1205 731 1306 788 totum
1320 724 1354 789 in
1371 725 1431 788 ista
1444 727 1564 791 ratione

254 819 508 902 consumpseris?
550 820 665 882 XXlll.
696 820 812 900 Legem
833 818 968 882 ambitus
990 818 1150 900 flagitasti,
1178 837 1259 901 quae
1280 819 1337 882 tibi
1358 839 1423 883 non
1444 821 1565 894 deerat;

255 915 424 980 eratenim
446 913 642 978 severissime
664 913 780 994 scripta
803 912 985 994 Calpurnia:
1015 919 1121 994 gestus
1142 918 1191 975 est
1211 932 1278 977 mos
1300 920 1331 975 et
1359 913 1513 976 voluntati
1534 920 1567 976 et

255 1007 399 1090 dignitati
418 1015 502 1072 tuae.
546 1008 608 1071 Sed
629 1014 694 1070 tota
716 1006 770 1070 illa
791 1005 843 1068 lex
864 1005 1096 1068 accusationem
1119 1013 1220 1080 tuam,
1249 1007 1276 1068 si
1297 1007 1429 1070 haberes
1451 1022 1589 1071 nosen-t

253 1112 442 1176 tammum,
468 1101 600 1165 sortasse
630 1107 796 1164 armasset:
830 1099 975 1181 petitioni
1003 1119 1078 1162 vero
1102 1098 1256 1181 refragata
1283 1108 1339 1164 est.
1382 1096 1432 1163 li.
1461 1103 1566 1164 Poena

253 1197 378 1278 gravior
398 1197 429 1258 in
452 1195 575 1277 plebem
596 1202 650 1258 tus
678 1213 754 1258 voce
784 1193 952 1274 efflagitata
982 1192 1044 1267 est}
1073 1194 1219 1256 commoti
1247 1194 1343 1257 animi
1370 1193 1565 1258 tenuiorum:

254 1288 382 1352 exilium
406 1288 439 1351 in
466 1295 607 1351 nostmm
638 1288 796 1362 ordinem
827 1287 982 1350 concessit
1009 1293 1136 1348 senatus
1164 1287 1366 1370 postulationi
1395 1294 1483 1359 tuae,
1511 1287 1566 1351 sed

253 1402 316 1446 non
331 1381 465 1445 libenter
478 1383 634 1445 duriorem
648 1380 791 1445 fortunae
806 1379 963 1443 communi
978 1379 1193 1443 conditionem
1205 1389 1237 1443 te
1252 1387 1380 1446 auctore
1395 1384 1567 1448 constituit.

252 1475 352 1539 Morbi
373 1476 569 1540 excusationi
589 1494 692 1558 poena
712 1475 818 1538 addita
840 1483 901 1538 est:
928 1473 1075 1537 voluntas
1098 1473 1217 1536 oliensa
1237 1475 1421 1551 multorum,
1454 1477 1604 1561 quibusro

253 1576 307 1632 aut
328 1576 435 1632 contra
455 1568 643 1632 valetudinis
665 1567 860 1632 commodum
882 1567 1086 1632 laborandum
1108 1575 1157 1630 est
1176 1574 1231 1630 aut
1250 1569 1449 1633 incommodo
1467 1571 1568 1633 morbi

254 1663 348 1726 etiam
369 1663 464 1726 ceteri
486 1663 570 1725 vitae
590 1661 710 1726 tructus
730 1661 940 1744 relinquendi.
968 1659 1052 1736 Quid
1075 1663 1170 1742 ergol
1195 1656 1295 1743 [baec]
1320 1664 1391 1746 quis
1413 1663 1505 1727 unici
1527 1666 1568 1738 ls,

255 1757 309 1839 qui
323 1756 497 1820 auctoritati
514 1763 652 1828 senatus,
675 1755 827 1820 voluntati
842 1761 914 1817 tuae
928 1752 1048 1836 paruit3
1070 1751 1209 1836 denique
1223 1754 1250 1818 is
1266 1755 1355 1831 tulit,
1376 1757 1426 1820 cui
1442 1759 1568 1822 minime

253 1849 432 1931 proderant.
467 1850 542 1924 llla,
564 1869 645 1932 quae
667 1869 737 1912 mea
758 1867 878 1913 summa
898 1847 1059 1911 voluntate
1075 1855 1203 1911 senatus
1217 1847 1367 1932 frequens
1382 1852 1568 1934 repudiavit,

253 1943 454 2006 mediocriter
483 1942 647 2006 adversata
676 1943 733 2005 tibi
761 1961 831 2005 esse
859 1940 1046 2004 existimas?
1096 1940 1321 2006 Confusionem
1350 1945 1606 2028 suffragiorumrs

1714 649 1738 728 ὁ.

254 2036 416 2118 flagitasti,
438 2036 690 2119 perrogationem
711 2036 792 2118 legis
812 2035 978 2108 Maniliae,
1001 2034 1220 2117 aequationem
1242 2038 1376 2118 gratim,
1398 2037 1568 2122 dignitatis,

252 2129 482 2211 suffragiorum.
530 2129 673 2192 Graviter
700 2129 846 2193 homines
872 2127 999 2192 bonesti
1024 2134 1119 2210 atque
1147 2129 1179 2190 in
1207 2131 1272 2194 suis
1299 2129 1508 2196 vicinitatibus
1538 2140 1569 2194 et

254 2222 433 2304 municipiis
463 2222 591 2305 gratiosi
617 2222 772 2297 talemut,
800 2242 819 2285 a
845 2222 901 2285 tali
931 2221 999 2284 viro
1028 2241 1097 2284 esee
1123 2230 1314 2305 pugnatum,
1340 2231 1375 2286 ut
1401 2243 1510 2288 omnes
1539 2233 1570 2286 el

254 2313 416 2396 dignitatis
450 2323 482 2379 et
514 2315 632 2398 gratiae
660 2317 774 2398 gradus
806 2315 1000 2379 tollerentur.
1053 2313 1140 2376 ldem
1174 2315 1318 2380 editicios
1350 2317 1468 2380 iudices
1498 2337 1568 2382 esse

253 2406 397 2482 voluisti,
419 2417 453 2472 ut
474 2407 546 2473 odia
568 2409 689 2473 occulta
709 2409 841 2483 civium,
862 2428 943 2491 quae
966 2407 1069 2471 tacitis
1083 2427 1167 2471 nunc
1182 2408 1348 2474 discordiis
1363 2411 1607 2485 continentrrr,so

254 2500 286 2563 in
314 2500 454 2566 fortunas
483 2501 593 2584 optimi
621 2502 775 2586 cuiusque
806 2508 1015 2586 erumperent.
1066 2500 1152 2564 llaec
1180 2503 1286 2567 omnia
1311 2503 1369 2568 tibi
1401 2503 1568 2568 accusandi

253 2594 335 2657 viam
356 2594 554 2667 muniebant,
576 2595 772 2677 adipiscendi
794 2595 1026 2679 obsaepiebant.

337 2683 387 2749 48.
415 2687 521 2770 sitque
549 2708 591 2751 ex
619 2688 764 2752 omnibus
791 2688 846 2750 illa
876 2688 969 2771 plaga
996 2696 1045 2752 est
1071 2690 1185 2752 iniecta
1216 2690 1360 2772 petitioni
1391 2698 1478 2766 tuae,
1506 2711 1569 2756 non

255 2789 375 2844 lacerus
396 2799 463 2853 me,
484 2781 636 2844 maxima:
659 2779 698 2844 de
720 2801 783 2865 qua
805 2781 844 2844 ab
865 2781 991 2845 bomine
1012 2781 1265 2864 ingeniosissimo
1288 2791 1319 2846 et
1338 2785 1569 2866 copiosissime,

254 2872 441 2947 Hortensio,
466 2873 567 2937 multa
595 2873 777 2956 gravissime
806 2874 888 2937 dicta
916 2880 1000 2937 sunt.
1044 2875 1116 2950 Quo
1138 2877 1232 2940 etiam
1254 2876 1330 2940 mibi
1352 2876 1461 2942 durior
1479 2878 1606 2948 locusee

254 2974 303 3028 est
323 2966 447 3030 dicendi
466 2964 568 3041 datus,
590 2965 727 3046 ut,(oum
749 2975 821 3030 ante
843 2987 893 3030 me
915 2975 946 3029 et
959 2967 1013 3031 ille
1028 2968 1160 3032 dixisset
1174 2977 1206 3032 et
1218 2969 1268 3033 vir
1280 2990 1403 3036 summa
1416 2972 1568 3054 dignitate
1635 2963 1719 3056 εἷς,

255 3068 286 3122 et
306 3057 469 3140 diligentia
490 3066 523 3122 et
542 3058 689 3124 iaculme
711 3059 854 3135 dicendi,
874 3062 916 3123 Μ.
939 3045 1173 3154 Crassusl‘ego
1194 3063 1228 3127 in
1250 3071 1392 3128 extremo
1414 3086 1478 3129 non
1499 3087 1569 3151 par-
1676 3081 1700 3127 f

254 3159 317 3214 tem
339 3152 477 3235 aliquam
498 3172 622 3235 agerem
644 3172 775 3227 causae,
797 3155 854 3218 sed
876 3154 916 3216 de
937 3161 1003 3218 tota
1024 3175 1059 3218 re
1080 3154 1234 3231 dicerem,
1256 3158 1342 3240 quod
1357 3158 1434 3222 mibi
1448 3160 1570 3224 videre·
1673 3147 1678 3165 ¹

255 3251 314 3308 tur.
363 3244 474 3328 ltaque
502 3247 535 3309 in
565 3247 666 3310 isdem
695 3247 788 3309 rebus
819 3245 887 3311 iere
914 3266 1022 3311 versor
1053 3257 1099 3322 et,
1133 3249 1236 3333 quoad
1266 3271 1411 3334 possum,
1436 3253 1569 3329 indices,

254 3357 383 3402 occurro
404 3348 525 3403 vestrae
548 3339 694 3403 satietati.
736 3339 851 3402 XlllV.
880 3339 942 3402 Sed
971 3349 1090 3416 tamen,
1118 3343 1225 3417 Servi,
1258 3362 1352 3428 quarn
1381 3353 1412 3408 le
1433 3351 1606 3416 securimoo

254 3439 344 3512 putas
365 3432 511 3496 iniecisse
533 3434 678 3515 petitioni
702 3440 790 3506 tuae,
822 3451 892 3495 curn
922 3435 1076 3517 populum
1098 3435 1273 3498 Romanum
1301 3435 1334 3498 in
1357 3459 1428 3502 enm
1450 3449 1567 3504 metum

254 3523 426 3600 adduxisti,
447 3534 482 3589 ut
495 3527 730 3609 pertimesceret
744 3547 785 3590 ne
800 3526 910 3590 consul
926 3527 1059 3592 Catilina
1074 3524 1179 3603 lieret,
1200 3529 1274 3592 dum
1289 3536 1323 3593 tu
1337 3535 1569 3597 accusationem

319 3881 343 3931 4.
358 3893 429 3944 posse
445 3890 498 3930 om.
517 3893 545 3940 χ.
561 3905 586 3918 -
602 3877 666 3944 quo]
683 3885 743 3942 quot
759 3881 788 3931 G.
805 3879 871 3931 -io
887 3877 970 3950 4444444]
985 3881 1013 3930 io
1028 3893 1082 3932 orn.
1102 3881 1137 3944 c,
1155 3885 1183 3932 lu
1198 3881 1273 3933 4444444
1288 3883 1421 3938 llsltbiae.
1435 3909 1462 3926 -
1476 3887 1572 3952 itepi-

254 3955 313 4006 iasli
328 3970 356 4016 κ.
377 3982 404 3990 -
422 3969 473 4006 ooo
488 3954 532 4005 tibi
548 3956 578 4006 G.
598 3979 626 3992 -
645 3954 670 4007 4.
689 3955 870 4020 diligertisrime
890 3955 985 4018 scripte
999 3953 1092 4019 Aquila
1108 3957 1242 4008 Romanus
1259 3957 1283 4022 3.
1302 3959 1343 4010 xl.
1363 3985 1390 3996 -
1409 3965 1432 4010 st
1446 3962 1496 4012 ool.
1514 3967 1573 4014 tuoe

254 4035 277 4080 el
292 4031 360 4094 digri.
378 4035 436 4080 tuoe
452 4043 477 4080 v.
504 4056 530 4065 -
554 4031 579 4080 e.
597 4029 665 4095 cero]
688 4044 738 4080 ooo
754 4030 782 4079 T.
807 4057 834 4068 -
857 4029 881 4079 l.
903 4029 982 4080 acini
1003 4035 1061 4080 444444
1081 4031 1221 4082 mutones
1236 4033 1265 4084 L.
1291 4061 1318 4070 -
1340 4034 1366 4086 8.
1384 4035 1488 4086 miliario
1503 4038 1570 4096 mei:

253 4106 368 4156 sordium
385 4106 413 4156 0.
433 4132 460 4140 -
480 4106 520 4154 44.
538 4104 592 4170 orit]
609 4109 692 4155 autem
707 4119 736 4164 χ.
758 4131 781 4142 -
802 4104 1024 4171 custoditione.
1045 4131 1073 4142 ·-
1092 4105 1131 4155 ii.
1151 4107 1226 4158 emm
1241 4108 1322 4158 meri
1337 4124 1365 4169 χ.
1386 4137 1413 4147 -
1432 4113 1498 4176 pared
1512 4127 1572 4178 erqo

253 4180 282 4231 E.
304 4205 330 4214 -
348 4179 409 4230 boec
425 4191 478 4230 orn.
498 4180 526 4230 G.
542 4205 568 4214 -
588 4179 643 4229 tulit
658 4179 681 4230 ir
696 4180 749 4242 qai]
765 4179 891 4242 solitisque
908 4181 937 4230 G.
953 4205 980 4216 —
994 4178 1034 4229 43.
1052 4181 1092 4230 orsi
1109 4182 1147 4231 bl:
1166 4194 1223 4231 miro
1238 4182 1404 4243 EGSl'xv.
1418 4211 1447 4222 -
1461 4186 1573 4250 ltpro-

253 4255 341 4304 dercal
361 4265 414 4303 om.
432 4253 464 4314 Τ,
481 4255 646 4316 prodiderunt
666 4267 695 4314 v;
719 4255 839 4315 proderet
861 4254 922 4304 Ern.
942 4267 1031 4319 susp.;
1056 4254 1115 4306 tort.
1132 4257 1175 4319 qui
1196 4256 1297 4306 musas
1316 4257 1447 4320 probarat.
1468 4285 1495 4296 ·-
1516 4260 1571 4326 illo]

255 4329 422 4392 «legendum
438 4327 515 4390 quid?
530 4327 586 4389 illo,
606 4329 635 4377 ut
649 4327 750 4378 hebent
766 4325 882 4379 nonnulli
899 4327 957 4378 libri
975 4329 1055 4380 etiem
1072 4331 1221 4395 impressi.»
1239 4330 1331 4382 bamb.
1346 4359 1373 4368 -
1390 4334 1454 4397 meo]
1471 4347 1528 4386 orco
1538 4341 1573 4386 est

253 4406 282 4454 G.
303 4429 329 4438 -
348 4403 509 4466 repertorem
523 4403 644 4467 4449444444·
662 4402 756 4452 mediis
773 4403 879 4454 omissis
896 4403 924 4454 E.
945 4429 970 4438 —
991 4405 1030 4456 tt.
1049 4404 1092 4454 tibi
1108 4407 1205 4457 444444.
1224 4419 1249 4456 v.
1269 4433 1296 4442 —
1316 4407 1356 4458 46.
1372 4411 1572 4474 perrogatiorrmr
1692 4404 1693 4407 ’

252 4479 453 4530 blommseuius:
469 4479 670 4543 prerogctiooeo
687 4479 780 4540 EGbl,
798 4479 813 4527 li
827 4475 900 4530 Pall..
918 4479 954 4528 St.
966 4479 1043 4539 Vict.;
1059 4481 1263 4544 proroqctiooem
1276 4494 1301 4532 v.
1314 4509 1341 4518 -
1360 4483 1453 4534 mouile
1466 4485 1501 4547 G,
1518 4497 1573 4534 mo-

252 4553 328 4603 tullee
339 4565 368 4612 χ,
386 4553 515 4604 Mamilius
530 4554 558 4604 1..
577 4553 610 4603 tt
620 4565 645 4602 v.
659 4552 705 4604 Tb.
719 4554 867 4604 blommsen
884 4554 913 4603 de
929 4551 1036 4618 collegiis
1051 4561 1075 4604 ct
1091 4556 1169 4606 rodel.
1181 4557 1251 4606 444444.
1264 4554 1331 4620 pls
1347 4559 1402 4608 nol.
1415 4557 1447 4608 28
1464 4561 1492 4607 et
1506 4559 1573 4608 Dru·

254 4627 342 4678 manni
356 4627 411 4678 bist.
423 4629 494 4680 444444.
504 4628 534 4678 V.
547 4626 632 4692 pili
649 4630 703 4677 not.
716 4627 757 4678 62.
770 4653 796 4665 ·-
817 4628 857 4678 47.
868 4627 1035 4678 vicinitatibus
1046 4631 1067 4678 G
1078 4632 1105 4680 et
1115 4631 1153 4680 st.
1166 4631 1245 4681 vict:
1265 4630 1405 4681 civitem
1414 4644 1432 4680 v
1447 4633 1475 4682 et
1491 4630 1570 4683 codd.

252 4700 309 4752 rell.
328 4701 390 4752 noti.
410 4728 437 4737 -
456 4703 487 4765 et]
503 4707 528 4753 ct
541 4703 569 4752 io
585 4702 644 4752 GC.
664 4727 691 4736 —
716 4701 757 4753 48.
774 4703 907 4765 moleise
922 4701 951 4751 G.
967 4729 994 4738 -
1007 4702 1048 4753 49.
1065 4703 1130 4754 idern
1146 4706 1210 4757 biv:
1228 4705 1373 4756 cidesoEG
1391 4705 1450 4755 etti
1467 4706 1568 4756 0¹1.—

251 4777 419 4839 4444444446,
437 4777 590 4829 4444444444.
611 4804 639 4814 -
656 4777 697 4828 to.
716 4777 882 4828 medicem.
902 4777 935 4838 G,
954 4776 1119 4829 emotas.
1140 4806 1168 4816 -
1186 4779 1227 4830 24.
1247 4779 1452 4846 mimendensis
1467 4789 1569 4846 ov.-

251 4849 776 4904 rememorata-almuse.
796 4878 824 4889 ·-
848 4852 1349 4912 26.dolosom.x.-merstilletl.
1371 4881 1398 4890 -
1421 4854 1572 4906 2944444444

252 4927 340 4980 Gllv.
365 4953 394 4965 —
415 4927 498 4990 quood
517 4927 610 4978 EHL:
634 4927 701 4989 qued
721 4928 809 4980 Gllv.
834 4953 861 4962 -
885 4926 925 4977 30.
948 4925 1059 4977 4444444444
1079 4929 1100 4976 G
1123 4926 1180 4990 (sed
1201 4926 1336 4991 4444444444),
1358 4929 1388 4978 ut
1409 4928 1571 4982 Hotomanus

248 5003 412 5054 coniecerat:
436 5002 552 5066 sepulcri
572 5003 631 5052 Por.
649 4999 680 5064 4,
702 5001 792 5064 meoli
812 5004 871 5053 Par.
889 5002 919 5063 4,
942 5001 1079 5063 amineae
1094 5002 1175 5053 Ellv
1196 5004 1224 5053 et
1238 4999 1295 5053 rell.
1322 5027 1349 5038 —
1373 5002 1416 5053 red
1435 5007 1518 5054 tuneo
1534 5001 1567 5053 E:

245 5077 411 5140 4444444444,
434 5077 566 5138 seritur,
585 5077 756 5130 ermricus.
782 5101 808 5112 -
834 5079 1116 5140 quanteseorsrumv.
1140 5076 1438 5143 -3t.toooom.q1.
1463 5101 1490 5112 —
1512 5089 1568 5128 eom

245 5151 300 5203 Gli
311 5165 371 5213 vx:
389 5166 447 5204 44444
463 5157 491 5204 tu
508 5149 566 5203 ΕΟ.
