3638 5868
430 489 498 555 n..
520 489 574 555 1n.
605 487 678 555 c...
699 491 984 557 nxvrn-nxx.
1012 487 1069 575 33.
1092 486 1282 557 res-roa.
1462 489 1524 559 444

199 660 327 744 quando
347 661 420 724 usui
441 660 487 723 rei
510 660 653 744 publicae
674 668 805 744 possent
826 681 906 725 esse.
949 661 1012 725 Eos
1034 662 1197 727 instituere
1219 669 1317 746 atque
1336 664 1462 728 erudire
1484 666 1525 730 ad

197 753 350 817 maiorum
381 753 541 829 instituta,
570 754 610 817 ad
637 755 774 819 civitatis
803 753 1018 838 disciplinam,
1048 777 1111 820 non
1134 757 1173 820 ad
1196 764 1250 821 tua
1278 749 1398 842 flagitia
1418 779 1524 843 neque

197 846 236 910 ad
260 855 328 910 tuas
359 847 571 931 turpitudines
602 847 749 911 debuisti.
798 849 894 912 Esset
920 869 960 912 ex
986 851 1080 913 inerti
1108 857 1140 913 et
1168 852 1311 936 improbo
1339 859 1371 918 et
1400 853 1523 938 impuro

196 948 327 1024 percute
349 960 448 1004 navus
471 947 503 1005 et
524 941 648 1024 pudens
670 950 702 1006 et
730 941 850 1025 probus
878 943 982 1018 lilius;
1011 943 1142 1007 baberet
1170 944 1290 1030 aliquid
1317 967 1368 1012 res
1396 946 1524 1031 publica

196 1035 304 1097 abste
327 1037 476 1098 muneris.
519 1038 609 1100 Nunc
631 1057 689 1120 pro
711 1043 743 1100 te
764 1039 894 1101 Verrem
926 1038 1115 1102 substituisti
1136 1039 1269 1103 alterurn
1291 1043 1426 1116 civitati,
1459 1041 1545 1107 nisit

194 1127 275 1192 iorte
297 1129 360 1191 hoc
382 1129 586 1206 deteriorem,
609 1133 636 1195 si
657 1131 726 1196 fieri
748 1131 868 1214 potest,
890 1133 977 1216 quod
1000 1140 1034 1195 tu
1055 1133 1229 1198 eiusmodi
1251 1135 1380 1200 erasisti
1402 1157 1466 1200 non
1488 1137 1522 1200 in

194 1222 332 1286 hominis
355 1223 523 1299 luxuriosi,
546 1224 603 1288 sed
626 1233 746 1289 tantum
761 1227 794 1288 in
808 1224 886 1289 furis
900 1233 996 1309 atque
1012 1228 1160 1292 divisoris
1176 1227 1344 1311 disciplina
1358 1228 1520 1293 educatus.

194 1311 265 1379 464.
296 1317 381 1392 Quid
404 1319 465 1382 isto
487 1317 555 1382 lore
577 1318 722 1382 festivius
745 1318 945 1394 arbitramur,
975 1321 1001 1384 si
1024 1327 1073 1384 est
1093 1329 1166 1385 tuus
1188 1329 1301 1385 nature
1320 1323 1422 1396 iilius,
1445 1341 1521 1386 con-

194 1410 360 1475 suetudine
391 1413 585 1496 discipulus,
612 1414 773 1477 voluntate
801 1414 935 1476 similist
979 1414 1081 1489 Quem
1103 1433 1181 1497 ego,
1210 1414 1346 1488 iudices,
1376 1417 1519 1500 quamvis

118 1569 125 1585 ,
193 1508 311 1570 bonum
334 1506 512 1591 fortemque
534 1507 628 1570 lacile
650 1513 775 1590 paterer
796 1507 945 1582 evaderem
967 1527 1032 1571 non
1054 1509 1139 1594 enim
1161 1528 1211 1572 me
1232 1509 1418 1572 inimicitiae
1436 1529 1556 1577 com-rc

193 1609 337 1676 movent,
366 1602 392 1664 si
416 1621 496 1684 qnae
519 1599 596 1666 mibi
626 1621 695 1664 cum
717 1602 778 1664 isto
799 1600 923 1665 loturae
943 1610 1029 1665 sunt:
1057 1623 1129 1666 nam
1152 1603 1179 1666 si
1201 1605 1234 1667 in
1257 1602 1402 1668 omnibns
1424 1603 1518 1666 rebus

194 1700 348 1761 innocens
377 1695 467 1758 fuero
496 1696 623 1780 meique
646 1697 773 1770 similis,
801 1694 877 1778 quid
905 1695 982 1760 mihi
1009 1697 1099 1760 istius
1127 1697 1312 1761 inimicitiae
1339 1696 1519 1758 nocebunt?

193 1795 242 1856 sin
264 1792 371 1873 aliqua
392 1792 426 1853 in
449 1807 483 1853 re
505 1791 611 1853 Verris
634 1790 745 1852 similis
766 1790 872 1864 fuero,
903 1810 966 1852 non
995 1792 1095 1872 magis
1125 1793 1202 1855 milri
1232 1793 1332 1856 deerit
1361 1789 1517 1867 inimicus,

196 1905 291 1968 quam
305 1885 397 1946 Verri
420 1885 528 1948 defuit.
571 1887 706 1959 Etenim,
729 1885 858 1958 iudices,
882 1885 1048 1949 eiusmodi
1063 1902 1114 1950 res
1136 1886 1264 1968 publica
1278 1886 1372 1948 debet
1393 1905 1462 1948 esse
1486 1890 1518 1946 et

192 1981 251 2042 erit
279 1979 412 2042 veritate
440 1979 627 2043 iudiciorum
657 1980 842 2052 constituta,
874 1987 910 2039 ut
938 1980 1084 2042 inimicus
1114 1999 1217 2063 neque
1248 1979 1358 2044 deesse
1388 1978 1553 2046 nocentiro

191 2075 419 2156 possitneque
443 2073 555 2135 obesse
576 2071 747 2135 innocenti.
792 2073 993 2156 Quapropter
1014 2073 1101 2136 nulla
1122 2093 1171 2136 res
1194 2081 1257 2149 est,
1281 2095 1374 2158 quam
1393 2073 1516 2137 obrem

192 2187 251 2250 ego
274 2169 368 2230 istum
392 2166 489 2229 nolim
512 2188 553 2230 ex
573 2169 712 2251 paternis
733 2167 857 2249 probris
879 2186 915 2230 ac
937 2169 1022 2230 vitiis
1037 2188 1208 2250 emergere.
1241 2169 1277 2231 ld
1292 2168 1379 2252 quod
1392 2169 1516 2231 tametsi

191 2261 244 2324 isti
269 2255 398 2323 difficile
422 2269 479 2335 est,
501 2269 605 2325 tamen
626 2260 711 2323 baud
734 2263 800 2324 scio
821 2282 862 2324 an
883 2261 952 2324 fieri
974 2263 1087 2345 possit,
1108 2264 1294 2346 praesertim
1316 2265 1353 2338 si,
1374 2269 1409 2326 ut
1430 2281 1515 2324 nunc

191 2355 237 2430 fit,
260 2354 406 2418 custodes
428 2352 598 2418 amicorum
621 2375 692 2419 eum
715 2357 934 2430 sectabuntur,
965 2357 1112 2439 quoniam
1139 2364 1233 2440 pater
1258 2365 1320 2420 tam
1351 2356 1514 2439 negligens

190 2470 227 2513 ac
258 2450 428 2513 dissolutus
458 2458 515 2512 est.
566 2444 638 2512 l63.
668 2451 784 2514 Verum
811 2450 875 2513 buc
902 2451 1043 2533 longius,
1074 2472 1167 2534 quem
1193 2453 1339 2516 voluutas
1367 2452 1442 2528 fuit,
1473 2450 1550 2520 abac

190 2543 324 2628 epistola
346 2543 535 2606 Timarchidi
559 2545 700 2626 digressa
727 2551 775 2608 est
804 2545 906 2607 oratio
928 2564 1016 2620 mea;
1045 2565 1108 2629 qua
1134 2547 1264 2610 recitata
1294 2545 1513 2610 conclusurum

189 2660 240 2703 me
262 2657 332 2701 esse
354 2639 471 2700 crimen
494 2636 701 2701 decumanum
724 2638 876 2714 dixeram,
900 2659 940 2702 ex
955 2659 1019 2724 qno
1032 2640 1236 2704 intellexistis
1252 2640 1512 2704 innumerabilem

188 2732 339 2796 frumenti
360 2752 525 2796 numerum
547 2753 606 2816 per
626 2735 797 2797 triennium
819 2753 962 2799 aversum
984 2753 1003 2798 a
1024 2754 1059 2798 re
1079 2735 1207 2817 publica
1220 2753 1290 2799 csse
1306 2743 1512 2822 ereptumque

188 2829 373 2892 aratoribus.

272 2922 369 2984 Lxx.
392 2921 557 3005 Sequitur,
580 2927 613 2985 ut
636 2921 675 2986 de
696 2923 853 2988 frumento
875 2930 981 3007 empto
1003 2943 1077 3002 vos,
1099 2925 1230 3000 iudices,
1253 2924 1391 3000 doceam,
1413 2927 1549 2994 maxi-rt

188 3022 355 3099 meatque
377 3015 651 3099 impudentissimo
672 3018 773 3093 iurt03
807 3017 846 3081 de
868 3039 930 3102 quo
957 3018 1032 3082 dum
1061 3025 1146 3082 certa
1174 3026 1206 3083 et
1227 3039 1326 3102 pauca
1348 3026 1381 3084 et
1401 3039 1514 3102 magna

189 3110 289 3174 dicam
316 3109 454 3172 breviter
481 3111 644 3174 attendite.
692 3112 894 3174 Frumentum
928 3113 962 3174 in
990 3113 1096 3177 Sicilia
1125 3134 1229 3177 emere
1261 3114 1371 3178 debuit
1398 3115 1513 3178 Verres

188 3223 229 3268 ex
252 3211 380 3266 senatus
403 3203 548 3266 consulto
571 3212 604 3267 et
625 3225 666 3267 ex
688 3206 763 3290 lege
772 3206 920 3268 Terentia
943 3213 974 3268 et
997 3206 1105 3271 Cassia
1125 3207 1335 3272 frumentaria.
1379 3202 1513 3270 Emendi

188 3300 250 3362 duo
273 3317 388 3380 genera
408 3297 545 3372 luerunt,
566 3319 665 3361 unum
688 3299 899 3374 decumarum,
922 3300 1065 3374 alterurn,
1088 3302 1173 3385 quod
1195 3308 1359 3385 praeterea
1380 3301 1515 3364 civitati-

188 3394 246 3457 bus
270 3392 445 3476 uequaliter
466 3400 550 3455 esset
572 3393 789 3456 distributum:
823 3393 908 3456 illius
940 3393 1106 3458 decumani
1129 3402 1268 3470 tentum,
1298 3401 1451 3478 qnantum
1473 3413 1550 3464 exso

188 3487 298 3574 primis
321 3486 461 3550 decumis
482 3485 606 3560 suisset,
628 3486 723 3550 buius
745 3487 890 3570 imperati
913 3487 946 3550 in
968 3507 1068 3551 annos
1090 3488 1232 3572 singulos
1256 3489 1352 3553 tritici
1373 3487 1513 3552 modium

256 3759 280 3808 4.
295 3763 395 3823 poscent
411 3772 460 3810 4444
477 3757 559 3822 egla:
578 3771 630 3810 4444
643 3773 670 3822 p.
689 3761 734 3811 ctt.
753 3761 782 3811 0.
803 3789 830 3798 -
849 3761 874 3810 4.
893 3761 927 3810 ad
942 3761 990 3810 444.
1009 3758 1094 3823 4344;
1118 3764 1193 3821 atque
1209 3759 1256 3809 444.
1275 3761 1320 3811 ctt.
1340 3762 1373 3818 0:
1391 3763 1466 3823 44444
1481 3763 1517 3812 od

189 3837 258 3890 conl.
272 3834 364 3886 bamb.
378 3847 462 3899 marg.
477 3833 549 3886 4484.
565 3861 592 3871 -
607 3836 641 3885 od
657 3841 703 3886 444
718 3836 817 3900 flagitio
832 3849 910 3898 nsque
922 3835 999 3899 4344,
1019 3835 1097 3885 codd.
1112 3834 1172 3886 Lot:
1191 3847 1244 3884 om.
1259 3837 1305 3886 ctt.
1320 3862 1347 3872 —
1366 3833 1390 3884 3.
1403 3847 1436 3884 44
1447 3832 1516 3899 4344

188 3913 223 3962 N:
242 3921 295 3960 om.
314 3911 359 3960 cti.
376 3937 403 3948 -
417 3915 440 3960 44
456 3910 531 3972 capr.
549 3915 573 3960 ct
589 3912 688 3973 impuro
705 3908 789 3975 Lgli:
809 3916 885 3972 44444
900 3910 975 3972 impr.
995 3915 1017 3961 44
1033 3911 1134 3972 impetro
1149 3913 1171 3962 Α
1189 3913 1217 3960 44
1227 3910 1309 3974 4349;
1328 3915 1402 3973 atque
1416 3911 1517 3974 4444444

188 3990 211 4036 ct
228 3986 302 4048 44444.
321 3987 366 4036 ott.
386 3986 415 4036 O.
431 4009 459 4022 -
472 3983 497 4036 4.
512 3989 617 4048 parents·
632 3991 707 4036 44444
723 3991 746 4036 44
762 3985 891 4048 mpudens
906 3990 930 4034 44
945 3985 1103 4048 improbust.
1122 3984 1200 4048 4344.
1216 4011 1243 4019 -
1256 3998 1332 4048 resp.
1345 3984 1389 4035 444
1399 3989 1423 4034 te
1434 3983 1515 4050 43444

188 4061 234 4110 obe
248 4065 271 4110 te
287 4073 310 4110 r.
331 4075 359 4124 p.
385 4063 430 4111 ott.
454 4061 483 4111 0.
504 4087 531 4097 -
551 4063 575 4112 44.
600 4076 650 4112 444
668 4075 748 4124 prope
775 4062 874 4110 Verrem
898 4061 940 4109 scd
961 4059 1113 4110 444444444444
1133 4059 1242 4110 44444444
1262 4060 1369 4110 4444444444
1389 4058 1466 4123 4344.
1487 4085 1515 4098 -

189 4135 213 4186 6.
230 4137 275 4186 boc
289 4135 355 4198 sorte
366 4136 385 4185 0
398 4139 489 4186 contre
502 4135 580 4187 codd.
595 4163 622 4174 -
637 4139 783 4188 deterioms
799 4135 827 4186 4ι
847 4134 954 4185 44444444·
969 4139 1004 4184 est
1020 4133 1077 4185 rell.
1090 4135 1186 4185 0.-44
1201 4145 1254 4186 om.
1272 4134 1350 4199 4344.
1366 4161 1394 4172 -
1406 4136 1431 4186 4.
1444 4141 1519 4198 atque

189 4209 274 4273 43444
293 4223 323 4259 uc
340 4211 386 4259 ott.
405 4210 434 4258 0.
454 4236 482 4246 -
501 4211 525 4260 8.
543 4213 653 4274 [44444444
668 4212 723 4275 sore
739 4212 803 4262 dett.
823 4212 894 4260 0.-
912 4211 934 4259 44
950 4209 1036 4273 43444
1057 4211 1100 4273 qul
1115 4213 1162 4260 ctt.
1182 4211 1210 4260 0.
1225 4237 1253 4247 ·-
1267 4211 1307 4260 to.
1326 4211 1393 4261 enim
1406 4224 1446 4262 mc
1462 4225 1516 4263 om.

189 4285 266 4348 4349.
288 4311 315 4320 -
335 4285 375 4334 44.
393 4283 439 4347 (tc.
458 4285 507 4336 4444
524 4287 589 4337 dett.
609 4288 637 4338 0.
658 4313 687 4324 -
707 4287 747 4338 43.
769 4286 851 4336 Verris
867 4282 935 4347 4344
952 4283 984 4334 44
1001 4287 1067 4336 AB:
1094 4286 1164 4336 44444
1181 4285 1259 4336 codd.
1277 4285 1334 4337 rell.
1352 4289 1420 4349 noti,
1439 4289 1468 4339 0.
1489 4313 1514 4328 -

189 4361 229 4409 44.
247 4359 351 4408 44444444
368 4360 457 4411 codd:
477 4363 606 4412 4444444444
623 4365 683 4414 40.
703 4362 742 4414 Cl.
761 4362 795 4412 ad
806 4363 862 4412 Act.
876 4361 896 4411 l.
914 4361 938 4424 5.
952 4361 1018 4410 3.-
1036 4364 1133 4412 4444444
1149 4363 1229 4412 dcccco
1245 4361 1312 4426 4347
1323 4363 1365 4414 48.
1380 4391 1407 4400 -
1421 4365 1462 4414 tr.
1474 4374 1526 4428 ego·

189 4437 216 4484 et
233 4434 272 4484 48.
290 4435 331 4484 isti
343 4447 398 4485 om.
410 4435 489 4499 4344.
502 4463 529 4473 -
549 4437 589 4488 48.
606 4441 640 4487 cat
652 4451 705 4488 om.
719 4437 798 4501 4344.
810 4461 839 4474 ·-
857 4441 886 4486 44
901 4436 923 4484 44
938 4436 1163 4499 accenseatur
1181 4437 1203 4485 44
1218 4437 1260 4486 444
1275 4450 1342 4488 4444
1353 4438 1433 4500 43444
1451 4439 1520 4488 44444

188 4523 254 4560 4444
268 4508 361 4564 illotus
373 4511 409 4571 44,
428 4513 491 4561 elcut
501 4525 568 4562 4444
580 4511 737 4564 Halmius·
753 4513 793 4563 40.
807 4511 852 4562 boc
863 4510 972 4575 4344-
985 4511 1034 4575 pst
1044 4525 1098 4563 om.
1111 4511 1225 4563 idem-
1234 4511 1277 4561 44.
1292 4511 1440 4562 4444444444
1451 4513 1520 4577 4344

188 4599 215 4652 p.
228 4599 276 4636 m:
297 4586 458 4636 Tirrsombidis
469 4585 525 4637 rell.
539 4588 568 4637 0.
584 4614 612 4624 -
625 4589 740 4651 44344444
751 4587 812 4637 0.-
830 4587 871 4637 44.
884 4599 924 4636 mc
934 4599 987 4637 om.
1001 4585 1078 4650 4344.
1094 4613 1121 4625 -
1135 4588 1299 4637 4444444444
1306 4587 1462 4638 Lambinus:
1480 4589 1521 4638 de·

188 4673 321 4712 44444444
337 4661 414 4711 codd.
434 4665 467 4713 44
484 4661 517 4713 ci.
537 4662 561 4725 5.
575 4662 630 4714 444.
650 4663 707 4714 448.
722 4689 749 4700 -
768 4663 809 4712 43.
826 4676 873 4725 per
892 4663 1027 4712 4444444444
1043 4675 1096 4714 om.
1109 4663 1188 4727 4344.
1207 4687 1237 4700 -
1255 4675 1297 4714 co.
1314 4661 1343 4712 444
1356 4663 1394 4713 rei
1408 4663 1522 4725 44444444

189 4734 264 4799 4344.
285 4735 350 4786 lude
362 4734 490 4788 Klotzlus:
509 4749 626 4788 44444444
641 4737 673 4787 ob
688 4751 718 4788 rc
727 4751 753 4800 p.
768 4760 796 4774 -
810 4743 969 4800 ereptamque
985 4736 1053 4802 4344
1066 4739 1103 4789 N:
1123 4737 1301 4800 abreptumque
1316 4740 1361 4790 ctt.
1376 4763 1404 4774 -
1417 4737 1458 4787 48.
1476 4751 1522 4788 nos

188 4811 281 4860 44444444
295 4810 423 4860 4444444444
438 4811 516 4875 4344.
537 4839 565 4850 -
583 4813 623 4863 44.
643 4814 760 4863 4444444444
775 4809 844 4876 4344
855 4816 894 4863 A:
919 4814 1045 4864 4444444444.
1073 4815 1120 4864 DE
1136 4813 1312 4865 FltllllENTO
1328 4813 1436 4864 4444Πο
1451 4813 1522 4876 4344

188 4887 218 4936 14.
237 4884 302 4936 dett.
323 4911 350 4920 -
374 4885 402 4933 44
423 4885 511 4936 Sicilia
531 4901 611 4938 444444
631 4888 717 4951 4344;
744 4901 824 4938 cram
845 4888 872 4936 44
892 4888 943 4938 stc.
967 4890 1012 4938 ott.
1037 4889 1065 4940 0.
1087 4915 1114 4928 -
1132 4889 1173 4940 48.
1194 4889 1291 4940 44444444
1310 4888 1396 4953 43444
1422 4889 1522 4939 44444444

189 4961 234 5012 ott.
254 4960 282 5010 0.
304 4987 331 4996 -
350 4961 391 5010 49.
410 4961 572 5014 mansorum
594 4962 713 5027 4344Νι
740 4963 880 5013 alterorum
900 4965 952 5013 4444.
978 4963 1038 5014 cod.
1057 4963 1133 5025 Hot,
1157 4963 1211 5014 duc
1227 4962 1306 5014 codd.
1326 4961 1374 5014 Lbi
1395 4963 1457 5027 (non
1473 4963 1520 5026 44),

189 5035 243 5086 duo
260 5034 339 5087 codd.
358 5033 420 5086 Lell.
440 5037 468 5100 44)
487 5038 518 5097 0;
537 5043 679 5088 4444444444
696 5039 746 5090 dcc.
765 5035 895 5102 plerique
898 5037 921 5100 (7
933 5037 1032 5102 4433),
1050 5043 1178 5090 carlom
1189 5041 1240 5089 dcc.
1253 5038 1340 5102 pauci.
1354 5063 1382 5074 -
1395 5036 1436 5087 84.
1450 5037 1523 5088 buius

187 5113 305 5175 44444444
320 5112 408 5162 ΑΒΝ
424 5113 493 5176 4349
511 5113 568 5176 (sed
583 5113 627 5165 hic
643 5113 794 5179 imperatui:
814 5125 868 5164 om.
886 5110 944 5164 roll.
964 5115 1043 5163 etism
1054 5111 1132 5176 4344.
1149 5137 1177 5150 -
1190 5114 1217 5164 44
1233 5125 1314 5163 44444
1328 5112 1437 5178 44434444
1452 5111 1522 5176 4344

187 5189 291 5252 Alio:
309 5189 337 5240 44
351 5201 398 5238 cos
413 5188 477 5256 sing.
496 5189 561 5258 434;
581 5203 635 5242 om.
653 5187 710 5243 rell.
729 5190 758 5241 0.
778 5189 885 5258 [Reotm
903 5203 930 5241 v.
947 5187 1061 5256 Zumpt]
