3578 5862
609 447 682 513 044.
703 447 870 514 vr-vu.
896 443 953 530 44.
976 442 1123 510 40-00.
1454 430 1510 498 est

193 639 336 704 possem,
357 624 414 682 004
435 618 546 693 0440444,
570 619 596 681 04
617 617 696 680 mibi
718 626 803 682 esset
824 617 995 700 integrum,
1017 614 1051 678 C.
1069 614 1187 678 Rabirii
1209 631 1305 677 manu
1325 614 1361 676 L.
1377 609 1517 675 Saturni·

192 735 268 776 num
291 733 361 776 esse
384 713 540 787 occisum,
563 720 595 775 et
615 711 648 774 id
669 711 793 776 lacinus
813 710 1058 794 pulcherrimum
1075 729 1145 772 esse
1159 707 1341 770 arbitrarer:
1364 702 1421 768 sed
1436 722 1517 787 quo·

192 808 277 870 niam
299 807 333 869 id
353 806 458 869 facere
480 825 543 869 uon
566 827 711 890 possum,
741 803 914 868 confitebor
934 805 983 880 id,
1012 803 1100 887 quod
1123 801 1162 866 ad
1192 799 1317 863 laudem
1339 797 1443 861 minus
1464 815 1518 858 va-

191 900 284 974 lebit,
315 898 355 962 ad
378 899 495 962 crimen
520 919 584 962 non
610 900 724 962 minus.
761 898 922 961 Confiteor
947 894 1156 960 interficiendi
1180 891 1341 957 Saturnini
1367 908 1462 953 causa
1483 888 1518 952 (2.

192 993 354 1058 Rabirium
375 987 614 1074 arma'cepisse.
659 993 744 1068 Quid
767 999 832 1067 est,
853 991 1016 1056 Labienei
1039 1009 1133 1074 quam
1155 1008 1239 1052 ame
1253 983 1429 1069 praviorem
1443 993 1542 1045 000-0

191 1087 361 1151 ieasionem
384 1093 441 1148 aut
462 1084 548 1170 quod
570 1085 602 1148 in
625 1087 710 1150 bunc
724 1087 824 1151 maius
839 1085 960 1148 crimen
976 1085 1163 1167 exspectasl
1190 1079 1259 1144 Nisi
1275 1097 1350 1142 vero
1364 1078 1519 1140 interesse

191 1181 315 1265 aliquid
343 1187 436 1264 putas
465 1179 657 1254 intersum,
689 1180 744 1264 qui
765 1180 924 1244 bominem
948 1178 1080 1252 occidit,
1114 1185 1146 1242 et
1167 1197 1255 1248 eum,
1285 1171 1340 1257 qui
1361 1189 1434 1233 0004
1455 1167 1519 1231 telo

193 1273 359 1338 occidendi
382 1273 521 1337 bominis
544 1293 639 1337 eausa
660 1273 730 1337 44444.
774 1274 806 1337 Si
836 1269 970 1335 interfici
993 1271 1196 1335 Saluminum
1219 1266 1308 1331 netas
1327 1263 1404 1338 fuit,
1434 1280 1520 1326 arma

191 1375 318 1451 sumpta
338 1387 409 1432 esse
432 1374 542 1431 contra
565 1368 767 1432 Saturninum
790 1366 858 1430 sine
880 1365 999 1429 scelere
1021 1385 1086 1427 000
1108 1370 1257 1450 possunt:
1287 1360 1314 1422 ai
1341 1375 1429 1422 arma
1449 1357 1537 1430 iure,

192 1469 317 1546 sumpta
338 1461 501 1534 concedis,
524 1455 714 1542 interfecturis
735 1462 801 1523 4040
821 1460 963 1522 00000000
982 1478 1096 1522 necessa
1117 1469 1171 1522 est.
1529 1464 1557 1510 40

472 1555 510 1616 10
530 1555 729 1617 uetustissimo
750 1555 918 1636 exemplari
938 1554 1097 1616 darsiano
1118 1553 1234 1615 oborto.

277 1650 344 1712 Vll.
374 1645 426 1713 20.
455 1649 505 1712 Fit
527 1656 655 1712 senatus
678 1637 932 1724 consultum,(ut
954 1648 986 1711 C.
1009 1648 1127 1712 blarius
1148 1648 1183 1709 L.
1205 1644 1352 1710 Valerius
1374 1640 1520 1724 copqarles
1628 1641 1706 1724 καί

192 1733 550 1853 achmetemprihunos
578 1743 621 1825 pl.
650 1751 682 1806 ei
710 1749 889 1826 praetores,
929 1762 1009 1827 quos
1040 1741 1086 1805 eis
1115 1741 1292 1815 videretur,
1328 1755 1520 1822 operamque

193 1841 360 1918 darenttut
379 1837 546 1921 imperium
569 1836 679 1920 populi
695 1837 826 1900 Romani
848 1835 1059 1920 maiestasque
1082 1831 1340 1928 conservaretur)
1361 1829 1521 1894 Adbibent
1614 1843 1689 1924 hg,

192 1954 303 1997 omnes
332 1932 476 1996 tribunos
510 1931 554 2013 pl.
582 1936 709 2014 praeter
737 1931 955 2004 Saturninum,
990 1937 1153 2013 praetores
1182 1935 1308 2013 praeter
1336 1924 1557 1990 Glauciamzta

192 2029 248 2111 qui
270 2047 338 2090 rem
361 2024 519 2109 publicam
542 2025 661 2087 salvam
683 2043 754 2087 esse
775 2024 910 2098 veilent,
933 2043 1020 2086 arma
1042 2043 1155 2105 capere
1178 2030 1210 2085 ei
1232 2042 1266 2087 se
1288 2022 1379 2106 sequi
1401 2019 1520 2082 iubent.

191 2123 306 2183 Parent
335 2139 456 2182 omnes.
504 2119 554 2180 Ex
581 2116 734 2182 aediliciis
767 2119 1081 2202 armamentariisque
1115 2116 1250 2199 publicis
1281 2134 1368 2180 arma
1399 2112 1520 2197 populo

191 2217 352 2288 Romano,
383 2212 416 2275 C.
438 2213 538 2276 llario
562 2212 693 2276 consule
714 2212 938 2287 distribuente,
967 2211 1091 2274 dantur.
1134 2211 1194 2274 Hic
1214 2212 1293 2285 iam,
1321 2217 1357 2272 ut
1378 2209 1519 2272 omittam

192 2315 309 2382 cetera,
331 2307 371 2370 de
394 2315 426 2370 te
447 2307 528 2389 ipso,
550 2307 705 2381 Labiene,
727 2325 865 2391 quaero:
888 2325 958 2370 cum
981 2305 1169 2369 Saturninus
1192 2304 1379 2388 Capitolium
1399 2308 1522 2366 teneret

191 2391 467 2487 armatus,(epset
489 2420 553 2464 una
576 2401 608 2464 C.
632 2401 779 2474 Glaucia,
810 2400 843 2463 C.
866 2390 1038 2496 Saufeius?
1059 2400 1153 2463 etiam
1175 2379 1238 2463 illel
1252 2417 1293 2462 ex
1315 2397 1557 2481 compedibustt
1615 2384 1695 2461 ad'

192 2501 292 2578 atque
312 2494 493 2576 ergastulo(
498 2493 678 2578 Gracchus)
690 2493 813 2569 addam,
836 2494 987 2578 quoniam
1008 2494 1051 2557 ita
1073 2493 1131 2568 vis,
1153 2493 1265 2556 eodem
1283 2492 1323 2568 0.
1336 2490 1521 2567 Labienum,

193 2597 343 2670 patruum
364 2595 468 2663 tuum3
497 2587 532 2650 in
552 2587 621 2651 loro
643 2597 747 2651 autem
776 2588 809 2652 C.
831 2589 950 2652 blarius
972 2595 1005 2651 et
1031 2590 1066 2650 L.
1088 2587 1233 2652 Valerius
1254 2587 1385 2650 Flaccus
1406 2603 1522 2674 consp:
1659 2581 1686 2678 6

194 2682 259 2758 400,
279 2679 356 2767 post
376 2689 509 2744 cunctus
532 2689 661 2745 senatus
682 2691 779 2766 atque
801 2681 856 2745 ille
878 2689 1024 2756 senatus,
1053 2701 1147 2766 quem
1170 2681 1263 2745 etiam
1283 2681 1440 2764 vosipsi,
1465 2678 1521 2761 qui

194 2775 254 2840 bos
276 2783 381 2860 patres
403 2776 617 2858 conscriptos,
639 2776 696 2860 qui
717 2796 802 2839 nunc
824 2781 907 2848 sunt,
929 2774 963 2838 in
984 2776 1135 2840 invidiam
1157 2776 1287 2850 vocatis,
1310 2795 1375 2859 quo
1396 2773 1521 2838 lucilius

193 2869 233 2932 de
261 2870 323 2932 boc
351 2877 462 2949 senatu
495 2869 661 2932 detrahere
692 2869 838 2953 possitis,
873 2870 999 2933 4000040
1026 2871 1234 2934 consuevistis:
1269 2891 1342 2933 oum
1375 2876 1558 2954 equesterrs

191 2963 271 3028 ordo
298 2997 341 3010 --
370 2969 403 3026 04
433 2983 568 3046 quorum
601 2964 743 3047 equitum
781 2960 1036 3047 [Romanorum],
1073 2963 1104 3026 di
1144 2963 1353 3027 immortales!
1395 2971 1520 3045 patrum

194 3065 374 3122 nostrorum
396 3064 492 3139 atque
514 3057 584 3120 eius
606 3058 736 3132 aetatis,
759 3057 781 3138 †
805 3076 886 3140 quae
908 3065 975 3120 tum
997 3076 1142 3140 magnam
1164 3065 1285 3141 partem
1306 3056 1353 3120 rei
1375 3056 1521 3142 publicae

193 3159 289 3234 atque
319 3170 446 3213 omnem
475 3149 661 3232 dignitatem
687 3152 875 3216 iudiciorum
904 3153 1033 3217 tenebat
1053 3174 1111 3214 -4
1139 3173 1211 3215 0040
1240 3171 1350 3216 004000
1379 3151 1520 3214 omnium

191 3244 341 3308 ordinum
369 3244 533 3319 homines,
563 3245 677 3329 quiin
707 3245 808 3310 salute
837 3247 883 3310 rei
911 3246 1058 3330 publicae
1083 3246 1216 3310 salutem
1239 3265 1328 3309 suam
1350 3243 1520 3328 repositam

258 3582 282 3630 4.
300 3580 397 3630 0404444
414 3579 446 3644 rs]
465 3580 491 3631 in
508 3579 549 3630 bis
566 3579 658 3631 litteris
675 3579 765 3632 delicit
781 3583 812 3632 V.
834 3607 861 3618 —
880 3581 967 3633 tiatira·
984 3582 1090 3646 6Legg.
1111 3609 1138 3618 —
1158 3580 1182 3632 3.
1201 3584 1319 3646 confiteor
1333 3582 1361 3632 40
1375 3581 1519 3633 01400014

192 3659 220 3709 04
236 3659 252 3707 3
269 3657 369 3707 040440.
391 3681 417 3692 -
437 3657 478 3707 40.
496 3656 917 3720 00004040--000040004410000,
936 3671 1044 3709 mance:
1069 3657 1181 3708 concedis
1200 3657 1278 3716 icter3
1304 3655 1520 3720 supplementum

192 3733 307 3798 primurn
324 3731 412 3782 invenl
430 3732 456 3781 in
474 3732 623 3781 4400044000
641 3744 665 3782 a.
685 3731 758 3783 4544.
780 3759 806 3768 -
827 3733 868 3784 tt.
891 3735 919 3782 40
936 3733 1182 3794 vetustumque]
1204 3734 1239 3782 ita
1261 3731 1415 3783 adnotatam
1437 3735 1478 3784 004
1494 3735 1520 3784 40

192 3807 365 3868 4400044ιο,
390 3809 417 3858 04
434 3805 554 3858 similiter
577 3807 603 3858 iu
620 3809 646 3858 S.
666 3833 693 3842 -
713 3806 753 3858 44.
774 3808 888 3860 adhiberit
904 3810 962 3860 Sk:
985 3807 1127 3860 adhiberent
1143 3807 1195 3867 lC;
1221 3807 1336 3860 adbibm
1352 3808 1373 3868 i;
1397 3808 1522 3860 0054440404

192 3882 509 3945 401140000404000,
530 3905 556 3918 -
578 3883 618 3932 45.
636 3883 716 3933 omnis
739 3883 817 3934 codd.
840 3883 969 3950 plerique.
989 3910 1016 3920 -
1033 3887 1162 3946 praetores
1183 3883 1328 3934 blanutius:
1352 3895 1405 3934 om.
1430 3884 1520 3946 0000.,

192 3971 254 4008 0040
272 3959 332 4007 0040
346 3969 389 4018 pr.
409 3956 470 4006 ante
488 3961 592 4018 praetor
615 3955 786 4008 interciderit.
815 3961 883 4009 Aule
905 3959 1050 4010 4400044004
1071 3956 1210 4009 Turnebus
1232 3961 1259 4008 04
1281 3959 1338 4008 Ant
1361 3959 1521 4022 Augustinus

191 4031 392 4097 suppleverunt:
418 4043 501 4080 004000
517 4035 661 4094 praetores,
687 4035 714 4082 et
736 4033 775 4082 sic
793 4033 821 4082 L.
841 4055 869 4069 -
889 4032 930 4083 44.
949 4031 1076 4097 aedificiis]
1094 4033 1137 4082 000
1152 4031 1191 4081 rut
1208 4045 1286 4082 00000
1302 4033 1394 4096 ng;
1419 4035 1444 4084 40
1459 4032 1519 4084 rell.

191 4109 271 4170 Lagg.
293 4106 412 4170 0004440444
435 4108 524 4156 extare
548 4106 668 4168 videtur,
691 4107 739 4157 nisi
762 4106 835 4170 quod
853 4108 878 4158 in
902 4108 963 4157 4440
980 4105 1116 4156 00000404
1133 4105 1226 4168 000440,
1249 4107 1275 4156 40
1293 4106 1387 4159 larvis
1402 4110 1520 4160 additum

192 4185 250 4239 est;
275 4181 395 4244 00044040
415 4182 494 4231 sacris
515 4182 575 4232 Sin
597 4194 696 4245 marg.;
722 4183 841 4248 0004444440
862 4181 964 4234 0004500
984 4181 1063 4231 000440
1085 4181 1120 4241 ll;
1147 4180 1247 4232 oedibus
1267 4183 1347 4232 sacris
1366 4185 1518 4244 8044444040ος

191 4257 252 4306 aeds
268 4256 365 4306 8000440
376 4256 576 4307 ldommsenius.
590 4283 618 4294 -
631 4259 872 4320 oroiumerttcrisqua
888 4259 990 4321 gikm.
1001 4282 1028 4291 -
1040 4257 1081 4306 49.
1099 4261 1204 4318 terreret,
1222 4261 1338 4308 04040400
1354 4265 1415 4310 asset
1430 4273 1484 4308 000
1500 4260 1519 4309 L

195 4345 256 4382 0004
276 4331 339 4383 000.
358 4335 422 4382 vett.
443 4358 470 4368 -
489 4334 531 4383 44.
549 4338 625 4395 utque
641 4347 674 4383 eac
692 4333 817 4397 erqastato
834 4335 861 4384 L.
882 4361 909 4370 -
927 4334 969 4383 45.
987 4332 1093 4382 laudare
1112 4332 1271 4382 consuevistis
1290 4332 1399 4383 abesto
1422 4333 1521 4383 000404-

191 4406 252 4458 bus.
268 4433 293 4444 -
308 4407 350 4457 46.
369 4408 538 4458 domnorum
555 4409 690 4460 Ernesttus
708 4406 806 4459 delevit
823 4421 885 4458 0004
903 4407 946 4457 00.
960 4409 1060 4460 Veneta
1072 4407 1145 4460 4484).
1160 4433 1187 4446 -
1202 4409 1244 4459 44.
1256 4414 1369 4460 nostrum
1381 4410 1397 4462 4
1408 4413 1520 4469 breim,

193 4483 246 4534 mei
264 4485 373 4546 praeter
390 4483 407 4533 i.
423 4507 450 4520 -
464 4487 540 4546 etqua
556 4485 587 4544 S,
606 4485 656 4535 sed
673 4497 731 4550 sup.
750 4483 795 4535 lin.
815 4489 910 4534 aut-
926 4498 990 4546 quaa
1001 4519 1008 4533 .
1021 4521 1027 4534 .
1040 4522 1045 4534 .
1059 4484 1164 4547 4000004]
1182 4483 1347 4535 :Admodum
1365 4485 1521 4536 inconcinna

193 4558 262 4608 baec
280 4569 340 4608 esse
352 4559 437 4607 sensit
448 4557 591 4609 Lambinus
602 4573 755 4625 proponens
773 4561 816 4622 qui
826 4586 841 4596 -
849 4585 864 4596 ·
875 4559 996 4610 40004004.
1015 4559 1066 4610 Sed
1079 4560 1159 4610 etiam
1171 4573 1242 4611 nunc
1252 4558 1395 4624 legendum
1408 4573 1519 4612 censeo:

192 4634 236 4696 qui
253 4632 328 4695 (ordo
347 4635 480 4699 equester)
499 4635 602 4686 4000404.
632 4637 698 4688 Nam
716 4641 799 4697 00400,
824 4648 1010 4700 quaecumque
1029 4635 1135 4686 tandem
1154 4639 1207 4697 est,
1230 4649 1351 4700 mapsam
1369 4641 1468 4699 portem
1484 4634 1521 4684 rei

188 4725 216 4772 p.
235 4716 316 4760 4044040
333 4721 386 4759 000
402 4713 501 4774 polest:
528 4717 634 4773 patratas
649 4717 793 4762 0004404004
809 4713 898 4762 004004
915 4716 939 4761 04
955 4712 1007 4762 0400
1026 4712 1116 4761 0040440
1131 4712 1260 4775 signifieat
1276 4725 1323 4763 eos
1340 4724 1449 4771 omnes,
1476 4709 1521 4773 qui

193 4785 270 4851 paulo
287 4785 403 4837 maiores
420 4784 460 4835 vel
480 4786 597 4838 minores
614 4791 676 4837 natu
695 4787 813 4851 patribus
834 4785 931 4837 nostris
953 4786 1061 4837 fuerunt
1082 4786 1213 4849 simulque
1235 4799 1298 4838 cum
1315 4787 1356 4838 4440
1372 4787 1520 4837 vixerunt.»

192 4865 236 4912 044.
255 4863 280 4910 4.
309 4862 365 4912 Nec
382 4861 423 4910 bis
441 4861 585 4924 quicquam
603 4859 753 4924 lucramur;
772 4863 940 4914 desideratur
956 4862 1041 4921 enirn,
1065 4863 1087 4912 si
1104 4862 1168 4925 quid
1185 4861 1277 4924 video,
1299 4860 1425 4920 verbum,
1448 4861 1520 4911 unde

191 4937 305 5002 genetivi
318 4941 471 5000 patracen
482 4937 572 4986 4040440
588 4938 712 5002 suspensi
729 4938 796 4996 slut;
816 4939 871 5002 ipse
888 4937 1002 4988 tentavi:
1025 4943 1128 5000 00444440
1143 4952 1169 4988 0.
1187 4943 1262 5000 atqua
1278 4938 1330 4988 0400
1345 4937 1446 4997 0040440,
1470 4951 1521 4999 quo

192 5020 245 5064 4004
259 5025 381 5076 40000004
399 5016 499 5074 pariam
515 5011 552 5060 rei
566 5024 593 5073 p.
606 5011 763 5072 --40004404,
785 5013 1009 5064 illustrissimorum
1030 5011 1079 5076 (vel
1101 5014 1293 5075 illustrissimus,
1315 5012 1337 5063 04
1357 5009 1433 5060 040440
1456 5023 1517 5064 0004

191 5091 302 5150 equester
317 5085 378 5137 ordo
395 5087 580 5150 coniungere),
603 5088 619 5136 4.
639 5101 663 5137 e.
682 5089 802 5152 equitum
825 5087 1060 5140 illustrissimorum
1083 5089 1176 5140 aetatis
1198 5091 1302 5154 patrum
1320 5089 1471 5137 nostrorum
1489 5089 1516 5136 et

191 5163 262 5224 0400,
281 5177 334 5228 qua
350 5165 476 5227 equester
491 5161 558 5214 ordo
570 5199 577 5214 .
588 5197 596 5213 .
608 5199 614 5212 .
628 5163 744 5214 tenebat.
763 5188 790 5198 -
810 5164 851 5214 49.
869 5163 913 5226 qui
928 5177 983 5214 om.
1001 5164 1027 5216 S.
