3578 5862
272 391 334 457 cla
690 393 842 460 aarum
863 393 943 460 PRO
966 392 1000 459 C.
1021 394 1184 460 RABIRIO

129 579 153 676 Ζ
273 567 449 654 periculum
477 587 543 633 non
573 565 668 632 modo
698 565 862 641 homiues,
890 565 945 630 sed
974 586 1074 650 prope
1102 565 1249 649 regiones
1268 564 1357 649 ipsae
1379 566 1593 658 convenerint,

274 667 435 748 aliquanto
465 663 560 726 ctiam
581 661 677 726 latius
699 662 872 736 excitatae,
892 653 1123 756 (quamlipsius
1144 659 1453 748 vicinitatisl'nomcn
1473 679 1510 724 ac
1532 667 1594 724 ter-

113 781 184 864 ἠ.
274 757 352 824 mini
380 737 604 853 postulabant)
633 757 711 820 Nam
740 757 817 840 quid
847 775 907 838 ego
933 755 973 818 ad
1004 755 1036 818 id
1058 754 1185 837 longam
1207 749 1381 818 oraticnem
1403 772 1593 835 comparem,

275 851 361 942 quod
384 859 433 915 est
453 851 488 913 in
509 851 620 915 cadom
640 850 757 915 multae
780 851 972 934 irrogatione
994 849 1220 932 perscriptum,
1240 849 1326 912 hunc
1347 869 1406 912 nec
1431 867 1506 912 suae
1534 868 1594 912 uec

251 951 397 1016 oalieuae
425 944 595 1029 pudicitiae
622 946 826 1028 pepercisse?
868 941 898 1006 9.
923 944 1007 1020 Quin
1036 944 1130 1006 etiam
1152 943 1312 1026 suspicor,
1343 963 1381 1006 eo
1404 943 1480 1007 mihi
1501 942 1594 1006 semi-

274 1046 386 1108 horam
407 1039 446 1102 ab
467 1038 607 1102 Labieno
629 1039 847 1122 praestitutam
869 1059 954 1113 csso,
983 1045 1080 1100 utne
1102 1037 1192 1119 plura
1215 1035 1255 1101 de
1276 1037 1428 1121 pudicitia
1448 1036 1593 1101 dicerem.

274 1141 359 1220 Ergo
387 1132 427 1197 ad
453 1133 533 1195 haec
561 1132 708 1207 crimina,
737 1152 820 1216 quae
848 1133 972 1216 patroni
1001 1130 1197 1213 diligentiam
1220 1130 1415 1208 desiderant,
1444 1130 1593 1214 intelligis

275 1230 352 1296 mihi
375 1227 564 1291 semihoram
585 1227 678 1290 istam
699 1226 829 1288 nimium
850 1226 975 1308 longam
996 1225 1106 1289 luisse.

358 1323 448 1386 Illam
469 1321 601 1384 alteram
622 1327 743 1403 partem
765 1319 805 1382 de
827 1340 905 1383 nece
938 1320 1099 1383 Saturnini
1133 1319 1226 1383 nimis
1255 1320 1401 1404 exiguam
1422 1328 1519 1406 atquc
1539 1343 1595 1386 an·

240 1428 397 1505 augustam
420 1436 489 1479 csse
510 1415 657 1478 voluisti:
679 1433 760 1498 quae
781 1434 845 1478 non
867 1414 998 1477 oratoris
1012 1414 1190 1495 ingenium,
1212 1414 1269 1477 scd
1283 1413 1424 1478 consulis
1439 1415 1592 1478 auxilium

275 1513 426 1598 implorat
446 1517 478 1573 et
498 1510 627 1591 flagitat.
671 1504 720 1570 l0.
742 1509 821 1570 Nam
844 1507 883 1571 de
905 1507 1130 1592 perduellionis
1151 1506 1281 1582 iudicio,
1302 1509 1388 1592 quod
1410 1530 1429 1574 1
1450 1531 1500 1574 me
1522 1511 1595 1573 suh-

274 1609 372 1671 latum
396 1624 466 1667 csso
488 1602 646 1666 criminari
670 1602 770 1677 soles,
799 1623 904 1666 meum
926 1602 1044 1665 crimen
1067 1609 1130 1675 est,
1161 1621 1226 1664 non
1247 1602 1374 1666 Rabirii.
1419 1603 1512 1680 Quod
1533 1605 1594 1666 uti·

275 1721 365 1774 nam,
389 1695 546 1774 Quirites,
577 1716 636 1779 ego
660 1692 716 1780 [id]
741 1704 795 1760 aut
820 1697 940 1779 primus
962 1702 1017 1758 aut
1038 1694 1125 1758 solus
1148 1714 1188 1757 ex
1208 1694 1268 1759 hac
1289 1715 1322 1760 rc
1344 1697 1470 1779 publica
1491 1705 1594 1762 sustu·

275 1795 399 1868 lissem,
421 1799 457 1854 ut
476 1791 553 1864 hoc,
576 1790 661 1874 quod
684 1791 739 1864 ille
762 1789 878 1854 crimen
901 1809 971 1853 esse
992 1787 1078 1862 vult,
1100 1789 1263 1871 proprium
1279 1791 1492 1854 testimonium
1507 1812 1593 1856 meac

238 1887 377 1952 ralaudia
400 1885 499 1949 essctl
530 1883 615 1959 Quid
639 1885 722 1947 euim
745 1885 847 1967 optari
868 1890 987 1966 potest,
1020 1882 1107 1965 quod
1128 1902 1187 1964 ego
1208 1882 1350 1956 mallem,
1372 1903 1468 1968 quam
1489 1905 1540 1948 me
1559 1887 1592 1948 in

111 1995 139 2102 tp
277 1980 444 2048 consulatu
466 1999 536 2042 meo
559 1978 736 2042 carnificem
759 1976 800 2041 de
820 1976 908 2053 loro,
930 1998 1054 2042 crucem
1070 1976 1111 2040 dc
1125 1997 1235 2059 campo
1250 1977 1436 2041 sustulisset
1458 1978 1520 2042 Scd
1534 1979 1593 2063 ista

277 2077 345 2140 laus
378 2073 514 2156 primum
543 2079 592 2134 est
619 2073 771 2135 maiorum
799 2079 994 2147 nostrorum,
1029 2072 1185 2148 Quirites,
1219 2072 1273 2157 qui
1300 2071 1441 2154 expulsis
1468 2073 1593 2154 regibus

275 2169 397 2234 nullum
419 2167 453 2229 in
473 2166 575 2230 libcro
596 2165 715 2251 populo
729 2164 896 2247 vestigium
918 2165 1112 2230 crudelitatis
1125 2165 1230 2248 regiae
1244 2165 1456 2242 retinuerunt;
1480 2165 1593 2229 deinde

274 2263 446 2327 multorum
467 2260 607 2324 virorum
629 2258 775 2333 sortium,
804 2260 859 2344 qui
887 2268 1024 2322 vestram
1046 2259 1222 2346 libertatem
1244 2278 1310 2322 uon
1331 2259 1499 2323 acerbitate
1520 2281 1593 2344 sup-

236 2358 443 2442 sopliciorum
464 2353 622 2429 infestam,
644 2352 700 2416 sed
722 2353 851 2417 leuitate
874 2353 977 2435 legum
1000 2354 1151 2415 munitam
1174 2373 1245 2416 csso
1259 2352 1437 2416 volucrunt.
1468 2354 1521 2416 lv.
1543 2349 1556 2414 l
1563 2349 1592 2415 l.

275 2452 378 2528 Quam
401 2450 441 2513 ob
463 2470 530 2513 rem
552 2455 624 2512 uter
643 2457 785 2512 nostrum
807 2447 949 2522 tandem,
971 2446 1126 2522 Labiene,
1148 2447 1308 2529 popularis
1330 2451 1399 2510 esti
1425 2455 1517 2522 tune,
1538 2449 1592 2531 qui

272 2545 393 2609 civibus
415 2544 564 2606 Romanis
585 2542 619 2604 iu
641 2542 788 2605 contione
809 2540 878 2625 ipsa
899 2541 1102 2614 carnificem„
1116 2541 1170 2625 qui
1193 2541 1318 2604 vincula
1338 2540 1479 2604 adhiberi
1500 2547 1591 2623 putas

98 2621 122 2746 ί
272 2646 433 2723 oportere,
460 2637 515 2722 qui
542 2637 575 2699 iu
598 2655 709 2718 campo
731 2635 864 2710 Martio,
895 2635 1031 2698 comitiis
1053 2635 1252 2710 centuriatis,
1277 2635 1437 2719 auspicato
1467 2633 1501 2696 in
1522 2633 1591 2698 loco

271 2752 396 2798 crucem
417 2730 458 2795 ad
480 2730 596 2794 civium
619 2729 807 2812 supplicium
830 2725 922 2810 deligi
946 2736 977 2790 et
998 2727 1147 2791 co‘nttitui
1168 2728 1275 2792 iubese
1306 2747 1346 2791 an
1368 2748 1443 2811 ego,
1467 2728 1521 2811 qui
1542 2727 1591 2791 lu-

232 2825 389 2890 sonestari
412 2817 594 2889 contionem'
616 2821 802 2904 contagione
821 2817 975 2885 carnificis
989 2829 1071 2895 veto,
1088 2822 1144 2906 qui
1161 2823 1350 2907 expiandum
1364 2821 1469 2886 iorum
1483 2821 1590 2906 populi

270 2919 403 2983 Romani
424 2919 463 2980 ab
481 2917 545 2981 illis
557 2915 671 2981 notarii
690 2914 819 2979 sceleris
833 2915 976 2998 vestigiis
991 2935 1061 2978 esse
1076 2914 1164 2991 dico,
1187 2917 1241 3000 qui
1263 2923 1379 2980 castam
1401 2917 1589 2990 contionem,

271 3020 413 3078 sanctum
435 3031 596 3094 campum,
618 3008 805 3074 inviolatum
828 3029 943 3092 corpus
965 3010 1105 3073 omnium
1128 3012 1242 3074 civium
1256 3012 1488 3085 Romanorum,
1509 3010 1590 3074 inte·

270 3127 361 3190 grum
391 3105 442 3169 ius
471 3103 626 3168 libertatis
655 3101 792 3165 defendo
821 3105 937 3167 servari
959 3107 1124 3186 oporteret
1178 3101 1228 3166 11.
1251 3103 1413 3188 Popularis
1438 3123 1515 3168 vero
1535 3103 1590 3167 tri-

140 3187 158 3288 1
269 3202 374 3264 hunus
402 3199 462 3285 pl,
496 3207 603 3289 custos
630 3196 842 3282 defensorque
867 3197 943 3258 iuris
966 3204 998 3260 et
1018 3197 1188 3262 libertatis!
1224 3198 1335 3262 Porcia
1355 3197 1407 3261 lex
1428 3199 1531 3280 virgas
1551 3199 1590 3260 ab

133 3352 152 3364 ,
231 3295 410 3359 aoomnium
432 3295 548 3357 civium
569 3293 784 3355 Romanorum
806 3311 936 3374 corpore
959 3293 1091 3355 amovit:
1113 3293 1164 3355 hic
1188 3293 1364 3356 misericors
1386 3292 1510 3374 llagclla
1529 3300 1591 3355 ret-

153 3415 163 3453 (
269 3388 351 3452 tulit.
395 3389 506 3451 Porcia
527 3386 581 3449 lex
601 3385 779 3448 libertatem
802 3384 919 3447 civium
940 3384 1041 3448 lictori
1064 3386 1196 3470 eripuit:
1221 3387 1397 3461 Labienus,
1418 3385 1524 3472 homo
1536 3407 1591 3469 po-

148 3458 160 3514 i
269 3481 407 3565 pularis,
430 3476 567 3545 carnifici
589 3478 729 3542 tradidit.
774 3477 807 3540 C.
830 3477 987 3541 Gracchus
1009 3477 1110 3561 legem
1132 3480 1218 3554 tulit,
1242 3500 1281 3544 nc
1303 3479 1343 3543 dc
1358 3480 1461 3563 capite
1476 3481 1590 3544 civium

268 3576 478 3638 Romanorum
510 3573 634 3636 iniussu
655 3579 760 3635 vestro
782 3572 993 3635 iudicaretur:
1020 3573 1072 3635 hic
1099 3575 1301 3657 populariae
1324 3575 1515 3646 duumuiris,
1543 3575 1590 3638 in·

268 3670 358 3732 iussu
391 3675 513 3742 vestro,
547 3687 611 3731 non
644 3665 776 3729 iudicari
806 3664 846 3730 de
875 3665 943 3728 cive
971 3666 1127 3742 Romano,
1160 3668 1215 3732 sed
1238 3669 1355 3732 indicta
1377 3688 1471 3732 causa
1493 3669 1590 3732 civem

230 3764 443 3826 aultomnnum
475 3762 586 3844 capitis
609 3759 810 3824 condemnari
833 3762 943 3843 coegit
988 3755 1038 3823 l3.
1061 3764 1109 3825 Tu
1135 3762 1212 3826 mihi
1235 3762 1329 3827 etiam
1351 3761 1430 3844 legis
1452 3761 1589 3837 Porciae,

268 3865 302 3920 tu
325 3856 358 3919 C.
382 3855 532 3929 Gracchi,
561 3862 595 3918 tu
616 3854 731 3917 horum
752 3853 924 3929 libertatis,
953 3862 987 3917 tu
1010 3855 1193 3940 cuiusquam
1217 3855 1354 3938 denique
1375 3857 1513 3920 hominis
1534 3877 1590 3940 po-

267 3949 388 4034 pularis
410 3950 602 4013 mentionem
623 3947 718 4022 iacis,
746 3947 802 4032 qui
824 3967 889 4010 non
910 3947 1004 4012 modo
1026 3948 1192 4031 suppliciis
1214 3948 1387 4024 inusitatis,
1416 3950 1472 4013 scd
1495 3951 1589 4014 etiam

268 4044 433 4108 verborum
464 4042 650 4106 crudelitate
679 4041 821 4106 inaudita
846 4041 965 4104 violare
994 4041 1170 4105 libertatem
1199 4042 1292 4105 huius
1314 4043 1439 4126 populi,
1471 4051 1590 4109 tentare

335 4275 358 4324 t.
377 4273 535 4324 convenerint
550 4273 621 4325 mel:
639 4275 811 4325 concurrerint
828 4274 887 4326 cod.
906 4275 1066 4325 Francianus
1083 4271 1156 4324 solus
1173 4287 1205 4324 ex
1223 4276 1303 4336 notis,
1322 4276 1350 4325 0.
1371 4299 1397 4314 -
1417 4273 1442 4326 l.
1460 4275 1590 4333 mulcta&

266 4349 347 4400 mallo
362 4349 441 4412 Lagg.
460 4349 561 4399 Oxonn.
580 4351 608 4399 et
623 4350 640 4398 S
658 4362 693 4399 m.
713 4363 767 4400 sec.
787 4375 814 4385 -
831 4350 999 4412 perscriptum
1016 4349 1159 4399 Manutius:
1176 4350 1359 4412 prccscrtptmn
1375 4349 1453 4401 codd.
1470 4374 1497 4390 -
1517 4351 1541 4401 6.
1560 4349 1591 4400 ob

267 4427 321 4478 mei
338 4427 446 4490 praeter
462 4423 473 4474 1
480 4425 509 4474 k:
532 4424 563 4474 ab
580 4437 634 4476 om.
652 4425 683 4485 1(;
706 4439 723 4475 a
740 4425 762 4486 1,
780 4427 810 4476 ut
826 4425 944 4486 videtur,
963 4427 992 4476 0.
1012 4452 1039 4461 -
1063 4425 1087 4475 8.
1105 4425 1180 4475 nimir
1195 4425 1213 4476 1.
1234 4452 1261 4462 -
1280 4427 1320 4475 lt.
1339 4430 1363 4474 ct
1376 4425 1477 4490 flagitet
1492 4439 1546 4477 om.
1565 4440 1590 4490 3.

268 4527 296 4538 -
315 4502 354 4550 11.
373 4498 492 4551 11111116
510 4499 589 4550 codd.
607 4500 686 4563 1.((33.
707 4528 733 4536 -
757 4501 797 4552 13.
816 4501 842 4550 in
859 4499 956 4552 delevit
972 4501 1092 4552 Beckiua
1119 4501 1231 4550 «Notum
1248 4513 1319 4551 nunc
1335 4502 1388 4561 est,
1413 4501 1592 4562 1111111111(

266 4577 301 4626 itu
319 4576 394 4638 pout,
412 4577 443 4624 ut
459 4575 524 4636 quod
540 4573 578 4635 11,
596 4577 661 4637 pund
677 4573 732 4634 nbi,
751 4577 817 4638 quod
833 4576 908 4638 quin,
927 4577 992 4638 qaod
1009 4575 1153 4637 qucntcm.»
1171 4576 1216 4626 On.
1228 4576 1253 4626 1.
1275 4577 1308 4626 at
1324 4588 1419 4626 vereor
1434 4578 1465 4626 ut
1480 4577 1507 4627 h.
1521 4575 1537 4626 l.
1556 4579 1591 4628 ita

267 4651 381 4716 positum
404 4651 446 4701 sit.
471 4648 510 4700 Ci.
529 4649 608 4700 etism
630 4651 738 4700 Bellum
757 4650 789 4700 ad
808 4650 858 4701 Cic.
876 4651 950 4714 teger
966 4664 992 4715 p.
1010 4651 1068 4701 186.
1089 4676 1116 4686 -
1143 4649 1183 4700 ll.
1200 4655 1228 4700 ut
1245 4649 1311 4700 liber
1328 4651 1469 4702 Torrentii:
1495 4652 1592 4702 utinam

268 4725 346 4776 codd.
365 4723 422 4775 roll.
442 4725 469 4774 ct
485 4723 546 4774 edd.
568 4752 595 4761 —
613 4725 659 4774 hoc
676 4724 770 4776 codd:
798 4737 850 4775 om.
870 4725 890 4775 0
907 4738 968 4776 cum
986 4725 1028 4775 ed.
1048 4726 1118 4775 Crat.
1138 4751 1166 4760 -
1185 4725 1225 4774 16.
1243 4725 1393 4776 sintellanem
1409 4724 1425 4777 l
1442 4727 1542 4777 Oronn.
1562 4753 1590 4763 —

267 4801 308 4850 11.
327 4801 438 4852 contione
456 4798 509 4850 mei
526 4800 634 4864 praeter
650 4813 681 4850 n:
699 4801 815 4851 concione
832 4801 861 4850 Ο.
882 4826 909 4836 -
926 4799 1028 4850 uincula
1044 4799 1104 4850 Tk:
1122 4799 1206 4848 uincla
1221 4799 1278 4850 rell.
1296 4800 1364 4859 mei,
1383 4801 1412 4850 0.
1426 4825 1454 4836 -
1472 4801 1514 4850 15.
1532 4813 1592 4850 cor-

266 4876 346 4940 nificia
362 4875 507 4938 contagione
525 4876 551 4924 S.
573 4897 599 4910 -
619 4875 851 4938 11111111111111
869 4877 976 4939 praeter
994 4875 1010 4925 1.
1028 4901 1054 4910 -
1074 4876 1115 4925 17.
1133 4875 1258 4938 integratur
1274 4875 1461 4924 iru--ca'utnm
1477 4875 1546 4926 ann.
1564 4875 1590 4924 in

268 4951 285 4999 S
302 4951 328 5000 in
345 4951 463 5013 margine
481 4948 604 5001 interiore
622 4947 671 4999 alia
688 4963 768 5001 mauu
786 4948 906 5014 suppleta
923 4952 993 5000 sunt.
1014 4975 1040 4986 -
1068 4950 1108 5000 30.
1127 4951 1182 5000 tulit
1198 4951 1226 5000 T.
1246 4977 1272 4986 —
1292 4950 1332 5000 31.
1353 4951 1463 5001 Graccus
1479 4951 1493 5000 't
1510 4951 1589 5014 Lagg.

269 5049 296 5059 —
316 5025 356 5076 33.
375 5025 513 5076 domnonia
529 5037 557 5076 m
572 5036 613 5090 pr.
632 5036 669 5074 m.
690 5052 716 5061 -
744 5024 913 5088 31111111.
934 5051 960 5060 -
980 5025 1020 5076 38.
1037 5026 1167 5076 cnr-berum
1183 5041 1244 5092 gru.
1265 5054 1291 5062 -
1315 5027 1460 5080 1111111111(
1475 5026 1591 5076 11111111

267 5100 320 5150 mci
337 5102 444 5165 praetor
460 5101 492 5164 k,
511 5100 557 5166 qui
573 5113 628 5153 om.
644 5099 772 5151 inaudito:
790 5101 908 5154 inaudito
922 5101 1067 5153 nudclitotc
1083 5101 1112 5156 0.
