3578 5862
558 448 632 512 444.
652 447 877 512 xer-xtra
903 445 959 532 ss.
981 440 1170 512 tta-tta.
1446 441 1509 508 ero

191 639 316 684 eausam
344 618 502 690 dicerent,
535 625 636 692 certe,
670 618 697 681 si
724 619 854 703 propria
881 618 952 701 lege
980 617 1075 680 buius
1096 617 1217 702 peccati
1238 613 1365 680 adducti
1386 623 1509 690 essent,

191 714 289 777 multo
310 711 382 796 plus
404 710 568 774 obfuisset.
612 705 682 774 tt5.
705 713 827 775 Deinde
850 711 876 774 si
905 719 990 775 444444
1012 712 1059 774 vis
1080 710 1142 774 luit
1160 711 1251 774 istius
1273 707 1430 784 criminis,
1458 719 1509 785 ut,

192 827 254 891 qua
283 805 419 889 quisque
449 805 519 887 lege
542 806 666 867 axillis
688 806 847 868 iudicibus
869 825 941 868 reus
962 804 1062 868 lactus
1084 812 1183 880 esset,
1212 813 1317 868 tamen
1336 804 1396 868 bac
1417 805 1511 888 plaga

190 901 322 984 periret,
351 917 407 960 cur
428 899 461 960 in
489 905 577 962 tanta
599 899 802 962 multitudine
823 907 1057 973 accusatorum,
1091 899 1185 961 tantis
1213 897 1381 981 praemiis,
1414 901 1510 963 ceteri

191 995 236 1056 rei
266 991 340 1054 iacti
374 1011 439 1054 non
472 997 570 1056 sunt?
605 994 664 1056 llic
692 992 849 1074 profertur
879 993 931 1066 id,
965 992 1052 1076 quod
1082 992 1237 1056 iudicium
1263 991 1415 1075 appellari
1444 1003 1534 1056 nona

190 1093 330 1169 oportet,
352 1087 384 1147 P.
408 1087 558 1168 Septimio
581 1086 753 1150 Scaevolae
775 1087 861 1149 litem
885 1086 1072 1150 eonomine
1094 1105 1163 1148 esse
1179 1087 1382 1150 aestimatam.
1414 1085 1510 1150 Cuius

190 1181 235 1242 rei
257 1197 340 1262 quae
363 1178 559 1242 consuetudo
581 1181 637 1252 sit,
660 1179 810 1264 quoniam
832 1179 917 1262 apud
936 1179 1079 1242 homines
1101 1178 1309 1260 peritissimos
1332 1179 1419 1254 dico,
1440 1181 1511 1264 plu-

190 1274 277 1335 ribus
292 1269 404 1335 Verbis
425 1273 538 1336 dooere
560 1292 624 1336 non
647 1273 757 1336 debeo.
786 1275 965 1357 Numquam
980 1273 1065 1335 enim
1081 1293 1118 1336 ea
1134 1272 1314 1354 diligentia,
1337 1294 1418 1357 quae
1433 1275 1512 1340 solet

190 1367 332 1429 adhiberi
361 1368 394 1430 in
423 1369 534 1430 ceteris
561 1367 699 1440 iudiciis,
727 1369 837 1431 eadem
866 1387 921 1429 reo
943 1367 1090 1430 damnato
1119 1367 1260 1430 adbibita
1281 1375 1339 1430 est.
1383 1363 1453 1432 446.
1475 1371 1511 1432 In

191 1461 297 1524 litibus
319 1461 521 1524 aestimandis
541 1460 609 1524 lere
630 1460 751 1524 iudices
772 1469 841 1536 aut,
865 1461 951 1544 quod
973 1459 1030 1522 sibi
1051 1481 1140 1534 eum,
1162 1480 1256 1541 quem
1279 1463 1377 1525 semel
1398 1463 1550 1526 conde-to

192 1562 354 1627 mnarunt,
375 1554 538 1617 inimicum
554 1562 665 1638 putant
680 1575 766 1628 esse,
789 1556 912 1637 siquae
933 1555 966 1615 in
987 1575 1058 1617 eum
1074 1555 1113 1617 lis
1131 1554 1242 1636 eapitis
1262 1553 1350 1618 illata
1364 1563 1426 1631 est,
1448 1578 1511 1621 non

191 1649 377 1725 admittunt,
409 1658 480 1722 aut,
508 1649 595 1733 quod
625 1669 659 1712 se
686 1647 867 1732 perfunctos
888 1649 952 1711 iam
974 1666 1044 1711 esse
1065 1647 1273 1723 arbitrantur,
1303 1668 1374 1712 cum
1396 1651 1435 1713 de
1457 1671 1512 1714 reo

190 1743 383 1816 iudicarunt,
412 1743 624 1825 negligentius
654 1743 822 1805 attendunt
841 1748 955 1804 cetera.
998 1743 1110 1825 ltaque
1132 1749 1165 1804 et
1184 1741 1355 1804 maiestatis
1376 1744 1512 1808 absoluti

191 1843 265 1899 sunt
293 1835 456 1919 permulti,
487 1837 601 1920 quibus
628 1836 780 1898 damnatis
810 1834 849 1897 de
877 1836 1021 1917 pecuniis
1043 1835 1226 1918 repetundis
1247 1835 1318 1898 lites
1340 1839 1513 1902 maiestatis

191 1939 298 1994 essent
319 1930 511 2003 aestimatae,
534 1939 565 1993 et
587 1931 647 1992 boc
663 1929 805 2014 quotidie
825 1929 895 1992 fieri
910 1929 1073 2003 videmus,
1094 1937 1129 1992 ut
1151 1949 1205 1992 reo
1228 1929 1375 1994 damnato
1397 1932 1437 1994 de
1458 1950 1550 2016 pe-to

191 2026 290 2088 cuniis
320 2023 520 2107 repetundis,
553 2024 593 2087 ad
626 2043 708 2108 quos
735 2025 917 2106 pervenisse
944 2024 1095 2106 pecunias
1117 2023 1150 2085 in
1178 2023 1288 2086 litibus
1309 2024 1512 2090 aestimandis

191 2125 340 2181 statutum
363 2120 418 2192 sit,
441 2137 497 2180 eos
512 2118 608 2181 iidem
630 2118 751 2180 iudices
773 2116 954 2180 absolvant:
978 2115 1151 2201 quodcum
1172 2113 1221 2190 lit,
1243 2136 1307 2180 non
1327 2117 1444 2182 iudicia
1465 2141 1514 2182 re·

192 2211 390 2286 scinduntur,
419 2212 474 2276 sed
503 2213 562 2276 boo
589 2215 753 2284 statuitur,
782 2210 1029 2273 aestimationem
1052 2209 1154 2272 litium
1175 2230 1241 2272 non
1262 2229 1332 2272 esse
1353 2211 1513 2276 iudicium.

192 2305 345 2368 Scaevola
366 2307 591 2369 condemnatus
614 2313 662 2368 est
682 2305 753 2368 aliis
775 2304 973 2377 criminibus,
994 2302 1258 2387 frequentissimis
1273 2304 1407 2386 Apuliae
1425 2308 1515 2370 testi·

190 2401 260 2462 bus.
297 2399 392 2462 Omni
414 2400 615 2462 contentione
636 2405 809 2480 pugnatum
832 2405 895 2472 est,
924 2399 971 2462 uti
994 2398 1034 2460 lis
1055 2399 1133 2460 baec
1155 2397 1267 2481 capitis
1289 2400 1552 2467 aestimaretur-at

191 2492 281 2568 Quae
310 2513 360 2556 res
390 2494 416 2555 si
445 2493 490 2555 rei
518 2492 674 2556 iudicatae
702 2490 828 2574 pondus
849 2490 1028 2566 habuisset,
1058 2492 1113 2554 ille
1134 2499 1246 2575 postea
1267 2492 1317 2554 vel
1340 2491 1442 2556 isdem
1464 2495 1513 2559 vel

190 2587 262 2649 aliis
283 2586 421 2650 inimicis
444 2607 516 2649 reus
538 2586 596 2648 bac
618 2586 689 2666 lege
711 2585 780 2666 ipsa
801 2584 904 2646 factus
926 2594 1019 2648 esset.

275 2681 372 2742 XLll.
395 2675 467 2741 447.
490 2679 640 2762 Sequitur
662 2680 711 2753 id,
741 2678 827 2762 quod
850 2678 896 2740 illi
918 2679 1070 2742 iudicium
1092 2679 1270 2762 appellant,
1303 2682 1437 2744 maiores
1458 2701 1515 2746 au·

190 2781 252 2837 tem
274 2774 374 2836 nostri
395 2793 568 2858 numquam
591 2793 696 2855 neque
718 2773 869 2835 iudicium
890 2772 1107 2847 nominarunt,
1130 2793 1235 2858 neque
1250 2775 1383 2858 proinde
1398 2782 1514 2840 utrem

189 2867 358 2930 iudicatam
381 2867 604 2941 observarunt,
631 2866 939 2930 animadversionem
968 2873 1065 2950 atque
1086 2867 1306 2931 auctoritatem
1328 2869 1553 2940 censoriames

190 2963 261 3038 Qua
283 2961 322 3023 de
345 2981 379 3023 re
401 2970 570 3043 antequam
593 2962 696 3024 dicere
719 2961 855 3042 incipio,
877 2979 1036 3042 perpauca
1056 2961 1134 3026 mibi
1156 2961 1195 3024 de
1211 2980 1282 3025 meo
1299 2961 1406 3026 officio
1421 2964 1517 3028 verba

189 3054 339 3118 faciunda
367 3063 456 3128 sunt,
485 3063 519 3118 ut
547 3075 565 3118 a
592 3073 643 3115 me
674 3073 744 3116 oum
767 3053 900 3116 huiusce
922 3054 1073 3136 periculi,
1100 3063 1169 3119 tum
1191 3064 1366 3120 ceterorum
1387 3077 1515 3139 quoque

191 3147 368 3209 officiorum
389 3152 421 3209 et
442 3147 650 3210 amicitiarum
672 3149 754 3209 ratio
776 3156 962 3210 conservata
983 3167 1053 3211 esse
1076 3149 1230 3212 videatur.
1258 3141 1337 3212 Nam
1353 3151 1429 3214 mibi
1444 3172 1516 3214 cum

191 3241 266 3302 viris
288 3239 437 3313 torribus,
460 3241 514 3321 qui
537 3259 685 3302 censores
706 3240 851 3322 proxime
873 3240 1018 3314 inerunt,
1039 3242 1193 3306 ambobus
1208 3249 1257 3306 est
1270 3244 1424 3318 amicitia,
1447 3264 1516 3306 oum

192 3333 291 3396 altero
314 3351 406 3406 vero,
429 3332 522 3394 sicuti
544 3333 691 3415 plerique
710 3340 849 3395 vestrum
871 3334 991 3407 sciunt,
1012 3354 1144 3417 magnus
1162 3355 1238 3399 usus
1253 3344 1286 3397 et
1303 3355 1426 3400 summa
1439 3338 1554 3409 utri-eo

192 3445 295 3508 usque
324 3423 436 3487 officiis
466 3425 636 3488 constituta
665 3425 878 3489 necessitudo.
933 3421 1005 3489 448.
1035 3428 1159 3504 Quare,
1188 3427 1345 3512 quidquid
1375 3429 1414 3493 de
1443 3431 1518 3492 sub-

192 3519 413 3600 scriptionibus
443 3539 552 3583 eorum
581 3519 657 3582 mibi
690 3520 858 3582 dicendum
880 3519 957 3595 erit,
990 3541 1029 3584 eo
1052 3521 1155 3586 dicam
1176 3522 1299 3597 auimo,
1329 3529 1365 3586 ut
1392 3544 1516 3588 omnem

193 3612 366 3674 orationem
388 3633 490 3676 meam
511 3633 575 3675 non
597 3614 637 3676 de
659 3612 786 3676 illorum
807 3613 907 3691 lacto,
930 3616 986 3678 sed
1009 3616 1048 3678 de
1068 3615 1191 3680 ratione
1214 3616 1359 3680 censoria
1378 3616 1518 3682 babilam

193 3704 362 3768 existimari
385 3705 498 3769 velim:
521 3707 689 3770 abentulo
712 3715 835 3782 autem,
852 3707 1002 3799 lfflffltfi
1022 3729 1112 3784 meo,
1133 3711 1189 3793 qui
1210 3729 1229 3773 a
1250 3731 1300 3774 me
1322 3731 1379 3793 pro
1403 3712 1519 3776 eximia

192 3819 250 3862 sua
272 3799 390 3862 virtute
411 3799 605 3884 summisque
634 3799 825 3875 bonoribus,
852 3823 934 3886 quos
957 3822 976 3865 a
997 3803 1116 3887 populo
1138 3805 1280 3868 llomano
1303 3805 1438 3888 adeptus
1460 3815 1556 3882 estat

192 3893 322 3956 honoris
346 3912 441 3956 causa
462 3894 660 3968 nominatur,
680 3891 774 3957 facile
788 3893 867 3969 hoc,
889 3897 1028 3972 iudices,
1050 3897 1241 3980 impetrabo,
1264 3903 1315 3973 ut,
1339 3917 1434 3982 quam
1448 3899 1517 3984 ipse

192 3987 341 4050 adbibere
364 3988 531 4050 consuerit
552 3987 585 4049 in
607 3987 780 4052 canicorum
801 3989 953 4072 periculis
975 4011 1047 4054 cum
1063 3988 1157 4055 fidem
1172 4000 1204 4055 et
1218 3992 1429 4075 diligentiam,
1452 4001 1517 4056 tum

192 4083 255 4144 vim
277 4081 375 4144 animi
397 4080 639 4164 libertatemque
662 4081 804 4158 dicendi,
826 4104 868 4146 ex
888 4084 948 4147 bac
970 4085 1049 4148 mibi
1063 4084 1218 4150 concedat
1238 4093 1274 4150 ut
1294 4093 1419 4152 4444444444
1441 4087 1518 4150 mibi
1554 4096 1559 4110 '

259 4250 282 4298 t.
301 4254 378 4300 444444
394 4261 448 4299 om.
466 4250 495 4299 T.
516 4275 543 4285 -
563 4248 586 4299 3.
599 4248 725 4300 mamma
741 4263 795 4300 om.
814 4252 842 4301 T.
864 4278 891 4289 -
910 4253 935 4302 a.
953 4253 1081 4315 appetere
1097 4256 1127 4304 4.
1147 4280 1176 4290 -
1194 4255 1219 4304 a.
1237 4254 1374 4305 8444444444
1390 4255 1435 4310 bt
1453 4255 1519 4320 (ubi-

192 4323 311 4386 que).-
339 4323 1515 4381 maenomenon-automa—a.aa1aaesaora.-tt.emom.r.-

192 4397 396 4458 quaeruut:
416 4409 468 4460 444
484 4393 594 4448 suto.
612 4421 639 4433 -
660 4397 700 4448 43.
718 4403 742 4449 44
758 4413 812 4452 om.
828 4401 857 4452 T.
873 4430 900 4439 -
919 4401 959 4454 44.
972 4403 1109 4455 maiestatis
1125 4404 1182 4454 ST:
1201 4415 1256 4454 om.
1275 4401 1457 4455 RAL20.—
1476 4407 1516 4458 44.

192 4483 233 4520 cos
247 4472 322 4521 444444
338 4483 402 4522 nos:
421 4474 517 4523 eosdm
533 4473 592 4532 ST;
611 4485 651 4524 eos
666 4475 704 4524 itti
721 4475 862 4529 RALbO.
878 4503 905 4513 -
922 4480 969 4542 4444
986 4479 1042 4528 Fa.
1063 4503 1091 4516 ·-
1113 4479 1153 4530 l8.
1171 4478 1216 4528 boc
1233 4491 1287 4528 orn.
1305 4478 1334 4528 T.
1354 4505 1381 4514 -
1399 4479 1520 4530 4444444444

192 4559 246 4596 om.
265 4547 319 4595 ST.
339 4573 367 4584 -
390 4549 590 4598 ao.ottsrt:
611 4547 772 4602 4444440.
793 4577 821 4588 -
845 4553 886 4602 at.
905 4553 1036 4604 Membt:
1061 4549 1359 4604 toamsrranto.
1380 4581 1408 4590 —
1434 4555 1474 4606 43.
1493 4557 1519 4606 td

193 4621 267 4686 qood]
284 4623 346 4672 44444
362 4624 400 4680 Μς
418 4622 480 4672 titud
496 4623 562 4684 qaod
578 4624 607 4673 t..
628 4649 655 4659 -
673 4621 715 4673 24.
730 4625 837 4686 proinde
853 4627 999 4679 STFML:
1020 4628 1124 4689 perinde
1139 4626 1225 4682 4440.
1245 4651 1272 4662 -
1296 4627 1519 4682 anomoeorum

193 4696 345 4748 eruat:
364 4695 555 4747 obcecaverunt
572 4695 615 4751 44
625 4698 655 4748 0.
670 4721 697 4734 -
711 4700 895 4752 mtmatvemto
911 4707 986 4764 atqua
996 4703 1135 4754 4444444444
1145 4715 1207 4754 cum
1219 4705 1247 4754 P.
1261 4703 1376 4755 Munatio
1388 4705 1421 4766 (a.
1434 4705 1518 4768 44440.)

194 4771 221 4821 L.
241 4770 280 4821 Ct.
299 4770 386 4832 Reisig
401 4771 457 4821 Lat.
476 4771 606 4834 Sprocbao.
625 4784 652 4836 p.
670 4773 728 4824 443.
755 4801 782 4812 -
804 4775 845 4826 44.
864 4781 1001 4840 antequam
1022 4791 1075 4829 ona.
1095 4779 1133 4840 u,
1154 4779 1229 4841 44444
1248 4791 1325 4840 aarum
1341 4778 1369 4828 L.
1390 4805 1418 4815 -
1439 4780 1520 4832 dicare

193 4859 247 4897 om.
265 4847 299 4898 u.
320 4873 347 4881 —
372 4847 624 4908 4444444444484
649 4848 767 4912 [menda
788 4847 930 4900 444440.
954 4877 983 4890 -
1005 4852 1118 4914 pescolo
1140 4853 1194 4903 ST.
1215 4879 1242 4890 -
1268 4862 1392 4902 44444444.
1411 4854 1464 4904 ST.
1485 4881 1512 4892 -

193 4921 235 4972 48.
252 4925 404 4982 commeato
420 4923 448 4972 T.
468 4923 556 4974 wat.
573 4923 758 4986 pteriqaeST:
780 4930 804 4976 44
820 4925 934 4988 plerique
954 4921 1095 4976 nanto.
1116 4951 1144 4964 -
1166 4927 1243 4977 444444
1263 4927 1318 4976 ST.
1337 4951 1366 4960 -
1384 4925 1425 4976 34.
1443 4928 1519 4994 officis·

194 4993 256 5048 aa.
274 4995 431 5048 Emendavit
447 4999 475 5048 Ρ.
494 4999 624 5050 Manutius
641 5013 666 5050 a.
685 4999 758 5052 44440.
779 5027 806 5037 -
829 5000 987 5065 manauco]
1005 5001 1153 5052 4444444444
1169 5002 1229 5062 ST,
1251 5001 1401 5050 4444444444
1417 5006 1452 5052 cat
1467 5005 1518 5056 444

196 5069 979 5127 u20.-³3.rottomosrrat.-summano:
1005 5073 1215 5130 omittit·
1236 5075 1278 5126 ³8.
1297 5075 1466 5127 mamsr:
1491 5081 1519 5130 in

194 5144 526 5210 tmaatmmtoeu
1374 5193 1377 5200 ,

1637 1159 1667 1248 lt
