3642 5868
448 461 516 524 m.
537 460 591 524 111.
622 459 695 522 co.
716 455 1009 522 uxum-xxx.
1038 453 1094 539 ss.
1114 449 1264 518 oe-u.
1464 444 1527 516 444

206 627 362 692 dicturum
384 647 455 692 esse
475 629 587 694 ciebat.
629 628 842 711 Iniquissimis
856 626 976 700 verbis,
998 625 1238 708 improbissimis
1258 621 1528 708 recuperatoribus

205 722 376 786 conflicturi
400 721 576 797 malebant,
604 742 699 804 quum
729 721 901 804 quidquam
931 739 1002 782 cum
1030 721 1092 782 isto
1113 740 1170 784 sun
1190 720 1351 786 voiuntnte
1373 717 1527 782 decidere.

206 815 426 880 summittebat
445 817 505 880 iste
528 813 771 888 Timarchidem,
796 816 850 897 qui
871 821 1012 878 moneret
1033 833 1103 888 eos,
1130 816 1156 877 si
1177 821 1340 896 superent,
1359 821 1397 875 ut
1415 813 1529 876 tranei-

205 916 325 992 qerent
355 910 580 992 Pernegobsnt
596 943 635 956 -
661 906 763 982 «Quid
785 911 885 990 ergo?
918 909 954 970 lu
976 909 1118 990 singulos
1141 909 1200 972 Hs
1216 908 1449 993 quinquagenis
1470 907 1529 970 mi·

204 1003 287 1066 libus
316 1001 458 1066 demereri
488 1003 682 1068 mavultistr
713 1035 755 1050 ·-
784 1002 878 1066 444444
901 1003 1055 1066 dicebant
1098 1005 1178 1066 Tum
1197 1004 1257 1066 iste
1279 1002 1362 1065 clere
1383 1001 1552 1066 omnibusc

204 1095 419 1177 audientibus,
444 1098 517 1182 equi
539 1099 703 1161 damnatus
725 1097 800 1171 erit,
821 1095 939 1179 inquit,
961 1096 1055 1178 virgis
1078 1097 1118 1159 nd
1131 1115 1241 1161 necem
1254 1095 1441 1170 caedetur».
1471 1093 1530 1156 Hic

204 1190 384 1256 illidentes
405 1211 516 1275 rogere
537 1200 633 1276 utque
655 1211 746 1256 orare
764 1197 952 1273 coeperunt,
974 1197 1010 1253 ut
1028 1190 1088 1254 sibi
1108 1211 1181 1280 sues
1201 1197 1324 1272 segetes
1345 1190 1529 1272 imctusque
1644 1167 1664 1242 3

205 1305 316 1350 omnes
337 1286 560 1370 arationesque
574 1305 688 1350 vacuas
704 1287 845 1369 Apronio
866 1283 991 1347 trudere
1014 1283 1132 1359 liceret,
1153 1291 1189 1348 ut
1201 1285 1262 1367 ipsi
1276 1285 1345 1348 sine
1358 1284 1530 1368 ignominie

204 1380 412 1464 molestiaque
428 1379 636 1444 discederent
669 1377 721 1443 70.
743 1380 809 1442 Huc
831 1379 912 1460 lege,
936 1378 1065 1454 iudices,
1085 1377 1230 1442 decumus
1248 1379 1391 1443 vendidit
1403 1379 1528 1441 Verres.

204 1474 296 1538 Dicet
325 1475 399 1538 licet
428 1474 635 1548 Hortensius,
665 1473 692 1537 si
723 1473 825 1548 volet,
859 1491 972 1554 magno
1000 1473 1130 1536 Verrem
1162 1471 1312 1536 decumas
1340 1471 1528 1536 vendidisse.
1538 1487 1566 1534 44

205 1567 324 1630 XXIX.
332 1561 349 1658 (
352 1569 440 1656 44444
466 1567 608 1632 condicio
634 1567 693 1632 fuit
719 1569 779 1632 isto
808 1575 952 1650 praetore
980 1574 1155 1643 sretomm,
1186 1575 1223 1631 ut
1243 1587 1348 1632 secum
1369 1568 1528 1650 preculam
1644 1621 1657 1632 .
1682 1561 1765 1662 A,

204 1663 256 1743 uqi
275 1661 516 1737 arbitrarentur,
545 1663 710 1726 sivecuos
734 1681 825 1743 agros
846 1661 985 1744 Apronio
1007 1663 1129 1726 tradere
1151 1645 1281 1762 liceret)
1310 1663 1424 1732 uetus
1445 1663 1529 1726 enim

206 1774 313 1818 cruces
334 1755 512 1839 propositus
534 1755 673 1837 effugere
687 1755 864 1838 cupicbuut.
897 1755 1056 1829 Quantum
1069 1756 1228 1838 Apronius
1245 1755 1398 1820 edidisset
1411 1757 1530 1832 deberi,

205 1855 328 1912 tentem
349 1869 392 1912 ex
413 1849 516 1912 edicto
539 1847 678 1912 dandum
701 1855 776 1912 erat.
812 1849 956 1911 Etiamne
978 1849 1005 1911 si
1026 1849 1099 1931 plus
1120 1848 1289 1924 edidisset,
1310 1869 1407 1932 quem
1430 1869 1530 1934 quen·

205 1951 272 2008 tum
286 1949 393 2007 444444
408 1946 518 2007 eeset‘i
538 1945 651 2007 Etiam.
679 1943 751 2020 Quo
766 1942 882 2006 modo?
904 1943 1103 2025 Megistmtus
1123 1962 1166 2005 en
1178 1944 1271 2006 istius
1285 1943 1389 2008 edicto
1404 1946 1530 2028 exigere
1539 1953 1568 2003 44

205 2037 374 2100 dehebant.
416 2038 458 2100 At
478 2045 582 2101 emtor
605 2047 746 2120 repetere
767 2043 900 2120 poterut.
941 2037 1066 2100 Poterat
1086 2057 1160 2101 vero
1181 2038 1380 2103 Artemidoro
1400 2059 1531 2124 reeupe-

205 2139 319 2195 rntore.
357 2131 462 2208 Quint
484 2130 635 2194 siminus
658 2130 926 2204 dedissctaretor,
950 2150 1045 2214 quam
1065 2131 1261 2214 poposcisset
1275 2133 1455 2216 Apronius?
1480 2135 1532 2196 {u-

207 2224 322 2288 dioium
349 2226 382 2287 in
411 2231 565 2288 aratorem
585 2224 619 2286 in
640 2224 861 2307 quadruplum.
903 2225 953 2287 En
973 2243 1039 2307 quo
1058 2223 1196 2290 iudicum
1218 2230 1373 2291 numeret
1407 2229 1458 2291 Ex
1478 2245 1532 2290 oo·

205 2318 295 2382 horte
316 2319 471 2402 praetoria
492 2318 654 2403 praeclara
674 2319 838 2381 hominum
858 2317 1162 2381 honestissimorum.
1193 2319 1281 2394 Quid
1294 2321 1452 2406 emptius?
1473 2322 1533 2386 Mi-

206 2433 267 2476 nus
288 2418 320 2475 te
340 2413 484 2494 iugerum
505 2412 681 2497 professum
696 2431 766 2476 esse
781 2412 869 2476 dico:
890 2418 1126 2495 recuperatores
1140 2412 1251 2490 reiice,
1275 2413 1361 2499 quod
1380 2415 1568 2479 adrereusnc

206 2505 344 2572 edictum
364 2506 487 2570 feceris.
515 2507 565 2569 En
588 2526 653 2590 quo
674 2508 833 2571 numero?
865 2508 915 2570 Ex
937 2505 1047 2569 eudem
1069 2506 1208 2571 cohorte.
1240 2508 1327 2584 Quid
1348 2512 1407 2574 erit
1427 2517 1532 2573 extre·

205 2602 314 2666 mum?
341 2599 376 2662 Si
397 2599 564 2664 damnetus
587 2600 665 2675 eris,
687 2606 784 2683 etque
806 2601 886 2664 adeo
908 2620 980 2663 cum
1003 2600 1168 2664 damnatus
1190 2603 1251 2666 eris
1273 2601 1356 2686 [nem
1376 2604 1531 2670 dubitatio

206 2689 417 2758 damnationis
439 2694 502 2758 illis
523 2695 794 2778 recuperatoribus
817 2713 899 2778 quae
919 2702 1041 2778 poteret
1062 2692 1175 2775 esset),
1196 2697 1294 2780 virgis
1316 2706 1346 2762 te
1366 2698 1406 2762 44
1421 2718 1532 2762 necem

154 2863 157 2869 ¹
205 2789 294 2853 coedi
320 2808 453 2854 necesse
482 2791 551 2853 erit.
594 2789 652 2880 His
683 2787 822 2870 legibus,
854 2788 904 2852 his
933 2787 1171 2852 condicionibus
1200 2792 1259 2853 erit
1280 2793 1448 2880 quisquem
1467 2801 1531 2856 tem

206 2883 337 2958 stultus,
366 2883 421 2966 qui
442 2883 592 2947 decumus
613 2883 739 2946 venisse
761 2870 951 2946 obtusum
980 2883 1035 2966 qui
1062 2883 1178 2946 aratori
1199 2903 1313 2948 novem
1334 2894 1438 2970 portes
1458 2886 1570 2950 reti-ss

206 2996 286 3060 quus
306 2977 406 3042 444444
427 2997 499 3040 esee
521 2977 698 3040 existimet?
725 2977 782 3059 qui
809 2994 873 3038 non
901 2975 1056 3059 intelliget
1074 2979 1169 3040 istrum
1192 2978 1253 3042 sibi
1275 2969 1421 3063 ’44444444
1441 3001 1533 3066 prue-

206 3070 330 3156 deeque
361 3071 511 3135 habuisse
542 3072 643 3146 bonu,
675 3071 895 3154 possessiones
922 3069 1126 3154 fortunasque
1152 3077 1335 3136 erutor-omi
1366 3076 1532 3158 virgarum

205 3173 293 3230 metu
313 3166 526 3250 Agyrinenses
549 3164 636 3248 quod
657 3167 844 3247 imperatum
867 3170 952 3226 esset
971 3163 1106 3227 facturos
1128 3185 1163 3228 se
1184 3186 1255 3230 csse
1273 3167 1435 3232 dixerunt.

268 3259 373 3323 XXX.
388 3253 440 3321 74.
454 3260 595 3343 Accipite
610 3277 705 3332 nunc,
721 3258 798 3340 quid
819 3259 990 3340 imperarit,
1004 3264 1035 3320 et
1048 3257 1256 3335 dissimulate,
1278 3261 1305 3324 si
1322 3263 1463 3344 potestis,
1476 3283 1533 3328 vos

205 3354 383 3436 intelligere
403 3353 509 3436 ipsum
529 3359 724 3437 prsetorem,
745 3351 779 3413 id
800 3351 886 3435 quod
900 3357 966 3415 tote
980 3351 1089 3414 Sicilie
1103 3355 1282 3436 perspexit,
1302 3356 1571 3439 redemptoremse
1664 3385 1689 3412 -ae

207 3444 411 3511 decumarum
441 3452 539 3532 etque
570 3447 650 3511 adeo
678 3451 835 3512 erutorum
863 3444 1025 3509 dominum
1053 3465 1090 3510 44
1119 3465 1227 3530 regem
1246 3447 1356 3513 fuisse.
1398 3443 1535 3535 Imperet

1390 3625 1535 3640 “

272 3739 297 3788 4.
315 3747 366 3790 eree
382 3747 436 3786 om.
453 3735 514 3786 ΝΟ.
533 3761 562 3770 -
582 3733 665 3784 otebot
681 3733 733 3785 NV
758 3729 793 3793 (r.
811 3733 950 3785 Stuereub.
970 3733 1004 3784 ed
1020 3735 1100 3786 Arch.
1118 3746 1145 3800 p.
1164 3735 1221 3787 443.
1240 3735 1283 3788 ed.
1301 3737 1345 3801 Li:
1365 3739 1461 3790 4444444
1477 3739 1534 3793 reli.

207 3813 281 3865 iisse
295 3825 340 3864 vv.
358 3823 413 3862 nou
429 3821 490 3860 mro
507 3810 533 3859 iu
551 3807 629 3859 codd.
648 3807 846 3860 contunduntur
862 3807 895 3858 44.
913 3807 938 3872 5.
950 3808 1008 3867 48.;
1025 3807 1089 3860 illud
1106 3811 1195 3862 eutem
1211 3811 1239 3862 h.
1251 3809 1270 3862 4.
1288 3814 1373 3877 magis
1389 3813 1536 3869 4444444444

208 3903 269 3941 esse
286 3885 416 3954 exemplis
434 3884 627 3936 demonstravit
642 3882 783 3934 Stuerenb.
808 3906 836 3919 -
863 3882 960 3946 444440.
977 3885 1008 3935 V.
1033 3911 1061 3922 -
1087 3885 1111 3935 4.
1130 3899 1173 3937 nee
1189 3885 1267 3950 egee.
1292 3915 1320 3926 -
1346 3888 1371 3940 4.
1389 3891 1439 3958 iis]
1455 3894 1488 3944 N.
1507 3893 1534 3946 S.

207 3963 288 4029 Lete.
307 3991 336 4002 -
357 3963 377 4014 t
398 3960 498 4012 44444044
517 3959 600 4024 legin
625 3971 682 4011 roso
705 3959 726 4009 V
748 3961 806 4011 sine
827 3960 880 4010 mit.
900 3985 928 3995 -—
952 3960 976 4010 e.
995 3961 1115 4010 domoon·
1136 3967 1207 4024 septu
1221 3963 1339 4014 movutdr
1355 3965 1386 4016 V.
1406 3993 1434 4003 -
1452 3969 1535 4035 mutto]

208 4038 328 4089 44444444
343 4037 376 4089 V.
396 4063 424 4074 --
443 4035 468 4086 6.
485 4037 586 4086 4444444·
601 4035 632 4086 V.
654 4061 681 4071 -
708 4035 734 4085 7.
751 4047 828 4086 orere
842 4033 918 4097 ctqe'e
932 4047 989 4098 444.
1008 4035 1086 4098 egee.
1112 4062 1140 4074 -
1166 4051 1226 4088 4444
1240 4037 1381 4114 44414344.
1401 4041 1536 4103 (Ordinem

207 4111 343 4178 vulgetum
358 4111 449 4164 firmet
465 4111 506 4174 V.)
518 4137 544 4148 -
565 4112 606 4162 40.
624 4111 680 4161 ticet
695 4111 763 4162 dicct
778 4110 860 4162 idem.
872 4135 901 4148 -
920 4110 1036 4161 44444444
1050 4109 1105 4172 ch
1122 4112 1151 4160 et
1164 4110 1247 4176 Lgit:
1266 4125 1320 4163 om.
1334 4113 1390 4166 rell.
1404 4116 1425 4167 0
1438 4120 1465 4167 et
1475 4120 1535 4171 4444.

209 4211 238 4226 -
255 4189 298 4240 44.
312 4187 430 4252 metere
446 4187 477 4238 V.
497 4213 526 4224 -
550 4186 591 4237 43.
608 4186 725 4236 44444444
744 4188 773 4236 44
788 4185 886 4248 deimle
899 4184 957 4247 ptus
973 4185 1090 4234 44444444
1105 4183 1137 4234 V.
1163 4185 1202 4236 Ct.
1221 4185 1246 4250 5.
1263 4187 1304 4238 44.
1325 4211 1353 4225 -
1373 4190 1413 4242 ti.
1432 4205 1465 4243 ec
1481 4207 1535 4244 om.

206 4262 238 4316 V.
258 4289 287 4300 -
305 4261 424 4327 44444444]
442 4263 562 4312 meon
578 4260 662 4324 [th
680 4261 766 4312 444444
782 4261 823 4311 40.
844 4286 872 4297 -
891 4261 930 4311 44.
950 4257 1079 4323 44444444]
1097 4261 1197 4322 quoodo
1208 4261 1239 4312 V.
1254 4289 1281 4300 -
1299 4263 1372 4316 444444
1385 4265 1536 4332 4444444

205 4336 351 4402 mccli.
364 4339 427 4391 0.-
440 4337 481 4388 40.
494 4341 623 4387 ctorotor
633 4333 711 4400 ugit,
724 4336 852 4399 Vtedw:
870 4334 1017 4386 4044444444
1026 4333 1117 4386 4444-
1126 4340 1212 4399 petere
1222 4336 1318 4388 4444-
1330 4347 1431 4402 poteret
1439 4349 1539 4405 poteret

205 4427 265 4466 nero
273 4415 309 4466 V:
318 4416 429 4477 poteret.
441 4424 502 4462 cero
512 4411 693 4473 Mniwoteret.
702 4411 1114 4464 comestam-ernostum
1123 4424 1147 4461 r.
1158 4413 1224 4474 4444
1233 4412 1255 4462 et
1263 4412 1374 4476 4444-
1384 4416 1425 4466 40.
1436 4417 1538 4467 44444444

206 4489 345 4542 mu:
362 4487 477 4540 edidisset
486 4491 577 4537 orator
589 4484 670 4548 1.th
688 4489 779 4536 orator
789 4487 892 4538 44444444
902 4485 959 4538 rell.
972 4487 1001 4538 0.
1017 4512 1045 4522 —
1059 4487 1100 4538 40.
1116 4487 1231 4550 pretorio
1241 4486 1264 4537 V
1275 4491 1303 4538 44
1316 4489 1397 4552 rages:
1412 4495 1540 4554 44444444

206 4562 264 4616 red.
276 4565 307 4616 0.
321 4589 350 4602 -
367 4563 496 4616 henim
511 4573 565 4612 om.
579 4561 595 4610 6
606 4561 685 4624 ungg.
698 4559 779 4611 444-
797 4563 838 4614 40.
856 4562 922 4613 reice
931 4561 962 4612 V.
973 4587 1000 4597 -
1014 4561 1227 4626 emeruerit:
1246 4563 1391 4614 nocerem
1401 4566 1432 4627 V,
1450 4568 1540 4617 44444-

205 4651 263 4690 erere
275 4635 336 4690 rell.
354 4638 384 4688 0.
410 4637 453 4690 Sic
468 4637 572 4688 rement
589 4635 668 4688 codd.
687 4635 712 4699 4.
730 4636 771 4688 00.
790 4639 878 4688 :Haec
893 4638 961 4700 qnod
976 4637 1034 4688 444.
1052 4637 1091 4687 44.
1108 4638 1196 4700 fecem
1211 4637 1349 4690 Scbdteiue
1366 4641 1434 4690 4444.
1449 4643 1539 4692 44444-

206 4714 282 4779 ponit
297 4714 359 4779 poet
373 4725 417 4763 vv.
433 4725 487 4764 eree
501 4712 557 4762 4444
573 4723 636 4762 cum
652 4709 740 4775 alique
755 4714 873 4766 veritatis
890 4713 989 4777 specie.
1019 4711 1072 4764 Sed
1089 4713 1118 4762 ut
1133 4725 1206 4764 nunc
1222 4715 1284 4765 sunt
1300 4711 1440 4776 4444444444,
1457 4716 1540 4779 signi-

207 4787 305 4840 fleme:
324 4788 518 4850 dromonum
532 4786 608 4838 retice
623 4787 651 4836 iu
667 4784 695 4835 id
709 4785 800 4848 44444,
817 4789 886 4852 qnod
901 4789 960 4838 444.
976 4788 1015 4839 ed.
1030 4788 1143 4849 4444444.»
1161 4789 1205 4840 On.
1221 4813 1248 4825 -
1266 4789 1308 4840 44.
1326 4791 1540 4858 44444υ44444

207 4863 298 4918 solus:
318 4875 372 4916 om.
389 4863 448 4916 rell.
467 4865 496 4915 0.
516 4889 545 4900 -—
563 4863 658 4914 4444444
674 4862 704 4912 V.
725 4889 753 4900 -
777 4863 819 4914 43.
835 4863 927 4926 poterit
943 4862 959 4913 0
976 4863 1054 4926 Legg.
1072 4860 1121 4914 444.
1141 4889 1169 4900 -
1187 4867 1211 4914 te
1227 4874 1282 4914 om.
1299 4861 1369 4926 unes
1387 4863 1448 4927 (non
1464 4863 1495 4926 V)
1513 4865 1541 4914 et

208 4937 306 4992 deinde
323 4938 394 4990 coedi
410 4951 514 4991 4444444.
539 4963 568 4974 ·-
593 4939 635 4990 44.
652 4939 748 4988 neuim
764 4936 842 5001 ugit.
868 4963 896 4973 -
922 4935 1092 4986 4444444444
1108 4935 1132 4988 4.
1159 4961 1187 4972 -
1214 4937 1256 4988 47.
1273 4937 1436 5002 fortioresque
1451 4936 1538 5000 egen:

206 5015 387 5080 4444444444.
405 5016 436 5067 0.
456 5040 485 5053 -
502 5013 544 5066 48.
561 5013 724 5079 devitorem
739 5011 817 5076 [git.
837 5035 866 5050 ·-
884 5011 924 5064 44.
941 5011 1008 5073 quod
1023 5008 1101 5074 uste.
1123 5037 1149 5050 -
1170 5011 1323 5062 4444444444
1338 5009 1361 5060 ri
1376 5009 1409 5062 t:
1427 5009 1542 5063 4444444

207 5090 295 5143 44444.
313 5092 343 5143 0.
363 5117 392 5128 -
410 5089 451 5142 tt.
469 5089 579 5153 tdqeed
597 5088 807 5154 1444444444
823 5087 885 5148 ctt;
903 5085 1014 5149 44440.
1033 5110 1060 5122 -
1076 5083 1304 5150 444444044444
1320 5083 1538 5148 perspecer‘tctt.
