3578 5862
548 443 621 512 un.
642 442 889 510 xxi-xxm.
917 440 974 528 ss.
996 437 1145 506 ss-es.
1449 437 1512 504 sao

191 621 367 688 mnassent,
393 620 499 678 tamen
525 615 560 679 in
588 613 762 698 Oppianico
793 613 853 678 sibi
875 619 1019 678 constare
1041 621 1073 678 et
1095 611 1311 695 superioribus
1333 610 1512 676 consentire

191 709 314 773 iudiciis
329 707 516 772 debuerunt.
537 710 587 772 An
601 728 676 772 vcro
697 708 745 772 illi
767 728 825 773 sna
847 705 914 792 [per
930 702 975 790 se]
993 708 1053 791 ipsi
1071 706 1188 772 iudicia
1201 706 1427 780 rescinderent,
1441 725 1513 768 cum

191 804 287 867 ceteri
309 803 432 868 soleant
453 803 486 865 in
508 803 694 877 iudicando,
716 821 756 866 ne
771 801 809 865 ab
825 802 958 867 aliorum
972 802 1099 866 iudiciis
1114 802 1303 885 discrepent,
1324 801 1512 885 provideret

191 905 222 963 et
243 899 279 973 ii,
301 899 357 983 qni
378 897 513 962 Fabricii
534 895 698 970 libertum,
722 897 797 979 quia
818 897 960 960 minister
980 898 1013 960 in
1026 895 1179 960 maleficio
1195 895 1313 969 suerat,
1336 901 1513 979 patronum,

191 993 266 1075 quia
287 993 449 1067 conscius,
472 990 754 1064 condemnassent,
782 990 887 1073 ipsum
907 990 1082 1074 principem
1104 997 1201 1073 atque
1222 989 1425 1054 architectum
1446 999 1538 1053 sce-5

189 1085 264 1149 leris
285 1086 506 1150 absolverent?
536 1092 570 1148 et
598 1085 653 1169 qui
680 1091 801 1148 ceteros
822 1083 910 1146 nullo
933 1083 1128 1166 praeiudicio
1148 1082 1232 1147 iacto
1254 1091 1360 1148 nmen
1382 1103 1423 1146 ex
1445 1083 1515 1165 ipsa

190 1199 283 1243 cansa
312 1180 590 1254 condemnassent,
623 1179 726 1252 hunc,
760 1197 855 1261 quem
881 1175 931 1240 bis
960 1177 1023 1240 iam
1052 1176 1294 1242 condemnatum
1319 1183 1514 1260 acceperant,

189 1272 384 1338 liberarent?
428 1268 479 1336 Ol.
507 1275 588 1337 Tum
616 1293 692 1338 vero
715 1271 770 1336 illa
790 1271 907 1335 iudicia
929 1272 1088 1335 senatoria
1108 1291 1172 1334 non
1193 1271 1272 1336 falsa
1293 1269 1428 1346 invidia,
1457 1266 1514 1332 sed

188 1388 265 1433 vera
291 1375 390 1451 atque¹
415 1366 533 1449 insigni
559 1366 753 1450 turpitudine
776 1373 885 1430 notata
907 1375 1002 1450 atque
1024 1372 1135 1448 operta
1157 1363 1314 1430 dedecore
1336 1371 1369 1428 et
1388 1363 1515 1427 infamia

191 1461 368 1526 defensioni
398 1461 501 1524 locum
534 1461 655 1524 nullum
688 1460 900 1544 reliquissent.
945 1459 1031 1536 Quid
1060 1460 1144 1524 enim
1172 1459 1300 1523 tandem
1326 1460 1373 1522 illi
1394 1458 1553 1522 iudicesso

190 1555 434 1638 responderent,
467 1555 493 1618 si
526 1554 580 1640 qui
615 1554 654 1618 ab
697 1553 736 1618 iis
767 1560 949 1637 quaereret:
984 1553 1244 1618 «Condemnastis
1273 1554 1515 1628 Scamandrum3

191 1669 254 1733 qno
284 1648 438 1712 crimine?
472 1667 586 1732 nempe
612 1647 697 1733 quod
724 1647 874 1712 Habitum
895 1669 954 1732 per
974 1668 1101 1728 serrum
1122 1647 1236 1712 medici
1256 1667 1380 1712 veneno
1401 1667 1516 1712 necare

190 1741 351 1806 voluisset.
401 1741 485 1818 Quid
516 1743 623 1808 Habiti
659 1751 758 1807 morte
794 1743 985 1808 Scamander
1016 1742 1294 1826 consequebatur?
1330 1742 1428 1819 nihil,
1460 1742 1516 1806 scd

191 1835 374 1899 administer
405 1843 472 1900 erat
503 1836 679 1920 Oppianici.
720 1839 762 1902 Et
789 1837 1021 1903 condemnastis
1052 1836 1085 1899 C.
1113 1837 1299 1900 Fabricium.
1333 1834 1418 1914 Quid
1446 1837 1516 1900 ital

192 1930 282 2011 quia,
311 1951 382 1994 cnm
409 1932 477 2014 ipse
504 1930 748 1996 familiarissimo
776 1931 952 2016 Oppianico
981 1951 1074 2006 usus,
1102 1932 1233 1996 libertus
1260 1939 1366 1995 autem
1394 1931 1462 1994 eins
1484 1929 1556 1992 into

191 2020 345 2087 maleficio
369 2025 584 2109 deprehensus
606 2033 705 2101 esset,
726 2025 816 2090 illum
831 2035 994 2110 expertem
1009 2025 1077 2090 eius
1099 2026 1222 2091 consilii
1243 2026 1341 2090 lmese
1358 2044 1423 2088 non
1444 2043 1518 2108 pro·

190 2115 350 2182 bebatur.»
386 2118 419 2182 Si
440 2119 537 2202 igitur
558 2119 662 2202 ipsum
683 2120 893 2204 Oppianicum
914 2123 962 2184 bis
980 2123 1046 2185 suis
1067 2120 1191 2184 iudiciis
1206 2120 1449 2184 condemnatum
1463 2119 1518 2182 ab·

191 2209 375 2287 solvissent,
398 2213 469 2295 quis
490 2220 608 2276 tantm
630 2214 857 2297 turpitudinem
878 2213 1083 2289 iudiciorum,
1105 2215 1176 2298 quis
1197 2221 1316 2280 tantm
1336 2216 1518 2279 inconstan-

191 2305 267 2369 tiam
287 2326 391 2370 rerum
412 2305 639 2380 iudicatarum,
662 2307 736 2390 quis
757 2315 876 2374 tantam
897 2309 1061 2374 libidinem
1079 2309 1221 2373 iudicum
1234 2308 1317 2374 terre
1339 2307 1518 2393 pubrisseti

276 2394 327 2462 62.
350 2400 445 2477 Quod
475 2402 502 2464 si
529 2402 590 2464 boc
617 2400 748 2478 videtis,
779 2403 865 2486 quod
891 2404 956 2468 iam
976 2404 1036 2468 hac
1058 2404 1143 2468 omni
1165 2403 1308 2468 oratione
1329 2402 1556 2487 patefacturum

192 2501 255 2568 est,
285 2493 341 2557 illo
368 2495 486 2560 iudicio
512 2514 601 2558 reum
622 2495 841 2572 condemnari,
868 2497 1053 2580 praesertim
1074 2496 1114 2560 ab
1136 2495 1237 2562 isdem
1258 2497 1435 2574 iudicibus,
1463 2497 1518 2582 qui

192 2588 255 2651 duo
283 2588 479 2672 praeiudicia
505 2588 670 2664 fecissent,
699 2611 830 2654 neeesse
859 2590 974 2666 inisse,
1005 2590 1099 2654 simul
1125 2590 1204 2653 illud
1232 2591 1366 2656 videatis
1387 2612 1518 2656 necesse

192 2689 255 2756 est,
278 2682 398 2746 nrdlam
419 2683 593 2747 accusatori
616 2703 686 2747 esse
708 2705 834 2748 causam
855 2685 1013 2768 potuisse,
1035 2704 1093 2747 cur
1107 2684 1259 2749 iudicium
1272 2685 1368 2750 vellet
1380 2706 1520 2750 corrum-

78 2823 82 2834 .
191 2797 277 2859 pere.
320 2776 436 2841 XXllI.
453 2777 578 2853 Quaero
601 2777 684 2840 enim
706 2777 746 2841 de
767 2786 815 2853 te,
838 2780 873 2840 T.
888 2781 969 2855 Atti,
991 2778 1107 2842 relictis
1121 2781 1183 2844 iam
1200 2781 1312 2844 ceteris
1326 2781 1519 2864 argumentis

192 2868 350 2945 omnibus,
372 2889 449 2934 num
471 2871 634 2934 Fabricios
656 2891 785 2955 quoquc
799 2872 989 2938 innoeentes
1005 2873 1229 2939 condemnatos
1245 2875 1421 2952 existimes,
1444 2885 1557 2942 nnmso

192 2965 288 3028 etiam
309 2965 363 3028 illa
385 2965 502 3030 iudicia
523 2966 659 3048 pecunia
680 2972 826 3049 corrupta
848 2987 918 3032 esse
942 2969 1045 3044 dieas,
1068 2969 1182 3052 quibus
1203 2968 1237 3032 in
1258 2969 1384 3034 iudiciis
1406 2969 1520 3035 altera

193 3059 323 3123 Staieno
352 3060 421 3123 solo
449 3059 612 3124 absolutus
639 3068 703 3133 est,
735 3060 815 3124 alter
845 3063 939 3126 etiam
960 3062 1032 3144 ipse
1053 3083 1088 3127 se
1110 3063 1340 3129 condemnavit.
1383 3064 1465 3147 Age,
1493 3067 1519 3128 si

191 3161 358 3228 nocentes,
387 3154 478 3218 cuins
507 3150 679 3216 maleficii?
707 3153 863 3237 numquid
889 3163 1016 3239 praeter
1043 3176 1202 3222 venenum
1224 3158 1422 3242 quaesitum,
1455 3179 1519 3243 quo

193 3247 329 3311 Habitus
350 3255 533 3324 necaretur,
556 3247 716 3312 obiectum
739 3251 812 3311 est‘l
840 3250 996 3333 numquid
1016 3249 1103 3316 uliud
1124 3251 1159 3314 in
1180 3250 1244 3315 illis
1266 3251 1392 3316 iudiciis
1414 3273 1521 3318 versa·

194 3349 262 3406 tum
282 3349 331 3406 est
352 3348 478 3425 praeter
496 3342 593 3405 hasce
614 3341 746 3404 insidias
760 3341 877 3405 Habito
893 3344 933 3406 ab
948 3344 1123 3428 Oppianico
1144 3365 1201 3428 per
1218 3344 1381 3410 Fabricios
1401 3347 1557 3412 secusino

195 3436 299 3512 Nihil,
320 3435 419 3510 nibil,
441 3435 590 3519 inquam,
612 3432 717 3510 aliud,
739 3434 878 3512 iudices,
900 3438 1076 3521 reperietis.
1115 3440 1232 3504 Exstat
1251 3439 1421 3517 nemerim
1447 3450 1521 3506 sunt

195 3531 322 3594 tabulae
342 3530 507 3615 publicae:
535 3529 688 3613 redargue
710 3549 776 3604 me,
798 3531 826 3594 si
849 3533 1001 3608 mention
1029 3533 1158 3596 testium
1185 3533 1270 3597 dicta
1297 3533 1411 3610 recita;
1442 3535 1520 3600 doce

195 3625 230 3688 in
258 3625 385 3688 illorum
410 3623 537 3689 iudiciis
566 3622 643 3708 quid
673 3631 799 3707 praeter
824 3623 887 3688 boc
908 3645 1066 3690 venenum
1089 3626 1258 3711 Oppianici
1285 3646 1350 3691 non
1371 3629 1466 3694 modo
1486 3629 1521 3692 in

195 3717 356 3794 criminis,
385 3719 441 3782 sed
470 3719 504 3782 in
532 3717 690 3782 maledicti
716 3718 789 3782 loco
818 3721 862 3785 sit
886 3720 1055 3784 obiectum.
1098 3717 1149 3784 63.
1170 3720 1271 3784 Multa
1292 3720 1356 3786 dici
1376 3731 1521 3806 possunt,

197 3832 295 3895 quare
317 3811 362 3876 ita
383 3831 513 3876 necesse
533 3810 629 3876 luerit
648 3812 797 3889 iudicari,
820 3813 877 3877 sed
892 3833 952 3896 ego
967 3834 1130 3880 occurram
1145 3815 1375 3898 exspectationi
1387 3825 1559 3894 castenato

195 3903 325 3970 indices.
358 3907 438 3970 Nam
460 3907 519 3970 etsi
541 3927 559 3970 a
580 3907 671 3970 vobis
692 3907 738 3970 sic
759 3907 889 3984 audior,
911 3915 949 3971 ut
967 3927 1141 3993 numquam
1159 3908 1328 3992 benignius
1349 3933 1454 3998 neque
1475 3921 1522 3978 at-

195 4000 314 4064 tentius
329 4019 521 4085 quemquam
535 3999 679 4065 auditum
697 4008 824 4084 putem,
845 4009 951 4067 amen
965 4009 1059 4068 vocat
1072 4023 1123 4067 me
1138 4003 1200 4068 alio
1214 4004 1277 4068 iam
1292 4003 1413 4070 dudum
1427 4005 1522 4072 tacita

263 4327 288 4378 l.
305 4327 450 4392 caecutire]
468 4329 599 4381 cuulstcrc
614 4329 652 4390 ln
670 4335 785 4384 coelare
800 4331 828 4384 1².
849 4359 876 4368 -·
895 4331 921 4384 T.
935 4345 984 4397 per
999 4345 1025 4383 se
1040 4331 1139 4383 delevit
1154 4331 1182 4384 1..
1203 4359 1231 4369 -
1248 4332 1297 4396 ipsi
1313 4344 1366 4384 om.
1380 4330 1406 4386 T.
1421 4359 1449 4370 -
1464 4343 1523 4396 per-
1554 4389 1555 4392 Ἴ

196 4401 338 4454 mmmm
353 4403 385 4464 S;
405 4403 590 4468 perscinderent
606 4404 635 4456 T.
656 4431 687 4482 -1
707 4403 731 4457 l.
750 4407 770 4456 ii
786 4407 844 4459 ST:
869 4407 894 4458 bi
911 4408 942 4468 F;
960 4407 997 4458 illi
1013 4403 1161 4459 Manto.
1182 4434 1209 4445 -
1233 4409 1257 4459 s.
1275 4408 1396 4473 corneus]
1412 4409 1523 4458 conatus

197 4478 369 4528 essetST.—
387 4477 412 4530 7.
429 4479 483 4530 tom
499 4479 759 4534 condmmotumST:
777 4479 1235 4535 condensatumtumltALTO.—
1255 4483 1279 4534 9.
1297 4483 1449 4548 operatum
1467 4496 1523 4533 eoo·

193 4556 270 4614 porto
284 4565 338 4616 mg.
357 4549 382 4605 6.
404 4577 430 4591 -
455 4553 496 4604 lt.
514 4555 694 4618 responderant
711 4557 736 4606 S.
762 4585 789 4594 -
812 4559 893 4620 πρωί
910 4558 1000 4609 STll:
1024 4557 1120 4622 doute
1134 4555 1274 4610 Falto
1296 4587 1324 4596 -
1343 4557 1375 4610 ab
1390 4558 1429 4608 bis
1444 4559 1470 4608 S.
1492 4583 1519 4594 -

198 4629 239 4680 ⁴2.
256 4639 352 4678 mom
368 4628 396 4678 T.
417 4655 443 4666 -
463 4630 504 4680 ⁴3.
523 4629 590 4696 guid]
608 4632 675 4693 quod
691 4631 724 4682 lt.
745 4659 772 4667 -
791 4630 832 4684 tl.
849 4638 874 4683 cl
889 4632 948 4683 ST:
966 4645 1020 4684 om.
1039 4630 1213 4686 saluto.
1234 4662 1262 4672 ·-
1281 4635 1321 4686 46.
1340 4635 1474 4698 doprom
1491 4632 1520 4681 T.

200 4729 228 4738 -
247 4703 314 4770 esset]
332 4709 387 4754 erat
403 4704 461 4756 Η.
481 4733 510 4742 -
527 4705 602 4769 fuisso
618 4719 672 4757 om.
690 4707 719 4758 T.
739 4733 767 4746 ·-
787 4707 912 4772 probatur
928 4707 957 4759 Τ.
976 4733 1003 4744 -
1023 4709 1064 4760 48.
1081 4709 1201 4760 iudicium
1217 4709 1245 4762 T.
1265 4735 1292 4745 -
1311 4707 1352 4760 23.
1371 4705 1524 4758 acnuam

198 4778 295 4830 ST.-
314 4781 558 4854 mecummet:
577 4794 680 4832 cesoma
696 4796 746 4836 esce
762 4781 948 4840 ΗΜΘ.-
965 4782 1049 4835 Tl.dc
1066 4784 1097 4833 S:
1115 4783 1160 4833 ube
1176 4785 1268 4836 ceteri.
1284 4811 1311 4821 -
1330 4781 1520 4848 ΗΜΕ-

197 4853 247 4905 Aes
263 4855 417 4907 TFMAO:
439 4856 497 4908 dect
514 4859 548 4917 ὃς
573 4857 628 4908 dcli
643 4855 698 4910 LO.
724 4861 767 4911 Sic
788 4859 844 4912 lere
864 4859 972 4923 ubique.
997 4855 1100 4923 Duplici
1117 4857 1195 4909 thoe
1214 4869 1313 4920 nomen
1336 4856 1524 4921 scriptumest

199 4930 279 4980 etiam
295 4927 323 4980 in
340 4932 358 4981 P
375 4930 470 4994 §.lla
484 4958 511 4968 -
530 4931 572 4984 25.
589 4933 725 4986 emmeno
741 4935 767 4986 S.
782 4961 809 4972 -
827 4935 869 4987 26.
883 4935 911 4984 in
926 4934 985 4985 ST:
1004 4946 1057 4984 om.
1077 4931 1220 4984 HALSO.
1235 4960 1262 4970 -
1281 4933 1322 4984 27.
1341 4932 1446 4984 &aimo
1462 4930 1521 4990 ST,

197 5003 311 5067 Scogmo
327 5005 361 5058 lt
385 5004 425 5058 Cl.
443 5006 468 5070 Β.
481 5008 522 5060 20.
537 5035 565 5046 -
582 5021 631 5073 age
645 5010 667 5060 ci
682 5007 801 5074 oeceses]
818 5011 870 5062 uice
885 5009 1023 5060 demeantes
1039 5007 1093 5059 ST.
1109 5036 1136 5046 -
1154 5008 1195 5059 29.
1213 5007 1280 5058 tlltos
1290 5009 1319 5060 T.
1334 5033 1361 5044 -
1381 5003 1524 5058 366661·-

198 5078 265 5130 cluo
280 5080 333 5131 ST.
354 5107 381 5119 -
404 5081 445 5132 3⁴.
464 5079 577 5136 alterurn
598 5083 660 5134 nillil
675 5098 729 5136 om.
746 5078 802 5138 nt.
822 5111 851 5120 -
870 5082 984 5148 mgnum]
1000 5095 1121 5146 napum
1136 5081 1160 5134 u
1177 5083 1292 5147 (praeter
1308 5081 1361 5148 Sll
1378 5083 1408 5134 A.
1429 5109 1457 5119 -
1474 5093 1523 5134 cu-

198 5157 415 5211 ttuctmomoriuc
430 5157 521 5214 ΕΜΔ.
541 5187 569 5198 -
588 5157 629 5212 34.
647 5157 727 5212 mma
743 5161 798 5212 ST.
818 5185 845 5196 —
863 5157 904 5211 36.
922 5157 975 5222 ctat]
991 5155 1052 5214 aa
1069 5157 1184 5224 (praeter
1200 5157 1253 5222 ST)
1270 5157 1301 5210 Α.
