3684 5862
640 437 958 507 cmxx-xxx.
985 435 1217 526 §sss-eo.
1547 434 1589 502 ro

267 612 399 677 cantior.
432 609 527 687 Quod
549 611 577 676 si
597 610 669 676 lnce
692 629 823 696 quoque
845 630 939 676 canes
960 609 1094 685 latrent,
1117 630 1189 675 cnm
1209 609 1288 674 deos
1303 607 1475 674 salutatum
1489 608 1589 694 aliqui

265 709 424 783 venerint,
452 706 583 790 opinor,
612 705 652 769 iis
682 726 775 771 crura
800 705 1044 788 sutlringantur,
1073 706 1160 789 quod
1189 725 1278 770 aeres
1300 705 1363 768 sint
1383 703 1479 768 etiam
1505 711 1588 778 tum,

267 825 339 868 cum
368 801 511 888 suspicio
538 801 628 864 nulla
650 799 700 864 sit
744 798 794 863 57.
818 799 986 864 simillima
1007 807 1055 863 est
1075 807 1296 865 accusatorum
1316 799 1408 864 ratio.
1450 798 1515 862 Alii
1536 819 1590 862 ve-

266 907 366 963 strum
387 915 514 961 anseres
536 903 628 971 sunt,
650 895 706 980 qui
728 894 947 958 tantummodo
970 893 1121 970 clamant,
1143 915 1259 980 nocere
1272 914 1339 958 non
1360 900 1512 978 possunt:
1534 892 1589 956 alii

267 1013 380 1069 canes,
402 992 458 1075 qni
480 997 512 1053 et
531 990 646 1053 latrare
669 995 701 1053 et
721 989 867 1053 mordere
888 995 1034 1071 possunt.
1079 989 1203 1054 Cibaria
1224 989 1315 1053 vobis
1336 987 1481 1072 praeberi
1502 986 1590 1052 vide-
1611 999 1627 1048 t

266 1108 356 1151 mus:
378 1106 436 1151 ros
458 1092 564 1148 autem
585 1083 722 1147 maxime
745 1083 868 1147 debetis
889 1082 924 1144 in
946 1101 1001 1144 eos
1022 1082 1176 1167 impetum
1196 1083 1318 1158 lacere,
1341 1083 1397 1167 qui
1418 1088 1589 1147 merentur.

265 1183 335 1246 Hoc
356 1179 477 1264 populo
499 1179 713 1263 gratissimum
735 1187 793 1242 est.
836 1179 958 1241 Deinde
981 1178 1008 1242 si
1029 1178 1160 1252 coletis,
1194 1178 1289 1242 etiam
1315 1184 1400 1251 tum,
1429 1197 1501 1240 cum
1521 1176 1589 1240 veri

265 1276 370 1341 simile
392 1274 452 1339 erit
473 1274 614 1359 aliquem
636 1273 846 1347 commisisse,
868 1272 902 1335 in
924 1272 1107 1356 suspicione
1129 1273 1285 1336 latratote.
1316 1272 1353 1336 ld
1368 1291 1498 1357 quoque
1515 1291 1590 1336 con·

266 1371 336 1435 cedi
357 1375 474 1453 potest.
507 1368 563 1432 Sin
585 1376 691 1431 autem
713 1368 759 1430 sic
781 1367 899 1449 agetis,
920 1374 957 1430 ut
977 1367 1116 1450 arguatis
1131 1367 1273 1451 aliquem
1286 1373 1408 1450 patrem
1423 1367 1589 1442 occidisse,

264 1484 371 1548 neque
391 1462 499 1527 dicere
520 1463 651 1547 possitis
673 1468 729 1526 aut
750 1481 849 1545 quare
869 1468 926 1524 aut
948 1481 1013 1545 quo
1033 1462 1146 1538 modo,
1168 1481 1205 1525 ac
1219 1461 1438 1526 tantummodo
1452 1464 1521 1527 sine
1537 1473 1627 1526 su-to

265 1558 410 1643 epicione
431 1557 603 1632 latrabitis,
625 1577 718 1620 crura
740 1556 869 1639 quidem
890 1555 981 1619 vobis
1002 1575 1097 1620 nemo
1119 1556 1299 1639 suffringet,
1321 1558 1377 1620 sed
1399 1557 1427 1621 si
1450 1577 1509 1641 ego
1528 1557 1589 1620 bos

265 1654 347 1718 bene
368 1651 463 1727 nori,
484 1652 622 1715 litteram
643 1651 747 1725 illam,
770 1650 822 1714 cui
844 1669 901 1714 vos
923 1670 1027 1734 nsque
1049 1671 1088 1714 eo
1109 1650 1231 1714 inimici
1254 1651 1346 1727 estis,
1368 1657 1405 1714 ut
1419 1651 1514 1715 etiam
1527 1651 1591 1714 Ka·

266 1747 376 1812 lendas
399 1767 510 1810 omnes
533 1745 681 1820 oderitis,
712 1746 758 1809 ita
778 1745 982 1809 vehementer
1001 1744 1042 1808 ad
1065 1751 1160 1829 caput
1180 1741 1323 1827 alligent,
1345 1753 1382 1809 ut
1402 1753 1514 1829 postea
1534 1765 1591 1809 ne·

267 1842 385 1906 minem
413 1841 511 1904 alium
539 1841 601 1904 nisi
634 1841 783 1904 lorbrnas·
806 1847 927 1904 vestras
956 1859 1105 1903 accusare
1137 1841 1278 1923 possitis.
1320 1840 1409 1905 XXI.
1430 1837 1481 1903 58.
1504 1838 1590 1916 Quid

266 1936 346 1999 mibi
375 1936 416 1998 ad
447 1934 680 1999 defendendum
712 1933 846 2007 dedisti,
874 1933 959 1998 bone
987 1937 1175 1998 accusatori
1208 1934 1286 2018 quid
1313 1934 1401 1998 hisce
1423 1940 1529 1999 autem
1550 1935 1628 2000 adas
1682 1977 1685 1984 .

269 2029 517 2114 suspicandum?
549 2030 595 2093 Ne
617 2027 878 2102 exheredaretur,
899 2027 1019 2090 veritus
1041 2035 1099 2092 est.
1128 2028 1252 2105 Audi03
1275 2029 1332 2094 sed
1356 2048 1422 2114 qua
1441 2030 1592 2096 decanea

267 2126 369 2190 vereri
391 2123 549 2198 debuerit,
570 2142 665 2186 nemo
681 2121 767 2185 dicit
798 2121 944 2185 Habebat
963 2123 1103 2204 paterio
1117 2123 1234 2186 animo.
1266 2124 1400 2187 Planum
1413 2122 1474 2190 iae.
1505 2126 1591 2190 Nihil

268 2226 331 2296 est;
354 2238 436 2294 non,
459 2219 590 2304 quicum
613 2217 810 2291 deliberarit,
834 2237 929 2301 quem
952 2217 1119 2280 certiorem
1140 2216 1267 2294 iecerit,
1289 2220 1375 2282 unde
1396 2219 1482 2285 istud
1500 2220 1590 2285 vobis

267 2313 420 2397 suspicari
451 2314 485 2376 in
514 2319 652 2377 mentem
677 2311 810 2376 venerit.
854 2311 933 2375 Cum
960 2310 1023 2374 hoo
1044 2310 1141 2375 modo
1163 2330 1313 2388 accusas,
1338 2314 1452 2390 Eruci,
1483 2333 1591 2378 nonne

265 2407 327 2470 boc
341 2408 446 2491 palam
462 2408 560 2472 dieis:
582 2409 667 2490 Ego,
691 2407 769 2492 quid
785 2405 978 2488 acceperim,
1001 2406 1085 2481 scio,
1108 2405 1186 2490 quid
1202 2405 1320 2483 dicam,
1342 2409 1470 2484 nesci03
1491 2417 1629 2473 muman

264 2501 346 2565 illud
367 2503 522 2586 spectavi,
546 2503 633 2587 quod
656 2502 882 2586 Chrysogonus
904 2501 1026 2574 aiebat,
1058 2501 1218 2564 neminem
1239 2502 1293 2565 isti
1313 2508 1484 2586 patronum
1504 2504 1592 2569 futu·

264 2617 350 2673 rum,
373 2596 413 2661 de
433 2598 591 2662 bonorum
614 2597 775 2681 emptione
798 2595 903 2680 deque
925 2615 964 2659 ea
985 2595 1135 2658 societate
1157 2596 1317 2660 neminem
1339 2618 1425 2674 esse,
1447 2599 1502 2683 qui
1521 2619 1592 2664 ver·

263 2691 339 2754 bum
358 2690 465 2756 faeere
486 2693 619 2757 auderet
639 2693 702 2756 hoc
723 2700 875 2775 tempore.
903 2689 990 2753 llaec
1012 2697 1043 2753 te
1066 2689 1176 2773 opinio
1197 2689 1278 2756 salsa
1291 2692 1325 2754 in
1338 2693 1432 2756 istam
1445 2691 1591 2757 fraudem

264 2783 400 2868 impulit.
439 2789 510 2850 Non
539 2807 589 2850 me
616 2785 763 2850 hercules
785 2786 917 2848 verbum
937 2783 1086 2862 fecisses,
1114 2786 1141 2850 si
1164 2785 1223 2849 tibi
1245 2805 1436 2871 quemquam
1458 2805 1591 2871 respon-

265 2901 375 2944 surum
394 2889 551 2964 putasses.
1599 2891 1628 2941 ἢ

348 2973 401 3038 59.
428 2974 552 3059 Operae
573 2975 711 3060 pretium
733 2982 816 3049 erat,
845 2975 872 3038 si
894 2973 1177 3049 animadvertistis,
1203 2974 1343 3050 iudices,
1365 2977 1591 3061 negligentiam

266 3069 335 3133 eius
362 3070 397 3133 in
426 3069 607 3135 accusando
637 3068 848 3133 considerare.
894 3069 1012 3145 Credo,
1041 3089 1113 3134 curn
1135 3070 1282 3146 vidisset,
1314 3071 1369 3156 qui
1390 3073 1536 3137 homines
1557 3074 1591 3137 in

264 3165 353 3229 bisce
374 3164 536 3230 subselliis
558 3163 722 3239 sederent,
745 3155 1027 3255 quaesisse,(num
1047 3164 1104 3227 ille
1125 3171 1181 3228 aut
1201 3165 1255 3229 ille
1279 3164 1471 3260 defensurus
1489 3161 1595 3265 esset)

266 3260 306 3323 de
329 3281 379 3324 me
400 3281 441 3324 ne
464 3260 659 3344 suspicatum
681 3257 811 3342 quidem
833 3279 921 3334 esse,
943 3256 1032 3342 qnod
1046 3263 1140 3322 antea
1153 3279 1282 3324 causam
1295 3261 1457 3344 publicam
1470 3263 1592 3326 nullam

266 3353 411 3416 dixerim.
453 3355 664 3437 Posteaquam
693 3353 815 3416 invenit
843 3353 1002 3416 neminem
1025 3372 1154 3428 eorum,
1183 3355 1240 3439 qui
1266 3362 1404 3438 possunt
1424 3363 1457 3420 et
1477 3357 1629 3436 solenter

266 3447 312 3510 ita
342 3446 506 3530 negligens
540 3467 609 3511 esse
641 3447 763 3530 coepit,
794 3454 846 3522 ut,
877 3467 949 3510 cum
979 3445 1013 3510 in
1042 3454 1179 3512 mentem
1200 3449 1326 3514 veniret
1354 3451 1399 3526 ei,
1429 3451 1592 3528 resideret,

267 3541 383 3605 deinde
405 3541 610 3624 spatiaretur,
633 3561 874 3625 nonnumquam
896 3541 992 3605 etiam
1012 3561 1146 3625 puerum
1168 3551 1313 3620 vocaret,
1336 3543 1445 3621 credo,
1468 3547 1520 3610 cui
1542 3567 1593 3610 ce-

266 3654 340 3699 nam
360 3634 545 3717 imperaret,
566 3655 698 3719 prorsus
719 3642 756 3699 nt
776 3643 882 3700 vestro
904 3655 1057 3700 consessu
1079 3642 1112 3700 et
1131 3637 1194 3702 hoc
1215 3645 1374 3703 conventu
1395 3659 1454 3723 pro
1469 3659 1593 3706 summa

266 3728 440 3794 solitudine
462 3728 653 3793 abuterenu.
696 3729 798 3792 XXIl.
820 3728 872 3793 60.
894 3732 1058 3796 Peroravit
1078 3731 1269 3817 aliquando,
1292 3734 1422 3799 assedit.
1462 3733 1593 3800 surrexi

267 3844 336 3908 ego.
371 3824 539 3907 Respiraro
560 3825 648 3888 visus
671 3831 735 3901 est,
757 3824 844 3909 quod
865 3845 932 3889 non
953 3826 1035 3890 alius
1056 3825 1165 3909 potius
1181 3826 1310 3891 diceret.
1354 3828 1452 3913 Coepi
1475 3827 1630 3894 ricemer

266 3917 373 4002 Usque
395 3937 434 3982 eo
456 3917 681 3996 animadverti,
701 3917 845 3994 iudices,
866 3938 939 3982 eum
960 3919 1060 3984 iocari
1082 3925 1179 4004 atque
1200 3920 1280 3985 alias
1301 3941 1353 3985 res
1373 3941 1482 4007 agere,
1503 3929 1592 3987 ante-

1667 3214 1772 3288 gffix,

331 4105 356 4156 4.
375 4105 433 4156 deor
447 4117 507 4157 vc:
526 4105 571 4156 deo
587 4105 621 4166 G;
639 4117 668 4156 eo
683 4106 709 4158 u
718 4118 742 4155 r.
762 4103 913 4158 «Glossema
925 4117 1017 4158 veram
1029 4107 1187 4172 scripturam
1198 4105 1258 4159 loco
1270 4106 1401 4171 demovit;
1419 4109 1593 4174 nequeenim

266 4183 330 4246 puto
346 4180 429 4232 luisse
447 4181 504 4232 deos
520 4194 548 4232 oo
563 4181 726 4232 salmam.-
744 4182 806 4232 Gir.
818 4180 844 4231 2.
865 4207 893 4218 -
911 4181 935 4232 2.
954 4181 986 4231 its
1002 4193 1055 4231 orn.
1068 4183 1099 4232 G.
1120 4209 1146 4221 -
1166 4183 1242 4234 etiarn
1257 4197 1314 4234 cum
1330 4189 1383 4234 tran
1399 4186 1429 4234 s.
1450 4211 1476 4222 —
1495 4183 1519 4234 8.
1537 4180 1592 4247 clii]

265 4255 346 4307 sciti.
367 4283 394 4294 -
421 4255 678 4308 accommodos.
698 4283 727 4294 -
753 4257 778 4306 6.
802 4256 829 4306 to
851 4255 1206 4319 cambdqutmsreturv,
1227 4286 1254 4296 -
1276 4259 1541 4324 aprootoameae
1562 4285 1590 4296 -

263 4331 337 4382 octus
352 4344 380 4391 χ.
401 4357 429 4368 -
454 4329 479 4381 8.
503 4331 612 4394 stipem
632 4331 730 4394 meets
749 4330 897 4380 corrmtaim
913 4330 982 4382 coni.
1001 4330 1106 4383 llotcm.
1127 4359 1154 4368 -
1176 4333 1217 4384 40.
1234 4335 1288 4385 stae
1302 4333 1446 4399 maptcicac]
1464 4335 1532 4386 haec
1548 4347 1591 4384 vv.

265 4407 296 4456 nt
312 4404 430 4469 glossam
446 4418 506 4457 voc.
525 4407 695 4458 mmmmmdo
711 4404 825 4457 delenda
843 4408 1006 4457 censuerunt
1020 4407 1142 4458 Benecke
1159 4407 1186 4457 ln
1202 4421 1291 4474 progr.
1311 4411 1406 4462 Posen.
1425 4409 1497 4461 4833.
1520 4422 1547 4475 p.
1566 4409 1591 4460 8.

267 4483 294 4532 et
309 4481 405 4532 Rarius
416 4481 447 4532 11.
465 4495 492 4546 p.
506 4481 562 4534 484.
583 4509 611 4518 -
633 4483 673 4534 ti.
691 4481 749 4532 sat.
767 4480 980 4544 cramrPigbius,
999 4481 1074 4533 ouius
1087 4481 1302 4535 emendationem
1312 4487 1420 4550 praeter
1430 4484 1591 4538 scholiastae

268 4555 469 4622 explicationem
485 4557 593 4608 firmant
602 4558 656 4609 nc
674 4557 795 4607 camenis
807 4557 832 4620 (i.
846 4569 870 4607 e.
882 4556 940 4606 Kal.
953 4556 1042 4620 mmo)
1060 4557 1088 4606 et
1100 4558 1160 4607 Per.
1173 4559 1198 4607 4,
1210 4557 1236 4610 t.
1253 4559 1302 4610 cat.
1321 4574 1405 4613 nom
1420 4561 1590 4613 exhibentes:

266 4631 386 4681 edorres
401 4633 436 4692 (ὴ
453 4631 584 4682 cammite
599 4632 702 4694 sorr,
721 4633 780 4683 Par.
797 4631 822 4682 8.
842 4632 877 4692 8.,
895 4644 951 4692 va;
969 4644 1013 4682 aar
1028 4644 1112 4683 morer
1127 4644 1156 4693 c,
1174 4631 1230 4684 Pal.
1245 4634 1269 4684 4.
1285 4661 1313 4672 -
1332 4635 1372 4687 48.
1390 4635 1493 4702 ament
1507 4635 1549 4686 ria
1561 4647 1591 4685 c:

266 4706 393 4771 editam
408 4707 508 4758 Gcl'a
531 4707 588 4772 (aad
612 4707 685 4758 C'la
702 4705 774 4771 eff.);
801 4706 938 4770 emineant
953 4719 984 4767 νς
1010 4707 1113 4772 efflasse
1128 4721 1161 4768 χ;
1188 4707 1286 4773 affigant
1301 4711 1356 4772 uc
1382 4711 1498 4776 effingere
1512 4711 1542 4762 lt.
1562 4735 1590 4746 -

266 4779 308 4832 44.
325 4783 422 4830 vestrm
438 4791 491 4832 om.
505 4783 534 4832 G.
547 4809 576 4818 -
595 4783 635 4833 45.
654 4781 716 4832 boae
731 4793 813 4832 acne.
826 4793 880 4832 om.
893 4781 922 4831 G.
937 4808 965 4818 -
984 4781 1019 4831 ad
1033 4781 1224 4846 mmmmm
1239 4797 1318 4848 mque
1333 4785 1389 4836 aab.
1404 4787 1433 4837 G.
1447 4812 1476 4822 -
1495 4785 1534 4836 48.
1547 4784 1591 4835 dr-

266 4855 409 4906 ltberaoerit
425 4855 459 4916 ὓς
485 4856 629 4908 deliberem
645 4858 714 4920 GM,
732 4855 835 4918 lou..
852 4869 903 4908 ua.
924 4881 952 4892 -
969 4856 1011 4907 49.
1029 4870 1121 4908 erasm
1137 4860 1166 4909 G.
1186 4884 1215 4894 —
1233 4859 1275 4910 20.
1293 4861 1374 4911 dritta
1390 4863 1419 4912 G.
1440 4886 1467 4895 -
1485 4859 1528 4910 28.
1546 4872 1593 4910 aar·

266 4933 335 4982 dom
350 4930 396 4980 boc
412 4933 628 4992 ternporcflllv:
645 4933 691 4982 boc
706 4937 780 4994 term.
799 4931 859 4981 cod.
875 4943 930 4991 ac,
949 4930 1093 4997 eddrulg.
1108 4959 1136 4970 ·-
1154 4931 1195 4985 il.
1208 4947 1248 4984 ote
1262 4933 1593 4987 bermteatlblCllltSa:

266 5006 530 5060 4848888448-
548 5006 589 5057 ῒ4.
606 5007 722 5073 mnam]
740 5006 898 5057 8844436.-
915 5006 957 5058 28.
976 5009 1108 5070 eueniunt
1124 5009 1183 5071 tir,
1201 5007 1335 5061 lorn-
1352 5009 1394 5061 89.
1410 5007 1450 5073 aa]
1466 5022 1518 5059 eoo
1534 5011 1590 5060 Gr.

269 5109 297 5120 -
315 5082 415 5146 quadan
430 5091 480 5131 erse
497 5079 616 5142 (tura,
634 5082 734 5144 6011„
753 5083 825 5133 Parr.
846 5079 959 5145 (sed'lv
974 5082 1057 5147 oseem
1075 5095 1130 5135 om.
1148 5095 1200 5134 esee
1215 5085 1311 5136 oc·
1330 5087 1429 5136 caus.
1444 5108 1471 5118 -
1490 5081 1531 5136 ³2.
1548 5097 1591 5137 cr·

267 5152 637 5221 sensumsensurn.
658 5181 686 5194 -
705 5157 960 5222 summerseti.
980 5157 1267 5222 -ctbocltobocu
1286 5155 1531 5214 -at.oteatca.
