3684 5862
297 447 318 516 4
696 445 849 514 ORATIO
870 445 949 512 nno
970 447 1005 512 P.
1027 443 1220 526 QlllNCl'lO

300 619 374 684 Sex.
396 617 534 684 Naevius
556 638 661 702 neque
687 618 878 682 inhumanus
901 635 1016 703 praeco
1038 626 1086 682 est
1107 635 1258 702 umquam
1280 615 1488 680 existimatus.
1531 611 1618 690 Quid

299 733 375 798 ergo
399 716 473 778 esti
503 713 581 776 Cum
604 713 634 776 ei
656 721 769 777 natura
790 715 870 778 nibil
891 714 1006 778 melius
1022 734 1118 798 quam
1132 728 1242 776 vocem
1258 711 1411 786 dedisset,
1433 717 1524 794 pater
1534 706 1616 772 nibil

298 817 424 893 praeter
437 809 614 872 libertatem
628 808 825 893 reliquisset,
850 829 961 874 vocem
976 810 1010 873 in
1023 816 1190 893 quaestum
1205 807 1354 883 contulit;
1376 805 1521 870 libertate
1537 823 1616 868 usus

298 912 362 979 est,
391 925 456 989 quo
486 903 649 987 impunius
678 904 771 968 dicax
799 912 892 968 esset.
937 900 988 968 42.
1021 903 1127 980 Quare
1158 903 1287 987 quidem
1318 904 1441 966 socium
1462 901 1520 964 tibi
1542 919 1615 964 eum

274 1000 395 1066 evelles
417 995 708 1085 adiungere(nibil
729 1003 811 1074 erat,
834 999 896 1063 nisi
918 989 1010 1070 utiin
1030 1007 1086 1063 tua
1103 995 1467 1084 pecunia(condisceret,
1490 994 1616 1084 qrflpe·

297 1095 410 1158 ouniae
431 1093 553 1156 fruetus
576 1085 680 1178 esset}
699 1099 804 1156 tamen
826 1094 974 1157 inductus
990 1093 1220 1158 consuetudine
1236 1113 1272 1156 ae
1286 1091 1498 1156 familiaritate
1514 1089 1616 1166 Quin·

296 1191 378 1253 ctius
398 1187 491 1262 fecit,
519 1195 556 1250 ut
577 1187 660 1264 dixi,
690 1189 875 1253 societatem
897 1209 1006 1252 earum
1027 1208 1146 1263 rerum,
1169 1207 1251 1272 quae
1274 1188 1307 1250 in
1329 1187 1432 1252 Gallia
1452 1203 1614 1268 compara-

294 1283 419 1348 bantur.
461 1283 538 1347 Erat
565 1283 595 1346 ei
623 1283 773 1366 pecuaria
801 1303 851 1346 res
874 1285 980 1368 ampla
1002 1291 1035 1347 et
1054 1283 1173 1346 rustica
1190 1302 1265 1345 sane
1285 1283 1369 1346 bene
1390 1282 1475 1345 culta
1496 1286 1528 1342 et
1547 1277 1614 1340 fru-

295 1386 415 1442 ctuosa.
459 1378 596 1441 Tollitur
615 1379 655 1440 ab
677 1379 766 1442 atriis
789 1378 921 1442 Liciniis
943 1387 1039 1464 atque
1061 1398 1080 1442 a
1102 1395 1295 1460 praeconum
1316 1397 1468 1440 consessu
1489 1375 1523 1437 in
1542 1372 1615 1435 Gal-

258 1473 370 1540 ttliam
392 1473 530 1538 Naevius
552 1480 583 1536 et
604 1479 691 1537 trans
712 1473 810 1556 Alpes
831 1493 935 1558 usque
956 1472 1152 1536 transfertur.
1188 1472 1238 1534 Fit
1259 1491 1372 1554 magna
1393 1469 1526 1533 mutatio
1540 1467 1615 1538 loci,

294 1589 359 1633 non
381 1568 511 1650 ingenii.
554 1569 650 1643 Nam,
673 1567 730 1652 qul
751 1569 790 1630 ab
813 1568 1051 1632 adolescentulo
1076 1573 1242 1651 quaestum
1266 1567 1329 1630 sibi
1343 1564 1533 1629 instituisset
1544 1562 1613 1624 sine

292 1663 474 1746 impendio,
502 1669 712 1746 posteaquam
741 1663 850 1726 nescio
878 1665 955 1748 quid
989 1663 1144 1746 impendit
1166 1669 1198 1724 et
1219 1662 1253 1724 in
1275 1679 1442 1724 commune
1464 1655 1613 1730 contulit,

293 1757 446 1822 mediocri
479 1764 613 1842 quaestu
642 1762 810 1821 contentus
838 1775 996 1821 essenon
1017 1765 1152 1840 poterat.
1197 1751 1247 1818 43.
1269 1757 1334 1819 Nec
1356 1755 1487 1828 mirum,
1520 1753 1548 1815 si
1568 1752 1613 1825 is,

293 1853 349 1937 qui
369 1871 480 1916 vocem
501 1852 646 1916 venalem
672 1851 842 1927 habuerat,
871 1872 924 1926 ea,
954 1872 1036 1936 quae
1067 1872 1146 1916 voce
1169 1851 1385 1934 quaesiverat,
1415 1869 1530 1932 magno
1552 1845 1613 1910 sibi

255 1954 283 2001 ⁴⁵
292 1947 439 2032 quaestui
467 1947 538 2012 iore
569 1947 718 2030 putabat..
754 1947 867 2030 ltaque
895 1945 1024 2010 hercule
1045 1945 1132 2008 baud
1154 1944 1355 2009 mediocriter
1376 1944 1415 2006 de
1438 1941 1611 2015 communi,

292 2042 449 2128 quidquid
471 2047 616 2126 poterat,
639 2040 679 2105 ad
702 2059 737 2104 se
757 2040 792 2103 in
815 2041 969 2124 privatam
992 2041 1120 2103 domum
1143 2039 1320 2104 revocabat
1364 2038 1437 2115 Qua
1457 2040 1490 2102 in
1512 2058 1545 2102 re
1567 2036 1613 2100 ita

291 2137 426 2222 diligens
449 2144 534 2213 erat,
564 2136 657 2220 quasi
681 2135 720 2211 ii,
752 2136 808 2218 qui
831 2155 944 2218 magna
965 2129 1027 2197 lide
1050 2135 1233 2197 societatem
1254 2140 1415 2214 gererent,
1447 2132 1612 2197 arbitrium

289 2251 348 2317 pro
371 2231 460 2296 socio
483 2230 688 2296 condemnari
711 2230 860 2294 solerent
896 2231 1014 2294 Verum
1035 2228 1085 2292 bis
1108 2228 1263 2293 derebus
1285 2249 1351 2293 non
1365 2227 1611 2292 necessebebeo
1681 2237 1688 2254 ·

290 2324 395 2390 dicere
429 2345 482 2402 ea,
515 2345 598 2411 quae
631 2345 682 2388 me
710 2325 744 2388 P.
764 2324 940 2401 Quinctius
962 2325 1051 2407 cupit
1080 2341 1342 2388 commemorare:
1371 2324 1495 2388 tametsi
1518 2340 1614 2386 causa

251 2418 447 2502 repostulat,
469 2427 592 2496 minen,
617 2419 693 2504 quia
715 2420 871 2504 postulat,
894 2440 960 2483 uon
982 2417 1116 2502 flagitat,
1137 2420 1328 2503 praeteribo.
1370 2419 1423 2483 lv.
1452 2413 1504 2482 44.
1535 2417 1613 2482 eum

289 2534 391 2579 annos
421 2515 484 2579 iam
514 2514 694 2599 complures
724 2515 861 2578 societas
891 2523 975 2579 esset
1006 2521 1132 2578 etcum
1154 2533 1249 2597 saepe
1271 2519 1437 2597 suspectus
1460 2511 1611 2608 Quinctio

288 2608 427 2673 Naevius
442 2608 556 2674 luisset
570 2626 676 2693 neque
690 2608 735 2672 ita
749 2611 916 2673 commode
931 2616 1041 2694 posset
1055 2609 1211 2673 rationem
1228 2609 1360 2672 reddere
1373 2627 1482 2672 earum
1496 2625 1612 2679 rerum,

289 2723 370 2789 quas
393 2702 541 2781 libidine,
572 2724 637 2768 non
659 2704 783 2768 ratione
806 2712 963 2788 gesserat,
986 2705 1121 2767 moritur
1141 2704 1175 2766 in
1198 2702 1301 2765 Gallia
1323 2702 1508 2779 Quinctius,
1540 2721 1612 2764 cum

288 2797 415 2861 adesset
442 2799 598 2875 Naevius,
627 2805 659 2863 et
687 2800 822 2863 moritur
846 2799 1025 2884 repentino.
1076 2799 1234 2862 Heredem
1262 2805 1450 2862 testamento
1482 2795 1614 2879 reliquit

251 2891 373 2956 tibunc
395 2894 428 2956 P.
451 2892 654 2970 Quinctium,
680 2901 730 2970 ut,
760 2893 801 2959 ad
824 2915 920 2980 quem
943 2913 1083 2958 summus
1106 2910 1232 2956 maeror
1254 2899 1354 2955 morte
1378 2912 1435 2955 sua
1456 2891 1612 2964 veniebat,

289 2989 329 3051 ad
353 2990 489 3053 eundem
511 3010 653 3054 summus
675 2989 780 3054 bonos
802 3011 932 3076 quoque
954 2989 1143 3073 perveniret.
1181 2983 1231 3049 45.
1255 2987 1327 3064 Quo
1350 2994 1475 3050 mortuo
1494 3007 1553 3050 nec
1568 2986 1614 3048 ita

289 3082 389 3147 multo
412 3091 485 3165 post
506 3085 541 3147 in
556 3083 690 3148 Galliam
712 3079 924 3168 proficiscitur
939 3084 1117 3162 Quinctius.
1158 3081 1205 3146 lbi
1222 3101 1293 3144 cum
1314 3081 1376 3144 isto
1401 3073 1544 3166 [Naevio]
1566 3079 1613 3141 la-

288 3177 454 3242 milieriter
485 3179 573 3243 vivit
617 3182 744 3244 Anum
771 3179 836 3244 lere
865 3201 930 3244 una
958 3187 1046 3255 sunt,
1078 3197 1151 3240 cum
1177 3183 1210 3239 et
1236 3177 1276 3239 de
1299 3175 1450 3239 societate
1471 3174 1554 3237 inter
1576 3191 1610 3236 se

288 3272 389 3336 multa
410 3274 682 3340 communicarent
702 3281 735 3338 et
756 3275 795 3340 de
816 3281 884 3339 tota
905 3275 961 3338 illa
982 3273 1106 3338 ratione
1128 3277 1222 3355 atque
1244 3289 1277 3332 re
1300 3268 1478 3344 Gallicana,
1505 3287 1611 3351 neque

250 3367 410 3431 ainterea
431 3368 562 3434 verbum
583 3369 686 3432 ullum
707 3369 900 3452 interposuit
920 3369 1074 3442 Naevius,
1096 3373 1153 3429 aut
1166 3365 1350 3428 societatem
1368 3362 1429 3426 sibi
1444 3362 1609 3446 quidpiam

199 3475 202 3482 ⁴
289 3461 421 3537 debere,
444 3468 499 3524 aut
520 3461 669 3545 privatim
685 3463 870 3539 Quinotium
892 3463 1050 3529 debuisse.
1088 3461 1167 3524 Cum
1189 3459 1270 3522 aeris
1292 3457 1388 3522 alieni
1411 3458 1610 3542 aliquantum

288 3563 373 3622 esset
400 3554 561 3632 relictum,
595 3557 711 3641 quibus
739 3559 922 3624 nominibus
954 3557 1123 3641 pecuniam
1152 3558 1270 3618 Romae
1300 3553 1403 3617 curari
1434 3557 1611 3637 oporteret,

288 3650 468 3717 auctionem
490 3651 524 3714 in
547 3651 650 3715 Gallia
670 3652 704 3715 P.
718 3651 771 3716 bic
787 3651 956 3728 Quinctius
971 3653 1117 3716 Narbone
1136 3671 1170 3714 se
1184 3650 1341 3714 iacturum
1357 3668 1427 3712 esse
1441 3644 1613 3731 proscribit

289 3765 396 3810 earum
417 3765 539 3823 rerum,
563 3765 645 3830 quae
667 3746 769 3831 ipsius
785 3755 876 3811 erant
896 3748 1048 3831 privatae.
1081 3742 1131 3809 46.
1153 3745 1200 3810 lbi
1215 3753 1283 3809 tum
1297 3743 1514 3840 rirqoptimus,
1537 3742 1611 3804 Sex.

353 3901 378 3954 4.
396 3903 495 3966 quidem
511 3901 861 3967 BGubcdtghikln:
881 3906 941 3969 quid
957 3919 984 3966 e,
1003 3905 1069 3968 qood
1085 3902 1198 3957 ALtO.
1218 3902 1256 3954 Cl.
1276 3901 1359 3966 §.tw
1380 3895 1614 3950 commisnenmtit

287 3982 359 4041 sset,
377 3991 457 4040 quare
472 3980 507 4028 cd
522 3979 597 4030 {imm
612 3981 736 4031 rationem
749 3983 934 4045 perveniretur,
952 3984 980 4035 et
996 3981 1030 4032 de
1047 3994 1097 4032 usu
1114 3976 1256 4045 particulae
1273 3977 1372 4039 quitiae
1388 3974 1474 4028 Halm.
1487 3973 1612 4026 adonin

286 4055 372 4105 vatin.
390 4054 431 4116 44,
450 4053 490 4104 30.
509 4067 536 4120 p.
555 4054 595 4104 99.
617 4082 644 4092 -
662 4054 726 4120 ewa]
747 4069 804 4106 cum
823 4055 986 4108 Gebkln.
1008 4082 1035 4093 -
1058 4057 1082 4108 8.
1103 4053 1251 4118 amalario
1275 4049 1456 4102 Gaetlmn
1481 4048 1612 4114 (baruntio

287 4142 339 4193 mg.
367 4129 394 4194 4.)
419 4157 447 4166 -
473 4129 497 4181 9.
519 4131 610 4181 limati
629 4132 660 4182 A.
685 4159 712 4169 -
734 4144 853 4184 consuo
876 4129 1184 4195 nebodetgniln
1207 4131 1234 4179 et
1257 4129 1288 4178 A.
1312 4127 1435 4192 (cosm
1454 4137 1507 4190 mg.
1529 4125 1558 4190 4.)
1581 4149 1608 4162 -

286 4205 327 4255 44.
345 4203 496 4255 adclamante
510 4207 590 4256 tacite
601 4204 715 4257 Klotztus
731 4206 775 4257 ed.
788 4205 833 4260 alt.
849 4235 876 4244 -
895 4207 934 4260 tt.
955 4206 1003 4257 «al.
1016 4207 1173 4269 aasabim·
1191 4216 1244 4267 ¹1¹8·
1259 4203 1284 4255 9·
1299 4228 1327 4240 ··
1347 4202 1387 4253 ⁴⁶·
1400 4200 1528 4266 4444441414
1547 4199 1612 4264 4144(Ι

286 4278 725 4346 marbonensium,
750 4285 1070 4346 quodquisqoemetA,
1090 4276 1609 4346 quoiqutqmo,qoicauqoicq1tcfl,

285 4359 314 4405 ¹⁸1
329 4355 438 4418 41144444
452 4355 495 4406 vel
513 4371 588 4420 quom
604 4359 710 4422 pinque
726 4358 853 4411 Halmius.
880 4359 966 4411 ltelim
984 4361 1153 4422 quodcquue.
1169 4383 1196 4392 —
1215 4357 1255 4406 44.
1275 4355 1302 4419 e]
1319 4354 1344 4403 ii
1361 4353 1474 4404 Gaeh.
1498 4375 1526 4388 -
1544 4349 1613 4400 arbi·
1650 4413 1654 4422 ι

285 4430 371 4496 mem]
386 4430 486 4482 arbitrii
496 4431 628 4495 Budaeus,
642 4433 747 4484 arbitrio
758 4436 809 4496 AL,
822 4435 857 4485 cci
867 4435 1000 4485 arbitrium
1012 4435 1150 4495 Manutius,
1169 4433 1204 4482 cd
1214 4430 1339 4482 arbitrum
1349 4428 1529 4487 lianconetust
1550 4439 1611 4478 sur·-

285 4505 387 4557 bttm'um
402 4519 452 4572 pro
468 4505 627 4570 glossemate
644 4509 744 4560 hubent
754 4511 890 4572 Graevius,
909 4509 959 4561 elii.
982 4510 1019 4560 Cl.
1032 4523 1081 4575 pro
1093 4510 1169 4560 liceo.
1184 4508 1257 4559 Com.
1272 4505 1296 4565 9.
1309 4506 1368 4556 2⁵.»
1386 4504 1430 4554 Or.
1449 4502 1611 4567 (mititem

285 4581 351 4634 mibi
368 4592 427 4632 esse
443 4581 549 4634 videtur
565 4585 713 4635 aestimatio
729 4583 780 4635 litis
797 4598 845 4649 pro
863 4585 943 4648 socio,
962 4588 1090 4648 quantum
1103 4583 1203 4633 arbiter
1214 4580 1306 4632 deberi
1317 4580 1390 4631 socio
1400 4576 1538 4630 deciderit.
1558 4577 1611 4630 Ad·

285 4657 338 4708 line
355 4655 418 4707 illud
435 4657 518 4708 estin
535 4671 575 4710 or.
592 4671 619 4724 p.
638 4660 714 4711 redit.
733 4660 759 4710 in
776 4672 834 4710 san.
853 4673 876 4711 c.
895 4661 925 4710 i:
951 4659 1059 4710 arbtma
1073 4660 1169 4724 [cneo
1184 4656 1358 4718 solvebantur,
1376 4656 1466 4720 quanti
1483 4652 1539 4706 scil.
1557 4656 1611 4705 tm-

284 4745 385 4798 pensae
406 4731 505 4784 iuuenis
525 4733 742 4788 aestimabantur.
769 4735 824 4796 Qua
842 4734 875 4786 de
892 4747 921 4787 re
940 4735 973 4786 ad
991 4749 1014 4786 c.
1033 4735 1074 4785 34.
1091 4747 1117 4802 p.
1137 4733 1218 4784 domo
1235 4731 1418 4783 disseruimus.
1450 4731 1531 4781 Deest
1546 4723 1612 4782 ver·

285 4806 351 4860 bum
367 4806 582 4872 stephanotius,
605 4809 628 4862 sl
644 4809 725 4872 velis,
742 4807 860 4860 soluere.»
879 4812 939 4862 Gir.
952 4811 987 4875 4.)
1007 4835 1034 4844 -
1053 4810 1094 4862 ta.
1112 4809 1188 4860 sotem
1204 4805 1354 4871 bedelg
1366 4804 1393 4856 44
1404 4818 1447 4869 m,
1469 4807 1563 4856 oeus
1577 4806 1609 4856 A.

287 4909 315 4918 —
334 4884 375 4934 ts.
393 4882 497 4948 monta]
514 4897 575 4936 scm
591 4886 635 4936 etsi
646 4885 820 4947 Hotomanus,
838 4884 910 4936 unde
921 4899 982 4936 nom
998 4886 1094 4936 wmebi
1105 4887 1132 4936 i..
1149 4911 1176 4922 -
1194 4883 1235 4933 40.
1254 4887 1337 4933 tameo
1353 4881 1414 4946 quta
1426 4881 1538 4945 postulat
1553 4892 1608 4931 om.

285 4959 315 5009 G.
334 4956 373 5010 Cf.
391 4969 441 5026 pro
457 4959 491 5010 ii.
509 4959 591 5011 Tullio
608 4960 632 5024 5.
649 4962 674 5012 e.
693 4961 816 5012 Huschke
832 4959 905 5012 Anat.
924 4974 951 5026 p.
970 4959 1027 5011 404,
1048 4983 1075 4996 ·-
1099 4959 1140 5010 st.
1158 4959 1283 5020 repetitae
1298 4959 1324 5009 k.
1344 4984 1373 4995 -
1390 4957 1432 5010 44.
1450 4956 1545 5008 Naeuio
1561 4967 1610 5007 su-

284 5035 407 5097 spectum
427 5035 543 5087 Manutio
559 5033 704 5088 delendum
725 5035 819 5088 censet
840 5039 899 5087 Ger.
918 5038 943 5087 4.
970 5063 998 5073 -
1024 5035 1065 5086 49.
1084 5039 1107 5086 et
1123 5035 1153 5084 dc
1168 5037 1221 5084 tote
1236 5033 1289 5099 itta]
1310 5033 1388 5097 mque
1402 5033 1449 5084 tito
1464 5035 1516 5084 tota
1532 5032 1558 5082 tr.
1577 5055 1608 5069 -

284 5105 327 5161 34.
343 5109 502 5174 aliquantam
517 5108 594 5160 (lab
607 5122 622 5160 e
633 5110 651 5162 d
663 5124 677 5161 e
690 5110 725 5176 ig
736 5111 754 5164 h
765 5111 774 5162 i
785 5123 813 5163 m
824 5125 857 5178 n,
874 5111 939 5163 item
949 5110 1057 5164 Palatini
1068 5111 1095 5164 st
1105 5111 1266 5165 oxonienses
1277 5123 1385 5177 omnes,
1403 5109 1471 5164 An:
1489 5107 1611 5174 eliquari-

284 5183 436 5240 44414440.
456 5214 484 5227 -
502 5185 543 5239 ³³.
561 5185 667 5254 qatttmn
683 5199 708 5240 e.
