3642 5862
149 1041 170 1126 t

323 389 384 458 tos
691 391 733 454 19
754 387 922 455 VERREM
941 387 1063 454 ACTIO
1086 387 1266 455 SECUNDA

323 563 373 627 88.
400 563 549 644 Princeps
572 558 759 623 Cleomenes
788 559 821 621 in
851 557 1042 641 quadriremi
1066 557 1269 640 Centuripina
1293 558 1409 623 malum
1439 560 1538 644 erigi,
1563 560 1669 625 vela

323 657 400 732 lieri,
417 654 553 740 praecidi
570 671 699 718 ancoras
715 651 880 735 imperavit
894 659 926 714 et
940 652 1043 726 simul,
1064 657 1100 714 ut
1114 670 1148 714 se
1163 652 1258 715 ceteri
1273 661 1491 736 sequerentur,
1510 655 1666 738 signum

323 752 390 815 dari
411 749 513 812 iussit.
548 749 633 810 Haeo
656 747 861 829 Centuripina
881 746 971 807 navis
994 752 1060 808 erat
1080 745 1257 808 incredibili
1272 747 1430 812 celeritate
1445 747 1540 812 velis:
1566 768 1664 813 nam

322 847 402 909 seim
434 845 495 908 isto
525 850 668 924 praetore
697 861 789 904 nemo
820 846 960 922 poterat,
997 839 1073 923 quid
1106 859 1252 923 quaeque
1286 841 1375 905 navis
1403 843 1497 906 remis
1530 843 1661 908 iacere

299 947 443 1023 oposset,
473 937 531 1000 etsi
559 935 592 996 in
621 935 679 997 hac
707 933 899 1017 quadriremi
926 941 1053 1016 propter
1076 933 1229 996 honorem
1251 942 1282 997 et
1303 936 1434 1018 gratiam
1457 935 1659 1001 Cleomenis

322 1034 450 1096 minime
480 1028 568 1092 multi
596 1029 729 1111 remiges
757 1033 789 1090 et
817 1027 934 1090 milites
963 1024 1103 1112 deerant.
1151 1027 1298 1092 Evolarat
1325 1031 1388 1092 iam
1417 1051 1434 1092 e
1463 1039 1656 1116 conspectu

320 1126 386 1189 lere
414 1124 537 1207 lugiens
567 1122 791 1207 quadriremis,
821 1141 892 1183 cum
922 1119 1016 1184 etiam
1043 1126 1109 1182 tum
1140 1128 1262 1184 ceterae
1288 1141 1384 1186 naves
1413 1145 1478 1188 uno
1506 1127 1541 1188 in
1562 1124 1653 1189 loco

321 1219 539 1282 moliebantur.
590 1213 642 1279 89.
671 1216 747 1278 Erat
774 1216 897 1278 animus
928 1213 961 1276 in
995 1213 1135 1297 reliquis.
1185 1215 1383 1299 Quamquam
1415 1226 1504 1282 erant
1530 1219 1651 1301 pauci,

321 1331 450 1396 quoquo
480 1311 572 1374 modo
601 1329 651 1372 res
681 1329 715 1372 se
740 1309 892 1383 habebat,
918 1327 1059 1390 pugnare
1088 1315 1193 1372 tamen
1222 1329 1256 1372 se
1284 1309 1366 1373 velle
1395 1311 1571 1375 clamabant
1609 1319 1651 1375 et

284 1405 405 1490 eoquod
427 1404 583 1487 relmuum
605 1403 688 1467 vitae
710 1404 887 1487 viriumque
908 1401 1007 1465 fames
1028 1402 1159 1476 iecerat,
1182 1402 1213 1464 id
1235 1401 1317 1466 ferro
1339 1405 1537 1486 potissimum
1561 1404 1649 1468 red·

319 1501 394 1564 dere
416 1499 572 1564 volebant.
607 1497 697 1573 Quod
721 1498 747 1559 si
772 1497 956 1560 Cleomenes
977 1515 1041 1558 non
1056 1503 1143 1560 tauto
1158 1505 1230 1559 ante
1244 1496 1385 1580 fugisset,
1406 1499 1513 1582 aliqua
1527 1507 1647 1563 tauwn

319 1591 590 1657 rid-resistendum
613 1593 693 1655 ratio
714 1590 836 1654 fuisset
879 1591 954 1652 Erat
975 1590 1060 1652 enim
1083 1590 1149 1653 sola
1171 1591 1225 1654 illa
1246 1592 1335 1655 navis
1358 1600 1514 1658 constrata
1535 1600 1568 1657 et
1589 1593 1647 1658 ita

319 1707 446 1770 magna,
469 1689 514 1748 ‘ut
541 1684 779 1772 propugnaculo
808 1685 919 1748 ceteris
948 1691 1056 1766 posset
1085 1704 1172 1758 essee
1207 1704 1288 1768 quae
1318 1686 1345 1748 si
1373 1685 1406 1748 in
1437 1687 1644 1768 praedonum

318 1802 422 1867 pugna
450 1786 643 1852 versaretur,
675 1778 760 1840 urbis
788 1777 887 1840 instar
914 1776 1029 1840 habere
1051 1778 1133 1840 inter
1160 1778 1232 1842 illos
1253 1779 1403 1862 piraticos
1426 1801 1643 1866 myoparones

282 1877 493 1942 invideretur:
522 1874 578 1937 sed
606 1881 671 1935 tum
694 1873 806 1955 inopes
830 1871 932 1934 relicti
955 1870 994 1933 ab
1017 1871 1096 1934 duce
1118 1871 1341 1956 praefectoque
1363 1874 1473 1938 classis
1496 1876 1641 1940 eundern

317 1970 497 2034 necessario
519 1987 643 2030 cursum
665 1973 773 2029 tenere
794 1973 974 2048 coeperunt.
1017 1961 1068 2027 90.
1091 1966 1241 2030 Helorum
1263 1986 1372 2030 versus
1393 1977 1430 2033 ut
1450 1969 1519 2052 ipse
1542 1971 1642 2034 Cleo-

319 2085 441 2138 menes,
469 2065 513 2126 ita
535 2061 630 2124 ceteri
654 2058 857 2143 navigabant,
883 2079 988 2141 neque
1009 2059 1032 2123 ii
1054 2066 1117 2123 tam
1140 2061 1335 2143 praedonum
1358 2062 1511 2145 impetum
1530 2062 1640 2147 fugie-

317 2161 402 2233 bant,
424 2177 518 2242 quam
540 2156 762 2238 imperatorem
784 2153 1006 2237 sequebantur.
1048 2155 1127 2216 Tum
1150 2160 1186 2217 ut
1206 2154 1342 2238 quisque
1363 2155 1395 2218 in
1415 2155 1492 2240 fuga
1511 2166 1639 2241 postre-

318 2273 404 2327 mus,
432 2251 477 2314 ita
506 2251 538 2312 in
567 2248 706 2332 periculo
735 2247 882 2331 princeps
912 2254 995 2322 erat3
1024 2255 1212 2330 postremam
1235 2248 1319 2312 euim
1340 2269 1500 2334 quamque
1520 2272 1638 2316 navem

280 2348 436 2431 aspiratae
463 2344 594 2426 primam
626 2341 857 2404 adoriebantur.
909 2341 953 2403 lta
981 2343 1081 2424 prima
1110 2340 1353 2404 Haluntinorum
1382 2345 1471 2408 navis
1499 2347 1636 2429 capitur,

318 2442 368 2504 oui
391 2444 533 2522 praeerat
554 2435 763 2508 Haluntinus,
785 2433 1032 2516 homo-„nobilio
1054 2435 1263 2518 Phylarchus,
1285 2455 1378 2520 quem
1393 2438 1433 2500 ab
1455 2437 1518 2502 illis
1541 2459 1636 2522 prae-

310 2534 452 2617 donibus
474 2532 647 2593 Locrenses
669 2535 778 2613 postea
801 2514 926 2610 publice
942 2529 1159 2603 redemerunt;
1182 2549 1220 2592 en
1236 2549 1299 2613 quo
1316 2550 1372 2594 vos
1386 2532 1492 2612 priore
1508 2532 1634 2597 actione

315 2627 417 2689 iurato
448 2644 512 2688 rem
545 2644 670 2687 omnem
702 2641 894 2706 causamque
927 2623 1095 2705 cognostis.
1138 2622 1259 2685 Deinde
1280 2624 1515 2706 Apolloniensis
1542 2627 1634 2690 navis

315 2720 437 2802 capitur
458 2727 490 2782 et
511 2719 579 2781 eius
601 2718 777 2800 praelectus
792 2717 1009 2799 Anthropinus
1032 2717 1196 2780 occiditur.
1238 2717 1368 2780 XXXV.
1390 2714 1441 2781 st.
1456 2719 1541 2784 Haec
1555 2719 1632 2783 dum

277 2821 464 2897 iunguntur,
495 2805 616 2874 interea
646 2811 830 2874 Cleomenes
861 2811 923 2874 iam
949 2810 990 2872 ad
1012 2810 1121 2873 Helori
1151 2811 1225 2873 litus
1246 2819 1447 2892 pervenerat,
1475 2813 1539 2876 iam
1560 2834 1630 2878 sese

314 2911 346 2972 iu
368 2917 485 2970 terram
503 2927 522 2969 e
545 2906 617 2969 navi
640 2909 774 2968 eiecerat
787 2905 1081 2988 quadrirememque
1105 2905 1305 2968 fluctuantem
1320 2905 1352 2968 iu
1368 2904 1434 2968 salo
1449 2907 1627 2991 reliquerat.

314 3001 439 3083 Reliqui
469 2999 618 3082 praelecti
652 2999 795 3072 navium,
825 3017 895 3062 cum
925 2999 956 3062 in
987 3006 1100 3061 terram
1124 2999 1293 3080 imperator
1313 2999 1447 3074 exisset,
1475 3021 1547 3065 cum
1568 3003 1628 3094 ipsi

314 3115 417 3179 neque
445 3113 621 3177 repugnare
650 3113 755 3177 neque
788 3093 865 3156 mari
894 3093 1031 3176 effugere
1054 3091 1119 3154 ullo
1141 3091 1235 3155 modo
1257 3101 1398 3176 possent,
1427 3096 1567 3180 appulsis
1587 3096 1627 3160 ad

313 3190 463 3253 Helorum
488 3188 619 3252 navibus
642 3187 842 3250 Cleomenem
864 3186 1021 3270 persecuti
1044 3193 1126 3249 sunt.
1163 3187 1241 3248 Tum
1264 3187 1457 3269 praedonum
1480 3190 1544 3252 dux
1565 3190 1628 3252 He·

276 3283 433 3357 aoracleo,
456 3289 586 3364 repente
608 3290 732 3372 praeter
754 3302 841 3364 spem
864 3300 927 3344 non
949 3301 1008 3343 sua
1021 3281 1153 3354 virtute,
1175 3279 1230 3341 sed
1253 3279 1345 3343 istius
1366 3283 1497 3346 avaritia
1515 3283 1627 3367 nequi·

313 3378 421 3461 daque
451 3377 565 3456 victor,
595 3376 725 3438 classem
752 3375 993 3458 pulcherrimam
1022 3375 1132 3458 populi
1159 3374 1291 3436 Romani
1313 3373 1345 3436 in
1368 3374 1442 3438 litus
1464 3378 1626 3460 expulsam

313 3481 343 3535 et
365 3473 514 3544 eiectam,
543 3490 614 3532 cum
636 3471 772 3553 primum
796 3471 1078 3553 invesperasceret,
1107 3468 1291 3531 inflammari
1314 3468 1502 3553 incendique
1524 3470 1625 3534 iussit.

312 3562 363 3628 99.
386 3565 413 3629 0
436 3574 560 3647 tempus
583 3564 731 3627 miserum
749 3572 842 3648 atque
857 3564 1003 3627 acerbum
1019 3562 1200 3649 provinciae
1216 3561 1357 3626 Siciliae!
1380 3583 1524 3628 ocasum
1538 3562 1624 3626 illurn

377 3826 400 3874 t.
416 3826 578 3888 praecepimus
594 3824 672 3883 aare.
693 3852 720 3861 -
738 3825 763 3875 9.
782 3824 903 3874 anchoras
919 3825 948 3874 9.
969 3851 995 3862 ·-
1009 3825 1032 3874 c.
1052 3821 1213 3887 qacdmrcini
1229 3823 1257 3873 9.
1277 3823 1349 3884 (item
1366 3835 1391 3873 v.
1409 3823 1460 3888 95.)
1481 3851 1508 3862 -
1522 3831 1624 3890 propte·

310 3913 421 3951 emersio
439 3899 514 3963 [399.
536 3929 562 3937 -
581 3900 605 3950 6.
624 3901 734 3963 merant]
751 3901 869 3950 dederam
885 3901 914 3952 9.
935 3927 962 3938 -
981 3900 1004 3950 7.
1023 3899 1087 3964 cum]
1106 3899 1149 3961 qui
1163 3899 1197 3958 9,
1216 3896 1314 3948 31³arr.
1331 3897 1367 3948 Gi
1384 3898 1445 3958 [ὡς
1463 3899 1524 3960 quin
1541 3903 1551 3949 i
1566 3901 1620 3952 Par.

311 3979 357 4028 Gt.
382 4003 408 4014 -·
432 3978 508 4026 etiem
529 3981 581 4026 tum
602 3975 638 4026 93
655 3974 671 4026 t
690 3977 775 4026 Parc:
801 3979 953 4027 etiamtunc
976 3977 1032 4027 Per.
1056 3977 1084 4026 B.
1108 3976 1144 4032 03
1169 3974 1244 4025 mom
1264 3985 1331 4023 curro
1351 3975 1428 4038 legg.
1448 4001 1476 4012 -·-
1502 3990 1552 4026 uuo
1573 3974 1621 4026 iii

311 4051 408 4104 iParr.
428 4052 464 4100 69
481 4050 527 4101 Ld.
547 4052 582 4112 (in
597 4064 647 4100 aco
660 4051 719 4114 Gli:
737 4051 946 4102 mosetto-
965 4050 989 4101 8.
1008 4055 1080 4100 cram
1095 4061 1148 4099 om.
1164 4047 1239 4111 [399.
1256 4073 1281 4084 ·-
1301 4047 1325 4097 9.
1343 4061 1382 4097 ros
1398 4047 1496 4099 relidi
1513 4049 1619 4102 3Pam.:

309 4141 351 4177 ras
365 4139 415 4176 csse
431 4127 441 4176 t
459 4127 515 4176 Par.
530 4127 611 4190 [399;
629 4139 730 4177 amaras
741 4126 804 4176 dett.
819 4127 847 4176 0.
860 4149 888 4162 -
903 4127 942 4175 tt.
956 4125 1150 4186 emunctam
1161 4127 1230 4172 tusto
1246 4122 1338 4185 lagg:
1356 4124 1422 4185 quod
1438 4123 1473 4174 Gi.
1490 4137 1541 4175 aon
1556 4128 1621 4174 mrito

311 4202 346 4253 93
363 4203 378 4251 9
396 4202 483 4261 Parr.;
502 4203 567 4265 quod
583 4201 618 4252 Ol.
636 4202 685 4251 nisi
701 4207 769 4251 iccio
785 4202 883 4252 bi’arr.
905 4201 942 4264 (C.
957 4201 1012 4263 D.);
1031 4199 1160 4263 quodnisi
1176 4199 1211 4249 Cl.
1230 4202 1299 4248 tosto
1310 4193 1334 4246 λ.
1350 4224 1376 4234 -
1396 4199 1621 4264 αἱίρυα--Ῐιιέωοι

311 4289 364 4327 om.
384 4277 461 4340 segg.
482 4303 509 4315 -
535 4277 574 4329 ii.
592 4277 677 4326 baberi
694 4274 709 4326 λ
726 4277 741 4326 3
760 4279 831 4327 Parr.
850 4275 930 4337 (ntis.
950 4275 978 4325 C.
992 4275 1032 4338 D.)
1050 4275 1099 4330 Gtt
1122 4273 1260 4324 babucmrut
1280 4273 1336 4323 illos
1352 4273 1387 4323 Gi
1405 4274 1451 4325 [ἀ.
1472 4301 1499 4312 -
1517 4289 1620 4339 rapopo·

309 4363 386 4400 roasa
403 4351 478 4414 [399.
492 4377 515 4388 -
538 4353 578 4401 lb.
598 4351 702 4401 tumlti
719 4349 817 4401 ll’srr.
836 4348 917 4412 ngas:
936 4355 994 4399 tanc
1010 4347 1073 4400 dett.
1087 4349 1115 4399 0.
1132 4375 1157 4386 -
1177 4349 1208 4398 ab
1225 4345 1288 4399 aaa
1304 4347 1419 4399 tarra:
1441 4363 1459 4399 a
1475 4349 1539 4400 dett.
1553 4350 1581 4400 0.
1594 4377 1618 4388 -

310 4425 350 4476 lb.
369 4425 484 4476 saonen
501 4427 594 4476 Anton.
614 4426 787 4489 Augustinus:
808 4425 921 4475 Pelorum
937 4423 1014 4474 codd.
1035 4451 1061 4460 -
1082 4424 1121 4474 ii.
1139 4423 1293 4488 navigabunt
1309 4423 1344 4482 ii,
1361 4423 1482 4488 navigant
1497 4426 1525 4476 l..
1545 4451 1573 4462 ·-
1589 4423 1620 4474 bii

310 4499 361 4554 93;
384 4499 422 4548 itu
438 4500 531 4562 Legg.;
554 4499 579 4548 br·
597 4499 625 4549 0.
646 4525 670 4536 -
691 4503 743 4547 tum
764 4498 799 4549 93
817 4497 832 4549 l
848 4501 918 4550 Perr.
937 4500 1020 4562 ngas:
1044 4505 1126 4549 tumea
1142 4499 1223 4559 dett.;
1248 4505 1329 4549 tumen
1348 4504 1400 4548 tom
1417 4497 1450 4549 al.
1469 4501 1497 4550 Ο.
1518 4525 1545 4536 -
1563 4499 1617 4562 imp.

308 4573 436 4638 tepebunt
451 4573 487 4624 93
504 4572 519 4624 l
538 4577 608 4625 Purr.
626 4574 711 4638 egre:
729 4575 783 4638 fug.
801 4575 860 4637 erp.
875 4576 939 4625 dett.
954 4576 982 4624 0.
998 4601 1025 4612 —
1038 4576 1078 4626 aa.
1091 4574 1118 4623 in
1129 4575 1181 4626 aa:
1200 4587 1253 4626 om.
1268 4575 1330 4626 dett.
1345 4576 1374 4625 0.
1390 4601 1417 4611 -
1430 4575 1471 4625 90.
1483 4575 1619 4625 Haimimo-

309 4663 367 4698 rum
384 4649 412 4700 9.
434 4675 459 4686 -
479 4649 520 4698 94.
538 4649 587 4714 cui]
605 4650 648 4712 qui
664 4651 683 4700 9
695 4651 745 4710 Gt;
763 4651 804 4699 cui
819 4651 885 4700 saba
896 4651 941 4700 Ga.
956 4679 984 4688 -
1002 4651 1163 4701 auidissimus
1179 4651 1255 4714 [399.
1270 4678 1296 4687 -
1315 4651 1452 4714 Pbglsrqus
1469 4651 1550 4714 [399;
1567 4650 1619 4702 lbi-

309 4726 409 4775 lercbur
425 4726 443 4774 9
462 4727 488 4775 et
506 4724 583 4774 codd.
604 4723 732 4790 plerique.
758 4727 791 4774 st
807 4725 839 4775 ci.
859 4726 900 4775 lV.
919 4724 942 4787 S.
961 4725 1001 4774 99.
1022 4751 1049 4762 -
1072 4727 1368 4790 recognoscentem.
1387 4725 1452 4776 dett.
1472 4753 1498 4762 -
1517 4724 1557 4776 ii.
1575 4739 1619 4776 ac-

309 4802 421 4862 tropimu
437 4801 464 4850 9.
486 4827 513 4836 -
536 4801 595 4849 dim
616 4799 676 4850 base
693 4799 756 4850 dett.
777 4827 804 4837 -
827 4801 867 4851 ib.
886 4801 938 4849 iam
955 4800 1042 4850 onom.
1062 4796 1135 4851 toa.
1156 4827 1183 4837 -
1205 4801 1285 4851 Pelori
1301 4800 1394 4858 codd.;
1419 4801 1482 4852 ttem
1499 4802 1573 4853 intra.
1591 4825 1615 4838 -

307 4874 565 4938 carisiacensem
592 4887 643 4924 cess
658 4875 685 4924 is
701 4880 770 4924 tarra
786 4877 800 4927 6
818 4873 859 4925 aiii
878 4877 952 4938 brigg.
979 4902 1006 4912 -
1033 4875 1073 4925 96.
1092 4876 1119 4926 ic
1134 4875 1189 4926 salu
1208 4878 1277 4944 (tuci.
1295 4875 1359 4926 dett.
1377 4876 1406 4926 0.
1433 4903 1460 4914 -
1486 4877 1528 4926 97.
1545 4876 1618 4926 relicti

309 4947 414 5000 aiot.
435 4975 462 4986 -
480 4949 521 5000 93.
540 4949 650 5011 mnemia
666 4951 694 5002 9.
715 4975 742 4985 -
760 4951 801 5001 99.
819 4952 894 5001 semri
912 4949 987 5014 [399.
1002 4975 1029 4985 -
1048 4955 1100 5000 tren
1116 4948 1273 5014 nestrae:
1291 4955 1349 5001 tuac
1365 4949 1429 5002 dett.
1448 4951 1477 5002 0.
1496 4977 1524 4989 -
1543 4951 1617 5002 393

309 5037 361 5074 om.
375 5022 391 5073 λ
403 5025 447 5076 63.
463 5050 489 5062 -
508 5025 713 5088 invemeroccsrct
724 5025 743 5076 9
754 5023 771 5074 λ
782 5027 818 5077 Gn
833 5025 878 5076 [ἀ.
891 5025 968 5092 agae,
982 5023 1027 5078 lul.
1040 5025 1175 5079 severina.
1189 5038 1217 5092 p.
1230 5025 1287 5078 atr.
1300 5026 1393 5092 Cappa
1412 5027 1617 5090 advesperamsrrt

309 5101 341 5154 Gt
363 5098 427 5150 dett.
445 5099 474 5152 0.
