3638 5868
326 374 388 444 352
697 381 740 445 Ill
759 381 927 450 VERREM
945 381 1068 448 ACTIO
1092 383 1274 450 SECUNDA

325 569 420 614 manu
449 549 603 614 retinebat
629 568 751 615 arcum:
781 549 891 614 dextra
918 550 1077 617 adenem
1105 553 1207 619 lacem
1227 551 1433 637 praeferebat.
1478 551 1536 618 75.
1563 553 1670 618 Hanc

325 664 396 708 cum
418 645 478 708 iste
499 665 657 708 sacrorum
672 645 811 710 omnium
826 653 857 709 et
870 646 1060 730 religionum
1073 648 1173 712 hostis
1187 648 1369 733 praedoque
1383 648 1531 724 vidisset,
1561 650 1670 732 quasi

323 737 379 801 illa
399 739 468 821 ipsa
488 737 556 802 lace
577 759 746 822 percussus
759 747 858 814 esset,
879 740 923 804 ita
936 742 1066 824 flagrare
1081 742 1253 825 eupiditate
1267 749 1362 824 atque
1376 743 1513 807 amentia
1531 745 1668 826 eoepit.

324 832 461 915 Imperat
481 832 729 916 magistratibus,
758 842 795 898 ut
816 854 885 897 eam
907 834 1116 900 demoliantur
1137 843 1169 898 et
1190 837 1247 900 sibi
1271 837 1367 900 dent:
1390 837 1469 901 nihil
1491 838 1559 902 sibi
1586 858 1669 921 gra·

301 927 385 990 etius
417 928 555 992 ostendit
583 927 733 992 ntorum.
775 928 826 991 llll
855 947 928 991 vero
951 930 1055 994 dicere
1077 931 1136 994 sibi
1157 930 1188 993 id
1210 930 1299 994 netas
1322 951 1391 996 esse
1414 951 1553 1016 seseque
1582 951 1667 994 curn

325 1042 445 1088 summa
465 1022 633 1104 religione,
656 1030 720 1086 tum
743 1043 863 1088 summo
885 1031 972 1088 metu
992 1024 1097 1108 legum
1112 1031 1144 1087 et
1157 1023 1341 1088 indiciorum
1356 1026 1465 1088 teneri.
1496 1025 1568 1090 Iste
1588 1032 1666 1087 turn

324 1126 430 1201 petere
451 1117 490 1180 ab
512 1117 590 1191 illis,
611 1125 679 1181 tum
701 1118 827 1192 minari,
850 1123 916 1181 tum
938 1138 1027 1200 spem
1034 1163 1044 1194 ,
1065 1126 1132 1181 tum
1154 1127 1270 1182 metum
1285 1118 1464 1184 ostendere.
1494 1117 1667 1202 Oppone·

323 1211 400 1274 bant
420 1211 466 1274 illi
488 1232 604 1276 nomen
623 1212 781 1276 interdum
802 1212 836 1273 P.
851 1209 1009 1274 Africani:
1030 1211 1141 1296 populi
1153 1213 1285 1276 Romani
1300 1213 1379 1276 illud
1394 1232 1463 1276 esse
1477 1212 1664 1275 dicebant:

322 1306 401 1370 nihil
422 1326 455 1370 se
478 1307 511 1370 in
533 1327 570 1370 eo
591 1308 754 1389 potestatis
768 1305 900 1379 hebere,
922 1305 1010 1390 quod
1024 1308 1192 1390 imperator
1205 1305 1394 1370 clarissimus
1409 1306 1487 1370 urhe
1502 1305 1664 1368 hostiurn

286 1407 415 1484 ltcapta
435 1409 672 1466 monumentum
692 1401 841 1465 victoriae
863 1399 972 1485 populi
994 1401 1124 1464 Romani
1146 1421 1216 1464 esse
1230 1399 1391 1464 voluisset.
1421 1397 1472 1462 76.
1489 1400 1574 1464 Cum
1590 1399 1663 1462 iste

322 1495 421 1559 nihilo
451 1495 611 1560 remissius
639 1502 734 1580 atque
763 1496 856 1560 etiam
882 1492 983 1558 multo
1005 1494 1221 1559 vehementius
1247 1496 1378 1558 instaret
1398 1493 1564 1579 quotidie,
1603 1512 1662 1556 res

309 1589 425 1672 ‘agitur
447 1591 480 1654 in
500 1595 621 1653 senatur.
663 1590 875 1653 Vehementer
895 1587 935 1653 ab
957 1589 1100 1653 omnihus
1122 1589 1317 1653 reclamatur.
1354 1590 1464 1673 ltaque
1485 1589 1541 1652 illo
1569 1595 1662 1650 tem-

320 1703 397 1767 pore
419 1701 455 1745 ac
483 1683 585 1765 primo
605 1684 694 1748 istius
716 1683 853 1748 adventu
872 1690 1072 1766 pernegatur.
1115 1684 1243 1758 Postea,
1273 1683 1426 1768 quidquid
1448 1690 1515 1747 erat
1536 1682 1660 1747 oneris

320 1777 355 1841 in
383 1777 488 1840 nautis
516 1779 750 1864 remigibusque
779 1777 960 1860 exigendis,
990 1778 1023 1840 in
1051 1777 1206 1841 frumento
1232 1777 1430 1860 imperando,
1462 1778 1659 1863 Segestanis

284 1880 445 1954 repraeter
466 1880 589 1936 ceteros
608 1872 803 1957 imponebat,
825 1871 987 1954 aliquanto
1009 1871 1142 1954 amplius
1165 1891 1259 1955 quam
1280 1870 1362 1935 terre
1383 1881 1528 1955 possent:
1551 1893 1659 1959 prae-

319 1973 406 2030 terea
427 1966 625 2050 magistratus
647 1988 754 2031 eornm
777 1965 941 2042 evocabat;
964 1965 1115 2048 optimum
1137 1986 1296 2050 quemue
1311 1975 1342 2029 et
1355 1967 1593 2032 nobilissimum
1610 1965 1656 2031 ad

319 2081 354 2125 se
375 2061 564 2126 arcessebat:
588 2063 703 2130 circum
725 2061 829 2124 omnia
850 2060 1027 2143 provinciae
1048 2058 1115 2122 tora
1131 2060 1287 2142 rapiebat:
1310 2061 1489 2144 singillatim
1503 2063 1562 2126 uni
1581 2062 1657 2125 cni-

320 2177 382 2240 que
404 2156 571 2220 calamitati
592 2155 659 2219 iore
681 2176 715 2219 se
739 2154 957 2218 denuntiabat:
979 2154 1133 2218 universis
1155 2175 1189 2218 se
1210 2154 1349 2219 funditus
1371 2175 1551 2220 eversurum
1572 2175 1655 2219 esse

318 2249 405 2314 illam
427 2251 580 2314 civitatem
603 2246 787 2314 minabatur.
822 2249 933 2331 ltaque
955 2247 1126 2332 aliqnando
1140 2247 1246 2312 multis
1260 2248 1351 2313 melis
1365 2269 1541 2336 magnoque
1556 2257 1656 2316 metu

280 2345 393 2411 uncti
415 2344 578 2428 Segestani
599 2345 753 2427 praetoris
773 2344 905 2426 imperio
926 2342 1100 2427 parendum
1116 2361 1185 2406 esse
1201 2342 1414 2408 decreverunt.
1440 2346 1555 2429 Magno
1573 2367 1653 2409 cum

318 2438 404 2502 luctu
433 2447 465 2501 et
493 2439 610 2521 gemitu
638 2439 733 2503 totius
756 2437 905 2512 civitatis,
934 2436 1038 2500 multis
1062 2458 1130 2501 cum
1161 2437 1295 2500 lacrimis
1317 2446 1349 2501 et
1369 2438 1653 2504 lamentationibus

318 2533 456 2596 virorum
487 2532 716 2616 mulierumque
749 2533 888 2595 omnium
921 2529 1121 2594 simulacrum
1152 2532 1271 2594 Dianae
1305 2531 1479 2598 tollendum
1511 2535 1652 2598 locatur.

317 2627 448 2690 XXXV.
479 2622 530 2688 77.
560 2626 688 2702 Videte,
722 2631 839 2712 quamn
867 2625 979 2708 religio
1008 2623 1102 2689 luerit
1122 2624 1205 2710 apud
1228 2625 1424 2708 Segestanos.
1468 2629 1649 2712 liopertum

318 2741 404 2794 esse,
434 2719 571 2796 iudices,
604 2723 713 2785 scitote
742 2721 916 2794 neminem,
947 2739 1053 2802 neque
1074 2719 1208 2782 liberum
1230 2739 1334 2804 neque
1356 2741 1497 2797 servum,
1531 2739 1648 2805 neque

280 2816 417 2887 :scirem
438 2834 543 2898 neque
564 2815 783 2898 peregrinum,
813 2815 868 2898 qui
896 2813 976 2877 illud
998 2813 1122 2896 signum
1143 2812 1271 2878 auderet
1292 2815 1461 2898 attingere:
1489 2815 1648 2878 barbaros

316 2908 470 2994 quosdam
485 2909 636 2994 Lilybaeo
659 2911 770 2973 scitote
784 2908 935 2984 adductos
951 2927 1020 2972 csse
1036 2908 1209 2993 operarios:
1230 2909 1264 2971 hi
1278 2908 1414 2993 denique
1429 2909 1517 2985 illud,
1537 2909 1647 2993 ignari

317 3004 413 3068 totius
434 3005 553 3087 negotii
574 3025 611 3068 ac
632 3003 808 3086 religionis,
831 3001 973 3066 mercede
994 3009 1123 3085 accepta
1144 3001 1346 3066 sustulerunt.
1390 2999 1484 3078 Quod
1506 3023 1576 3067 oum
1602 3022 1647 3066 ex

318 3098 433 3184 oppido
449 3099 687 3181 exportabatur,
711 3118 805 3182 quem
821 3104 1005 3161 conventum
1020 3095 1186 3159 mulierum
1203 3094 1319 3159 lachim
1334 3115 1403 3160 esse
1425 3096 1646 3160 arbitramini?

319 3212 414 3277 quem
435 3189 541 3257 fletum
563 3194 715 3256 maiorum
736 3193 833 3255 natul
856 3211 988 3275 quorum
1010 3190 1152 3254 nonnulli
1175 3191 1269 3255 etiam
1283 3189 1374 3253 illum
1389 3190 1473 3253 diem
1488 3190 1646 3254 memoria

281 3288 482 3362 sotenebant,
512 3307 584 3351 eum
604 3287 658 3351 illa
680 3285 790 3350 eadem
811 3285 911 3348 Diana
933 3286 1095 3368 Segestam
1115 3284 1306 3368 Karthagine
1327 3291 1452 3348 revecta
1474 3283 1642 3347 victoriam

319 3381 427 3466 populi
448 3381 579 3444 Romani
600 3379 702 3443 reditu
724 3399 782 3442 suo
803 3379 986 3442 nuntiasset.
1022 3379 1123 3455 Quam
1145 3377 1303 3442 dissimilis
1324 3377 1375 3440 hic
1397 3376 1464 3441 dies
1488 3376 1535 3440 illi
1556 3381 1642 3439 tem-

318 3476 387 3559 pori
421 3474 602 3540 videbaturl
637 3475 718 3538 Turn
748 3467 919 3556 imperator
945 3472 1052 3558 populi
1082 3473 1230 3546 Romani,
1262 3472 1321 3551 vig
1322 3471 1535 3547 clarissimus,
1558 3468 1642 3534 deos

319 3568 436 3653 patrios
456 3567 635 3655 reportabat
655 3568 835 3653 Segestanis
857 3587 899 3634 ex
918 3567 994 3632 urhe
1014 3567 1149 3632 hostiurn
1163 3574 1381 3651 recuperatos:
1403 3584 1488 3629 nunc
1503 3584 1544 3629 ex
1556 3563 1641 3628 urhe

327 3754 1639 3788 mma-...a

383 3908 407 3957 4.
433 3905 506 3970 hooc]
532 3907 593 3958 hoec
609 3907 687 3971 legg.
712 3930 741 3943 -
766 3905 791 3956 9.
809 3910 832 3956 et
847 3904 919 3971 relig.
936 3904 960 3956 4.
975 3906 1119 3968 praedoque
1135 3904 1172 3956 ne
1183 3902 1230 3956 tn
1243 3903 1323 3968 [399ε
1351 3903 1425 3955 hosti:
1440 3900 1638 3966 redatooooopue

315 3983 410 4047 proedo
427 3980 492 4033 dett.
511 3981 539 4032 0.
555 3975 588 4018 “-
606 3981 630 4033 3.
648 3981 695 4031 tlte
710 3980 766 4045 lpse
781 3979 831 4042 443,
844 3979 864 4031 Ε
876 3980 957 4044 [399;
975 3981 1032 4044 ipse
1047 3981 1092 4032 itte
1103 3979 1167 4032 dett.
1180 3980 1214 4042 0;
1234 3985 1363 4042 toutonem
1378 3977 1424 4028 tlte
1439 3978 1495 4043 ipso
1509 3979 1565 4043 [oce
1577 3992 1638 4041 per*-

317 4059 399 4108 calm
414 4061 475 4109 esset
489 4057 595 4121 Agroet.
613 4070 640 4121 p.
659 4054 732 4107 9974.
753 4079 780 4092 -
799 4068 955 4119 repet-eune:
970 4056 1047 4120 [399.
1068 4083 1095 4094 -
1113 4053 1138 4106 4.
1156 4055 1269 4120 magistr.
1281 4054 1327 4105 ee
1341 4057 1370 4104 ot
1384 4052 1448 4104 dett.
1464 4081 1491 4092 -
1509 4053 1534 4104 6.
1552 4053 1579 4102 td
1589 4053 1638 4102 stet

316 4147 343 4184 o.
361 4145 411 4185 esre
426 4145 498 4194 uque
514 4131 579 4183 dett.
597 4132 628 4182 0.
647 4157 676 4169 -
694 4132 759 4194 uon]
776 4135 829 4182 two
844 4132 924 4195 Lngg.
936 4135 1043 4196 praeter
1053 4131 1095 4182 99.
1108 4159 1135 4170 -
1154 4132 1179 4182 6.
1197 4143 1254 4182 ceco
1267 4135 1351 4194 petor:
1365 4126 1420 4181 nt.
1435 4155 1463 4167 -
1482 4129 1507 4180 7.
1524 4129 1635 4180 intenti

317 4211 410 4274 [4334
428 4211 464 4260 et:
478 4205 551 4259 tce.
572 4235 600 4244 -
617 4207 731 4258 minitari
747 4207 776 4258 n.
797 4235 825 4246 -
843 4207 867 4258 8.
885 4206 1009 4257 toterdm
1023 4219 1112 4258 nomen
1128 4205 1193 4257 dett.
1206 4206 1235 4256 0.
1250 4232 1276 4243 -
1295 4206 1321 4256 P.
1337 4203 1391 4269 ts.
1403 4205 1482 4258 RSE:
1500 4205 1555 4272 dtr.
1567 4205 1633 4258 dett.

317 4286 346 4336 0.
366 4311 394 4322 ·-
408 4283 497 4348 popult
512 4283 564 4345 ns,
583 4281 603 4333 E
621 4281 716 4347 (htadv.
734 4295 760 4347 p.
779 4281 843 4346 ³0.):
862 4281 954 4332 donno
966 4281 1054 4344 pepedi
1069 4281 1134 4333 dett.
1147 4283 1176 4333 0.
1195 4283 1337 4332 «Grutenrs
1354 4293 1408 4332 nen
1424 4280 1525 4334 donum
1536 4281 1636 4346 Scipio-

316 4361 370 4422 nis,
388 4358 437 4411 sed
453 4371 512 4411 rem
528 4357 617 4423 populi
633 4359 662 4410 n.
681 4359 816 4424 proprtem
833 4357 876 4409 hie
887 4355 1013 4421 intelligit.
1034 4357 1198 4422 Optimorum
1210 4355 1287 4408 codd.
1300 4355 1377 4408 lectio
1388 4357 1562 4408 vehementer
1572 4369 1636 4408 eon-

315 4434 437 4486 flrmetur
459 4447 475 4484 a
496 4432 687 4498 sequentibus:
710 4433 772 4484 44444
791 4446 816 4484 :e
831 4433 858 4482 tn
874 4447 902 4484 eo
917 4433 1162 4496 procelebrabere
1189 4434 1253 4485 item
1270 4431 1304 4483 ab
1321 4433 1365 4494 iis,
1389 4445 1457 4498 qnae
1474 4431 1597 4497 leguntur
1612 4433 1632 4483 4.

315 4507 340 4573 3.
358 4509 414 4560 tt:
440 4509 476 4560 n.
493 4508 608 4559 amous
624 4513 648 4559 et
668 4508 695 4558 P.
713 4507 1063 4573 Afrtcant--oaoeaotor.a
1082 4511 1173 4559 Gener.
1192 4509 1223 4559 11.
1243 4533 1270 4544 -
1297 4508 1337 4558 40.
1357 4520 1417 4570 pop.
1434 4509 1463 4558 44.
1482 4520 1536 4559 orn.
1554 4506 1583 4558 E.
1604 4531 1632 4544 -

315 4582 356 4636 44.
373 4582 507 4648 :mother
521 4584 599 4647 Lagg.
619 4582 683 4634 dett.
705 4610 732 4621 -
749 4583 777 4633 to
793 4595 847 4634 om.
865 4583 943 4647 [399.
963 4608 992 4621 -
1016 4584 1057 4634 ts.
1076 4583 1211 4645 aliquunde
1227 4583 1257 4636 lt.
1277 4607 1305 4620 -·
1324 4582 1365 4633 46.
1384 4586 1408 4632 :t
1422 4582 1496 4634 oobtt.
1515 4593 1634 4645 meopte

315 4659 379 4710 dett.
398 4659 428 4709 0.
448 4684 476 4694 -
494 4659 535 4709 47.
553 4657 691 4709 monetet
707 4657 793 4722 egeo:
812 4658 951 4709 accersebat
960 4660 987 4710 ‘R
1005 4659 1032 4708 et
1047 4655 1104 4709 rell.
1123 4658 1200 4721 Legg.
1220 4683 1248 4695 -
1265 4656 1333 4722 [ue]
1351 4656 1406 4706 loce
1421 4656 1500 4720 Legg.
1518 4654 1583 4705 dett.
1603 4681 1631 4690 -

313 4733 457 4798 4463046444
473 4728 498 4782 l.
519 4759 546 4770 -
573 4733 613 4784 48.
631 4746 657 4785 :e
671 4733 726 4799 sore
741 4733 819 4796 [399.
848 4760 875 4770 -
902 4733 1065 4786 &umectat
1081 4735 1110 4786 n.
1129 4759 1158 4772 -
1184 4733 1326 4784 mucram
1342 4731 1407 4784 dett.
1435 4758 1462 4769 -
1488 4743 1565 4781 mers.
1582 4741 1634 4780 esre

313 4809 384 4860 ittam
400 4808 452 4859 RE
468 4806 531 4860 hd:
558 4821 608 4860 esso
624 4821 677 4860 om.
697 4810 747 4870 et;
774 4821 875 4860 mooe.
893 4811 929 4862 444.
949 4810 998 4872 69;
1024 4810 1094 4861 ittam
1113 4823 1149 4861 oe.
1168 4822 1217 4861 esee
1233 4807 1297 4860 dett.
1316 4809 1345 4859 0.
1365 4833 1394 4845 -
1412 4806 1452 4858 49.
1469 4803 1634 4855 minuebatur
1682 4840 1683 4843 ¹

313 4885 391 4950 [399.
411 4909 439 4921 -
463 4884 505 4935 st.
523 4883 642 4935 tecum:
657 4885 726 4948 [399
743 4883 862 4948 4444444644
877 4883 915 4949 n).
935 4911 963 4921 -
985 4883 1161 4936 bmeotcdooe
1176 4885 1240 4936 dett.
1259 4885 1287 4935 0.
1307 4909 1335 4921 -
1360 4881 1402 4934 93.
1419 4879 1507 4945 :dioto
1521 4879 1558 4931 449
1570 4875 1586 4928 4
1596 4879 1629 4930 E:

312 4961 432 5025 religione
447 4958 512 5011 dett.
531 4961 560 5012 0.
581 4988 609 4998 -
626 4959 667 5012 94.
684 4973 763 5024 ueqw
779 4959 883 5012 tom
894 4971 952 5022 em.
970 4960 1047 5024 legg.
1068 4987 1095 4996 -
1119 4961 1161 5012 96.
1178 4959 1277 5023 [443440
1293 4960 1321 5011 lt.
1340 4983 1366 4994 -
1386 4957 1505 5008 udducw:
1520 4954 1557 5006 us
1567 4951 1584 5004 4
1594 4953 1629 5005 E:

314 5035 448 5088 odrocoto:
465 5034 529 5087 dett.
544 5062 572 5072 -
584 5036 620 5087 444
635 5037 664 5088 n.
685 5034 783 5102 [malim
798 5036 819 5088 44
835 5033 894 5089 coll.
905 5033 929 5101 ἕ.
943 5034 983 5086 64.
1001 5033 1093 5100 fletu]
1107 5061 1135 5074 -
1146 5034 1189 5088 98.
1206 5031 1387 5099 asportabatur
1402 5031 1470 5086 44344
1488 5030 1530 5097 (et.
1542 5029 1628 5083 ltadv.

314 5123 342 5177 p.
359 5111 424 5178 lt.):
442 5115 620 5178 &poteretur
635 5111 700 5165 dett.
718 5112 748 5164 0.
