<?xml version="1.0" encoding="UTF-8"?>
<!DOCTYPE html PUBLIC "-//W3C//DTD XHTML 1.0 Transitional//EN"
    "http://www.w3.org/TR/xhtml1/DTD/xhtml1-transitional.dtd">
<html xmlns="http://www.w3.org/1999/xhtml" xml:lang="en" lang="en">
 <head>
  <title>
</title>
<meta http-equiv="Content-Type" content="text/html;charset=utf-8" />
  <meta name='ocr-system' content='tesseract 3.04.00' />
  <meta name='ocr-capabilities' content='ocr_page ocr_carea ocr_par ocr_line ocrx_word'/>
</head>
<body>
  <div class='ocr_page' id='page_1' title='image "./mtulliiciceroni00baitgoog_0500.png"; bbox 0 0 3610 5860; ppageno 0'>
   <div class='ocr_carea' id='block_1_1' title="bbox 317 298 1231 372">
    <p class='ocr_par' dir='ltr' id='par_1_1' title="bbox 317 298 1231 372">
     <span class='ocr_line' id='line_1_1' title="bbox 317 298 1231 372; baseline 0.007 -6"><span class='ocrx_word' id='word_1_1' title='bbox 317 298 380 367; x_wconf 75' lang='lat' dir='ltr'>ill</span> <span class='ocrx_word' id='word_1_2' title='bbox 717 301 868 368; x_wconf 68' lang='lat' dir='ltr'>obtuto</span> <span class='ocrx_word' id='word_1_3' title='bbox 889 301 968 370; x_wconf 77' lang='lat' dir='ltr'>utto</span> <span class='ocrx_word' id='word_1_4' title='bbox 989 301 1032 370; x_wconf 85' lang='lat' dir='ltr'>ll.</span> <span class='ocrx_word' id='word_1_5' title='bbox 1052 301 1231 372; x_wconf 72' lang='lat' dir='ltr'>sonmo</span> 
     </span>
    </p>
   </div>
   <div class='ocr_carea' id='block_1_2' title="bbox 118 469 1669 4405">
    <p class='ocr_par' dir='ltr' id='par_1_2' title="bbox 118 469 1669 4405">
     <span class='ocr_line' id='line_1_2' title="bbox 318 469 1669 558; baseline 0 -20"><span class='ocrx_word' id='word_1_6' title='bbox 318 493 446 558; x_wconf 78' lang='lat' dir='ltr'>prosmn</span> <span class='ocrx_word' id='word_1_7' title='bbox 471 489 509 538; x_wconf 86' lang='lat' dir='ltr'>rc</span> <span class='ocrx_word' id='word_1_8' title='bbox 535 473 710 540; x_wconf 77' lang='lat' dir='ltr'>lubidinem</span> <span class='ocrx_word' id='word_1_9' title='bbox 737 475 940 558; x_wconf 68' lang='lat' dir='ltr'>pertinerent.</span> <span class='ocrx_word' id='word_1_10' title='bbox 983 469 1033 537; x_wconf 87' lang='lat'>39.</span> <span class='ocrx_word' id='word_1_11' title='bbox 1057 469 1132 558; x_wconf 74' lang='lat' dir='ltr'>[tt]</span> <span class='ocrx_word' id='word_1_12' title='bbox 1154 473 1266 538; x_wconf 85' lang='lat' dir='ltr'>Exstat</span> <span class='ocrx_word' id='word_1_13' title='bbox 1294 474 1394 542; x_wconf 81' lang='lat' dir='ltr'>cretio</span> <span class='ocrx_word' id='word_1_14' title='bbox 1415 474 1587 550; x_wconf 77' lang='lat' dir='ltr'>hominis,</span> <span class='ocrx_word' id='word_1_15' title='bbox 1623 481 1669 540; x_wconf 77' lang='lat' dir='ltr'>ut</span> 
     </span>
     <span class='ocr_line' id='line_1_3' title="bbox 318 566 1666 654; baseline 0 -22"><span class='ocrx_word' id='word_1_16' title='bbox 318 567 426 650; x_wconf 89' lang='lat' dir='ltr'>opinio</span> <span class='ocrx_word' id='word_1_17' title='bbox 447 587 519 632; x_wconf 87' lang='lat' dir='ltr'>mea</span> <span class='ocrx_word' id='word_1_18' title='bbox 537 568 613 644; x_wconf 82' lang='lat' dir='ltr'>tert,</span> <span class='ocrx_word' id='word_1_19' title='bbox 635 574 813 632; x_wconf 87' lang='lat' dir='ltr'>nostrorum</span> <span class='ocrx_word' id='word_1_20' title='bbox 827 566 991 632; x_wconf 89' lang='lat' dir='ltr'>bominum</span> <span class='ocrx_word' id='word_1_21' title='bbox 1003 568 1097 650; x_wconf 84' lang='lat' dir='ltr'>longe</span> <span class='ocrx_word' id='word_1_22' title='bbox 1110 567 1354 650; x_wconf 69' lang='lat' dir='ltr'>ingeniosissimi</span> <span class='ocrx_word' id='word_1_23' title='bbox 1368 577 1465 654; x_wconf 79' lang='lat' dir='ltr'>atque</span> <span class='ocrx_word' id='word_1_24' title='bbox 1482 569 1666 652; x_wconf 86' lang='lat' dir='ltr'>eloquen-</span> 
     </span>
     <span class='ocr_line' id='line_1_4' title="bbox 318 657 1663 746; baseline 0.001 -22"><span class='ocrx_word' id='word_1_25' title='bbox 318 660 448 736; x_wconf 89' lang='lat' dir='ltr'>tissimi,</span> <span class='ocrx_word' id='word_1_26' title='bbox 477 657 510 725; x_wconf 83' lang='lat' dir='ltr'>C.</span> <span class='ocrx_word' id='word_1_27' title='bbox 533 661 680 728; x_wconf 77' lang='lat' dir='ltr'>Gracchi:</span> <span class='ocrx_word' id='word_1_28' title='bbox 710 682 773 745; x_wconf 91' lang='lat' dir='ltr'>qua</span> <span class='ocrx_word' id='word_1_29' title='bbox 798 662 833 726; x_wconf 90' lang='lat' dir='ltr'>in</span> <span class='ocrx_word' id='word_1_30' title='bbox 854 663 994 726; x_wconf 90' lang='lat' dir='ltr'>oratione</span> <span class='ocrx_word' id='word_1_31' title='bbox 1020 661 1176 746; x_wconf 89' lang='lat' dir='ltr'>permulta</span> <span class='ocrx_word' id='word_1_32' title='bbox 1195 662 1227 726; x_wconf 91' lang='lat' dir='ltr'>in</span> <span class='ocrx_word' id='word_1_33' title='bbox 1249 662 1284 724; x_wconf 91' lang='lat' dir='ltr'>L.</span> <span class='ocrx_word' id='word_1_34' title='bbox 1306 662 1452 726; x_wconf 76' lang='lat' dir='ltr'>Pisonem</span> <span class='ocrx_word' id='word_1_35' title='bbox 1472 664 1594 745; x_wconf 74' lang='lat' dir='ltr'>turpia</span> <span class='ocrx_word' id='word_1_36' title='bbox 1616 683 1663 726; x_wconf 74' lang='lat' dir='ltr'>ae</span> 
     </span>
     <span class='ocr_line' id='line_1_5' title="bbox 318 754 1662 841; baseline 0.001 -23"><span class='ocrx_word' id='word_1_37' title='bbox 318 754 472 837; x_wconf 85' lang='lat' dir='ltr'>tlagitinsa</span> <span class='ocrx_word' id='word_1_38' title='bbox 492 755 649 821; x_wconf 88' lang='lat' dir='ltr'>dicuntur.</span> <span class='ocrx_word' id='word_1_39' title='bbox 689 758 732 820; x_wconf 78' lang='lat' dir='ltr'>at</span> <span class='ocrx_word' id='word_1_40' title='bbox 751 758 784 821; x_wconf 93' lang='lat' dir='ltr'>in</span> <span class='ocrx_word' id='word_1_41' title='bbox 806 776 900 841; x_wconf 83' lang='lat' dir='ltr'>quem</span> <span class='ocrx_word' id='word_1_42' title='bbox 922 755 1040 820; x_wconf 86' lang='lat' dir='ltr'>viruml</span> <span class='ocrx_word' id='word_1_43' title='bbox 1070 755 1126 839; x_wconf 89' lang='lat' dir='ltr'>qui</span> <span class='ocrx_word' id='word_1_44' title='bbox 1146 763 1232 820; x_wconf 85' lang='lat' dir='ltr'>tanta</span> <span class='ocrx_word' id='word_1_45' title='bbox 1251 756 1368 820; x_wconf 81' lang='lat' dir='ltr'>virtute</span> <span class='ocrx_word' id='word_1_46' title='bbox 1388 765 1483 840; x_wconf 86' lang='lat' dir='ltr'>atque</span> <span class='ocrx_word' id='word_1_47' title='bbox 1507 756 1662 838; x_wconf 80' lang='lat' dir='ltr'>integri-</span> 
     </span>
     <span class='ocr_line' id='line_1_6' title="bbox 294 847 1660 936; baseline 0.001 -25"><span class='ocrx_word' id='word_1_48' title='bbox 294 854 383 912; x_wconf 82' lang='lat' dir='ltr'>ntate</span> <span class='ocrx_word' id='word_1_49' title='bbox 403 847 475 925; x_wconf 82' lang='lat' dir='ltr'>tuit,</span> <span class='ocrx_word' id='word_1_50' title='bbox 503 859 539 914; x_wconf 92' lang='lat' dir='ltr'>nt</span> <span class='ocrx_word' id='word_1_51' title='bbox 559 853 653 915; x_wconf 90' lang='lat' dir='ltr'>etiam</span> <span class='ocrx_word' id='word_1_52' title='bbox 673 850 735 915; x_wconf 91' lang='lat' dir='ltr'>illis</span> <span class='ocrx_word' id='word_1_53' title='bbox 758 850 883 936; x_wconf 90' lang='lat' dir='ltr'>optimis</span> <span class='ocrx_word' id='word_1_54' title='bbox 903 847 1111 933; x_wconf 72' lang='lat' dir='ltr'>temporibus,</span> <span class='ocrx_word' id='word_1_55' title='bbox 1142 870 1213 913; x_wconf 93' lang='lat' dir='ltr'>cum</span> <span class='ocrx_word' id='word_1_56' title='bbox 1233 849 1392 915; x_wconf 88' lang='lat' dir='ltr'>bominem</span> <span class='ocrx_word' id='word_1_57' title='bbox 1414 851 1566 914; x_wconf 85' lang='lat' dir='ltr'>invenire</span> <span class='ocrx_word' id='word_1_58' title='bbox 1592 871 1660 914; x_wconf 88' lang='lat' dir='ltr'>ne-</span> 
     </span>
     <span class='ocr_line' id='line_1_7' title="bbox 318 943 1657 1027; baseline 0.001 -21"><span class='ocrx_word' id='word_1_59' title='bbox 318 961 413 1026; x_wconf 79' lang='lat' dir='ltr'>quam</span> <span class='ocrx_word' id='word_1_60' title='bbox 434 945 591 1008; x_wconf 87' lang='lat' dir='ltr'>neminem</span> <span class='ocrx_word' id='word_1_61' title='bbox 613 964 739 1027; x_wconf 91' lang='lat' dir='ltr'>posses,</span> <span class='ocrx_word' id='word_1_62' title='bbox 765 943 851 1008; x_wconf 88' lang='lat' dir='ltr'>solus</span> <span class='ocrx_word' id='word_1_63' title='bbox 879 949 984 1006; x_wconf 89' lang='lat' dir='ltr'>tamen</span> <span class='ocrx_word' id='word_1_64' title='bbox 1010 943 1105 1024; x_wconf 88' lang='lat' dir='ltr'>Frugi</span> <span class='ocrx_word' id='word_1_65' title='bbox 1126 945 1348 1012; x_wconf 87' lang='lat' dir='ltr'>nominaretur.</span> <span class='ocrx_word' id='word_1_66' title='bbox 1382 944 1484 1021; x_wconf 90' lang='lat' dir='ltr'>Quem</span> <span class='ocrx_word' id='word_1_67' title='bbox 1508 965 1593 1008; x_wconf 87' lang='lat' dir='ltr'>cnm</span> <span class='ocrx_word' id='word_1_68' title='bbox 1617 945 1657 1008; x_wconf 92' lang='lat' dir='ltr'>in</span> 
     </span>
     <span class='ocr_line' id='line_1_8' title="bbox 317 1037 1655 1122; baseline 0.001 -22"><span class='ocrx_word' id='word_1_69' title='bbox 317 1037 497 1102; x_wconf 88' lang='lat' dir='ltr'>contionem</span> <span class='ocrx_word' id='word_1_70' title='bbox 518 1037 675 1102; x_wconf 82' lang='lat' dir='ltr'>Gracchus</span> <span class='ocrx_word' id='word_1_71' title='bbox 696 1038 802 1102; x_wconf 77' lang='lat' dir='ltr'>vocam</span> <span class='ocrx_word' id='word_1_72' title='bbox 823 1037 946 1100; x_wconf 87' lang='lat' dir='ltr'>iuberet</span> <span class='ocrx_word' id='word_1_73' title='bbox 969 1044 1002 1099; x_wconf 92' lang='lat' dir='ltr'>et</span> <span class='ocrx_word' id='word_1_74' title='bbox 1022 1037 1123 1100; x_wconf 84' lang='lat' dir='ltr'>viator</span> <span class='ocrx_word' id='word_1_75' title='bbox 1144 1045 1327 1122; x_wconf 87' lang='lat' dir='ltr'>quaereret,</span> <span class='ocrx_word' id='word_1_76' title='bbox 1349 1057 1444 1122; x_wconf 87' lang='lat' dir='ltr'>quern</span> <span class='ocrx_word' id='word_1_77' title='bbox 1466 1039 1655 1102; x_wconf 76' lang='lat' dir='ltr'>Pisonem?</span> 
     </span>
     <span class='ocr_line' id='line_1_9' title="bbox 317 1129 1650 1216; baseline -0.002 -22"><span class='ocrx_word' id='word_1_78' title='bbox 317 1131 404 1214; x_wconf 90' lang='lat' dir='ltr'>qnod</span> <span class='ocrx_word' id='word_1_79' title='bbox 425 1139 513 1196; x_wconf 90' lang='lat' dir='ltr'>erant</span> <span class='ocrx_word' id='word_1_80' title='bbox 532 1131 655 1216; x_wconf 83' lang='lat' dir='ltr'>plures:</span> <span class='ocrx_word' id='word_1_81' title='bbox 687 1132 798 1215; x_wconf 78' lang='lat' dir='ltr'>«cogis</span> <span class='ocrx_word' id='word_1_82' title='bbox 819 1153 888 1207; x_wconf 89' lang='lat' dir='ltr'>me,</span> <span class='ocrx_word' id='word_1_83' title='bbox 918 1132 1035 1214; x_wconf 88' lang='lat' dir='ltr'>inquit,</span> <span class='ocrx_word' id='word_1_84' title='bbox 1064 1129 1170 1194; x_wconf 88' lang='lat' dir='ltr'>dicere</span> <span class='ocrx_word' id='word_1_85' title='bbox 1199 1132 1360 1198; x_wconf 90' lang='lat' dir='ltr'>inimicum</span> <span class='ocrx_word' id='word_1_86' title='bbox 1382 1153 1486 1198; x_wconf 87' lang='lat' dir='ltr'>meum</span> <span class='ocrx_word' id='word_1_87' title='bbox 1508 1136 1650 1216; x_wconf 81' lang='lat' dir='ltr'>Frugi.»</span> 
     </span>
     <span class='ocr_line' id='line_1_10' title="bbox 315 1223 1651 1311; baseline 0.001 -22"><span class='ocrx_word' id='word_1_88' title='bbox 315 1225 346 1289; x_wconf 92' lang='lat' dir='ltr'>ls</span> <span class='ocrx_word' id='word_1_89' title='bbox 374 1227 469 1309; x_wconf 85' lang='lat' dir='ltr'>igitur</span> <span class='ocrx_word' id='word_1_90' title='bbox 495 1227 558 1302; x_wconf 86' lang='lat' dir='ltr'>vir,</span> <span class='ocrx_word' id='word_1_91' title='bbox 588 1246 683 1311; x_wconf 77' lang='lat' dir='ltr'>quaem</span> <span class='ocrx_word' id='word_1_92' title='bbox 711 1246 751 1290; x_wconf 90' lang='lat' dir='ltr'>ne</span> <span class='ocrx_word' id='word_1_93' title='bbox 775 1225 921 1293; x_wconf 87' lang='lat' dir='ltr'>inimicus</span> <span class='ocrx_word' id='word_1_94' title='bbox 942 1223 1072 1309; x_wconf 87' lang='lat' dir='ltr'>quidem</span> <span class='ocrx_word' id='word_1_95' title='bbox 1093 1225 1169 1288; x_wconf 87' lang='lat' dir='ltr'>satis</span> <span class='ocrx_word' id='word_1_96' title='bbox 1191 1225 1225 1288; x_wconf 90' lang='lat' dir='ltr'>in</span> <span class='ocrx_word' id='word_1_97' title='bbox 1247 1226 1436 1309; x_wconf 87' lang='lat' dir='ltr'>appellando</span> <span class='ocrx_word' id='word_1_98' title='bbox 1457 1223 1651 1310; x_wconf 80' lang='lat' dir='ltr'>significare</span> 
     </span>
     <span class='ocr_line' id='line_1_11' title="bbox 278 1317 1649 1405; baseline 0 -21"><span class='ocrx_word' id='word_1_99' title='bbox 278 1327 453 1405; x_wconf 84' lang='lat' dir='ltr'>ttpoterat,</span> <span class='ocrx_word' id='word_1_100' title='bbox 474 1321 535 1384; x_wconf 89' lang='lat' dir='ltr'>nisi</span> <span class='ocrx_word' id='word_1_101' title='bbox 555 1330 629 1386; x_wconf 85' lang='lat' dir='ltr'>ante</span> <span class='ocrx_word' id='word_1_102' title='bbox 650 1320 827 1398; x_wconf 80' lang='lat' dir='ltr'>laudasset3</span> <span class='ocrx_word' id='word_1_103' title='bbox 850 1320 906 1403; x_wconf 87' lang='lat' dir='ltr'>qui</span> <span class='ocrx_word' id='word_1_104' title='bbox 928 1337 992 1382; x_wconf 91' lang='lat' dir='ltr'>uno</span> <span class='ocrx_word' id='word_1_105' title='bbox 1007 1319 1192 1400; x_wconf 88' lang='lat' dir='ltr'>cognomine</span> <span class='ocrx_word' id='word_1_106' title='bbox 1207 1319 1439 1395; x_wconf 77' lang='lat' dir='ltr'><strong>declarabatur,</strong></span> <span class='ocrx_word' id='word_1_107' title='bbox 1460 1339 1528 1384; x_wconf 90' lang='lat' dir='ltr'>non</span> <span class='ocrx_word' id='word_1_108' title='bbox 1541 1317 1649 1384; x_wconf 85' lang='lat' dir='ltr'>modo</span> 
     </span>
     <span class='ocr_line' id='line_1_12' title="bbox 315 1412 1649 1499; baseline -0.001 -22"><span class='ocrx_word' id='word_1_109' title='bbox 315 1416 387 1498; x_wconf 88' lang='lat' dir='ltr'>quis</span> <span class='ocrx_word' id='word_1_110' title='bbox 408 1421 508 1490; x_wconf 88' lang='lat' dir='ltr'>esset,</span> <span class='ocrx_word' id='word_1_111' title='bbox 530 1415 586 1480; x_wconf 88' lang='lat' dir='ltr'>sed</span> <span class='ocrx_word' id='word_1_112' title='bbox 608 1416 702 1479; x_wconf 91' lang='lat' dir='ltr'>etiam</span> <span class='ocrx_word' id='word_1_113' title='bbox 724 1415 825 1499; x_wconf 86' lang='lat' dir='ltr'>qualis</span> <span class='ocrx_word' id='word_1_114' title='bbox 848 1421 947 1477; x_wconf 91' lang='lat' dir='ltr'>esset:</span> <span class='ocrx_word' id='word_1_115' title='bbox 968 1421 1075 1476; x_wconf 71' lang='lat' dir='ltr'>mmen</span> <span class='ocrx_word' id='word_1_116' title='bbox 1096 1414 1129 1476; x_wconf 94' lang='lat' dir='ltr'>in</span> <span class='ocrx_word' id='word_1_117' title='bbox 1149 1412 1260 1476; x_wconf 85' lang='lat' dir='ltr'>falsam</span> <span class='ocrx_word' id='word_1_118' title='bbox 1281 1420 1376 1497; x_wconf 81' lang='lat' dir='ltr'>atque</span> <span class='ocrx_word' id='word_1_119' title='bbox 1398 1413 1540 1496; x_wconf 87' lang='lat' dir='ltr'>iniquam</span> <span class='ocrx_word' id='word_1_120' title='bbox 1562 1433 1649 1496; x_wconf 88' lang='lat' dir='ltr'>pro-</span> 
     </span>
     <span class='ocr_line' id='line_1_13' title="bbox 314 1502 1648 1589; baseline -0.001 -17"><span class='ocrx_word' id='word_1_121' title='bbox 314 1509 442 1574; x_wconf 80' lang='lat' dir='ltr'>brorum</span> <span class='ocrx_word' id='word_1_122' title='bbox 456 1509 721 1574; x_wconf 82' lang='lat' dir='ltr'>insimulationem</span> <span class='ocrx_word' id='word_1_123' title='bbox 735 1509 914 1572; x_wconf 82' lang='lat' dir='ltr'>vocabatur.</span> <span class='ocrx_word' id='word_1_124' title='bbox 948 1502 999 1568; x_wconf 79' lang='lat' dir='ltr'>tt).</span> <span class='ocrx_word' id='word_1_125' title='bbox 1022 1502 1096 1589; x_wconf 86' lang='lat'><strong>[30.]</strong></span> <span class='ocrx_word' id='word_1_126' title='bbox 1119 1508 1162 1570; x_wconf 87' lang='grc' dir='ltr'>Μ.</span> <span class='ocrx_word' id='word_1_127' title='bbox 1176 1508 1326 1571; x_wconf 84' lang='lat' dir='ltr'>Fonteius</span> <span class='ocrx_word' id='word_1_128' title='bbox 1344 1508 1388 1571; x_wconf 90' lang='lat' dir='ltr'>ita</span> <span class='ocrx_word' id='word_1_129' title='bbox 1403 1507 1524 1572; x_wconf 89' lang='lat' dir='ltr'>duabus</span> <span class='ocrx_word' id='word_1_130' title='bbox 1539 1509 1648 1571; x_wconf 87' lang='lat' dir='ltr'>actio-</span> 
     </span>
     <span class='ocr_line' id='line_1_14' title="bbox 315 1598 1647 1684; baseline -0.002 -18"><span class='ocrx_word' id='word_1_131' title='bbox 315 1604 409 1667; x_wconf 88' lang='lat' dir='ltr'>nibus</span> <span class='ocrx_word' id='word_1_132' title='bbox 429 1610 592 1668; x_wconf 89' lang='lat' dir='ltr'>accnsatus</span> <span class='ocrx_word' id='word_1_133' title='bbox 614 1611 676 1678; x_wconf 90' lang='lat' dir='ltr'>est,</span> <span class='ocrx_word' id='word_1_134' title='bbox 699 1610 734 1667; x_wconf 90' lang='lat' dir='ltr'>ut</span> <span class='ocrx_word' id='word_1_135' title='bbox 754 1603 911 1667; x_wconf 88' lang='lat' dir='ltr'>obiectam</span> <span class='ocrx_word' id='word_1_136' title='bbox 931 1599 1010 1664; x_wconf 91' lang='lat' dir='ltr'>nibil</span> <span class='ocrx_word' id='word_1_137' title='bbox 1033 1602 1088 1675; x_wconf 90' lang='lat' dir='ltr'>sit,</span> <span class='ocrx_word' id='word_1_138' title='bbox 1111 1619 1175 1683; x_wconf 86' lang='lat' dir='ltr'>qno</span> <span class='ocrx_word' id='word_1_139' title='bbox 1190 1598 1357 1684; x_wconf 84' lang='lat' dir='ltr'>significari</span> <span class='ocrx_word' id='word_1_140' title='bbox 1372 1602 1539 1684; x_wconf 86' lang='lat' dir='ltr'>vestigium</span> <span class='ocrx_word' id='word_1_141' title='bbox 1555 1601 1647 1664; x_wconf 88' lang='lat' dir='ltr'>lubi-</span> 
     </span>
     <span class='ocr_line' id='line_1_15' title="bbox 315 1693 1646 1781; baseline -0.002 -23"><span class='ocrx_word' id='word_1_142' title='bbox 315 1695 415 1773; x_wconf 90' lang='lat' dir='ltr'>dinis,</span> <span class='ocrx_word' id='word_1_143' title='bbox 436 1697 645 1781; x_wconf 87' lang='lat' dir='ltr'>petulantiae,</span> <span class='ocrx_word' id='word_1_144' title='bbox 667 1694 878 1770; x_wconf 74' lang='lat' dir='ltr'>crudelitatis,</span> <span class='ocrx_word' id='word_1_145' title='bbox 900 1693 1050 1760; x_wconf 81' lang='lat' dir='ltr'>andaciae</span> <span class='ocrx_word' id='word_1_146' title='bbox 1070 1694 1182 1780; x_wconf 90' lang='lat' dir='ltr'>possit.</span> <span class='ocrx_word' id='word_1_147' title='bbox 1215 1697 1286 1758; x_wconf 87' lang='lat' dir='ltr'>Non</span> <span class='ocrx_word' id='word_1_148' title='bbox 1307 1696 1402 1760; x_wconf 90' lang='lat' dir='ltr'>modo</span> <span class='ocrx_word' id='word_1_149' title='bbox 1424 1695 1546 1758; x_wconf 88' lang='lat' dir='ltr'>nullum</span> <span class='ocrx_word' id='word_1_150' title='bbox 1561 1693 1646 1756; x_wconf 73' lang='lat' dir='ltr'>iam-</span> 
     </span>
     <span class='ocr_line' id='line_1_16' title="bbox 278 1788 1643 1876; baseline -0.004 -20"><span class='ocrx_word' id='word_1_151' title='bbox 278 1806 376 1856; x_wconf 81' lang='lat' dir='ltr'>tsnus</span> <span class='ocrx_word' id='word_1_152' title='bbox 405 1793 502 1856; x_wconf 87' lang='lat' dir='ltr'>huius</span> <span class='ocrx_word' id='word_1_153' title='bbox 526 1791 741 1876; x_wconf 88' lang='lat' dir='ltr'>protulerunt,</span> <span class='ocrx_word' id='word_1_154' title='bbox 770 1789 826 1854; x_wconf 92' lang='lat' dir='ltr'>sed</span> <span class='ocrx_word' id='word_1_155' title='bbox 854 1809 894 1852; x_wconf 91' lang='lat' dir='ltr'>nc</span> <span class='ocrx_word' id='word_1_156' title='bbox 916 1789 1034 1852; x_wconf 90' lang='lat' dir='ltr'>dictum</span> <span class='ocrx_word' id='word_1_157' title='bbox 1054 1789 1185 1872; x_wconf 76' lang='lat' dir='ltr'>qusidem</span> <span class='ocrx_word' id='word_1_158' title='bbox 1205 1788 1332 1872; x_wconf 78' lang='lat' dir='ltr'>aliquod</span> <span class='ocrx_word' id='word_1_159' title='bbox 1353 1789 1643 1874; x_wconf 86' lang='lat' dir='ltr'>reprehenderunt.</span> 
     </span>
     <span class='ocr_line' id='line_1_17' title="bbox 315 1880 1646 1969; baseline -0.002 -21"><span class='ocrx_word' id='word_1_160' title='bbox 315 1886 430 1949; x_wconf 83' lang='lat' dir='ltr'>xvttt.</span> <span class='ocrx_word' id='word_1_161' title='bbox 454 1880 561 1969; x_wconf 63' lang='lat' dir='ltr'>[xlm]</span> <span class='ocrx_word' id='word_1_162' title='bbox 585 1883 679 1960; x_wconf 88' lang='lat' dir='ltr'>Quod</span> <span class='ocrx_word' id='word_1_163' title='bbox 705 1885 731 1949; x_wconf 90' lang='lat' dir='ltr'>si</span> <span class='ocrx_word' id='word_1_164' title='bbox 756 1891 811 1948; x_wconf 81' lang='lat' dir='ltr'>aut</span> <span class='ocrx_word' id='word_1_165' title='bbox 839 1889 989 1967; x_wconf 70' lang='lat' dir='ltr'>quantem</span> <span class='ocrx_word' id='word_1_166' title='bbox 1010 1883 1202 1947; x_wconf 87' lang='lat' dir='ltr'>voluntatem</span> <span class='ocrx_word' id='word_1_167' title='bbox 1224 1882 1342 1947; x_wconf 86' lang='lat' dir='ltr'>babent</span> <span class='ocrx_word' id='word_1_168' title='bbox 1361 1885 1402 1948; x_wconf 88' lang='lat' dir='ltr'>ad</span> <span class='ocrx_word' id='word_1_169' title='bbox 1422 1883 1508 1947; x_wconf 89' lang='lat' dir='ltr'>bunc</span> <span class='ocrx_word' id='word_1_170' title='bbox 1529 1883 1646 1965; x_wconf 88' lang='lat' dir='ltr'>oppri-</span> 
     </span>
     <span class='ocr_line' id='line_1_18' title="bbox 316 1975 1644 2063; baseline -0.004 -20"><span class='ocrx_word' id='word_1_171' title='bbox 316 1979 464 2044; x_wconf 85' lang='lat' dir='ltr'>mendum</span> <span class='ocrx_word' id='word_1_172' title='bbox 485 1987 539 2043; x_wconf 91' lang='lat' dir='ltr'>aut</span> <span class='ocrx_word' id='word_1_173' title='bbox 560 1985 709 2063; x_wconf 69' lang='lat' dir='ltr'>mranum</span> <span class='ocrx_word' id='word_1_174' title='bbox 731 1977 771 2041; x_wconf 87' lang='lat' dir='ltr'>ad</span> <span class='ocrx_word' id='word_1_175' title='bbox 793 1977 1046 2042; x_wconf 89' lang='lat' dir='ltr'>maledicendum</span> <span class='ocrx_word' id='word_1_176' title='bbox 1068 1976 1239 2052; x_wconf 89' lang='lat' dir='ltr'>licentiam,</span> <span class='ocrx_word' id='word_1_177' title='bbox 1267 1983 1387 2042; x_wconf 90' lang='lat' dir='ltr'>tantum</span> <span class='ocrx_word' id='word_1_178' title='bbox 1407 1975 1564 2040; x_wconf 88' lang='lat' dir='ltr'>haberent</span> <span class='ocrx_word' id='word_1_179' title='bbox 1584 1981 1644 2038; x_wconf 85' lang='lat' dir='ltr'>sut</span> 
     </span>
     <span class='ocr_line' id='line_1_19' title="bbox 315 2069 1644 2156; baseline -0.003 -18"><span class='ocrx_word' id='word_1_180' title='bbox 315 2072 356 2138; x_wconf 87' lang='lat' dir='ltr'>ad</span> <span class='ocrx_word' id='word_1_181' title='bbox 384 2073 618 2138; x_wconf 89' lang='lat' dir='ltr'>ementiendum</span> <span class='ocrx_word' id='word_1_182' title='bbox 647 2072 744 2136; x_wconf 89' lang='lat' dir='ltr'>animi</span> <span class='ocrx_word' id='word_1_183' title='bbox 768 2078 824 2136; x_wconf 90' lang='lat' dir='ltr'>aut</span> <span class='ocrx_word' id='word_1_184' title='bbox 844 2071 885 2136; x_wconf 89' lang='lat' dir='ltr'>ad</span> <span class='ocrx_word' id='word_1_185' title='bbox 905 2069 1087 2156; x_wconf 86' lang='lat' dir='ltr'>lingendum</span> <span class='ocrx_word' id='word_1_186' title='bbox 1108 2070 1246 2152; x_wconf 89' lang='lat' dir='ltr'>ingenii,</span> <span class='ocrx_word' id='word_1_187' title='bbox 1273 2091 1337 2135; x_wconf 92' lang='lat' dir='ltr'>non</span> <span class='ocrx_word' id='word_1_188' title='bbox 1359 2072 1487 2136; x_wconf 91' lang='lat' dir='ltr'>meliore</span> <span class='ocrx_word' id='word_1_189' title='bbox 1507 2069 1644 2134; x_wconf 76' lang='lat' dir='ltr'>senuna</span> 
     </span>
     <span class='ocr_line' id='line_1_20' title="bbox 316 2164 1643 2250; baseline -0.003 -21"><span class='ocrx_word' id='word_1_190' title='bbox 316 2166 356 2230; x_wconf 92' lang='lat' dir='ltr'>ad</span> <span class='ocrx_word' id='word_1_191' title='bbox 377 2167 491 2250; x_wconf 90' lang='lat' dir='ltr'>probra</span> <span class='ocrx_word' id='word_1_192' title='bbox 510 2185 575 2230; x_wconf 92' lang='lat' dir='ltr'>non</span> <span class='ocrx_word' id='word_1_193' title='bbox 597 2165 754 2230; x_wconf 89' lang='lat' dir='ltr'>audienda</span> <span class='ocrx_word' id='word_1_194' title='bbox 776 2169 818 2231; x_wconf 87' lang='lat' dir='ltr'>bl.</span> <span class='ocrx_word' id='word_1_195' title='bbox 839 2167 1008 2240; x_wconf 85' lang='lat' dir='ltr'>Fonteius,</span> <span class='ocrx_word' id='word_1_196' title='bbox 1034 2185 1129 2248; x_wconf 88' lang='lat' dir='ltr'>quam</span> <span class='ocrx_word' id='word_1_197' title='bbox 1151 2165 1214 2240; x_wconf 91' lang='lat' dir='ltr'>illi,</span> <span class='ocrx_word' id='word_1_198' title='bbox 1236 2164 1276 2228; x_wconf 90' lang='lat' dir='ltr'>de</span> <span class='ocrx_word' id='word_1_199' title='bbox 1299 2166 1414 2250; x_wconf 86' lang='lat' dir='ltr'>quibus</span> <span class='ocrx_word' id='word_1_200' title='bbox 1437 2172 1529 2228; x_wconf 89' lang='lat' dir='ltr'>antee</span> <span class='ocrx_word' id='word_1_201' title='bbox 1551 2183 1643 2226; x_wconf 88' lang='lat' dir='ltr'>com-</span> 
     </span>
     <span class='ocr_line' id='line_1_21' title="bbox 278 2257 1643 2344; baseline -0.004 -20"><span class='ocrx_word' id='word_1_202' title='bbox 278 2262 501 2337; x_wconf 81' lang='lat' dir='ltr'>mmemoravi,</span> <span class='ocrx_word' id='word_1_203' title='bbox 522 2259 645 2324; x_wconf 84' lang='lat' dir='ltr'>fuisset.</span> <span class='ocrx_word' id='word_1_204' title='bbox 674 2261 768 2343; x_wconf 82' lang='lat' dir='ltr'>Frugi</span> <span class='ocrx_word' id='word_1_205' title='bbox 788 2262 884 2344; x_wconf 86' lang='lat' dir='ltr'>igitur</span> <span class='ocrx_word' id='word_1_206' title='bbox 903 2260 1079 2334; x_wconf 89' lang='lat' dir='ltr'>bominem,</span> <span class='ocrx_word' id='word_1_207' title='bbox 1105 2257 1242 2334; x_wconf 88' lang='lat' dir='ltr'>iudices,</span> <span class='ocrx_word' id='word_1_208' title='bbox 1264 2259 1362 2342; x_wconf 82' lang='lat' dir='ltr'>frugi,</span> <span class='ocrx_word' id='word_1_209' title='bbox 1385 2261 1529 2342; x_wconf 84' lang='lat' dir='ltr'>inquam,</span> <span class='ocrx_word' id='word_1_210' title='bbox 1549 2266 1583 2320; x_wconf 91' lang='lat' dir='ltr'>et</span> <span class='ocrx_word' id='word_1_211' title='bbox 1606 2259 1643 2320; x_wconf 89' lang='lat' dir='ltr'>in</span> 
     </span>
     <span class='ocr_line' id='line_1_22' title="bbox 317 2351 1641 2439; baseline -0.004 -20"><span class='ocrx_word' id='word_1_212' title='bbox 317 2355 464 2420; x_wconf 86' lang='lat' dir='ltr'>omnibus</span> <span class='ocrx_word' id='word_1_213' title='bbox 496 2356 579 2419; x_wconf 82' lang='lat' dir='ltr'>vitae</span> <span class='ocrx_word' id='word_1_214' title='bbox 607 2355 746 2438; x_wconf 88' lang='lat' dir='ltr'>partibus</span> <span class='ocrx_word' id='word_1_215' title='bbox 774 2353 968 2418; x_wconf 89' lang='lat' dir='ltr'>moderatum</span> <span class='ocrx_word' id='word_1_216' title='bbox 996 2374 1032 2418; x_wconf 91' lang='lat' dir='ltr'>ac</span> <span class='ocrx_word' id='word_1_217' title='bbox 1065 2361 1307 2437; x_wconf 80' lang='lat' dir='ltr'>temperantem,</span> <span class='ocrx_word' id='word_1_218' title='bbox 1340 2355 1468 2439; x_wconf 89' lang='lat' dir='ltr'>plenum</span> <span class='ocrx_word' id='word_1_219' title='bbox 1494 2351 1641 2435; x_wconf 85' lang='lat' dir='ltr'>pudoris,</span> 
     </span>
     <span class='ocr_line' id='line_1_23' title="bbox 316 2443 1641 2533; baseline 0 -23"><span class='ocrx_word' id='word_1_220' title='bbox 316 2448 446 2533; x_wconf 88' lang='lat' dir='ltr'>plenum</span> <span class='ocrx_word' id='word_1_221' title='bbox 468 2448 581 2523; x_wconf 88' lang='lat' dir='ltr'>officii,</span> <span class='ocrx_word' id='word_1_222' title='bbox 602 2447 732 2531; x_wconf 90' lang='lat' dir='ltr'>plenum</span> <span class='ocrx_word' id='word_1_223' title='bbox 753 2447 930 2530; x_wconf 78' lang='lat' dir='ltr'>religionis,</span> <span class='ocrx_word' id='word_1_224' title='bbox 953 2449 1063 2512; x_wconf 84' lang='lat' dir='ltr'>videtis</span> <span class='ocrx_word' id='word_1_225' title='bbox 1085 2449 1222 2532; x_wconf 89' lang='lat' dir='ltr'>positam</span> <span class='ocrx_word' id='word_1_226' title='bbox 1244 2449 1396 2514; x_wconf 78' lang='lat' dir='ltr'>innostra</span> <span class='ocrx_word' id='word_1_227' title='bbox 1416 2443 1528 2510; x_wconf 83' lang='lat' dir='ltr'>fidene</span> <span class='ocrx_word' id='word_1_228' title='bbox 1545 2453 1641 2529; x_wconf 90' lang='lat' dir='ltr'>pote-</span> 
     </span>
     <span class='ocr_line' id='line_1_24' title="bbox 316 2537 1404 2628; baseline -0.001 -23"><span class='ocrx_word' id='word_1_229' title='bbox 316 2549 397 2606; x_wconf 87' lang='lat' dir='ltr'>state</span> <span class='ocrx_word' id='word_1_230' title='bbox 418 2549 515 2626; x_wconf 92' lang='lat' dir='ltr'>atque</span> <span class='ocrx_word' id='word_1_231' title='bbox 536 2543 598 2616; x_wconf 91' lang='lat' dir='ltr'>ita,</span> <span class='ocrx_word' id='word_1_232' title='bbox 619 2549 655 2605; x_wconf 92' lang='lat' dir='ltr'>ut</span> <span class='ocrx_word' id='word_1_233' title='bbox 675 2542 858 2605; x_wconf 89' lang='lat' dir='ltr'>commissus</span> <span class='ocrx_word' id='word_1_234' title='bbox 879 2540 921 2603; x_wconf 88' lang='lat' dir='ltr'>sit</span> <span class='ocrx_word' id='word_1_235' title='bbox 942 2537 1031 2617; x_wconf 88' lang='lat' dir='ltr'>fidei,</span> <span class='ocrx_word' id='word_1_236' title='bbox 1053 2544 1225 2626; x_wconf 88' lang='lat' dir='ltr'>permissus</span> <span class='ocrx_word' id='word_1_237' title='bbox 1245 2544 1404 2628; x_wconf 77' lang='lat' dir='ltr'>potestati.</span> 
     </span>
     <span class='ocr_line' id='line_1_25' title="bbox 402 2630 1639 2719; baseline 0.004 -22"><span class='ocrx_word' id='word_1_238' title='bbox 402 2630 454 2698; x_wconf 83' lang='lat' dir='ltr'>ll.</span> <span class='ocrx_word' id='word_1_239' title='bbox 478 2630 552 2719; x_wconf 84' lang='lat' dir='ltr'>[3t.]</span> <span class='ocrx_word' id='word_1_240' title='bbox 576 2635 687 2700; x_wconf 84' lang='lat' dir='ltr'>Videte</span> <span class='ocrx_word' id='word_1_241' title='bbox 708 2635 819 2716; x_wconf 89' lang='lat' dir='ltr'>igitur,</span> <span class='ocrx_word' id='word_1_242' title='bbox 848 2642 953 2698; x_wconf 87' lang='lat' dir='ltr'>utrum</span> <span class='ocrx_word' id='word_1_243' title='bbox 973 2636 1013 2698; x_wconf 89' lang='lat' dir='ltr'>sit</span> <span class='ocrx_word' id='word_1_244' title='bbox 1033 2637 1165 2719; x_wconf 87' lang='lat' dir='ltr'>aequius</span> <span class='ocrx_word' id='word_1_245' title='bbox 1186 2636 1347 2700; x_wconf 90' lang='lat' dir='ltr'>bominem</span> <span class='ocrx_word' id='word_1_246' title='bbox 1367 2636 1639 2714; x_wconf 88' lang='lat' dir='ltr'>honestissimum,</span> 
     </span>
     <span class='ocr_line' id='line_1_26' title="bbox 168 2721 1638 2814; baseline 0.002 -22"><span class='ocrx_word' id='word_1_247' title='bbox 168 2721 197 2800; x_wconf 76' lang='lat'><em>6</em></span> <span class='ocrx_word' id='word_1_248' title='bbox 280 2731 419 2794; x_wconf 79' lang='lat' dir='ltr'>revisum</span> <span class='ocrx_word' id='word_1_249' title='bbox 431 2728 658 2812; x_wconf 64' lang='lat' dir='ltr'>¹fortissimum,</span> <span class='ocrx_word' id='word_1_250' title='bbox 681 2729 782 2793; x_wconf 82' lang='lat' dir='ltr'>civem</span> <span class='ocrx_word' id='word_1_251' title='bbox 796 2729 950 2812; x_wconf 90' lang='lat' dir='ltr'>optimum</span> <span class='ocrx_word' id='word_1_252' title='bbox 965 2728 1040 2792; x_wconf 89' lang='lat' dir='ltr'>dedi</span> <span class='ocrx_word' id='word_1_253' title='bbox 1053 2730 1277 2794; x_wconf 83' lang='lat' dir='ltr'>inimicissimis</span> <span class='ocrx_word' id='word_1_254' title='bbox 1293 2739 1387 2814; x_wconf 90' lang='lat' dir='ltr'>atque</span> <span class='ocrx_word' id='word_1_255' title='bbox 1402 2732 1638 2796; x_wconf 83' lang='lat' dir='ltr'>immanissimis</span> 
     </span>
     <span class='ocr_line' id='line_1_27' title="bbox 316 2821 1638 2910; baseline 0.002 -24"><span class='ocrx_word' id='word_1_256' title='bbox 316 2821 498 2887; x_wconf 87' lang='lat' dir='ltr'>nationibus</span> <span class='ocrx_word' id='word_1_257' title='bbox 520 2843 562 2886; x_wconf 88' lang='lat' dir='ltr'>an</span> <span class='ocrx_word' id='word_1_258' title='bbox 583 2823 672 2886; x_wconf 92' lang='lat' dir='ltr'>reddi</span> <span class='ocrx_word' id='word_1_259' title='bbox 692 2823 811 2898; x_wconf 87' lang='lat' dir='ltr'>amicis,</span> <span class='ocrx_word' id='word_1_260' title='bbox 832 2823 1016 2906; x_wconf 88' lang='lat' dir='ltr'>praesertim</span> <span class='ocrx_word' id='word_1_261' title='bbox 1030 2842 1102 2886; x_wconf 89' lang='lat' dir='ltr'>eum</span> <span class='ocrx_word' id='word_1_262' title='bbox 1121 2831 1167 2888; x_wconf 91' lang='lat' dir='ltr'>tot</span> <span class='ocrx_word' id='word_1_263' title='bbox 1184 2845 1234 2890; x_wconf 90' lang='lat' dir='ltr'>res</span> <span class='ocrx_word' id='word_1_264' title='bbox 1248 2827 1325 2901; x_wconf 89' lang='lat' dir='ltr'>sint,</span> <span class='ocrx_word' id='word_1_265' title='bbox 1347 2845 1428 2910; x_wconf 89' lang='lat' dir='ltr'>quae</span> <span class='ocrx_word' id='word_1_266' title='bbox 1443 2827 1552 2891; x_wconf 85' lang='lat' dir='ltr'>vestris</span> <span class='ocrx_word' id='word_1_267' title='bbox 1565 2828 1638 2890; x_wconf 86' lang='lat' dir='ltr'>ani·</span> 
     </span>
     <span class='ocr_line' id='line_1_28' title="bbox 317 2916 1637 3004; baseline 0.001 -23"><span class='ocrx_word' id='word_1_268' title='bbox 317 2918 377 2982; x_wconf 88' lang='lat' dir='ltr'>mis</span> <span class='ocrx_word' id='word_1_269' title='bbox 403 2937 460 3002; x_wconf 91' lang='lat' dir='ltr'>pro</span> <span class='ocrx_word' id='word_1_270' title='bbox 487 2916 583 2981; x_wconf 89' lang='lat' dir='ltr'>buius</span> <span class='ocrx_word' id='word_1_271' title='bbox 610 2917 787 2980; x_wconf 89' lang='lat' dir='ltr'>innocentis</span> <span class='ocrx_word' id='word_1_272' title='bbox 813 2916 914 2980; x_wconf 90' lang='lat' dir='ltr'>salute</span> <span class='ocrx_word' id='word_1_273' title='bbox 935 2917 1128 3001; x_wconf 76' lang='lat' dir='ltr'>supplicentc</span> <span class='ocrx_word' id='word_1_274' title='bbox 1155 2921 1291 3003; x_wconf 88' lang='lat' dir='ltr'>primum</span> <span class='ocrx_word' id='word_1_275' title='bbox 1312 2919 1435 3002; x_wconf 88' lang='lat' dir='ltr'>generis</span> <span class='ocrx_word' id='word_1_276' title='bbox 1456 2920 1637 3004; x_wconf 81' lang='lat' dir='ltr'>antiquitas,</span> 
     </span>
     <span class='ocr_line' id='line_1_29' title="bbox 317 3009 1636 3097; baseline 0.001 -21"><span class='ocrx_word' id='word_1_277' title='bbox 317 3031 413 3096; x_wconf 62' lang='lat' dir='ltr'>wem</span> <span class='ocrx_word' id='word_1_278' title='bbox 434 3012 587 3086; x_wconf 85' lang='lat' dir='ltr'>Tusmrlo,</span> <span class='ocrx_word' id='word_1_279' title='bbox 609 3031 651 3074; x_wconf 83' lang='lat' dir='ltr'>ex</span> <span class='ocrx_word' id='word_1_280' title='bbox 672 3009 844 3074; x_wconf 90' lang='lat' dir='ltr'>clarissimo</span> <span class='ocrx_word' id='word_1_281' title='bbox 859 3011 1027 3097; x_wconf 88' lang='lat' dir='ltr'>municipio</span> <span class='ocrx_word' id='word_1_282' title='bbox 1047 3011 1236 3095; x_wconf 83' lang='lat' dir='ltr'>proiectam,</span> <span class='ocrx_word' id='word_1_283' title='bbox 1257 3015 1291 3078; x_wconf 91' lang='lat' dir='ltr'>in</span> <span class='ocrx_word' id='word_1_284' title='bbox 1305 3015 1517 3079; x_wconf 88' lang='lat' dir='ltr'>monumentis</span> <span class='ocrx_word' id='word_1_285' title='bbox 1530 3034 1636 3077; x_wconf 89' lang='lat' dir='ltr'>rerum</span> 
     </span>
     <span class='ocr_line' id='line_1_30' title="bbox 316 3101 1635 3192; baseline 0.001 -22"><span class='ocrx_word' id='word_1_286' title='bbox 316 3113 474 3192; x_wconf 80' lang='lat' dir='ltr'>gestorum</span> <span class='ocrx_word' id='word_1_287' title='bbox 488 3101 633 3170; x_wconf 81' lang='lat' dir='ltr'>&#39;incisam</span> <span class='ocrx_word' id='word_1_288' title='bbox 654 3123 690 3169; x_wconf 88' lang='lat' dir='ltr'>ac</span> <span class='ocrx_word' id='word_1_289' title='bbox 713 3111 850 3169; x_wconf 90' lang='lat' dir='ltr'>notatam</span> <span class='ocrx_word' id='word_1_290' title='bbox 871 3105 1032 3170; x_wconf 87' lang='lat' dir='ltr'>videmus:</span> <span class='ocrx_word' id='word_1_291' title='bbox 1061 3113 1253 3171; x_wconf 85' lang='lat' dir='ltr'>tumentem</span> <span class='ocrx_word' id='word_1_292' title='bbox 1276 3109 1439 3172; x_wconf 89' lang='lat' dir='ltr'>continuae</span> <span class='ocrx_word' id='word_1_293' title='bbox 1461 3117 1635 3192; x_wconf 72' lang='lat' dir='ltr'>praeturae,</span> 
     </span>
     <span class='ocr_line' id='line_1_31' title="bbox 278 3200 1637 3286; baseline 0.002 -22"><span class='ocrx_word' id='word_1_294' title='bbox 278 3215 397 3286; x_wconf 80' lang='lat' dir='ltr'>ecquae</span> <span class='ocrx_word' id='word_1_295' title='bbox 427 3208 458 3264; x_wconf 90' lang='lat' dir='ltr'>et</span> <span class='ocrx_word' id='word_1_296' title='bbox 486 3201 598 3264; x_wconf 85' lang='lat' dir='ltr'>ceteris</span> <span class='ocrx_word' id='word_1_297' title='bbox 626 3200 818 3263; x_wconf 81' lang='lat' dir='ltr'>ornamentis</span> <span class='ocrx_word' id='word_1_298' title='bbox 840 3207 871 3262; x_wconf 92' lang='lat' dir='ltr'>et</span> <span class='ocrx_word' id='word_1_299' title='bbox 896 3201 1127 3265; x_wconf 85' lang='lat' dir='ltr'>existimatione</span> <span class='ocrx_word' id='word_1_300' title='bbox 1147 3202 1344 3266; x_wconf 88' lang='lat' dir='ltr'>innocentiae</span> <span class='ocrx_word' id='word_1_301' title='bbox 1366 3205 1501 3266; x_wconf 89' lang='lat' dir='ltr'>maxime</span> <span class='ocrx_word' id='word_1_302' title='bbox 1521 3205 1637 3268; x_wconf 86' lang='lat' dir='ltr'>llorue-</span> 
     </span>
     <span class='ocr_line' id='line_1_32' title="bbox 315 3294 1635 3378; baseline -0.001 -16"><span class='ocrx_word' id='word_1_303' title='bbox 315 3305 408 3362; x_wconf 78' lang='lat' dir='ltr'>runts</span> <span class='ocrx_word' id='word_1_304' title='bbox 430 3295 546 3360; x_wconf 88' lang='lat' dir='ltr'>deinde</span> <span class='ocrx_word' id='word_1_305' title='bbox 567 3314 677 3358; x_wconf 89' lang='lat' dir='ltr'>recens</span> <span class='ocrx_word' id='word_1_306' title='bbox 698 3294 849 3357; x_wconf 88' lang='lat' dir='ltr'>memoria</span> <span class='ocrx_word' id='word_1_307' title='bbox 870 3295 1024 3378; x_wconf 89' lang='lat' dir='ltr'>parentis,</span> <span class='ocrx_word' id='word_1_308' title='bbox 1047 3295 1137 3358; x_wconf 90' lang='lat' dir='ltr'>cuins</span> <span class='ocrx_word' id='word_1_309' title='bbox 1159 3297 1311 3378; x_wconf 87' lang='lat' dir='ltr'>sanguine</span> <span class='ocrx_word' id='word_1_310' title='bbox 1332 3316 1397 3359; x_wconf 92' lang='lat' dir='ltr'>non</span> <span class='ocrx_word' id='word_1_311' title='bbox 1418 3298 1521 3360; x_wconf 88' lang='lat' dir='ltr'>solnm</span> <span class='ocrx_word' id='word_1_312' title='bbox 1539 3299 1635 3361; x_wconf 79' lang='lat' dir='ltr'>A&#39;scu-</span> 
     </span>
     <span class='ocr_line' id='line_1_33' title="bbox 315 3387 1632 3472; baseline -0.002 -16"><span class='ocrx_word' id='word_1_313' title='bbox 315 3392 460 3456; x_wconf 88' lang='lat' dir='ltr'>lanorum</span> <span class='ocrx_word' id='word_1_314' title='bbox 488 3409 613 3464; x_wconf 82' lang='lat' dir='ltr'>manus,</span> <span class='ocrx_word' id='word_1_315' title='bbox 643 3408 662 3453; x_wconf 98' lang='lat' dir='ltr'>a</span> <span class='ocrx_word' id='word_1_316' title='bbox 691 3407 755 3472; x_wconf 88' lang='lat' dir='ltr'>qua</span> <span class='ocrx_word' id='word_1_317' title='bbox 784 3387 966 3452; x_wconf 85' lang='lat' dir='ltr'>interiectus</span> <span class='ocrx_word' id='word_1_318' title='bbox 988 3395 1052 3462; x_wconf 90' lang='lat' dir='ltr'>est,</span> <span class='ocrx_word' id='word_1_319' title='bbox 1081 3390 1137 3453; x_wconf 92' lang='lat' dir='ltr'>sed</span> <span class='ocrx_word' id='word_1_320' title='bbox 1158 3395 1259 3454; x_wconf 89' lang='lat' dir='ltr'>totum</span> <span class='ocrx_word' id='word_1_321' title='bbox 1280 3390 1359 3454; x_wconf 94' lang='lat' dir='ltr'>illud</span> <span class='ocrx_word' id='word_1_322' title='bbox 1382 3393 1498 3454; x_wconf 89' lang='lat' dir='ltr'>sociale</span> <span class='ocrx_word' id='word_1_323' title='bbox 1517 3393 1632 3456; x_wconf 89' lang='lat' dir='ltr'>bellum</span> 
     </span>
     <span class='ocr_line' id='line_1_34' title="bbox 316 3481 1632 3568; baseline -0.002 -18"><span class='ocrx_word' id='word_1_324' title='bbox 316 3485 439 3550; x_wconf 88' lang='lat' dir='ltr'>macula</span> <span class='ocrx_word' id='word_1_325' title='bbox 460 3483 586 3548; x_wconf 91' lang='lat' dir='ltr'>sceleris</span> <span class='ocrx_word' id='word_1_326' title='bbox 607 3482 761 3546; x_wconf 89' lang='lat' dir='ltr'>imbutum</span> <span class='ocrx_word' id='word_1_327' title='bbox 784 3488 850 3544; x_wconf 74' lang='lat' dir='ltr'>estc</span> <span class='ocrx_word' id='word_1_328' title='bbox 873 3489 1032 3564; x_wconf 90' lang='lat' dir='ltr'>postremo</span> <span class='ocrx_word' id='word_1_329' title='bbox 1055 3481 1125 3564; x_wconf 90' lang='lat' dir='ltr'>ipso</span> <span class='ocrx_word' id='word_1_330' title='bbox 1147 3503 1217 3545; x_wconf 90' lang='lat' dir='ltr'>cum</span> <span class='ocrx_word' id='word_1_331' title='bbox 1239 3485 1273 3546; x_wconf 92' lang='lat' dir='ltr'>in</span> <span class='ocrx_word' id='word_1_332' title='bbox 1295 3485 1439 3548; x_wconf 90' lang='lat' dir='ltr'>omnibns</span> <span class='ocrx_word' id='word_1_333' title='bbox 1460 3485 1542 3550; x_wconf 82' lang='lat' dir='ltr'>uitae</span> <span class='ocrx_word' id='word_1_334' title='bbox 1563 3505 1632 3568; x_wconf 89' lang='lat' dir='ltr'>par·</span> 
     </span>
     <span class='ocr_line' id='line_1_35' title="bbox 316 3575 1631 3658; baseline -0.002 -15"><span class='ocrx_word' id='word_1_335' title='bbox 316 3580 400 3643; x_wconf 90' lang='lat' dir='ltr'>tibus</span> <span class='ocrx_word' id='word_1_336' title='bbox 427 3578 579 3642; x_wconf 88' lang='lat' dir='ltr'>honestus</span> <span class='ocrx_word' id='word_1_337' title='bbox 607 3583 704 3658; x_wconf 81' lang='lat' dir='ltr'>atque</span> <span class='ocrx_word' id='word_1_338' title='bbox 724 3575 861 3656; x_wconf 79' lang='lat' dir='ltr'>integer,</span> <span class='ocrx_word' id='word_1_339' title='bbox 888 3581 954 3638; x_wconf 90' lang='lat' dir='ltr'>tum</span> <span class='ocrx_word' id='word_1_340' title='bbox 975 3577 1010 3638; x_wconf 91' lang='lat' dir='ltr'>in</span> <span class='ocrx_word' id='word_1_341' title='bbox 1029 3595 1064 3638; x_wconf 92' lang='lat' dir='ltr'>re</span> <span class='ocrx_word' id='word_1_342' title='bbox 1085 3576 1210 3640; x_wconf 90' lang='lat' dir='ltr'>militari</span> <span class='ocrx_word' id='word_1_343' title='bbox 1230 3597 1302 3641; x_wconf 90' lang='lat' dir='ltr'>cum</span> <span class='ocrx_word' id='word_1_344' title='bbox 1324 3581 1435 3641; x_wconf 88' lang='lat' dir='ltr'>summi</span> <span class='ocrx_word' id='word_1_345' title='bbox 1458 3580 1580 3643; x_wconf 88' lang='lat' dir='ltr'>consilii</span> <span class='ocrx_word' id='word_1_346' title='bbox 1601 3587 1631 3642; x_wconf 89' lang='lat' dir='ltr'>et</span> 
     </span>
     <span class='ocr_line' id='line_1_36' title="bbox 277 3670 1630 3757; baseline 0.001 -23"><span class='ocrx_word' id='word_1_347' title='bbox 277 3673 445 3739; x_wconf 62' lang='lat' dir='ltr'>eruanimi</span> <span class='ocrx_word' id='word_1_348' title='bbox 474 3672 585 3747; x_wconf 89' lang='lat' dir='ltr'>animi,</span> <span class='ocrx_word' id='word_1_349' title='bbox 616 3679 683 3734; x_wconf 88' lang='lat' dir='ltr'>tum</span> <span class='ocrx_word' id='word_1_350' title='bbox 710 3689 785 3733; x_wconf 83' lang='lat' dir='ltr'>vero</span> <span class='ocrx_word' id='word_1_351' title='bbox 812 3689 874 3741; x_wconf 88' lang='lat' dir='ltr'>usu</span> <span class='ocrx_word' id='word_1_352' title='bbox 901 3689 1030 3754; x_wconf 84' lang='lat' dir='ltr'>quoque</span> <span class='ocrx_word' id='word_1_353' title='bbox 1056 3670 1209 3734; x_wconf 89' lang='lat' dir='ltr'>bellorum</span> <span class='ocrx_word' id='word_1_354' title='bbox 1237 3672 1444 3754; x_wconf 86' lang='lat' dir='ltr'>gerendorum</span> <span class='ocrx_word' id='word_1_355' title='bbox 1472 3674 1630 3757; x_wconf 89' lang='lat' dir='ltr'>inprimis</span> 
     </span>
     <span class='ocr_line' id='line_1_37' title="bbox 315 3760 1630 3850; baseline -0.002 -18"><span class='ocrx_word' id='word_1_356' title='bbox 315 3789 425 3832; x_wconf 87' lang='lat' dir='ltr'>eorum</span> <span class='ocrx_word' id='word_1_357' title='bbox 446 3765 625 3840; x_wconf 90' lang='lat' dir='ltr'>bominum,</span> <span class='ocrx_word' id='word_1_358' title='bbox 647 3766 905 3848; x_wconf 76' lang='lat' dir='ltr'>quincuncem,</span> <span class='ocrx_word' id='word_1_359' title='bbox 928 3764 1127 3827; x_wconf 82' lang='lat' dir='ltr'>exercitatus.</span> <span class='ocrx_word' id='word_1_360' title='bbox 1170 3765 1257 3826; x_wconf 82' lang='lat' dir='ltr'>xlx.</span> <span class='ocrx_word' id='word_1_361' title='bbox 1271 3760 1322 3827; x_wconf 73' lang='lat' dir='ltr'>la.</span> <span class='ocrx_word' id='word_1_362' title='bbox 1348 3763 1428 3849; x_wconf 80' lang='lat' dir='ltr'><strong>[XV.</strong></span> <span class='ocrx_word' id='word_1_363' title='bbox 1442 3763 1505 3850; x_wconf 68' lang='lat'>32]</span> <span class='ocrx_word' id='word_1_364' title='bbox 1530 3769 1630 3842; x_wconf 89' lang='lat' dir='ltr'>Quare</span> 
     </span>
     <span class='ocr_line' id='line_1_38' title="bbox 316 3857 1630 3943; baseline -0.002 -18"><span class='ocrx_word' id='word_1_365' title='bbox 316 3863 343 3926; x_wconf 92' lang='lat' dir='ltr'>si</span> <span class='ocrx_word' id='word_1_366' title='bbox 365 3862 458 3924; x_wconf 91' lang='lat' dir='ltr'>etiam</span> <span class='ocrx_word' id='word_1_367' title='bbox 479 3858 628 3923; x_wconf 89' lang='lat' dir='ltr'>monendi</span> <span class='ocrx_word' id='word_1_368' title='bbox 650 3859 726 3922; x_wconf 91' lang='lat' dir='ltr'>estis</span> <span class='ocrx_word' id='word_1_369' title='bbox 748 3877 849 3932; x_wconf 89' lang='lat' dir='ltr'>ame,</span> <span class='ocrx_word' id='word_1_370' title='bbox 871 3857 1009 3933; x_wconf 90' lang='lat' dir='ltr'>iudices,</span> <span class='ocrx_word' id='word_1_371' title='bbox 1031 3857 1117 3943; x_wconf 88' lang='lat' dir='ltr'>quod</span> <span class='ocrx_word' id='word_1_372' title='bbox 1132 3877 1197 3921; x_wconf 89' lang='lat' dir='ltr'>non</span> <span class='ocrx_word' id='word_1_373' title='bbox 1213 3859 1305 3934; x_wconf 90' lang='lat' dir='ltr'>estis,</span> <span class='ocrx_word' id='word_1_374' title='bbox 1328 3859 1511 3926; x_wconf 81' lang='lat' dir='ltr'>videorboc</span> <span class='ocrx_word' id='word_1_375' title='bbox 1525 3862 1630 3925; x_wconf 88' lang='lat' dir='ltr'>leviter</span> 
     </span>
     <span class='ocr_line' id='line_1_39' title="bbox 315 3952 1628 4041; baseline -0.002 -23"><span class='ocrx_word' id='word_1_376' title='bbox 315 3975 372 4041; x_wconf 95' lang='lat' dir='ltr'>pro</span> <span class='ocrx_word' id='word_1_377' title='bbox 402 3973 472 4017; x_wconf 90' lang='lat' dir='ltr'>mea</span> <span class='ocrx_word' id='word_1_378' title='bbox 497 3953 681 4016; x_wconf 86' lang='lat' dir='ltr'>auctoritate</span> <span class='ocrx_word' id='word_1_379' title='bbox 709 3952 798 4016; x_wconf 89' lang='lat' dir='ltr'>vobis</span> <span class='ocrx_word' id='word_1_380' title='bbox 824 3953 1003 4037; x_wconf 88' lang='lat' dir='ltr'>praecipere</span> <span class='ocrx_word' id='word_1_381' title='bbox 1025 3974 1136 4036; x_wconf 88' lang='lat' dir='ltr'>posse,</span> <span class='ocrx_word' id='word_1_382' title='bbox 1165 3960 1201 4016; x_wconf 90' lang='lat' dir='ltr'>ut</span> <span class='ocrx_word' id='word_1_383' title='bbox 1222 3973 1263 4016; x_wconf 78' lang='lat' dir='ltr'>ex</span> <span class='ocrx_word' id='word_1_384' title='bbox 1284 3973 1322 4017; x_wconf 90' lang='lat' dir='ltr'>eo</span> <span class='ocrx_word' id='word_1_385' title='bbox 1344 3973 1459 4036; x_wconf 89' lang='lat' dir='ltr'>genere</span> <span class='ocrx_word' id='word_1_386' title='bbox 1480 3955 1628 4028; x_wconf 86' lang='lat' dir='ltr'>homines,</span> 
     </span>
     <span class='ocr_line' id='line_1_40' title="bbox 118 4039 1630 4152; baseline -0.003 -39"><span class='ocrx_word' id='word_1_387' title='bbox 118 4066 208 4152; x_wconf 36' lang='grc' dir='ltr'>(ἵνα</span> <span class='ocrx_word' id='word_1_388' title='bbox 302 4049 450 4134; x_wconf 82' lang='lat' dir='ltr'>(quorum</span> <span class='ocrx_word' id='word_1_389' title='bbox 477 4047 602 4138; x_wconf 79' lang='lat' dir='ltr'>cognita</span> <span class='ocrx_word' id='word_1_390' title='bbox 629 4049 745 4121; x_wconf 80' lang='lat' dir='ltr'>virtus,</span> <span class='ocrx_word' id='word_1_391' title='bbox 776 4045 945 4121; x_wconf 87' lang='lat' dir='ltr'>industria,</span> <span class='ocrx_word' id='word_1_392' title='bbox 974 4046 1107 4110; x_wconf 82' lang='lat' dir='ltr'>felicitas</span> <span class='ocrx_word' id='word_1_393' title='bbox 1128 4047 1162 4109; x_wconf 91' lang='lat' dir='ltr'>in</span> <span class='ocrx_word' id='word_1_394' title='bbox 1183 4067 1217 4110; x_wconf 89' lang='lat' dir='ltr'>re</span> <span class='ocrx_word' id='word_1_395' title='bbox 1238 4048 1362 4110; x_wconf 91' lang='lat' dir='ltr'>militari</span> <span class='ocrx_word' id='word_1_396' title='bbox 1382 4039 1452 4136; x_wconf 60' lang='lat' dir='ltr'>siti</span> <span class='ocrx_word' id='word_1_397' title='bbox 1468 4049 1630 4131; x_wconf 83' lang='lat' dir='ltr'>diligenter</span> 
     </span>
     <span class='ocr_line' id='line_1_41' title="bbox 279 4139 1627 4208; baseline 0 -4"><span class='ocrx_word' id='word_1_398' title='bbox 279 4143 406 4208; x_wconf 82' lang='lat' dir='ltr'>mvobis</span> <span class='ocrx_word' id='word_1_399' title='bbox 428 4140 609 4206; x_wconf 89' lang='lat' dir='ltr'>retinendos</span> <span class='ocrx_word' id='word_1_400' title='bbox 632 4139 828 4204; x_wconf 87' lang='lat' dir='ltr'>existimetis.</span> <span class='ocrx_word' id='word_1_401' title='bbox 864 4139 935 4203; x_wconf 92' lang='lat' dir='ltr'>Fuit</span> <span class='ocrx_word' id='word_1_402' title='bbox 956 4142 1039 4203; x_wconf 89' lang='lat' dir='ltr'>enim</span> <span class='ocrx_word' id='word_1_403' title='bbox 1061 4142 1159 4204; x_wconf 87' lang='lat' dir='ltr'>maior</span> <span class='ocrx_word' id='word_1_404' title='bbox 1180 4141 1288 4206; x_wconf 87' lang='lat' dir='ltr'>talium</span> <span class='ocrx_word' id='word_1_405' title='bbox 1310 4142 1446 4204; x_wconf 85' lang='lat' dir='ltr'>virorum</span> <span class='ocrx_word' id='word_1_406' title='bbox 1468 4143 1501 4204; x_wconf 92' lang='lat' dir='ltr'>in</span> <span class='ocrx_word' id='word_1_407' title='bbox 1522 4142 1578 4204; x_wconf 87' lang='lat' dir='ltr'>bac</span> <span class='ocrx_word' id='word_1_408' title='bbox 1595 4161 1627 4204; x_wconf 90' lang='lat' dir='ltr'>rc</span> 
     </span>
     <span class='ocr_line' id='line_1_42' title="bbox 232 4235 1627 4322; baseline -0.001 -23"><span class='ocrx_word' id='word_1_409' title='bbox 232 4249 236 4260; x_wconf 89' lang='lat'>&#39;</span> <span class='ocrx_word' id='word_1_410' title='bbox 316 4236 442 4322; x_wconf 88' lang='lat' dir='ltr'>publica</span> <span class='ocrx_word' id='word_1_411' title='bbox 463 4235 573 4319; x_wconf 85' lang='lat' dir='ltr'>copia:</span> <span class='ocrx_word' id='word_1_412' title='bbox 595 4255 677 4319; x_wconf 85' lang='lat' dir='ltr'>quae</span> <span class='ocrx_word' id='word_1_413' title='bbox 699 4255 770 4298; x_wconf 91' lang='lat' dir='ltr'>cum</span> <span class='ocrx_word' id='word_1_414' title='bbox 785 4243 885 4308; x_wconf 89' lang='lat' dir='ltr'>esset,</span> <span class='ocrx_word' id='word_1_415' title='bbox 907 4241 1012 4298; x_wconf 65' lang='lat' dir='ltr'>umen</span> <span class='ocrx_word' id='word_1_416' title='bbox 1027 4255 1133 4298; x_wconf 89' lang='lat' dir='ltr'>eorum</span> <span class='ocrx_word' id='word_1_417' title='bbox 1152 4255 1218 4298; x_wconf 90' lang='lat' dir='ltr'>non</span> <span class='ocrx_word' id='word_1_418' title='bbox 1232 4235 1326 4299; x_wconf 92' lang='lat' dir='ltr'>modo</span> <span class='ocrx_word' id='word_1_419' title='bbox 1341 4235 1451 4310; x_wconf 87' lang='lat' dir='ltr'>saluti,</span> <span class='ocrx_word' id='word_1_420' title='bbox 1473 4236 1627 4298; x_wconf 88' lang='lat' dir='ltr'>sedetiam</span> 
     </span>
     <span class='ocr_line' id='line_1_43' title="bbox 315 4326 1626 4405; baseline -0.004 -10"><span class='ocrx_word' id='word_1_421' title='bbox 315 4330 430 4395; x_wconf 83' lang='lat' dir='ltr'>honori</span> <span class='ocrx_word' id='word_1_422' title='bbox 452 4329 680 4394; x_wconf 86' lang='lat' dir='ltr'>consulebatur.</span> <span class='ocrx_word' id='word_1_423' title='bbox 715 4328 798 4405; x_wconf 89' lang='lat' dir='ltr'>Quid</span> <span class='ocrx_word' id='word_1_424' title='bbox 820 4346 905 4391; x_wconf 90' lang='lat' dir='ltr'>nunc</span> <span class='ocrx_word' id='word_1_425' title='bbox 926 4327 1016 4391; x_wconf 81' lang='lat' dir='ltr'>vobis</span> <span class='ocrx_word' id='word_1_426' title='bbox 1037 4326 1216 4393; x_wconf 86' lang='lat' dir='ltr'>iaciendum</span> <span class='ocrx_word' id='word_1_427' title='bbox 1239 4335 1302 4404; x_wconf 90' lang='lat' dir='ltr'>est,</span> <span class='ocrx_word' id='word_1_428' title='bbox 1323 4328 1435 4392; x_wconf 91' lang='lat' dir='ltr'>studiis</span> <span class='ocrx_word' id='word_1_429' title='bbox 1450 4329 1626 4392; x_wconf 84' lang='lat' dir='ltr'>militaribus</span> 
     </span>
    </p>
   </div>
   <div class='ocr_carea' id='block_1_3' title="bbox 316 4540 1626 4839">
    <p class='ocr_par' dir='ltr' id='par_1_3' title="bbox 316 4540 1626 4849">
     <span class='ocr_line' id='line_1_44' title="bbox 382 4540 1624 4606; baseline -0.002 -11"><span class='ocrx_word' id='word_1_430' title='bbox 382 4545 406 4595; x_wconf 85' lang='lat' dir='ltr'>t.</span> <span class='ocrx_word' id='word_1_431' title='bbox 424 4557 456 4595; x_wconf 85' lang='lat' dir='ltr'>nc</span> <span class='ocrx_word' id='word_1_432' title='bbox 467 4542 596 4595; x_wconf 78' lang='lat' dir='ltr'>libidinum</span> <span class='ocrx_word' id='word_1_433' title='bbox 612 4543 738 4594; x_wconf 76' lang='lat' dir='ltr'>Faernus:</span> <span class='ocrx_word' id='word_1_434' title='bbox 761 4543 795 4593; x_wconf 87' lang='lat' dir='ltr'>od</span> <span class='ocrx_word' id='word_1_435' title='bbox 810 4543 942 4593; x_wconf 78' lang='lat' dir='ltr'>lubidinem</span> <span class='ocrx_word' id='word_1_436' title='bbox 952 4542 999 4592; x_wconf 87' lang='lat' dir='ltr'>VS</span> <span class='ocrx_word' id='word_1_437' title='bbox 1018 4540 1074 4605; x_wconf 88' lang='lat' dir='ltr'>(sed</span> <span class='ocrx_word' id='word_1_438' title='bbox 1087 4542 1103 4592; x_wconf 92' lang='lat' dir='ltr'>S</span> <span class='ocrx_word' id='word_1_439' title='bbox 1114 4541 1175 4604; x_wconf 73' lang='lat' dir='ltr'>lib).</span> <span class='ocrx_word' id='word_1_440' title='bbox 1190 4568 1217 4578; x_wconf 90' lang='lat'><em>—</em></span> <span class='ocrx_word' id='word_1_441' title='bbox 1235 4547 1305 4592; x_wconf 79' lang='lat' dir='ltr'>cetat</span> <span class='ocrx_word' id='word_1_442' title='bbox 1316 4543 1371 4593; x_wconf 88' lang='lat' dir='ltr'>VS.</span> <span class='ocrx_word' id='word_1_443' title='bbox 1392 4570 1419 4579; x_wconf 96' lang='lat'><em>-</em></span> <span class='ocrx_word' id='word_1_444' title='bbox 1439 4544 1463 4593; x_wconf 81' lang='lat'>5.</span> <span class='ocrx_word' id='word_1_445' title='bbox 1482 4543 1584 4606; x_wconf 82' lang='lat' dir='ltr'>optumis</span> <span class='ocrx_word' id='word_1_446' title='bbox 1597 4541 1624 4592; x_wconf 86' lang='lat' dir='ltr'>V.</span> 
     </span>
     <span class='ocr_line' id='line_1_45' title="bbox 318 4617 1623 4684; baseline -0.002 -12"><span class='ocrx_word' id='word_1_447' title='bbox 318 4648 345 4658; x_wconf 87' lang='lat'>-</span> <span class='ocrx_word' id='word_1_448' title='bbox 364 4621 389 4672; x_wconf 71' lang='lat'>⁹1.</span> <span class='ocrx_word' id='word_1_449' title='bbox 407 4620 544 4670; x_wconf 82' lang='lat' dir='ltr'>contionem</span> <span class='ocrx_word' id='word_1_450' title='bbox 559 4621 620 4670; x_wconf 84' lang='lat' dir='ltr'>VS:</span> <span class='ocrx_word' id='word_1_451' title='bbox 645 4619 785 4670; x_wconf 71' lang='lat' dir='ltr'>sonnonem</span> <span class='ocrx_word' id='word_1_452' title='bbox 802 4620 831 4668; x_wconf 94' lang='lat'>0.</span> <span class='ocrx_word' id='word_1_453' title='bbox 851 4645 877 4653; x_wconf 94' lang='lat'><em>-</em></span> <span class='ocrx_word' id='word_1_454' title='bbox 897 4623 920 4669; x_wconf 85' lang='lat' dir='ltr'>st</span> <span class='ocrx_word' id='word_1_455' title='bbox 935 4623 1011 4668; x_wconf 81' lang='lat' dir='ltr'>unior</span> <span class='ocrx_word' id='word_1_456' title='bbox 1026 4619 1057 4668; x_wconf 84' lang='lat' dir='ltr'>V.</span> <span class='ocrx_word' id='word_1_457' title='bbox 1078 4644 1104 4653; x_wconf 91' lang='lat'>-</span> <span class='ocrx_word' id='word_1_458' title='bbox 1132 4617 1171 4668; x_wconf 80' lang='grc'>43.</span> <span class='ocrx_word' id='word_1_459' title='bbox 1190 4623 1218 4668; x_wconf 86' lang='lat' dir='ltr'>ut</span> <span class='ocrx_word' id='word_1_460' title='bbox 1234 4618 1257 4669; x_wconf 85' lang='lat' dir='ltr'>ei</span> <span class='ocrx_word' id='word_1_461' title='bbox 1273 4618 1391 4669; x_wconf 75' lang='lat' dir='ltr'>obiectam</span> <span class='ocrx_word' id='word_1_462' title='bbox 1407 4617 1499 4670; x_wconf 91' lang='lat' dir='ltr'>Lamb.</span> <span class='ocrx_word' id='word_1_463' title='bbox 1518 4632 1586 4684; x_wconf 90' lang='lat' dir='ltr'>susp.</span> <span class='ocrx_word' id='word_1_464' title='bbox 1599 4643 1623 4654; x_wconf 97' lang='lat'>-</span> 
     </span>
     <span class='ocr_line' id='line_1_46' title="bbox 317 4691 1626 4758; baseline -0.005 -9"><span class='ocrx_word' id='word_1_465' title='bbox 317 4699 357 4749; x_wconf 76' lang='lat' dir='ltr'>ti.</span> <span class='ocrx_word' id='word_1_466' title='bbox 375 4701 421 4748; x_wconf 86' lang='lat' dir='ltr'>nni</span> <span class='ocrx_word' id='word_1_467' title='bbox 436 4697 471 4747; x_wconf 85' lang='lat' dir='ltr'>ud</span> <span class='ocrx_word' id='word_1_468' title='bbox 486 4694 663 4746; x_wconf 82' lang='lat' dir='ltr'>ernnntiendmn</span> <span class='ocrx_word' id='word_1_469' title='bbox 674 4694 705 4744; x_wconf 92' lang='lat' dir='ltr'>S:</span> <span class='ocrx_word' id='word_1_470' title='bbox 725 4698 769 4744; x_wconf 87' lang='lat' dir='ltr'>ont</span> <span class='ocrx_word' id='word_1_471' title='bbox 785 4694 966 4744; x_wconf 83' lang='lat' dir='ltr'>emencicncium</span> <span class='ocrx_word' id='word_1_472' title='bbox 977 4694 1008 4742; x_wconf 82' lang='lat' dir='ltr'>V.</span> <span class='ocrx_word' id='word_1_473' title='bbox 1022 4720 1050 4729; x_wconf 95' lang='lat'><em>-</em></span> <span class='ocrx_word' id='word_1_474' title='bbox 1067 4691 1125 4758; x_wconf 90' lang='lat' dir='ltr'>non]</span> <span class='ocrx_word' id='word_1_475' title='bbox 1142 4707 1208 4747; x_wconf 87' lang='lat' dir='ltr'>nunc</span> <span class='ocrx_word' id='word_1_476' title='bbox 1224 4695 1250 4746; x_wconf 90' lang='lat' dir='ltr'>S.</span> <span class='ocrx_word' id='word_1_477' title='bbox 1269 4721 1296 4731; x_wconf 90' lang='lat'>-</span> <span class='ocrx_word' id='word_1_478' title='bbox 1315 4695 1355 4744; x_wconf 75' lang='lat'>49.</span> <span class='ocrx_word' id='word_1_479' title='bbox 1374 4695 1500 4746; x_wconf 73' lang='lat' dir='ltr'>commta</span> <span class='ocrx_word' id='word_1_480' title='bbox 1516 4697 1551 4746; x_wconf 81' lang='lat' dir='ltr'>st.</span> <span class='ocrx_word' id='word_1_481' title='bbox 1568 4694 1626 4746; x_wconf 85' lang='lat' dir='ltr'>scri·</span> 
     </span>
     <span class='ocr_line' id='line_1_47' title="bbox 316 4767 1626 4839; baseline -0.003 -15"><span class='ocrx_word' id='word_1_482' title='bbox 316 4774 372 4839; x_wconf 88' lang='lat' dir='ltr'>psi:</span> <span class='ocrx_word' id='word_1_483' title='bbox 389 4771 540 4824; x_wconf 67' lang='lat' dir='ltr'>nummdum</span> <span class='ocrx_word' id='word_1_484' title='bbox 550 4771 581 4832; x_wconf 90' lang='lat' dir='ltr'>V,</span> <span class='ocrx_word' id='word_1_485' title='bbox 599 4769 725 4821; x_wconf 76' lang='lat' dir='ltr'>audienda</span> <span class='ocrx_word' id='word_1_486' title='bbox 740 4770 795 4820; x_wconf 89' lang='lat' dir='ltr'>SO.</span> <span class='ocrx_word' id='word_1_487' title='bbox 813 4795 841 4804; x_wconf 93' lang='lat'><em>-</em></span> <span class='ocrx_word' id='word_1_488' title='bbox 859 4769 900 4820; x_wconf 73' lang='grc' dir='ltr'>ΞΟ.</span> <span class='ocrx_word' id='word_1_489' title='bbox 917 4768 1020 4832; x_wconf 73' lang='lat' dir='ltr'>merent</span> <span class='ocrx_word' id='word_1_490' title='bbox 1036 4767 1061 4817; x_wconf 91' lang='lat' dir='ltr'>S.</span> <span class='ocrx_word' id='word_1_491' title='bbox 1082 4794 1109 4802; x_wconf 92' lang='lat'><em>-</em></span> <span class='ocrx_word' id='word_1_492' title='bbox 1127 4769 1168 4820; x_wconf 71' lang='lat' dir='ltr'>tl.</span> <span class='ocrx_word' id='word_1_493' title='bbox 1183 4768 1221 4832; x_wconf 86' lang='lat' dir='ltr'>pl.</span> <span class='ocrx_word' id='word_1_494' title='bbox 1238 4769 1365 4832; x_wconf 76' lang='lat' dir='ltr'>pauorisv.</span> <span class='ocrx_word' id='word_1_495' title='bbox 1380 4795 1408 4805; x_wconf 94' lang='lat'>—</span> <span class='ocrx_word' id='word_1_496' title='bbox 1426 4767 1466 4821; x_wconf 76' lang='lat' dir='ltr'>tt.</span> <span class='ocrx_word' id='word_1_497' title='bbox 1483 4769 1569 4834; x_wconf 77' lang='lat' dir='ltr'>vimus]</span> <span class='ocrx_word' id='word_1_498' title='bbox 1582 4769 1626 4820; x_wconf 83' lang='lat' dir='ltr'>uite</span> 
     </span>
    </p>
   </div>
   <div class='ocr_carea' id='block_1_4' title="bbox 315 4871 1626 5012">
    <p class='ocr_par' dir='ltr' id='par_1_4' title="bbox 315 4871 1626 5012">
     <span class='ocr_line' id='line_1_48' title="bbox 316 4871 1626 4938; baseline -0.002 -12"><span class='ocrx_word' id='word_1_499' title='bbox 316 4877 348 4927; x_wconf 86' lang='lat' dir='ltr'>V.</span> <span class='ocrx_word' id='word_1_500' title='bbox 369 4901 397 4913; x_wconf 90' lang='lat'><em>-</em></span> <span class='ocrx_word' id='word_1_501' title='bbox 414 4875 455 4926; x_wconf 76' lang='lat' dir='ltr'>il.</span> <span class='ocrx_word' id='word_1_502' title='bbox 473 4873 608 4938; x_wconf 76' lang='lat' dir='ltr'>supplicent</span> <span class='ocrx_word' id='word_1_503' title='bbox 623 4873 657 4923; x_wconf 88' lang='lat' dir='ltr'>S:</span> <span class='ocrx_word' id='word_1_504' title='bbox 680 4872 814 4935; x_wconf 78' lang='lat' dir='ltr'>supplicem</span> <span class='ocrx_word' id='word_1_505' title='bbox 830 4873 861 4922; x_wconf 88' lang='lat' dir='ltr'>V.</span> <span class='ocrx_word' id='word_1_506' title='bbox 876 4897 904 4908; x_wconf 95' lang='lat'><em>—</em></span> <span class='ocrx_word' id='word_1_507' title='bbox 922 4871 962 4922; x_wconf 83' lang='lat'>30.</span> <span class='ocrx_word' id='word_1_508' title='bbox 980 4872 1109 4921; x_wconf 79' lang='lat' dir='ltr'>montmcc</span> <span class='ocrx_word' id='word_1_509' title='bbox 1120 4872 1150 4922; x_wconf 89' lang='lat' dir='ltr'>V.</span> <span class='ocrx_word' id='word_1_510' title='bbox 1171 4895 1198 4909; x_wconf 91' lang='lat'>-</span> <span class='ocrx_word' id='word_1_511' title='bbox 1218 4871 1259 4924; x_wconf 74' lang='lat'>35.</span> <span class='ocrx_word' id='word_1_512' title='bbox 1276 4871 1398 4936; x_wconf 72' lang='lat' dir='ltr'>inprimis</span> <span class='ocrx_word' id='word_1_513' title='bbox 1414 4873 1440 4923; x_wconf 89' lang='lat' dir='ltr'>S.</span> <span class='ocrx_word' id='word_1_514' title='bbox 1459 4897 1487 4908; x_wconf 83' lang='lat'>-</span> <span class='ocrx_word' id='word_1_515' title='bbox 1506 4871 1545 4924; x_wconf 79' lang='lat'>³7.</span> <span class='ocrx_word' id='word_1_516' title='bbox 1563 4885 1626 4923; x_wconf 87' lang='lat' dir='ltr'>cns</span> 
     </span>
     <span class='ocr_line' id='line_1_49' title="bbox 315 4945 1623 5012; baseline -0.005 -8"><span class='ocrx_word' id='word_1_517' title='bbox 315 4952 408 5004; x_wconf 84' lang='lat' dir='ltr'>sudiees</span> <span class='ocrx_word' id='word_1_518' title='bbox 423 4963 476 5002; x_wconf 90' lang='lat' dir='ltr'>om.</span> <span class='ocrx_word' id='word_1_519' title='bbox 490 4951 508 5000; x_wconf 86' lang='lat' dir='ltr'>S</span> <span class='ocrx_word' id='word_1_520' title='bbox 524 4951 551 5001; x_wconf 90' lang='lat' dir='ltr'>ei</span> <span class='ocrx_word' id='word_1_521' title='bbox 566 4948 649 5000; x_wconf 88' lang='lat' dir='ltr'>hebet</span> <span class='ocrx_word' id='word_1_522' title='bbox 664 4947 760 5000; x_wconf 90' lang='lat' dir='ltr'>deinde</span> <span class='ocrx_word' id='word_1_523' title='bbox 776 4949 868 4999; x_wconf 84' lang='lat' dir='ltr'>iudices</span> <span class='ocrx_word' id='word_1_524' title='bbox 884 4959 934 5012; x_wconf 92' lang='lat' dir='ltr'>pro</span> <span class='ocrx_word' id='word_1_525' title='bbox 949 4946 1043 4997; x_wconf 84' lang='lat' dir='ltr'>uidcor.</span> <span class='ocrx_word' id='word_1_526' title='bbox 1057 4971 1084 4981; x_wconf 94' lang='lat'>-</span> <span class='ocrx_word' id='word_1_527' title='bbox 1103 4946 1190 4998; x_wconf 83' lang='lat' dir='ltr'>imiter</span> <span class='ocrx_word' id='word_1_528' title='bbox 1200 4945 1282 4999; x_wconf 82' lang='lat' dir='ltr'>Klotz.</span> <span class='ocrx_word' id='word_1_529' title='bbox 1296 4973 1325 4986; x_wconf 95' lang='lat'>-</span> <span class='ocrx_word' id='word_1_530' title='bbox 1344 4947 1384 4998; x_wconf 82' lang='lat'>38.</span> <span class='ocrx_word' id='word_1_531' title='bbox 1397 4959 1454 4998; x_wconf 85' lang='lat' dir='ltr'>men</span> <span class='ocrx_word' id='word_1_532' title='bbox 1464 4949 1493 4998; x_wconf 89' lang='lat' dir='ltr'>S:</span> <span class='ocrx_word' id='word_1_533' title='bbox 1510 4961 1549 5000; x_wconf 87' lang='lat' dir='ltr'>ms</span> <span class='ocrx_word' id='word_1_534' title='bbox 1559 4948 1587 4998; x_wconf 79' lang='lat' dir='ltr'>V.</span> <span class='ocrx_word' id='word_1_535' title='bbox 1599 4973 1623 4984; x_wconf 90' lang='lat'>·-</span> 
     </span>
    </p>
   </div>
   <div class='ocr_carea' id='block_1_5' title="bbox 318 5021 1162 5098">
    <p class='ocr_par' dir='ltr' id='par_1_5' title="bbox 318 5021 1162 5098">
     <span class='ocr_line' id='line_1_50' title="bbox 318 5021 1162 5098; baseline -0.008 -16"><span class='ocrx_word' id='word_1_536' title='bbox 318 5025 359 5084; x_wconf 84' lang='lat' dir='ltr'>it).</span> <span class='ocrx_word' id='word_1_537' title='bbox 378 5025 451 5096; x_wconf 75' lang='lat' dir='ltr'>min]</span> <span class='ocrx_word' id='word_1_538' title='bbox 468 5025 527 5078; x_wconf 72' lang='lat' dir='ltr'>otiu</span> <span class='ocrx_word' id='word_1_539' title='bbox 543 5025 691 5092; x_wconf 87' lang='lat' dir='ltr'>suspicatur</span> <span class='ocrx_word' id='word_1_540' title='bbox 707 5024 905 5098; x_wconf 80' lang='lat' dir='ltr'>Mommscnlus.</span> <span class='ocrx_word' id='word_1_541' title='bbox 925 5050 952 5062; x_wconf 91' lang='lat'>-</span> <span class='ocrx_word' id='word_1_542' title='bbox 970 5021 1012 5076; x_wconf 86' lang='lat' dir='ltr'>tt.</span> <span class='ocrx_word' id='word_1_543' title='bbox 1030 5021 1117 5073; x_wconf 72' lang='lat' dir='ltr'>smutts</span> <span class='ocrx_word' id='word_1_544' title='bbox 1132 5024 1162 5075; x_wconf 91' lang='lat' dir='ltr'>v.</span> 
     </span>
    </p>
   </div>
   <div class='ocr_carea' id='block_1_6' title="bbox 0 0 1810 5860">
    <p class='ocr_par' dir='ltr' id='par_1_6' title="bbox 0 0 1810 5860">
     <span class='ocr_line' id='line_1_51' title="bbox 0 0 1810 5860; baseline 0 12"><span class='ocrx_word' id='word_1_545' title='bbox 0 0 1810 5860; x_wconf 95' lang='lat' dir='ltr'> </span> 
     </span>
    </p>
   </div>
  </div>
 </body>
</html>
