3638 5868
428 444 499 510 4ιι.
520 443 573 508 lV.
602 441 676 507 Gar.
695 439 905 506 XLIX-LI.
931 435 990 524 §S-
1011 433 1201 503 tos-tta.
1436 434 1499 502 365

185 613 446 699 antiquissimum.
489 614 526 677 ld
547 612 687 690 sustulit,
709 633 746 676 ao
764 619 870 676 tamen
892 630 929 675 eo
951 616 1116 675 contentus
1137 629 1202 673 non
1222 607 1291 672 luit
1325 603 1397 671 tto.
1418 609 1499 672 Ante

186 709 297 772 aedem
314 708 435 774 Cereris
457 709 490 772 in
511 714 620 792 aperto
642 727 679 771 ac
700 707 865 792 propatulo
886 705 955 771 loeo
970 706 1058 787 signa
1072 704 1136 768 duo
1151 710 1234 778 sunt,
1257 702 1377 766 Cereris
1392 721 1500 778 unum,

185 803 316 866 alterum
349 803 547 887 Triptolemi,
579 802 799 890 pulcherrima,
821 821 858 865 ao
890 799 1061 885 perampla.
1087 778 1317 876 {Pmohmudo
1349 797 1500 881 periculo,
1609 784 1685 850 ''a“

186 896 358 981 amplitudo
381 897 473 960 saluti
493 885 803 1005 fuit,(quod{eor'um
826 895 985 960 demolitio
1007 901 1102 978 atque
1124 893 1293 975 asportatio
1308 886 1501 975 perdifficilis

186 982 373 1093 videbatur)
393 991 560 1053 lusistebat
579 1011 613 1052 ιιι
635 1010 729 1053 manu
751 990 873 1054 Cereris
888 989 998 1052 dextra
1012 987 1129 1071 grande
1144 986 1342 1050 simulacrum
1356 981 1524 1068 pulcher-⁵
1598 979 1703 1070 pk«
1815 1032 1816 1042 .

185 1085 264 1148 rime
290 1084 407 1148 lectiam
435 1084 599 1148 Victoriae.
642 1085 709 1148 Hoc
731 1085 791 1147 iste
813 1104 831 1147 e
852 1085 941 1166 signo
965 1081 1084 1145 Cereris
1113 1079 1312 1146 avellendum
1340 1084 1502 1161 asportan-

186 1180 325 1263 dumque
347 1179 475 1243 ouravit.
512 1162 632 1270 utqui
653 1177 779 1241 tandem
801 1177 891 1240 istius
913 1177 1033 1241 animus
1056 1182 1104 1238 est
1124 1194 1208 1238 nnnc
1228 1175 1263 1236 in
1283 1171 1502 1236 recordatione
1626 1220 1644 1270 p
1669 1177 1695 1264 ,e

186 1273 340 1336 scelerum
361 1263 518 1388 suorum)
534 1291 605 1334 cum
628 1291 685 1354 ego
708 1272 776 1355 ipse
797 1271 832 1333 in
853 1271 1146 1334 commemoratione
1175 1287 1289 1331 eorum
1314 1286 1378 1330 non
1399 1268 1502 1330 solum

187 1367 292 1429 animo
315 1385 521 1440 commovear,
542 1386 651 1429 verum
673 1365 768 1428 etiam
789 1376 919 1449 corpore
933 1364 1190 1448 perhorrescam?
1222 1362 1317 1425 Venit
1330 1362 1413 1424 enim
1426 1361 1503 1423 mibi

185 1460 260 1534 fani,
282 1461 355 1536 looi,
376 1461 537 1544 religionis
558 1460 644 1523 illius
665 1461 699 1523 in
721 1465 875 1522 mentem:
898 1465 1062 1524 versantur
1082 1465 1155 1521 ante
1170 1456 1279 1520 oculos
1293 1456 1415 1520 omnia:
1436 1455 1540 1518 dicato

185 1555 257 1629 ille,
287 1576 369 1640 quo,
397 1575 455 1638 ego
477 1555 623 1618 Hennam
645 1575 716 1617 oum
737 1555 912 1628 venissem,
938 1560 1064 1636 praesto
1086 1553 1163 1615 mibi
1184 1550 1359 1615 sacerdotes
1383 1550 1504 1614 Cereris

187 1669 258 1712 cum
279 1649 388 1714 infulis
416 1669 453 1712 ao
479 1647 624 1712 verbenis
650 1647 795 1711 fluerunt:
827 1647 930 1711 contio
960 1655 1196 1730 conventusque
1222 1645 1352 1719 civium,
1379 1645 1412 1706 in
1442 1664 1504 1728 quo

188 1762 247 1824 ego
270 1764 340 1806 eum
361 1743 525 1827 loquerer,
555 1743 635 1805 tanti
657 1742 790 1826 gemitus
811 1737 1124 1830 lletusqvmssfiebant,
1145 1748 1182 1804 ut
1202 1738 1417 1803 acerbissimus
1440 1744 1506 1800 tota

186 1837 263 1900 urbe
285 1837 388 1900 luctus
409 1838 529 1900 versari
550 1837 718 1901 videretur.
763 1829 835 1897 lll.
864 1837 933 1898 Non
960 1835 1007 1898 illi
1035 1835 1236 1898 decumarum
1264 1833 1409 1918 imperia,
1440 1852 1505 1896 non

186 1933 341 1996 bonorum
363 1931 566 2014 direptiones,
587 1950 652 1994 non
672 1931 783 2014 iniqua
803 1929 928 2003 iudicia,
949 1949 1013 1992 non
1033 1930 1228 2011 importunas
1242 1927 1333 1990 istius
1348 1925 1542 2002 libidineque

186 2046 252 2090 non
272 2026 354 2102 vim,
375 2045 441 2088 uon
463 2025 688 2099 contumelias,
712 2025 826 2108 quibus
847 2024 952 2087 vexati
973 2023 1178 2107 oppressique
1200 2028 1303 2095 erant,
1332 2037 1506 2103 conquere-

186 2121 316 2183 bantur:
357 2119 478 2183 Cereris
512 2139 646 2194 numen,
679 2137 838 2181 sacrorum
867 2123 1071 2191 vetustatem,
1106 2115 1172 2178 tani
1203 2116 1388 2198 religionem
1414 2112 1506 2176 istius

188 2212 419 2278 sceleratissimi
454 2219 549 2298 atque
585 2211 783 2276 audacissimi
810 2211 964 2296 supplicio
994 2211 1115 2294 expiari
1140 2210 1303 2276 volebant:
1338 2208 1445 2273 omnia
1471 2227 1506 2272 se

188 2316 291 2373 cetera
312 2307 378 2391 pati
400 2327 437 2370 ac
458 2307 619 2390 negligere
642 2306 797 2370 dicebant.
827 2305 886 2368 Hic
908 2305 1000 2368 dolor
1020 2312 1087 2368 erat
1107 2311 1222 2380 tantus,
1242 2310 1279 2366 ut
1292 2303 1406 2367 Verres
1428 2302 1506 2366 alter

188 2400 288 2465 Orous
309 2401 434 2465 venisse
455 2401 600 2464 Hennam
621 2408 654 2464 et
674 2419 738 2463 non
759 2399 978 2483 Proserpinam
1000 2403 1193 2482 asportasse,
1223 2397 1279 2461 sed
1300 2396 1401 2480 ipsam
1423 2396 1543 2460 absi-to

186 2497 293 2579 puisse
318 2497 461 2559 Cererem
482 2496 650 2558 videretur.
680 2495 804 2558 Etenim
824 2494 900 2556 urbs
921 2492 977 2557 illa
997 2513 1063 2556 non
1083 2493 1158 2555 urbs
1173 2492 1305 2566 videtur,
1328 2490 1384 2553 sed
1397 2489 1505 2552 lanum

189 2590 309 2653 Cereris
332 2609 418 2653 esse:
439 2588 581 2652 babitare
602 2589 685 2672 apud
707 2608 776 2652 sese
792 2589 936 2650 Cererem
951 2587 1138 2651 Hennenses
1159 2585 1358 2658 arbitrantur,
1379 2590 1415 2646 ut
1428 2582 1505 2646 mibi

187 2703 252 2747 non
274 2685 358 2748 cives
387 2683 474 2746 illins
500 2682 649 2757 civitatis,
678 2683 733 2745 sed
762 2701 870 2746 omnes
900 2680 1094 2755 sacerdotes,
1122 2699 1231 2744 omnes
1256 2679 1381 2743 accolae
1410 2685 1505 2762 atque

187 2778 342 2841 antistites
372 2776 494 2840 Cereris
523 2795 592 2839 esse
620 2775 794 2855 videantur.
845 2770 916 2838 442.
949 2775 1062 2837 Henna
1091 2781 1126 2836 tu
1153 2774 1353 2838 simulacrum
1384 2772 1505 2836 Cereris

188 2872 299 2935 tollere
321 2870 479 2933 audebas?
516 2869 629 2932 Henna
648 2879 682 2933 tu
705 2872 743 2933 de
765 2890 860 2932 mauu
883 2868 1005 2932 Cereris
1027 2869 1197 2932 Victoriam
1218 2867 1340 2952 eripere
1362 2874 1395 2931 et
1415 2867 1544 2930 deamat

188 2966 267 3030 deae
289 2964 454 3031 detrahere
477 2969 606 3027 conatus
629 2968 684 3027 est
721 2984 855 3048 quorum
885 2963 965 3026 nibil
990 2963 1124 3037 violare,
1151 2962 1230 3025 nibil
1258 2962 1410 3044 attingere
1437 2960 1507 3024 ausi

188 3069 271 3135 sunt,
293 3059 327 3122 in
350 3057 464 3142 quibus
486 3063 574 3119 eraut
594 3059 712 3133 omnia,
735 3077 816 3142 quae
839 3056 949 3120 sceleri
970 3057 1117 3141 propiora
1138 3063 1212 3119 sunt
1233 3076 1328 3140 quam
1349 3054 1507 3138 religioni.

188 3157 371 3246 Tenuerunt
400 3153 484 3214 enim
493 3137 545 3238 (P.
573 3152 706 3236 Popillio
734 3153 768 3215 Ρ.
796 3150 922 3235 Rupilio
951 3139 1255 3240 consulibuslillum
1282 3150 1387 3212 locum
1415 3147 1507 3222 servi,

187 3245 327 3332 fugitivi,
348 3245 488 3321 barbari,
510 3246 636 3321 hostes;
659 3245 715 3308 sed
736 3265 842 3329 neque
864 3251 927 3306 tam
949 3245 1031 3307 servi
1052 3243 1099 3306 illi
1122 3243 1335 3317 dominorum,
1358 3262 1452 3326 quam
1473 3249 1508 3305 tu

188 3343 372 3417 libidinum;
394 3360 500 3423 neque
521 3346 585 3402 tam
605 3338 728 3422 fugitivi
749 3339 797 3402 illi
812 3339 851 3400 ab
867 3337 1013 3412 dominis,
1035 3357 1129 3421 quam
1150 3344 1185 3400 tu
1205 3338 1246 3400 ab
1266 3338 1335 3400 iure
1357 3343 1389 3399 et
1408 3336 1448 3400 ab
1462 3334 1544 3400 leto

189 3439 297 3522 gibus3
318 3455 423 3519 neque
444 3441 508 3497 tam
528 3433 653 3498 barbari
673 3434 782 3516 lingua
804 3440 835 3495 et
848 3431 975 3495 natione
997 3431 1054 3506 illi,
1077 3451 1171 3516 qnam
1191 3438 1226 3494 tu
1241 3439 1354 3494 natura
1368 3438 1400 3495 et
1414 3430 1508 3494 mori·

188 3534 264 3609 bus3
287 3549 391 3614 neque
413 3535 476 3592 tam
498 3528 546 3590 illi
566 3527 673 3590 hostes
695 3526 884 3601 bominibus,
908 3544 1003 3610 quam
1024 3531 1059 3589 tu
1080 3525 1130 3589 dis
1147 3525 1385 3589 immortalibus.
1419 3525 1507 3600 Quae

190 3627 369 3711 deprecatio
391 3629 440 3687 est
459 3623 555 3705 igitur
576 3622 605 3685 ei
627 3621 760 3705 reliqua,
783 3620 839 3704 qui
860 3619 1046 3702 indignitate
1068 3639 1187 3695 servos,
1208 3620 1382 3684 temeritate
1403 3618 1509 3702 lugiti-

189 3740 256 3795 vos,
277 3719 396 3782 scelere
417 3717 576 3792 barbaros,
598 3715 783 3779 erudelitate
796 3714 904 3779 hostes
918 3715 1047 3779 vicerit?
1084 3717 1133 3779 Ll.
1156 3709 1228 3778 443.
1249 3714 1391 3779 Audistis
1405 3713 1509 3778 Theo-

190 3811 302 3878 dorum
323 3820 356 3876 et
375 3810 565 3876 Numenium
594 3817 625 3874 et
645 3810 861 3885 Nicasionem,
882 3809 1018 3901 4434493ι
1024 3808 1228 3884 Hennenses,
1256 3807 1386 3894 publico
1403 3808 1546 3873 dicereeas

257 4102 281 4155 4.
299 4113 330 4153 oo
346 4106 428 4152 trono
443 4100 473 4163 44,
492 4099 538 4162 Gi,
556 4097 603 4162 Ld,
623 4099 638 4150 3
654 4099 749 4164 lagg:
767 4103 790 4152 ct
806 4104 888 4150 raons
904 4099 956 4158 sl;
974 4101 1085 4150 44444444
1101 4095 1166 4148 dett.
1182 4123 1209 4134 -
1222 4098 1247 4148 4.
1265 4099 1431 4162 etpropotuto
1441 4097 1509 4163 4334

190 4176 231 4230 39,
244 4205 272 4216 -
285 4179 309 4230 3.
327 4182 351 4229 ot
363 4176 447 4240 patula.
460 4175 625 4238 etperornplo
635 4175 699 4226 dett.
713 4175 775 4225 0.-
786 4175 944 4238 pulchritudo
955 4175 1006 4225 aa:
1023 4173 1227 4236 nemausum
1238 4171 1303 4224 dett.
1315 4174 1377 4224 0.-
1389 4175 1415 4225 a.
1427 4175 1511 4224 deatro

190 4253 208 4306 44
229 4265 269 4320 pr.
287 4265 324 4304 ιιι.
339 4280 367 4290 -
379 4251 476 4317 grande
491 4261 544 4300 om.
564 4249 628 4300 dett.
647 4251 676 4300 0.
693 4275 720 4286 -
733 4251 758 4301 4.
775 4251 947 4300 recordatione
963 4248 1000 4300 443
1016 4249 1046 4311 Ε,
1064 4249 1080 4299 b
1098 4246 1175 4299 codd.
1189 4247 1249 4298 Lbi:
1267 4250 1433 4314 racoprrtnora
1444 4249 1509 4299 dett.

191 4330 220 4405 φ.
236 4357 261 4367 -
276 4329 316 4379 tt.
334 4328 384 4390 aa,
402 4339 459 4377 urm
475 4339 520 4390 opo
535 4326 566 4376 H.
584 4339 609 4376 o.
627 4325 678 4386 443;
698 4323 739 4375 tlte
755 4337 803 4388 quo
820 4337 877 4375 eam
893 4336 937 4388 epo
952 4323 982 4374 H.
1000 4337 1025 4372 v.
1044 4321 1077 4373 al.
1096 4323 1123 4373 iu
1140 4335 1222 4387 marg.
1242 4322 1315 4374 4384.
1334 4325 1361 4374 et
1377 4324 1416 4374 ste
1427 4322 1508 4372 Klotz.

193 4429 220 4440 -
239 4404 290 4455 dios
304 4402 345 4453 illc
357 4402 485 4452 --contic
502 4413 555 4451 om.
574 4401 603 4451 E.
624 4424 651 4437 -
671 4401 711 4450 49.
734 4401 867 4452 conticit:
892 4401 977 4450 condo
993 4400 1022 4450 0.
1044 4425 1072 4436 -·
1091 4399 1130 4449 43.
1153 4412 1217 4464 gun.
1240 4401 1359 4464 petroque
1375 4401 1421 4462 443,
1439 4399 1459 4450 E
1476 4396 1508 4448 l:

189 4483 261 4545 4444444
276 4479 428 4543 gemitusque
445 4476 509 4527 deb.
527 4477 603 4528 biart.
623 4477 686 4540 Cap.
705 4487 731 4540 p.
749 4477 807 4526 4444.
823 4478 866 4526 Gr.
886 4475 941 4537 (444
958 4474 1052 4539 Kopp.)
1070 4474 1099 4525 0.
1118 4474 1182 4524 «llic
1199 4475 1292 4525 Cicero
1309 4475 1437 4525 Catonem
1454 4473 1512 4523 imi-

190 4557 261 4606 tatur
277 4567 319 4618 ap.
333 4551 396 4603 Gell.
409 4553 440 4603 X.
454 4552 494 4602 3.»
513 4553 605 4602 Gerar.
622 4552 653 4600 ll.
675 4575 702 4586 -·
721 4552 762 4601 445.
780 4551 936 4614 importamus
946 4550 991 4610 R3,
1009 4547 1026 4598 λ
1043 4549 1217 4612 (inoportuoos
1227 4549 1270 4613 ill:
1288 4549 1513 4612 importunissimos

192 4630 255 4681 dett.
275 4629 303 4679 0.
324 4651 351 4664 -·
371 4626 410 4678 46.
427 4627 514 4677 cecati
529 4626 565 4677 443
582 4623 609 4675 l:
634 4626 713 4689 operti
729 4625 793 4676 dett.
813 4627 842 4677 0.
863 4653 891 4663 -
909 4625 950 4676 49.
967 4625 1095 4688 nquam
1111 4625 1140 4673 44.
1162 4649 1190 4660 -
1211 4625 1458 4676 venuensem.
1477 4621 1512 4672 ad

191 4708 256 4756 Aen.
274 4703 317 4753 VI.
335 4703 391 4752 343.
409 4701 480 4752 unde
497 4702 645 4766 suspicatur
661 4699 776 4765 glossam
788 4713 848 4753 ease
866 4701 952 4751 Garat.
969 4701 1001 4750 11.
1021 4723 1049 4736 -
1062 4699 1103 4750 39.
1121 4699 1190 4762 opud
1204 4713 1230 4750 sc
1245 4700 1323 4763 4349.
1339 4725 1365 4736 -
1379 4697 1421 4749 43.
1434 4695 1513 4746 moab

192 4783 212 4831 44
228 4795 255 4846 p.
273 4793 310 4830 m.
331 4805 357 4815 -
381 4776 421 4830 44.
441 4778 564 4827 mertuos
579 4778 599 4827 44
615 4791 642 4842 p.
661 4790 698 4828 ιιι.
717 4789 786 4827 corr.
805 4775 916 4828 eadem.
932 4799 959 4810 -
983 4774 1072 4825 Heron
1087 4773 1132 4837 443,
1151 4769 1181 4823 l:
1203 4775 1292 4825 anoe
1307 4773 1372 4824 dett.
1392 4771 1457 4836 [sine
1475 4775 1511 4832 tu,

191 4859 222 4907 ut
237 4854 361 4920 videtur]
375 4881 403 4890 -
416 4855 457 4905 944.
475 4855 570 4916 eripere
586 4852 631 4914 443,
650 4852 727 4904 codd.
741 4850 803 4902 Lbi:
822 4852 933 4914 deripere
943 4851 1020 4912 lagg.
1040 4851 1146 4914 praeter
1162 4848 1203 4911 43,
1221 4850 1255 4909 0;
1274 4849 1381 4912 diripere
1392 4845 1469 4910 43444.
1483 4869 1510 4881 -

191 4931 233 4984 28.
252 4929 317 4980 44444
333 4941 386 4980 om.
405 4929 482 4994 4339.
502 4955 530 4967 -·
548 4929 575 4978 P.
592 4927 686 4991 Pupilla
702 4929 729 4978 P.
746 4927 838 4978 ltattlto
854 4927 887 4984 113
905 4926 932 4975 P.
949 4923 1045 4986 Pupilla
1061 4925 1087 4975 P.
1105 4925 1194 4987 Rapite
1211 4923 1288 4988 4399.
1303 4951 1330 4960 -
1343 4919 1435 4973 34.-α4>
1445 4920 1511 4970 dom.

193 5004 228 5054 R:
246 5016 264 5053 o
274 5005 339 5053 dom.
353 4999 420 5064 rell,
438 5005 516 5054 Arus.
529 5003 562 5054 bl.
576 5016 602 5067 p.
614 5001 683 5064 434,
697 5002 725 5052 0.
742 5028 767 5041 -·
782 5001 814 5053 ab
824 5003 879 5052 iure
890 4999 936 5061 443,
948 4995 973 5060 l,
987 4999 1002 5050 6
1014 5001 1103 5064 bagg,
1116 5001 1205 5050 brus:
1223 4999 1307 5049 otrus
1317 4997 1386 5061 4344
1396 4995 1428 5046 99
1439 4995 1469 5044 0.
1482 5018 1510 5032 ·-

193 5079 225 5130 ab
240 5080 332 5146 tegibus
348 5079 384 5131 443
401 5076 430 5128 l:
448 5091 466 5128 o
481 5079 528 5143 loq.
545 5080 621 5129 brus.
640 5078 672 5130 u.
692 5077 756 5130 dett.
768 5079 797 5131 0.
812 5105 839 5115 —-
857 5077 897 5127 33.
915 5075 953 5125 4444
968 5080 1021 5125 tom
1032 5077 1110 5138 Lagg.
1123 5073 1199 5135 dett,
1217 5074 1247 5125 0.
1267 5099 1295 5110 -
1314 5072 1352 5122 dtr
1367 5072 1400 5121 a:
1419 5069 1467 5119 dtis
1480 5069 1509 5117 0.

196 5181 224 5193 ·-
235 5154 275 5207 33.
287 5156 391 5209 amata
401 5155 475 5222 444344.
487 5167 541 5207 οιιι.
555 5155 632 5220 lagg.
643 5156 752 5222 practer
761 5152 834 5206 49.-
846 5151 889 5203 ao.
900 5151 1048 5205 staverun
1058 5151 1136 5215 4433.-
1146 5147 1244 5202 dett·-
1255 5145 1391 5200 amma
1400 5145 1459 5211 Rp.
1471 5155 1508 5197 ιιι.
