3610 5860
300 422 362 490 tio
692 427 843 496 ORATIO
864 427 943 495 PRO
965 431 1003 496 Α.
1024 430 1224 500 cinnano

362 592 377 658 l
384 591 414 660 7.
435 595 566 662 Initium
593 595 679 682 qood
705 597 778 662 huic
800 620 872 666 eum
892 607 991 666 matre
1012 599 1107 667 buerit
1127 602 1309 680 simultatis,
1337 604 1478 670 audistis.
1521 604 1625 670 Perti·

299 691 406 758 naisso
426 690 488 756 boc
509 691 550 756 ad
572 711 698 756 causam
719 699 803 768 tum,
826 715 898 758 eum
919 695 1042 781 reliqua
1064 698 1289 781 cognoveritis,
1310 697 1504 782 intelligatis.
1541 703 1623 764 Nam

297 788 377 852 illud
398 807 449 852 mo
470 805 536 850 non
556 787 720 869 praeterit,
752 789 975 873 erriuscumqnc
997 791 1082 855 modi
1111 793 1152 854 sit
1172 798 1287 865 mater,
1322 799 1425 856 mmen
1447 793 1480 855 in
1502 794 1622 859 iudicio

297 881 357 946 lilii
378 882 418 946 de
440 880 632 965 turpitudine
653 882 792 965 parentis
815 882 878 947 dici
899 882 955 972 vir
976 891 1134 967 oportere.
1163 886 1233 948 Non
1256 906 1358 950 essem
1379 887 1419 949 ad
1434 887 1531 952 ullam
1546 908 1624 952 cau-

274 985 364 1044 ssam
385 975 536 1052 idoneus,
563 974 701 1052 indices,
731 977 757 1039 si
778 977 854 1053 boc,
885 978 972 1061 quod
997 977 1031 1041 in
1053 979 1269 1044 communibus
1290 979 1453 1046 bominum
1475 983 1624 1047 sensibus

297 1077 392 1156 atquo
412 1072 445 1135 in
466 1071 536 1154 ipsa
554 1077 666 1134 natrrra
686 1069 823 1154 positum
845 1079 939 1155 atque
961 1072 1094 1137 infixum
1117 1079 1184 1148 est,
1213 1073 1246 1136 id
1268 1094 1346 1158 ego,
1378 1075 1433 1158 qui
1454 1076 1496 1139 ad
1516 1076 1624 1143 bomi-

295 1185 372 1230 num
393 1164 534 1250 pericula
554 1162 752 1229 defendenda
766 1164 970 1248 adiungerer,
991 1186 1056 1231 non
1071 1167 1221 1231 riderem.
1254 1168 1360 1232 Facile
1375 1167 1533 1253 intelligo,
1555 1189 1625 1232 non

295 1257 389 1326 modo
410 1259 544 1326 reticere
564 1258 708 1324 homines
730 1267 896 1342 parentum
917 1260 1066 1334 iniurias,
1088 1261 1145 1324 scd
1167 1262 1262 1328 etiam
1283 1263 1388 1326 animo
1414 1283 1517 1347 aequo
1534 1262 1624 1326 ferre

296 1360 449 1438 oportere.
482 1353 546 1418 Sed
568 1372 626 1437 ego
648 1373 700 1428 ea,
722 1373 804 1437 quaa
825 1352 900 1417 lcrri
914 1363 1063 1437 possunt,
1085 1354 1235 1430 ferenda,
1257 1376 1338 1440 qrrae
1353 1358 1465 1432 taceri,
1487 1358 1625 1422 tacenda

259 1459 365 1512 coesse
394 1447 538 1513 arbitror.
582 1440 633 1510 48.
662 1445 747 1510 Nibil
775 1448 809 1512 in
837 1448 902 1512 rita
924 1449 1003 1513 vidit
1025 1449 1209 1514 calamitatis
1229 1451 1269 1513 l.
1293 1450 1470 1526 Cluentius,
1497 1451 1623 1514 nullum

294 1541 471 1626 periculum
504 1540 615 1606 mortis
645 1541 738 1615 adiit,
769 1540 849 1604 nibil
876 1541 951 1606 mali
979 1542 1098 1619 timuit,
1131 1544 1217 1628 qnod
1246 1565 1311 1608 non
1343 1552 1444 1610 totum
1471 1565 1492 1609 a
1519 1551 1624 1608 matre

295 1642 379 1700 esset
406 1635 574 1700 conflatum
602 1641 634 1698 et
665 1633 849 1718 profectum.
894 1636 984 1712 Quae
1005 1637 1065 1700 boc
1088 1645 1228 1722 ternpore
1255 1638 1361 1702 sileret
1390 1639 1495 1704 omnia
1523 1647 1623 1723 atque

295 1750 350 1805 aa,
378 1729 405 1796 si
434 1728 591 1794 oblivione
617 1747 684 1792 uon
708 1736 830 1812 posset,
858 1737 963 1794 tamma
985 1731 1195 1796 taciturnitate
1219 1752 1276 1796 sua
1297 1739 1380 1798 tecta
1404 1752 1474 1796 esse
1496 1739 1625 1815 patere-

294 1833 361 1890 tur:
394 1825 451 1888 scd
480 1842 554 1888 vero
582 1822 629 1886 sic
657 1823 776 1905 agitru,
804 1831 840 1888 ut
860 1843 989 1908 prorsus
1011 1825 1137 1890 reticeri
1158 1826 1247 1890 nullo
1275 1826 1368 1891 modo
1390 1827 1501 1909 possit.
1536 1823 1625 1916 (Hoc

257 1919 379 1984 atenim
399 1919 503 2003 ipsum
523 1915 683 1991 indicium,
705 1916 765 1982 boc
785 1918 972 2001 periculum,
993 1919 1047 1983 illu
1068 1922 1169 1984 omnis
1196 1921 1320 1986 testium
1343 1913 1456 2012 copia)
1473 1940 1555 2005 quae
1568 1921 1624 1986 iu-

172 2071 176 2079 ,
293 2019 365 2078 tura
392 2013 506 2106 est,(a
532 2017 631 2078 matre
659 2012 749 2076 initio
775 2021 823 2076 est
851 2009 1019 2102 adcincta,
1046 2021 1185 2078 amatre
1206 2014 1268 2078 hoc
1289 2023 1431 2100 tompore
1454 2017 1626 2102 immutui-

293 2099 404 2192 alqne')
418 2107 564 2172 omnibus
594 2107 663 2170 eins
694 2105 807 2189 opibus
836 2113 869 2170 ct
897 2103 1233 2204 copiis(compacatur.)
1266 2111 1338 2195 Ipsa
1360 2108 1498 2194 deniqne
1517 2130 1625 2194 nuper

293 2203 408 2268 Larino
434 2201 529 2266 buius
559 2201 760 2285 opprimendi
785 2222 878 2267 causa
907 2203 1037 2268 Romam
1065 2202 1243 2268 advolavit:
1274 2193 1407 2288 praesto'
1429 2212 1477 2268 est
1505 2205 1625 2268 mulier

293 2296 413 2373 audax,
436 2296 626 2382 pecuniosa,
651 2295 807 2374 crudelis;
835 2297 971 2362 instituit
991 2303 1209 2372 accusatores,
1238 2299 1364 2362 instruit
1384 2305 1495 2374 testes,
1523 2319 1623 2382 squa-

255 2390 360 2456 ttlcre
380 2391 474 2456 buius
497 2397 529 2455 ci
549 2390 694 2456 sordibus
715 2390 865 2466 laetatur,
894 2392 1025 2456 exitium
1047 2399 1190 2475 exoptat,
1219 2394 1404 2476 sangninem
1432 2412 1524 2456 suum
1544 2412 1622 2476 pro·

292 2484 424 2552 fraudere
447 2505 574 2550 omnem
595 2485 698 2569 cupit,
720 2485 890 2549 dummodo
911 2484 1076 2570 profusum
1096 2484 1191 2548 buius
1213 2493 1285 2548 ante
1300 2485 1415 2550 videat
1447 2485 1534 2550 llaec
1555 2486 1621 2548 nisi

293 2579 398 2646 omnia
424 2579 649 2663 perspexeritis
678 2581 711 2642 in
741 2599 852 2654 causa,
881 2588 998 2644 temere
1026 2579 1157 2644 anobis
1179 2579 1266 2643 illam
1287 2579 1439 2663 appellari
1460 2587 1620 2663 putatote:

293 2675 342 2738 sin
363 2680 455 2738 crunt
475 2680 507 2736 ct
527 2680 635 2757 aperta
655 2681 688 2736 et
708 2671 845 2750 nefaria,
877 2673 1020 2737 Cluentio
1046 2673 1208 2755 ignoscere
1230 2673 1402 2749 debebitis,
1432 2671 1517 2757 quod
1538 2671 1621 2736 haec

293 2787 314 2832 a
333 2787 384 2832 me
407 2765 469 2834 dici
489 2766 642 2849 patiatur:
664 2765 740 2830 mibi
761 2766 924 2848 ignoscere
946 2785 1012 2829 non
1034 2767 1205 2843 deberetis,
1228 2768 1255 2830 si
1276 2775 1420 2831 tacerem.

256 2876 286 2926 aa
377 2861 447 2924 vii.
468 2855 520 2922 ia.
541 2860 631 2924 Nunc
653 2859 716 2924 iam
737 2860 917 2924 summatim
939 2878 1110 2942 exponam,
1143 2861 1259 2945 quibus
1288 2860 1472 2926 criminibus
1499 2862 1621 2945 Oppia-

293 2956 385 3020 nicus
407 2955 572 3020 dnmnatus
594 2955 651 3029 sit,
673 2960 708 3017 ut
723 2959 755 3016 et
770 2953 973 3018 constantiam
987 2954 1024 3018 A.
1042 2954 1177 3018 Cluentii
1193 2962 1224 3018 et
1240 2956 1395 3020 rationem
1409 2958 1620 3021 accusationis

294 3050 472 3135 perspicere
494 3049 632 3135 possitis.
673 3049 719 3112 Ac
739 3047 875 3132 primurn
896 3068 991 3114 causa
1019 3050 1188 3113 accusandi
1210 3069 1292 3134 quae
1314 3049 1422 3126 lirerit,
1444 3049 1621 3126 ostendam,

293 3153 331 3210 ut
358 3145 392 3210 id
424 3145 528 3230 ipsum
557 3143 595 3206 A.
619 3141 797 3208 Cluentium
829 3143 860 3207 vi
888 3162 924 3206 ac
952 3143 1139 3207 necessitate
1167 3135 1309 3207 coactum
1336 3143 1448 3208 fecisse
1476 3145 1620 3208 videatis.

293 3237 345 3306 20.
368 3241 447 3305 Cum
468 3237 634 3304 manifesto
655 3257 813 3304 venenum
834 3236 1108 3319 deprehendisset,
1131 3239 1218 3322 quod
1238 3239 1286 3301 vir
1299 3238 1408 3302 matris
1423 3237 1621 3322 Oppianicus

257 3335 325 3404 saei
353 3335 542 3419 parauisset,
571 3339 604 3396 et
629 3353 680 3398 res
708 3352 773 3396 non
796 3331 993 3408 coniectura,
1021 3331 1078 3396 sed
1100 3332 1200 3395 oculis
1222 3352 1259 3394 ac
1281 3331 1423 3397 manibus
1446 3340 1619 3408 teneretur,

293 3449 399 3516 neque
420 3429 455 3494 in
477 3446 574 3494 cansa
593 3426 658 3492 ulla
679 3425 833 3490 dubitatio
853 3435 964 3510 posset
978 3446 1067 3501 esse,
1090 3426 1246 3490 accusavit
1262 3424 1479 3510 Oppianicum.
1513 3427 1620 3502 Quam

294 3530 475 3590 constanter
495 3528 528 3587 ei
548 3541 644 3606 quam
665 3519 845 3604 diligenter,
875 3527 986 3602 postea
1007 3521 1126 3584 dicam:
1155 3539 1239 3582 nunc
1259 3518 1320 3584 boc
1342 3519 1422 3584 scire
1442 3540 1499 3584 vos
1519 3521 1620 3597 volui,

294 3619 415 3684 nullam
443 3617 517 3682 huic
544 3615 638 3680 aliam
666 3613 836 3679 accusandi
866 3632 991 3678 causam
1016 3613 1131 3688 luisse,
1163 3614 1225 3676 nisi
1246 3615 1293 3677 uti
1313 3616 1512 3697 propositum
1533 3616 1620 3678 vitae

294 3712 470 3797 periculum
492 3718 525 3774 ot
547 3707 748 3795 quotidianas
769 3707 880 3792 capitis
902 3707 1032 3772 insidias
1054 3709 1113 3771 bac
1134 3726 1198 3770 una
1218 3707 1340 3770 ratione
1355 3707 1476 3772 vitaret.
1510 3707 1620 3793 Atque

257 3813 332 3875 scut
351 3804 551 3891 intelligatis,
573 3804 611 3870 iis
633 3807 814 3868 accusabam
835 3820 905 3866 esse
927 3799 1108 3865 criminibus
1131 3799 1359 3885 Oppianicum,
1380 3807 1414 3865 ut
1439 3821 1545 3886 neque
1564 3821 1621 3866 nc-

295 3907 419 3966 cusator
449 3901 559 3963 timere
591 3915 696 3982 neque
723 3915 796 3961 reus
825 3915 952 3980 sperare
977 3894 1136 3970 debuerit,
1168 3914 1270 3980 pauca
1290 3894 1380 3961 vobis
1401 3893 1486 3960 illius
1506 3894 1621 3960 iudicii

361 4179 386 4230 4.
403 4177 533 4230 wdwbtic
548 4177 606 4228 Al..
626 4203 653 4212 -
671 4176 697 4228 i.
714 4177 868 4228 tacoSTL:
892 4173 1112 4228 comancio.
1130 4199 1158 4210 —
1177 4174 1202 4226 3.
1221 4174 1554 4239 mimmgucomdisl':
1576 4188 1622 4228 ou·

294 4253 497 4318 amonem
518 4251 694 4305 insitio,
715 4279 742 4290 -
766 4253 797 4303 sit
816 4252 972 4304 mersi:
996 4247 1280 4304 motarettRALto.
1302 4279 1330 4289 -
1354 4251 1378 4302 6.
1397 4251 1544 4304 amtor.
1561 4252 1622 4314 ipsc

295 4343 349 4383 nm.
367 4329 422 4381 ST.
442 4355 469 4367 -
488 4327 697 4391 cusanus:
720 4325 895 4390 mamito.
915 4354 943 4366 -
966 4327 1168 4380 mammosa:
1192 4326 1386 4388 calpurnia
1411 4323 1619 4382 manao.

296 4405 335 4457 Cl.
353 4405 431 4457 old.
450 4403 527 4468 §.bt
545 4403 624 4454 oti.
643 4400 738 4465 §.ist
761 4428 788 4438 -
807 4403 832 4454 6.
851 4403 1002 4467 dofmsdcudn
1017 4403 1076 4453 ST:
1096 4401 1238 4464 depellenda
1254 4399 1398 4454 usito.
1418 4398 1456 4452 Cl.
1476 4400 1570 4465 §.aaa
1587 4427 1618 4439 —

186 4477 197 4506 ⁸
294 4481 445 4546 ntiwperar
461 4479 520 4530 ST:
538 4476 668 4528 edideras
683 4474 830 4540 albim
849 4478 995 4542 eddom
1011 4475 1138 4528 Halmius.
1159 4503 1186 4513 -
1205 4477 1229 4527 8.
1247 4477 1332 4526 ammo
1348 4475 1424 4528 coam
1439 4476 1459 4526 Τ
1475 4487 1517 4542 pr.
1530 4487 1568 4526 m.
1588 4501 1616 4512 -

295 4555 319 4606 9.
331 4567 376 4620 ago
392 4555 529 4618 cmipr.
543 4565 580 4606 m.
595 4579 622 4590 ··
641 4553 682 4604 ti.
696 4550 994 4618 protomartiri:
1010 4553 1146 4616 perfectura
1162 4551 1247 4602 Fun.
1263 4576 1290 4588 -
1309 4549 1350 4602 44.
1368 4551 1410 4601 aad
1423 4563 1483 4600 ocro
1500 4549 1617 4602 sris:

294 4629 337 4680 aad
352 4643 383 4682 cu
397 4641 456 4681 cero
473 4625 590 4682 nitio.
615 4626 654 4678 Cl.
672 4627 747 4679 Verr.
766 4631 861 4696 accus.
874 4628 905 4678 V.
924 4627 947 4691 S.
962 4627 1002 4680 ll.
1023 4655 1050 4664 -
1069 4628 1155 4692 opitro
1171 4627 1260 4678 sni:
1279 4627 1332 4692 cpit
1348 4623 1494 4680 inito.
1514 4651 1541 4662 -
1559 4625 1621 4678 rcri-

294 4705 347 4757 4444
363 4690 424 4756 ST:
441 4705 545 4757 raeco
554 4701 657 4756 nsit
666 4704 728 4755 0.-
749 4705 790 4755 ib.
801 4705 847 4756 illo
857 4703 1001 4769 Madvigius
1012 4701 1140 4769 (append.
1153 4700 1221 4766 disp.
1236 4701 1270 4752 de
1281 4701 1394 4754 Asconio
1404 4714 1431 4766 p.
1443 4699 1476 4752 49
1487 4699 1553 4764 sipi:
1571 4700 1621 4752 ilic

295 4781 422 4834 weilo
438 4777 560 4840 itit&
581 4779 642 4832 baec
659 4781 784 4831 macro
801 4781 829 4832 4..
850 4807 877 4817 -
904 4781 945 4832 48.
962 4780 1036 4830 ictuc
1052 4777 1205 4842 opptowrsdi
1222 4776 1481 4828 cacn--tomtcom
1496 4787 1527 4825 oc
1542 4773 1621 4826 sac

294 4856 331 4922 (s.
342 4854 395 4921 er.)
411 4854 494 4907 uocet
509 4855 538 4905 r.
552 4880 579 4890 -
599 4853 640 4906 rs.
657 4853 759 4906 acerne
773 4859 930 4906 amatores
946 4852 1027 4910 ras.
1043 4881 1070 4891 -
1086 4854 1126 4905 aa.
1143 4853 1359 4918 manasses.
1374 4879 1400 4888 -
1419 4851 1460 4904 aa.
1473 4851 1512 4902 ss
1527 4849 1616 4905 rsr:

296 4927 823 4984 *miniato-mosum:
842 4927 1064 4988 ausoniam
1082 4927 1510 4993 dobmattsA.-ii.suerat'l'.-
1529 4924 1619 4977 28.oe

297 5006 418 5058 PsTii:
435 5002 657 5060 crisito.-
674 5003 920 5070 30.oc]atSl'.-
937 5000 1618 5064 retinereturST.-3i.oolulvosST.-33.buie]

296 5080 354 5132 tiso
370 5081 439 5133 T.·-
456 5079 503 5146 stc]
517 5081 661 5133 casin·
680 5079 721 5135 44.
739 5081 956 5133 esturmi.—
974 5079 1015 5132 34.
1033 5080 1394 5136 circummunitione:
1411 5074 1553 5134 ursas.
1573 5075 1616 5129 cl.

299 5153 325 5220 s.
336 5153 379 5207 49.
393 5179 421 5195 —
439 5154 481 5212 36.
498 5155 595 5212 amos
609 5155 662 5211 ST.
676 5179 703 5198 -·
721 5153 838 5220 44444444]
851 5155 962 5222 setosi
977 5154 1031 5208 ST.
1592 5155 1599 5174 '
