3648 5888
303 325 365 394 110
674 331 716 394 111
739 330 780 406 Q.
802 324 1026 396 caeculus!
1042 319 1253 398 omnmo

299 508 516 564 accusatorem
536 496 661 562 firmum
682 519 857 583 verumque
878 521 950 564 esse
972 507 1109 584 oportet
1151 502 1233 564 llum
1255 521 1316 584 ego
1337 503 1364 565 si
1385 508 1418 566 te
1438 507 1548 584 putem
1573 523 1638 565 cn-

300 617 376 680 pere
398 616 484 669 esse,
506 593 600 656 facile
621 595 765 676 intelligo
788 615 858 658 esse
880 615 945 658 non
967 615 1073 677 posse.
1107 596 1171 658 Nec
1193 615 1231 658 ea
1252 595 1341 670 dico,
1364 615 1447 679 quae
1468 595 1494 658 si
1511 595 1634 669 dicam,

300 699 405 753 umen
436 685 596 751 infirmare
623 709 688 752 non
714 690 838 771 possis:
873 698 922 764 te,
954 696 1125 770 antequam
1158 689 1197 750 de
1231 689 1339 752 Sicilia
1369 687 1558 762 decesseris,
1595 689 1632 750 in

299 784 431 866 gratiam
459 782 580 845 redisse
609 803 682 844 cum
704 784 818 858 Verre;
847 785 1070 870 Potamonem,
1101 784 1234 848 scribam
1265 791 1297 846 et
1316 783 1502 846 familiarem
1524 791 1632 854 tuum,

171 882 200 967 ζ
275 885 457 941 cretentum
486 896 555 938 csse
582 895 601 938 a
624 877 720 940 Verre
742 877 776 938 in
798 878 980 959 provincia,
1007 873 1081 940 cum
1106 885 1140 940 tu
1163 879 1347 953 decederes;
1376 880 1417 940 lt.
1442 876 1632 948 Caecilium,

180 1042 193 1068 ι
297 971 426 1034 ἰωὴ-ειη
449 979 556 1044 tuum,
578 969 786 1034 lectissimum
807 979 904 1054 atque
924 969 1161 1033 ornatissimum
1174 970 1426 1046 adolescentem,
1448 990 1514 1032 non
1528 969 1630 1031 modo

243 1107 248 1116 ·
298 1085 363 1128 non
384 1065 496 1128 adesse
517 1085 622 1148 neque
644 1072 748 1128 teculn
771 1075 843 1128 tuas
866 1064 1000 1126 iniurias
1021 1064 1188 1147 persequi,
1210 1065 1268 1126 sed
1290 1084 1359 1127 esse
1382 1085 1454 1128 cunr
1474 1066 1569 1127 Verre
1591 1070 1631 1126 et

298 1179 371 1222 cum
399 1158 456 1222 illo
484 1150 730 1228 familiarissime
758 1169 855 1243 atquc
876 1158 1067 1222 amicissime
1090 1158 1206 1222 vivere.
1252 1159 1333 1222 Sunt
1354 1167 1385 1222 et
1406 1159 1485 1224 haec
1507 1166 1540 1221 et
1560 1158 1630 1220 alia

298 1254 332 1316 in
354 1262 384 1316 te
405 1253 477 1316 falsi
498 1255 693 1317 accusatoris
714 1256 806 1337 signa
827 1253 1002 1338 permulta,
1026 1253 1142 1335 quibus
1164 1273 1222 1335 ego
1245 1274 1330 1318 nunc
1352 1275 1417 1317 non
1440 1265 1532 1318 utor:
1561 1252 1628 1315 hoc

262 1348 387 1421 todico,
410 1355 456 1420 te,
478 1348 505 1410 si
529 1349 666 1411 maxime
687 1350 814 1432 cupias,
844 1358 948 1412 tamen
972 1367 1081 1410 verum
1102 1355 1317 1411 accusatorem
1340 1369 1409 1412 esse
1432 1369 1497 1412 non
1519 1367 1627 1431 posse.

298 1439 349 1504 30.
372 1443 471 1505 Video
494 1443 579 1505 enim
601 1444 758 1526 permulta
780 1464 850 1506 esse
873 1443 1023 1516 crimina,
1046 1459 1182 1524 quorum
1204 1443 1260 1505 tibi
1283 1435 1420 1508 societ'as
1438 1466 1510 1508 cum
1526 1448 1625 1509 Verre

298 1537 455 1600 eiusmodi
483 1546 547 1610 est,
573 1546 610 1600 ut
638 1559 677 1600 ea
706 1539 739 1601 in
761 1538 942 1602 accusando
964 1537 1118 1617 attingere
1140 1555 1205 1598 non
1228 1537 1356 1600 audeas.
1406 1541 1446 1602 X.
1469 1541 1628 1616 Queritur

298 1631 407 1694 Sicilia
427 1639 493 1694 tota
516 1631 549 1693 C.
573 1632 702 1694 Verrem
724 1633 764 1694 ab
786 1632 980 1704 aratoribus,
1004 1651 1076 1692 cum
1097 1629 1291 1695 frumentum
1311 1634 1371 1697 sihi
1387 1635 1420 1696 in
1436 1636 1549 1700 cellam
1563 1639 1623 1701 im·

297 1727 471 1806 peravisset
491 1734 523 1788 et
544 1747 617 1788 cum
639 1735 723 1788 esset
745 1727 841 1788 tritici
864 1725 990 1787 modius
1013 1725 1073 1786 Hs
1096 1725 1140 1797 ll,
1169 1746 1227 1806 pro
1252 1726 1412 1790 frumento
1442 1731 1476 1792 in
1497 1733 1623 1795 modios

260 1821 439 1902 tcsingulos
461 1820 628 1884 duodenos
650 1822 814 1884 sestertios
837 1821 992 1902 exegisse.
1027 1821 1175 1902 Magnum
1191 1823 1325 1896 crimen,
1348 1825 1461 1906 ingens
1476 1827 1623 1908 pecunia,

294 1915 413 1977 lurtum
444 1917 629 1998 impudens,
661 1917 779 1978 iniuria
810 1936 877 1978 non
904 1915 1046 1978 terenda.
1089 1915 1157 1995 Ego
1186 1914 1254 1978 hoc
1277 1937 1342 1979 uno
1372 1919 1505 1982 crimine
1531 1919 1622 1983 illurn

295 2011 502 2074 condemnem
524 2029 654 2074 necesse
677 2017 742 2073 est:
766 2018 817 2084 tu,
842 2010 973 2082 Caecili,
998 2008 1077 2091 quid
1099 2008 1219 2071 faciest
1262 2007 1313 2072 31.
1337 2013 1446 2075 Utrum
1468 2013 1532 2076 lroc
1554 2025 1624 2076 tan-

294 2113 361 2168 tum
384 2105 502 2166 crimen
525 2107 758 2187 praetermittes
780 2127 821 2170 an
852 2105 1007 2168 obiiciest
1043 2103 1075 2163 Si
1105 2103 1253 2177 obiicies,
1285 2106 1360 2168 idne
1382 2107 1473 2170 alteri
1496 2110 1623 2172 crimini

293 2199 399 2273 dabis,
421 2199 508 2283 quod
531 2200 645 2262 eodem
667 2209 810 2284 tempore
833 2201 867 2262 in
890 2198 1001 2262 eadem
1023 2197 1188 2278 provincia
1210 2206 1243 2260 tu
1267 2199 1336 2280 ipse
1357 2200 1483 2264 iecisti?
1515 2202 1625 2264 Aude-

254 2294 341 2358 solris
363 2295 407 2358 ita
428 2315 578 2358 accusare
600 2296 751 2370 alterum,
774 2304 827 2370 ut,
850 2313 916 2378 quo
939 2291 1045 2354 minus
1060 2299 1127 2352 tute
1143 2291 1371 2368 condemnere,
1393 2315 1542 2360 recusare
1558 2315 1625 2358 non

293 2388 418 2472 possis?
448 2389 504 2452 Sin
525 2393 773 2473 praetermittes,
797 2391 903 2475 qualis
926 2388 987 2449 erit
1008 2395 1063 2448 tua
1079 2386 1140 2448 ista
1154 2389 1333 2461 accusatio,
1356 2409 1440 2471 quac
1456 2389 1623 2452 domestici

292 2481 427 2564 periculi
448 2491 533 2546 metu
556 2486 723 2549 certissimi
746 2494 778 2550 et
800 2484 930 2549 maximi
954 2481 1095 2544 criminis
1116 2499 1181 2542 non
1203 2482 1299 2544 modo
1322 2484 1547 2564 suspicionem,
1571 2503 1625 2544 re·

293 2596 363 2639 rum
385 2577 479 2640 etiam
501 2581 695 2643 mentionem
716 2583 818 2663 ipsam
840 2578 1067 2662 pertimescat?
1100 2571 1150 2636 32.
1174 2577 1324 2657 Emptum
1339 2586 1388 2640 est
1402 2598 1443 2640 cx
1459 2579 1490 2640 S.
1507 2577 1540 2641 C.
1556 2579 1624 2640 iru-

293 2677 433 2734 mentum
462 2673 502 2734 alr
528 2675 643 2736 Siculis
671 2685 819 2758 praetore
850 2676 963 2744 Verre,
994 2689 1052 2752 pro
1081 2689 1147 2752 quo
1176 2668 1335 2732 lrumcnto
1361 2673 1497 2754 pecunia
1519 2674 1623 2735 omnis

254 2765 397 2829 resoluta
419 2785 483 2828 non
503 2777 563 2830 est.
606 2769 708 2832 Grave
732 2777 780 2832 est
801 2770 863 2832 hoc
887 2767 1008 2830 crimen
1030 2765 1064 2826 in
1088 2766 1233 2838 Verrem,
1257 2785 1351 2846 grave
1374 2787 1423 2828 me
1438 2775 1568 2848 agente,
1591 2775 1622 2829 te

292 2869 462 2924 accusante
483 2863 617 2925 nullum.
660 2867 738 2928 Erae
760 2866 846 2928 enirn
869 2871 903 2924 tu
928 2867 1101 2943 quaestor:
1131 2859 1299 2937 pecuniam
1321 2861 1480 2941 publicam
1503 2871 1537 2925 tu
1560 2871 1622 2925 tra-

292 2953 417 3028 ctabas,
439 2977 479 3018 ex
501 2977 583 3039 qua,
605 2960 700 3022 ctiam
722 2961 749 3022 si
772 2963 905 3041 cuperet
927 2960 1071 3036 praetor,
1095 2958 1200 3013 tamen
1221 2973 1261 3014 ne
1277 2973 1341 3035 qua
1356 2954 1506 3018 deductio
1523 2953 1621 3030 lieret,

291 3067 405 3130 magna
436 3070 476 3112 cx
510 3061 598 3133 parte
631 3061 685 3116 tua
716 3063 858 3137 potestas
885 3057 961 3113 erat.
1006 3046 1111 3109 Huius
1139 3055 1271 3128 quoque
1300 3048 1396 3129 igitur
1426 3051 1566 3113 criminis
1588 3059 1619 3112 te

291 3153 461 3208 accusante
482 3148 603 3208 mentio
625 3149 714 3211 nulla
736 3146 798 3210 fiet.
844 3145 999 3209 Silebitur
1021 3148 1089 3202 toto
1113 3139 1232 3202 iudicio
1255 3140 1295 3204 de
1311 3144 1457 3206 maximis
1475 3152 1507 3207 ct
1521 3146 1619 3208 notis-

254 3235 379 3300 sosimis
400 3239 487 3302 illius
507 3239 601 3302 furtis
623 3249 655 3304 et
678 3243 815 3304 iniuriis.
860 3239 938 3304 ltlihi
962 3235 1073 3308 crede,
1098 3234 1229 3307 Caecili,
1255 3255 1320 3296 non
1342 3245 1449 3318 potest
1471 3239 1505 3302 in
1526 3260 1618 3302 accu-

291 3330 392 3392 sando
420 3334 526 3396 socios
554 3355 628 3398 rere
657 3334 828 3398 detondere
851 3336 895 3407 is,
925 3332 981 3415 qui
1006 3349 1079 3392 cum
1101 3347 1156 3390 reo
1179 3329 1347 3393 criminum
1369 3333 1523 3398 societate
1545 3355 1617 3398 con-

292 3423 419 3488 iunctus
440 3436 498 3489 est.
541 3425 593 3489 33.
624 3430 788 3510 Mancipes
810 3449 829 3490 a
852 3425 1033 3490 civitatibus
1056 3443 1114 3504 pro
1135 3421 1294 3484 frumento
1316 3428 1485 3505 pecuniam
1508 3448 1618 3509 excge

291 3526 374 3579 runt
418 3519 526 3594 Quidt
553 3523 615 3584 hoc
645 3526 743 3586 Verre
776 3529 923 3604 praetore
945 3519 1063 3581 lactum
1086 3524 1134 3578 est
1156 3517 1283 3578 solum‘l
1320 3520 1406 3594 Non,
1439 3520 1495 3582 sed
1525 3523 1617 3586 etiam

292 3619 460 3692 quaestore
484 3616 632 3679 Caecilio.
666 3617 753 3693 Quid
776 3617 896 3698 igitur?
925 3614 1058 3675 daturus
1081 3631 1114 3672 es
1136 3610 1212 3672 huic
1234 3613 1374 3687 crimini,
1398 3614 1485 3698 quod
1509 3623 1542 3678 et
1562 3635 1617 3698 po·

254 3705 381 3768 secuisti
403 3708 570 3788 prohibere
592 3731 632 3774 ne
654 3709 744 3774 fieret
767 3719 799 3774 et
822 3708 988 3772 debuisti?
1016 3726 1058 3767 an
1079 3713 1181 3768 totum
1203 3706 1236 3767 id
1258 3707 1443 3791 relinques?
1479 3711 1563 3793 Ergo
1585 3711 1616 3773 id

291 3801 420 3862 omnino
436 3804 549 3866 Verres
574 3806 606 3866 in
629 3807 750 3869 iudicio
773 3825 832 3868 suo
855 3823 921 3865 non
944 3800 1069 3873 audiet,
1093 3798 1180 3882 quod
1202 3820 1275 3862 cum
1297 3800 1443 3878 iaciebat,
1467 3803 1617 3886 quemad·

291 3891 420 3955 modum
443 3893 631 3961 defensurus
654 3909 755 3973 esset,
777 3918 843 3961 non
864 3895 1053 3978 reperiebat.
1089 3894 1144 3955 xl.
1167 3895 1271 3977 Atque
1295 3915 1353 3977 ego
1368 3896 1464 3972 haec,
1487 3901 1615 3982 quaein

291 3983 395 4046 medio
418 3989 522 4068 posita
543 4000 634 4066 sunt,
664 4012 888 4056 commemoro.
934 3991 1017 4051 Sunt
1045 3988 1108 4051 alia
1132 3989 1231 4070 magis
1254 3990 1379 4052 occulta
1400 3990 1500 4068 furta,
1536 4013 1617 4075 quac

291 4077 361 4150 ille,
394 4087 430 4140 ut
458 4081 567 4157 istius,
600 4085 713 4160 credo,
744 4087 867 4150 animos
891 4095 987 4168 atque
1014 4083 1153 4165 impetus
1174 4083 1360 4156 retardaret,
1393 4086 1617 4168 benignissime

256 4191 364 4238 locum
388 4183 557 4255 quaestore
579 4198 638 4242 suo
662 4181 916 4244 communicarit.
950 4173 1002 4239 31.
1024 4176 1110 4238 llaec
1133 4185 1167 4238 tu
1189 4177 1251 4238 scis
1272 4176 1312 4238 ad
1336 4199 1386 4240 mc
1409 4199 1478 4242 esse
1501 4182 1617 4244 delata:

293 4284 376 4347 quae
403 4267 430 4327 si
458 4269 554 4331 velim
582 4272 741 4353 prolerre,
774 4275 868 4336 facile
897 4291 1007 4336 omnes
1036 4269 1214 4351 intelligent
1243 4271 1334 4332 vobis
1364 4273 1447 4336 inter
1475 4293 1534 4336 vos
1556 4293 1617 4336 non

292 4359 387 4460 modo
408 4361 603 4428 voluntatem
625 4367 724 4432 luisse
748 4370 969 4440 coniunctam,
992 4363 1049 4427 sed
1064 4384 1104 4424 ne
1119 4363 1268 4444 praedam
1285 4364 1415 4446 quidem
1430 4367 1536 4432 adhuc
1551 4389 1617 4432 esse

293 4452 436 4515 divisam.
480 4457 683 4544 Quapropter
711 4465 738 4526 si
767 4465 824 4526 tibi
856 4463 1013 4524 iudicium
1035 4458 1179 4540 postulas
1203 4457 1287 4532 dari,
1318 4460 1405 4542 quod
1428 4470 1533 4524 tecum
1556 4483 1618 4524 una

291 4546 418 4621 lecerit,
441 4555 600 4628 concedo,
624 4557 651 4618 si
672 4558 706 4619 id
728 4559 798 4642 lege
821 4556 1030 4640 permittitur:
1053 4551 1102 4613 sin
1126 4557 1230 4613 autem
1254 4552 1292 4615 de
1315 4557 1519 4618 accusatione
1541 4556 1618 4618 dici-

358 4733 383 4782 7.
401 4737 747 4806 ommootegtgts:
767 4743 982 4794 consumto.
999 4765 1026 4774 -
1044 4737 1182 4788 &ethaeo
1199 4737 1332 4800 Gttgllz
1351 4739 1559 4791 succusso·
1579 4743 1615 4791 tt.

292 4823 342 4858 aon
363 4819 414 4858 etto
429 4821 501 4871 potae
524 4814 650 4865 olant.
676 4846 703 4854 —-
731 4821 769 4869 13.
793 4818 839 4867 sibi
860 4831 914 4868 om.
934 4819 954 4868 ll
972 4817 998 4865 ln
1022 4814 1157 4865 lemmate.
1185 4811 1222 4861 Cl.
1241 4813 1283 4862 111.
1303 4813 1327 4876 5.
1347 4814 1403 4864 188.
1421 4813 1479 4865 stt.
1499 4815 1557 4866 coll.
1577 4817 1615 4866 111.

292 4886 318 4949 5.
336 4883 392 4934 sor.
413 4909 442 4920 -
459 4887 501 4935 Hs
516 4890 541 4938 ιι
557 4893 593 4940 os
609 4894 646 4941 st.
665 4895 731 4944 son.
751 4907 776 4957 p.
790 4895 847 4944 eoo.
867 4893 899 4942 cr.
919 4893 961 4941 ιιι.
980 4891 1004 4953 5.
1025 4889 1088 4937 aso:
1107 4887 1149 4936 us
1163 4887 1182 4936 ν
1196 4887 1245 4946 at.;
1264 4889 1350 4938 asir
1365 4891 1442 4953 ugg.;
1461 4905 1515 4940 om.
1530 4893 1575 4941 cc.
1590 4919 1614 4928 -

292 4963 333 5011 st.
356 4957 443 5024 sionr'
466 4963 527 5027 ng.
552 4971 660 5030 praeter
684 4969 723 5018 29.
745 4996 772 5006 -
799 4967 977 5030 praetermittis
998 4963 1102 5025 eigil).
1123 4989 1150 4998 -
1173 4967 1218 5011 tuo
1238 4963 1287 5012 isto
1305 4965 1350 5024 Gt,
1378 4967 1432 5016 tres
1450 4968 1533 5027 Parc,
1556 4966 1614 5027 ng.

292 5037 387 5110 pleriq.
406 5035 439 5092 tl.
458 5039 488 5090 ll.
507 5039 532 5110 g.
547 5043 602 5096 tlt.
622 5044 652 5094 V.
673 5043 697 5108 ἓ.
713 5043 775 5095 tlt:
793 5045 842 5093 isto
858 5047 904 5092 too
921 5037 1039 5090 Glal0.
1062 5066 1087 5074 -
1107 5036 1147 5089 lo.
1167 5051 1223 5088 carm
1240 5043 1396 5100 quaestam
1412 5041 1509 5104 benico.
1528 5039 1613 5090 utto.
