3578 5862
533 381 606 445 cri.
627 380 921 445 xxxr-xxxrr.
948 378 1005 464 gg.
1026 377 1174 444 sa-sa.
1453 374 1515 442 4444

189 553 333 616 ordinem
364 552 524 634 accepisse
553 551 718 615 confessus
751 556 851 625 esset,
884 550 1004 614 salvum
1032 570 1102 612 esse
1128 571 1194 614 non
1215 570 1326 634 posse,
1358 551 1463 613 minus
1485 550 1514 612 ei

188 645 285 709 lidele
308 645 475 709 consilium
497 645 633 708 dedisse.
662 646 699 707 ln
721 646 783 707 hoc
805 644 832 707 si
854 644 1016 726 improbus
1033 644 1187 726 Cethegus
1201 645 1277 719 luit,
1299 645 1424 708 videtur
1438 645 1516 706 mibi

188 739 404 804 adversarium
432 760 592 803 removere
621 740 777 803 voluisse:
807 739 856 801 sin
886 745 952 802 erat
974 739 1042 802 eius
1066 738 1151 801 modi
1173 759 1284 814 causa,
1309 746 1345 800 ul
1368 739 1515 801 Staienus

188 854 334 898 nummos
356 853 390 896 se
412 835 573 916 accepisse
595 853 710 915 negare
733 853 797 895 non
820 839 993 914 posset-
1007 832 1088 895 nihil
1102 839 1207 895 autem
1224 839 1291 896 erat
1305 830 1515 915 periculosius

187 950 248 992 nec
269 929 393 1012 turpius
415 948 509 1011 quam
525 929 565 990 ad
585 947 681 1012 quam
699 948 765 990 rem
781 926 954 1009 accepisset
968 927 1111 989 confiteri
1127 959 1184 1002 —,
1207 947 1272 989 non
1288 934 1336 990 est
1350 923 1540 993 consilium5

189 1023 320 1104 Cethegi
341 1021 647 1105 reprehendendum.
684 1017 736 1083 86.
751 1022 870 1083 Verum
892 1019 956 1082 alia
979 1040 1076 1083 causa
1097 1026 1164 1082 tum
1187 1021 1306 1083 Staieni
1331 1012 1431 1102 [init],
1454 1015 1517 1078 alia

187 1138 287 1192 nunc,
308 1117 390 1191 Atti,
422 1124 476 1178 tua
498 1124 556 1178 cst.
590 1114 662 1188 Ille,
686 1135 758 1176 cum
780 1134 814 1176 re
830 1121 1041 1197 premeretur,
1064 1114 1287 1198 quodcumque
1303 1114 1437 1184 diceret,
1459 1108 1517 1170 ho-

188 1211 311 1274 nestius
334 1211 469 1285 diceret,
493 1230 588 1292 quam
611 1211 638 1272 si
661 1209 748 1291 quod
774 1216 841 1271 erat
862 1207 976 1271 factum
998 1207 1166 1270 fateretur:
1189 1215 1220 1272 te
1236 1228 1310 1270 vero
1326 1204 1405 1269 illud
1421 1204 1517 1277 idem,

189 1304 275 1386 quod
298 1311 365 1366 tum
388 1303 554 1385 explosum
578 1311 610 1366 et
631 1303 764 1365 eiectum
789 1310 854 1376 est,
877 1322 961 1364 nunc
983 1301 1143 1364 rettulisse
1165 1302 1312 1365 demiror.
1349 1300 1410 1376 Qui
1433 1299 1517 1363 enim

188 1406 313 1480 poterat
334 1404 400 1461 turn
422 1397 453 1459 in
476 1397 609 1478 gratiam
625 1397 729 1462 redire
745 1416 818 1458 cum
833 1395 1009 1479 Oppianico
1027 1395 1212 1458 Cluentius?
1235 1397 1377 1478 quicum
1397 1397 1556 1466 matre‘lio

163 1477 180 1583 l
189 1487 348 1586 Haegebat
367 1492 402 1553 in
424 1491 539 1554 tabulis
554 1491 690 1574 publicis
706 1510 777 1552 reus
793 1497 824 1552 et
839 1496 1002 1552 accusator
1011 1479 1033 1579 4)
1043 1489 1243 1552 condemnati
1263 1498 1353 1553 erant
1366 1488 1518 1553 Fabricii:

190 1606 249 1648 uec
279 1585 361 1648 elabi
390 1585 453 1649 alio
483 1593 666 1650 accusatore
694 1591 819 1668 poterat
839 1584 951 1646 Albius
973 1604 1032 1647 neo
1054 1583 1122 1646 sine
1145 1583 1321 1666 ignominia
1343 1581 1518 1647 calumniae

189 1679 369 1762 relinquere
399 1680 632 1743 accusationem
656 1678 829 1742 Cluentius.
872 1677 1005 1740 XXXll.
1029 1674 1079 1738 87.
1101 1678 1151 1740 An
1173 1677 1201 1740 is
1229 1679 1518 1760 praevaricaretur?

189 1792 262 1837 nam
284 1773 316 1834 id
333 1793 462 1857 quoque
485 1772 524 1836 ad
542 1772 807 1856 corrumpendum
828 1772 981 1835 iudicium
1002 1772 1149 1854 pertinet.
1183 1772 1247 1835 Sed
1263 1771 1341 1855 quid
1357 1790 1437 1852 opus
1454 1776 1520 1832 erat

190 1866 231 1930 ad
255 1885 324 1928 eam
344 1886 412 1928 rem
435 1867 540 1931 iudice
563 1870 753 1951 sequestre?
776 1875 808 1930 et
829 1866 959 1930 omuino
985 1887 1080 1950 quam
1103 1866 1224 1928 obrem
1241 1873 1306 1928 tota
1322 1867 1445 1928 istares
1462 1883 1557 1946 peris

190 1961 353 2024 Staienum
368 1962 491 2044 potius,
513 1962 674 2026 hominem
689 1962 729 2025 ab
745 1969 882 2044 utroque
897 1961 1143 2035 alienissimum,
1166 1959 1432 2032 sordidissimum,
1455 1964 1520 2019 tur·

189 2056 371 2139 pissimum,
403 2075 497 2138 quam
527 2041 595 2138 pe'r'
604 2057 723 2118 bonum
745 2056 886 2139 aliquem
908 2057 1010 2118 virum
1032 2062 1178 2137 ageretur
1199 2061 1231 2117 et
1252 2054 1388 2117 amicum
1409 2071 1520 2115 neces-

189 2151 368 2232 sariumque
392 2153 617 2212 communem?
641 2149 703 2212 Sed
725 2147 803 2232 quid
825 2169 885 2230 ego
906 2149 985 2212 haec
1006 2149 1151 2233 pluribus
1167 2149 1259 2232 quasi
1281 2150 1320 2210 de
1335 2168 1370 2211 re
1385 2148 1520 2211 obscura

188 2245 334 2327 disputo,
365 2264 437 2306 cum
467 2243 536 2326 ipsa
562 2244 714 2326 pecunia,
744 2263 826 2325 quae
849 2244 979 2307 Staieno
1001 2245 1073 2308 data
1095 2250 1159 2317 est,
1181 2264 1315 2307 numero
1337 2263 1374 2305 ac
1397 2260 1520 2305 summa

189 2359 246 2402 sua
269 2358 335 2400 non
357 2338 450 2400 modo
475 2347 594 2421 quanta
615 2337 728 2411 fuerit,
752 2335 808 2399 sed
831 2337 989 2401 etiamad
1013 2357 1108 2420 quam
1131 2359 1197 2400 rem
1217 2337 1327 2411 fuerit,
1350 2337 1556 2406 ostendatlao

189 2431 334 2496 Sedecim
358 2430 429 2493 dico
449 2432 590 2506 iudices,
611 2439 648 2495 ut
671 2431 866 2514 Oppianicus
890 2431 1119 2505 absolveretur,
1142 2430 1390 2515 corrumpendos
1411 2430 1519 2507 luisse,

189 2528 229 2591 ad
251 2525 414 2588 Staienum
438 2535 587 2588 sexcenta
610 2525 818 2609 quadraginta
839 2525 927 2588 milia
950 2546 1112 2588 nummum
1135 2545 1205 2589 esse
1220 2525 1334 2588 delata.
1364 2526 1413 2601 Si,
1435 2534 1470 2589 ut
1484 2534 1519 2588 tu

189 2621 284 2696 dicis,
312 2618 430 2702 gratiae
458 2619 675 2684 conciliandae
703 2627 816 2694 causa,
848 2620 1058 2702 quadraginta
1080 2620 1213 2684 istorum
1235 2621 1373 2684 accessio
1396 2620 1517 2683 milium

188 2716 264 2802 quid
287 2714 395 2779 valeti
424 2713 467 2786 si,
489 2720 526 2775 ut
546 2734 605 2776 nos
628 2713 779 2788 dicimus,
808 2720 844 2776 ut
865 2713 1069 2796 quadragena
1091 2715 1179 2778 milia
1199 2714 1338 2778 sedecim
1359 2713 1518 2777 iudicibus
1557 2729 1561 2736 '

188 2810 353 2884 darentur,
376 2827 440 2870 non
461 2807 667 2870 Archimedes
689 2808 803 2870 melius
825 2810 929 2890 potuit
952 2807 1140 2872 describere.
1527 2831 1556 2880 es

271 2901 322 2967 88.
344 2905 385 2966 At
414 2904 498 2966 enirn
521 2902 637 2966 iudicia
662 2903 745 2966 lacta
766 2904 923 2986 permulta
945 2912 1033 2980 sunt,
1062 2925 1082 2966 a
1105 2903 1249 2968 Cluentio
1271 2904 1425 2969 iudicium
1447 2927 1517 2972 esse

187 3008 381 3082 corruptum.
424 2997 525 3059 Immo
546 3018 621 3060 vero
652 3004 725 3060 ante
753 2997 813 3059 hoc
835 3006 959 3080 tempus
982 2999 1112 3061 omnino
1134 2999 1195 3063 ista
1216 3000 1286 3082 ipsa
1306 3019 1358 3062 res
1380 3019 1439 3061 suo
1460 3021 1518 3063 uo-

188 3095 273 3158 miue
289 3093 322 3154 in
337 3091 489 3155 indicium
504 3111 677 3172 numquam
693 3099 741 3153 est
754 3097 877 3154 vocata:
907 3092 951 3154 ita
966 3092 1100 3155 multum
1115 3094 1250 3175 agitata,
1273 3095 1316 3156 ita
1333 3092 1390 3154 diu
1404 3094 1517 3158 iactata

189 3185 260 3270 [ista
281 3181 343 3267 res]
368 3192 432 3259 est,
465 3192 501 3246 nt
521 3183 676 3246 hodierno
699 3184 751 3246 die
772 3186 908 3266 primum
931 3205 1026 3248 causa
1048 3186 1102 3248 illa
1124 3185 1333 3259 defensauit,
1362 3187 1517 3250 hodierno

187 3284 239 3345 die
268 3281 403 3364 primum
433 3279 548 3342 veritas
579 3298 689 3341 vocem
719 3285 829 3342 contra
856 3279 1007 3341 invidiam
1032 3279 1084 3342 his
1106 3280 1262 3343 iudicibus
1283 3279 1365 3342 freta
1386 3282 1555 3348 miseritao

188 3379 306 3439 Verum
333 3384 438 3438 tamen
468 3373 528 3436 ista
558 3373 657 3436 multa
685 3375 803 3436 iudicia
832 3394 915 3456 quae
944 3377 1041 3437 sunt‘l
1074 3375 1141 3456 Ego
1171 3373 1257 3436 enim
1277 3395 1327 3436 me
1350 3372 1390 3436 ad
1412 3376 1518 3438 omnia

189 3469 372 3534 confirmavi
395 3475 427 3529 et
449 3466 494 3530 sic
516 3467 643 3550 paravi,
673 3475 708 3530 nt
730 3469 891 3542 docerem,
921 3487 1003 3550 quae
1025 3467 1107 3530 lacta
1128 3476 1239 3551 postea
1260 3468 1378 3531 iudicia
1399 3468 1438 3530 de
1461 3468 1517 3532 illo

188 3561 306 3626 iudicio
329 3562 526 3636 dicerentur,
557 3563 672 3644 partim
694 3562 805 3626 ruinae
828 3562 982 3625 similiora
1004 3572 1057 3626 aut
1080 3563 1258 3646 tempestati
1283 3582 1378 3646 quam
1400 3562 1517 3626 iudicio

189 3665 220 3720 ct
241 3656 462 3738 disceptationi
484 3656 599 3732 fuisse,
622 3658 736 3738 partim
759 3657 840 3719 nihil
858 3665 969 3720 contra
982 3657 1131 3720 Habitum
1146 3656 1271 3732 valere,
1293 3655 1407 3741 partim
1422 3657 1517 3722 etiam

186 3771 246 3834 pro
267 3750 327 3814 hoc
350 3771 436 3825 esse,
458 3752 573 3834 partim
593 3770 663 3813 esse
680 3750 867 3826 eiusmodi,
889 3758 926 3814 ut
939 3771 1046 3836 neque
1062 3750 1221 3835 appellata
1236 3771 1387 3834 umquam
1402 3751 1554 3818 iudiciaat

188 3847 251 3910 sint
282 3866 389 3931 neque
422 3846 608 3908 existimata.
652 3843 703 3906 89.
730 3846 791 3908 Hic
821 3865 880 3928 ego
910 3848 1008 3926 magis
1038 3853 1072 3907 ut
1100 3845 1362 3909 consuetudinem
1384 3865 1516 3920 servem,

251 4041 276 4090 S.
294 4041 349 4103 fuit]
366 4040 451 4102 44444444
466 4042 521 4090 ST.
542 4067 569 4074 —
589 4039 612 4090 3.
632 4041 671 4090 sio
687 4041 751 4102 erut]
768 4041 1000 4091 4444444414.-
1021 4039 1045 4089 6.
1062 4039 1111 4102 mu
1128 4052 1181 4089 om.
1201 4040 1256 4090 ST.
1273 4067 1299 4076 -
1319 4041 1343 4090 Τ.
1361 4053 1516 4103 repremcro-

185 4121 226 4164 tur
243 4118 305 4176 (uno
322 4114 413 4178 verbo)
432 4118 470 4176 M;
493 4117 714 4178 reprehenderetur
731 4118 786 4166 FA.
808 4143 835 4152 -
858 4117 883 4167 8.
905 4116 1000 4179 [utetur
1016 4116 1041 4164 S.
1062 4141 1089 4150 -
1113 4115 1137 4164 9.
1156 4115 1269 4166 driutius
1290 4117 1348 4175 ST:
1375 4117 1516 4168 rettulisse

186 4192 222 4246 M,
245 4203 273 4239 re
293 4191 403 4241 intulisse
425 4192 451 4241 Τ.
484 4191 522 4240 Cl.
541 4191 700 4254 Madvigium
724 4192 812 4255 opusc.
831 4193 849 4242 1.
869 4205 895 4256 p.
915 4192 971 4242 360.
999 4216 1025 4227 -
1055 4190 1112 4255 (4444]
1131 4192 1192 4252 guid
1208 4191 1265 4242 ST.
1288 4191 1327 4242 Cl.
1346 4191 1516 4255 Wesenberg

186 4265 323 4314 Emeudutt.
344 4267 413 4315 Tusc.
431 4267 503 4328 Diap.
522 4268 549 4316 P.
565 4268 594 4316 ll.
613 4279 640 4330 p.
654 4268 678 4315 2.
697 4280 723 4316 n.
736 4269 761 4317 2.
778 4294 803 4304 -
825 4268 864 4316 40.
883 4271 973 4329 gratia
988 4267 1049 4316 FM.
1066 4291 1094 4300 —
1111 4269 1194 4315 matre
1208 4267 1247 4326 M,
1265 4264 1324 4316 alii:
1342 4271 1424 4316 44444444
1439 4267 1516 4317 44444-

186 4340 226 4389 but
246 4341 382 4392 simultates
403 4337 595 4392 STFALSO.
629 4341 667 4391 Cl.
690 4340 849 4404 Madvigium
870 4341 981 4404 append.
1005 4341 1039 4390 ad
1061 4341 1123 4402 disp.
1148 4341 1177 4390 de
1198 4339 1303 4391 Asconio
1324 4354 1350 4404 p.
1369 4339 1401 4391 ts
1422 4353 1463 4405 sq.
1484 4365 1514 4378 -=

186 4417 225 4465 42.
243 4415 333 4464 Abbius
348 4417 408 4466 SM.
430 4415 469 4466 Cl.
489 4415 513 4478 5.
532 4416 572 4466 84.
594 4443 620 4452 -
639 4417 782 4466 kalumniae
800 4431 832 4468 ex
848 4431 875 4466 v.
894 4431 917 4467 c.
937 4413 962 4468 tl.
982 4444 1010 4454 -
1030 4417 1070 4466 43.
1089 4416 1222 4481 Cluentius]
1241 4417 1276 4468 Cl.
1293 4421 1393 4479 poterut
1409 4416 1462 4467 ST.
1484 4445 1511 4454 -

185 4491 284 4540 isnos:
302 4491 334 4540 iis
350 4492 409 4550 ST3
435 4494 463 4538 ut
478 4487 622 4542 flattu.
643 4518 671 4527 -
698 4491 738 4542 44.
757 4505 818 4541 oum
841 4493 1034 4554 Pantagathus:
1060 4493 1113 4542 ium
1130 4494 1222 4544 ceteri.
1243 4520 1270 4530 —
1290 4493 1357 4556 pisid]
1375 4495 1441 4556 quod
1457 4493 1512 4542 ST.

187 4596 214 4603 -
233 4565 273 4616 ts.
292 4566 389 4627 disputo
406 4561 517 4616 STLS:
542 4566 662 4626 deputem
679 4567 766 4617 RAO.
788 4591 814 4601 -
834 4567 874 4616 40.
894 4567 968 4615 etiam
985 4579 1038 4617 om.
1057 4569 1090 4618 M.
1112 4593 1139 4603 -
1157 4567 1234 4630 fucrit
1250 4568 1343 4619 STM:
1362 4567 1514 4628 dutufuorit

186 4637 324 4692 FALSO.
349 4639 388 4689 Cl.
407 4639 566 4703 Madvigium
583 4638 599 4689 l.
618 4639 634 4690 l.
653 4654 679 4705 p.
698 4640 739 4691 46.
760 4668 787 4677 -
806 4641 847 4691 tl.
864 4641 968 4690 sedecim
983 4642 1012 4690 S:
1032 4639 1288 4700 sauromatum
1307 4643 1371 4693 item
1387 4655 1413 4691 v.
1426 4639 1468 4691 44.
1482 4668 1511 4678 -

185 4719 225 4766 44.
243 4715 415 4779 quadraginta
432 4716 489 4764 ST:
507 4720 531 4765 et
548 4707 719 4779 g'uodrugiota
736 4714 880 4768 RALSO.
899 4743 924 4752 —
944 4716 985 4766 23.
1003 4717 1109 4766 millium
1125 4717 1232 4766 ucccuio
1249 4729 1302 4780 mg.
1321 4715 1348 4769 8.
1368 4743 1395 4752 -
1414 4715 1455 4766 tt.
1474 4715 1513 4766 sia

186 4791 241 4840 LO.
263 4817 289 4825 -
314 4789 488 4854 quadragena]
504 4791 589 4840 DCXL
607 4788 662 4843 Lt’.
683 4817 710 4826 —
728 4791 800 4840 milio
816 4793 875 4841 ST:
897 4791 977 4840 mittio
993 4803 1122 4840 4444444444
1133 4789 1278 4844 RALSO.
1293 4817 1320 4826 —
1340 4789 1380 4840 49.
1399 4790 1448 4838 isto
1462 4791 1512 4856 res]

186 4865 268 4925 «Quid
285 4866 352 4916 haec
369 4865 497 4915 attinebat
514 4867 566 4916 tam
581 4865 700 4930 proxime
712 4865 828 4916 iterare?
843 4879 974 4929 purumne
985 4868 1114 4928 reguntur
1124 4867 1212 4918 omnia
1226 4865 1260 4916 ab
1277 4868 1338 4917 ante
1355 4865 1447 4929 positis
1463 4865 1513 4916 iata

185 4942 239 5002 ipsc
254 4941 315 4988 resi
335 4941 383 4990 Vix
399 4941 478 5004 igitur
494 4943 558 5005 puto
575 4955 589 4991 a
607 4937 688 4990 Tullio
706 4955 793 4992 esso.»
812 4943 872 4991 Gan.
891 4941 916 4990 2.
942 4969 968 4978 -
996 4941 1036 4991 34.
1054 4942 1103 4991 istu
1118 4943 1199 4993 muita
1215 4943 1274 4992 ST:
1299 4941 1379 4992 44444444
1394 4941 1443 4990 istu
1460 4941 1511 4992 ΡΜ

186 5013 298 5068 44440.
318 5041 346 5050 -
370 5015 411 5065 34.
432 5015 506 5066 «4444.
524 5015 693 5078 conformavi»
712 5029 765 5078 mg.
778 5015 805 5069 S.
822 5041 848 5053 -
868 5014 908 5064 33.
927 5015 1090 5080 (rudpertus
1106 5023 1190 5068 44444444
1206 5017 1260 5067 ST.
1282 5043 1309 5053 -
1328 5015 1369 5067 34.
1387 5015 1511 5078 disceptu-

187 5091 248 5144 timi
262 5090 349 5142 44444444
364 5091 439 5158 [uiam
455 5091 512 5155 ST,
530 5089 580 5144 sed
596 5091 683 5142 44444444
699 5091 724 5141 in
742 5093 758 5140 S
775 5091 940 5156 punctatum.

1633 1455 1736 1582 ἀί

1670 1941 1682 1978 r

1658 1992 1681 2046 Ο
