3648 5888
614 414 1178 538 nasammonas-oa.
1493 452 1550 521 aaa

230 619 371 706 suspicio
394 621 456 686 nisi
479 642 531 697 ea,
555 643 638 708 quae
659 623 845 707 turpissima
867 631 931 699 est,
954 623 1093 688 residere
1115 625 1232 708 possit:
1259 645 1326 690 uon
1348 627 1462 709 gratia,
1491 649 1557 693 non

230 715 437 798 cognatione,
460 738 525 781 uon
547 718 618 781 aliis
640 726 725 782 recte
746 718 853 794 tactis,
876 739 941 781 uon
964 718 1103 804 denique
1124 719 1234 805 aliquo
1249 720 1401 786 mediocri
1416 723 1494 786 vitio
1511 730 1559 788 tot

229 816 382 895 tantaque
404 809 473 874 eius
495 812 573 876 vitia
593 812 757 876 sublevata
780 831 849 876 esse
867 812 1067 876 ridebuntur.
1102 808 1154 875 48.
1176 813 1339 879 Postremo
1355 833 1415 898 ego
1430 835 1558 880 causam

230 903 276 968 sic
297 924 406 987 agam,
427 904 565 982 iudices,
588 905 746 970 eiusmodi
768 926 836 980 res,
858 905 902 968 ita
924 914 1031 981 notas,
1054 906 1098 970 ita
1118 913 1264 981 testatas,
1287 907 1331 971 ita
1345 927 1490 994 magnas,
1513 911 1558 975 ita

229 998 412 1062 manifestes
434 999 610 1082 proferam,
632 1007 667 1064 ut
689 1020 783 1064 nemo
805 1020 824 1063 a
846 1000 953 1074 vobis,
977 1007 1013 1063 ut
1034 1000 1130 1063 istum
1145 1001 1332 1076 absolvatis,
1355 1022 1411 1085 per
1425 1004 1557 1088 gratiam
1582 1013 1596 1057 ⁵

229 1097 362 1156 conetur
395 1095 599 1158 contendere.
649 1095 758 1159 llabeo
789 1101 896 1158 autem
926 1073 1042 1158 cerlam
1071 1094 1153 1156 viam
1175 1102 1270 1180 atque
1291 1097 1466 1173 rationem,
1495 1118 1559 1182 qua

229 1206 339 1250 omnes
372 1186 501 1251 illorum
530 1196 663 1254 conatus
692 1189 884 1272 investigare
913 1195 945 1249 et
971 1188 1124 1271 consequi
1153 1188 1283 1271 possim.
1303 1185 1373 1270 (lta
1394 1211 1445 1255 res
1467 1211 1487 1255 a
1508 1211 1558 1255 me

227 1288 356 1366 agetur,
385 1283 477 1346 utin
499 1303 610 1346 eorum
633 1283 777 1347 consiliis
801 1281 949 1346 omuibus
971 1301 1036 1344 nou
1059 1282 1154 1344 modo
1176 1301 1269 1346 aures
1290 1281 1472 1360 homiuum,
1502 1285 1557 1350 sed
1749 1317 1774 1361 f

228 1376 324 1440 etiam
346 1377 370 1458 †
390 1379 530 1461 populus
553 1379 715 1442 Romanus
737 1378 891 1441 interesse
913 1359 1111 1468 videantur.)
1134 1372 1186 1438 49.
1208 1378 1272 1439 Vos
1287 1375 1410 1461 aliquot
1424 1378 1486 1441 iam
1500 1399 1560 1464 per
1626 1303 1816 1432 ώυ

226 1489 329 1536 anuos
351 1479 540 1557 conceptam
561 1472 636 1537 huic
659 1471 763 1535 ordini
787 1469 1017 1553 turpitudinem
1032 1475 1129 1553 atque
1148 1469 1309 1534 infamiam
1325 1470 1430 1534 delere
1444 1492 1481 1535 ac
1497 1471 1558 1542 tol·
1567 1481 1596 1530 4ο

226 1563 292 1628 lere
313 1567 460 1650 potestis.
505 1566 638 1630 Constat
659 1566 743 1628 inter
764 1585 875 1628 omues
897 1563 1069 1647 posthaec
1091 1564 1262 1628 constituta
1285 1565 1418 1639 iudicia,
1441 1568 1557 1651 quibus

226 1679 313 1723 nunc
335 1661 471 1736 utimur,
494 1660 618 1723 nullum
639 1659 701 1744 boc
724 1659 893 1742 splendore
908 1667 1003 1742 atque
1020 1655 1080 1746 bne
1095 1657 1249 1740 dignitate
1265 1658 1435 1722 consilium
1449 1659 1557 1724 luisse.
1690 1647 1711 1738 3

226 1751 286 1816 llic
314 1752 341 1818 si
373 1752 453 1837 quid
486 1755 547 1816 erit
568 1751 741 1828 oliensum,
774 1772 884 1816 omues
906 1751 1054 1814 homines
1076 1772 1142 1815 nou
1163 1754 1227 1817 iam
1249 1772 1290 1814 ex
1312 1753 1423 1817 eodem
1446 1757 1557 1819 ordine

227 1845 308 1910 alios
331 1846 431 1928 magis
455 1847 609 1922 idoneos,
632 1847 719 1931 quod
741 1843 808 1908 lieri
831 1865 896 1908 uon
918 1852 1039 1927 potest,
1062 1845 1118 1908 sed
1140 1846 1238 1908 alium
1261 1845 1391 1910 omnino
1414 1849 1557 1912 ordinem

227 1939 268 2002 ad
301 1960 352 2004 res
385 1940 572 2004 iudicandas
605 1940 823 2024 quaerendum
857 1938 1102 2002 arbitrabuntur.
1147 1939 1246 2002 XVII.
1276 1936 1326 2003 50.
1356 1940 1596 2026 Quaproptert⁵

226 2032 366 2114 primum
389 2035 429 2098 ab
451 2032 500 2097 dis
522 2034 769 2108 immortalibus,
792 2035 881 2117 quod
903 2052 1032 2116 sperare
1055 2031 1131 2096 mibi
1154 2033 1280 2108 videor,
1302 2034 1364 2097 boc
1386 2034 1487 2112 idem,
1510 2040 1559 2102 iu-

228 2125 330 2202 dices,
346 2135 448 2212 ,optn,
470 2135 506 2193 ut
528 2129 561 2191 in
582 2127 643 2192 hoc
666 2127 785 2191 indicio
800 2147 894 2190 nemo
909 2126 1073 2210 improbus
1093 2135 1220 2210 praeter
1235 2148 1323 2203 eum,
1347 2128 1402 2213 qui
1416 2129 1479 2193 iam
1494 2133 1559 2215 pri·

103 2293 108 2300 ,
228 2219 300 2284 dem
320 2221 471 2286 iuventus
493 2230 558 2296 est,
580 2223 772 2306 reperiatur;
795 2221 911 2286 deinde
934 2222 961 2284 si
982 2221 1091 2304 plures
1113 2222 1250 2305 improbi
1270 2221 1404 2298 luerint,
1426 2225 1489 2289 boc
1503 2248 1560 2292 vn-

227 2312 294 2391 bis,
316 2315 378 2382 boc
392 2317 514 2401 populo
529 2319 689 2393 Romano,
712 2317 853 2390 iudices,
876 2311 1047 2390 confirmo,
1069 2315 1167 2379 vitam
1182 2316 1363 2380 mehercule
1377 2318 1455 2384 mibi
1469 2322 1559 2405 prius

228 2429 323 2494 quam
355 2410 421 2475 vim
453 2411 786 2494 perseverantiamque
818 2409 858 2474 ad
888 2410 1017 2473 illorum
1047 2410 1280 2494 improbitatem
1305 2415 1597 2497 persequendamtt

227 2502 416 2570 defuturam.
460 2502 513 2571 5l.
535 2509 654 2569 Verum
678 2506 766 2589 quod
789 2524 848 2587 ego
864 2503 1036 2578 laboribus,
1059 2503 1209 2586 periculis
1225 2503 1464 2588 inimicitiisque
1479 2507 1558 2571 meis

226 2603 310 2674 tum,
341 2619 414 2664 cum
442 2600 618 2664 admissum
641 2601 716 2676 erit,
745 2597 885 2662 dedecus
907 2617 1017 2662 severe
1039 2617 1089 2660 rna
1111 2604 1352 2681 persecuturum
1374 2619 1444 2663 esse
1464 2600 1559 2688 polli-

225 2711 316 2768 ceor,
339 2693 372 2757 id
387 2715 428 2758 ne
448 2694 589 2769 accidat,
612 2702 648 2758 tu
665 2702 720 2758 tua
734 2691 942 2764 auctoritate,
965 2691 1133 2774 sapientia,
1156 2689 1330 2774 diligentia,
1351 2693 1403 2754 Μ’.
1418 2692 1557 2769 Glabrio,
1621 2732 1626 2744 ·

225 2793 317 2868 potes
339 2783 519 2871 providere.
556 2788 690 2872 Suscipe
712 2805 839 2852 causam
854 2785 1065 2861 iudiciorum3
1088 2786 1214 2870 suscipe
1229 2805 1357 2849 oausam
1371 2788 1557 2873 severitatis,

225 2877 434 2964 integritatis,
456 2879 548 2958 fidei,
571 2882 754 2965 religionis;
784 2881 909 2962 suscipe
932 2899 1059 2943 causam
1081 2886 1228 2957 senatus,
1250 2887 1286 2944 ut
1306 2880 1333 2946 is
1354 2880 1416 2944 boo
1437 2881 1594 2950 iudicione

224 2976 378 3057 probatus
401 2997 474 3042 oum
496 2976 618 3060 populo
641 2978 785 3040 Romano
807 2983 840 3037 et
861 2975 894 3038 in
917 2974 1010 3037 laude
1034 2982 1066 3038 et
1087 2975 1119 3037 iu
1143 2973 1243 3058 gratia
1265 2993 1335 3038 esse
1355 2977 1466 3059 possit.
1482 2961 1558 3040 (Co-

224 3069 307 3152 gita,
338 3072 395 3156 qui
416 3071 484 3164 sis,
515 3091 581 3154 quo
604 3070 675 3134 loco
697 3053 869 3226 sisqquid
892 3063 970 3130 dare
988 3067 1110 3151 populo
1132 3069 1293 3143 Romano,
1325 3069 1402 3154 quid
1422 3069 1556 3134 reddere
1626 3047 1707 3176 A,

225 3163 398 3232 maioribus
421 3165 484 3228 tuis
507 3165 643 3240 debeas3
664 3164 714 3226 sac
736 3165 759 3227 ti
782 3162 793 3226 i
815 3170 965 3246 pateruae
988 3161 1067 3250 legis
1088 3162 1208 3226 Aciliae
1226 3163 1334 3228 veniat
1353 3165 1386 3226 in
1408 3173 1555 3240 mentem,

225 3280 288 3343 qua
310 3260 381 3343 lege
402 3258 542 3344 populus
563 3260 727 3322 Romanus
750 3258 790 3322 de
811 3255 957 3340 pecuniis
980 3255 1167 3339 repetundis
1181 3258 1310 3340 optimis
1325 3259 1452 3322 iudiciis
1467 3281 1556 3323 seve-

223 3354 423 3440 rissimisque
446 3354 606 3418 iudicibus
628 3372 705 3416 usus
728 3359 785 3416 est.
827 3346 877 3412 52.
902 3349 1112 3413 Circumstant
1133 3357 1164 3412 tc
1186 3370 1327 3414 summae
1342 3354 1593 3429 auctoritateque

225 3468 308 3534 quae
330 3455 362 3513 te
385 3447 532 3513 oblivisci
554 3447 659 3512 laudis
683 3447 876 3510 domesticae
896 3464 962 3508 non
985 3444 1111 3520 sinant,
1134 3463 1216 3529 quae
1237 3452 1268 3508 te
1289 3452 1400 3510 noctes
1421 3445 1556 3531 diesque

225 3547 451 3608 commoneant
464 3540 673 3606 fortissimum
690 3540 748 3604 tibi
763 3548 901 3624 patrem,
923 3538 1194 3620 sapientissimum
1208 3556 1318 3615 avum,
1336 3539 1556 3622 gravissimum

223 3655 371 3700 socerum
392 3634 501 3699 fuisse.
546 3634 652 3710 Quare
683 3634 710 3698 si
740 3632 920 3696 Glabrionis
947 3632 1045 3715 patris
1067 3633 1131 3695 vim
1154 3639 1186 3696 et
1206 3633 1412 3696 acrimoniam
1433 3633 1556 3717 ceperis

224 3731 265 3794 ad
287 3729 501 3794 resistendum
523 3729 708 3792 hominibus
730 3727 969 3800 audacissimis,
992 3726 1018 3790 si
1041 3727 1091 3790 avi
1107 3726 1279 3790 Scaevolae
1299 3727 1501 3810 prudentiam
1515 3728 1555 3791 ad

224 3821 467 3907 prospiciendas
490 3822 641 3898 insidias,
672 3841 755 3906 quae
784 3829 857 3886 tuae
881 3827 978 3904 atque
999 3820 1114 3883 horum
1135 3820 1239 3884 lamae
1262 3828 1501 3903 comparantur,
1528 3821 1593 3885 siat

226 3916 329 3980 soceri
359 3915 470 3982 Scauri
498 3917 726 3991 constantiam,
753 3923 790 3979 ut
818 3935 859 3980 ne
887 3915 960 3998 quis
991 3920 1021 3977 te
1044 3914 1083 3977 de
1105 3933 1180 3977 vera
1202 3921 1234 3978 et
1255 3921 1341 3977 certa
1361 3915 1464 3997 possit
1485 3934 1557 3979 sen·

225 4009 326 4074 tentia
355 4009 543 4076 demovere:
573 4011 730 4094 intelliget
757 4009 895 4094 populus
924 4007 1086 4072 Romanus
1111 4007 1316 4092 integerrimo
1338 4014 1436 4093 atque
1456 4009 1557 4072 bone-

226 4101 368 4170 stissimo
389 4112 537 4189 praetore
560 4105 749 4188 delectoque
771 4104 905 4168 consilio
920 4102 1049 4166 nocenti
1067 4121 1122 4180 reo
1136 4095 1387 4186 magnitudinem
1401 4103 1556 4186 pecuniae

224 4198 298 4284 plur
318 4197 470 4326 lqabuisse
491 4199 645 4265 momenti
659 4199 700 4264 ad
715 4199 928 4284 suspicionem
945 4197 1085 4260 criminis
1100 4215 1197 4279 quam
1209 4195 1250 4260 ad
1263 4196 1419 4260 rationem
1435 4196 1556 4259 salutis.

289 4491 317 4544 3.
336 4491 422 4556 nllqtao
439 4489 505 4542 dtt.:
522 4489 573 4540 nlio
590 4487 661 4552 osc.
683 4513 710 4524 -
729 4485 753 4538 3.
770 4485 919 4536 nmmum
935 4483 1015 4546 otc:
1034 4483 1245 4534 actttimnbnntnr
1261 4481 1309 4536 dtt.
1324 4485 1353 4535 0.
1373 4484 1406 4538 ct.
1425 4484 1458 4536 nd
1476 4485 1501 4550 g.
1516 4485 1556 4536 49.

229 4589 257 4604 -
276 4567 301 4619 7.
319 4581 351 4618 ne
366 4564 484 4628 cotenu
501 4564 546 4614 Gi.
559 4591 587 4601 -
606 4562 631 4614 9.
647 4575 709 4626 pop.
726 4563 754 4614 n.
772 4561 818 4612 tat.
829 4561 945 4610 4444444444·
957 4560 989 4609 Gt
1004 4559 1062 4621 25:
1080 4559 1146 4609 oenlt
1159 4558 1246 4622 populi
1262 4559 1308 4610 iot.
1325 4559 1458 4610 motor
1469 4559 1556 4624 vulgo,

225 4645 272 4704 0.;
296 4642 362 4694 onus
383 4643 429 4694 tot.
452 4641 587 4692 uideantur
607 4641 670 4705 (om.
685 4652 746 4704 pop.
765 4637 803 4700 n.)
825 4637 894 4688 conl.
914 4636 1047 4687 l'ritzsche
1064 4634 1212 4686 admodum
1228 4633 1410 4699 probabiliter.
1430 4659 1458 4672 -
1478 4635 1517 4685 444.
1536 4641 1559 4686 ct

225 4717 311 4767 tollere
328 4716 378 4774 ou
396 4727 450 4768 om.
469 4714 518 4766 dtt.
538 4739 566 4752 -
586 4715 626 4766 44.
645 4713 780 4764 constituta
796 4725 849 4763 om.
867 4711 916 4762 dtt.
932 4739 957 4750 -
979 4712 1019 4762 tu.
1038 4711 1085 4760 inc
1101 4722 1156 4760 om.
1175 4710 1208 4759 Gt
1220 4711 1244 4760 2.
1265 4736 1293 4746 -·
1312 4709 1352 4760 46.
1371 4725 1389 4760 n
1405 4711 1452 4760 dtis
1468 4713 1514 4761 Gt.
1529 4737 1557 4748 -

225 4803 330 4855 merare
345 4789 431 4843 debere
447 4792 476 4842 1..
502 4790 535 4841 44
552 4789 586 4842 et.
599 4788 705 4841 Ellendt
720 4788 755 4839 ad
772 4788 806 4839 de
825 4789 894 4838 Ornt.
907 4787 937 4837 ll.
957 4786 981 4850 ἓ.
996 4787 1052 4837 433.
1071 4785 1152 4849 secu.
1170 4785 1205 4836 nd
1223 4783 1292 4836 luel.
1306 4783 1330 4848 g.
1344 4784 1385 4836 tn.
1400 4811 1427 4821 —
1447 4783 1487 4834 47.
1501 4789 1558 4845 opto

228 4865 292 4930 ⁶36
307 4865 386 4917 ondd.
399 4865 537 4918 Lambini:
553 4869 610 4928 pato
622 4863 670 4916 dtt.
684 4864 713 4915 0.
733 4863 766 4914 cl.
781 4861 854 4913 Cutil.
869 4863 899 4911 44.
919 4861 942 4924 g.
957 4863 998 4912 45.
1019 4887 1045 4900 -
1065 4861 1106 4913 23.
1124 4861 1284 4924 anctoritate,
1302 4873 1358 4922 rap.
1377 4861 1409 4909 Gt
1421 4860 1462 4920 25
1480 4857 1556 4920 Lgtiz

226 4955 295 5006 cop,
313 4946 381 4994 noct.
399 4940 448 4994 dtt.
466 4941 497 4992 0.
517 4965 546 4978 -
569 4938 611 4992 24.
628 4938 717 4993 Malim
732 4937 854 4990 ueritatis.
878 4936 916 4987 ct.
936 4949 962 5001 p.
982 4934 1038 4986 434.
1056 4949 1082 4988 v.
1102 4936 1141 4987 43.
1161 4937 1231 4987 Barr.
1253 4961 1280 4972 -
1304 4935 1346 4984 ²5.
1364 4935 1409 4984 boc
1425 4935 1446 4983 ts
1462 4933 1508 4982 Gt.
1529 4959 1556 4970 -

228 5016 269 5068 27.
288 5017 333 5079 qni
348 5017 383 5068 rit
397 5017 433 5068 A:
452 5027 507 5068 om.
526 5013 605 5066 codd.
626 5041 654 5050 -
672 5015 714 5066 28.
732 5013 793 5078 nnn
808 5011 901 5062 Aciliae
917 5013 947 5061 Α.
965 5011 1045 5061 Prisc.
1064 5011 1094 5061 ll.
1114 5023 1140 5075 p.
1159 5011 1200 5061 83.
1219 5007 1277 5059 dn:
1296 5009 1360 5071 teger
1375 5007 1418 5056 Ae.
1437 5005 1508 5066 osc.
1529 5031 1556 5042 -·

226 5091 312 5143 nectat
327 5093 409 5144 Prisc.
427 5089 487 5144 dtt.:
507 5089 611 5142 4444444444
626 5088 697 5152 63ς.
713 5115 741 5126 -
759 5087 800 5138 34.
817 5091 901 5136 noctes
916 5085 1015 5148 diesque
1031 5086 1063 5135 Gt
1076 5086 1126 5146 ἲς.
1145 5083 1178 5136 ct.
1192 5085 1223 5134 V.
1243 5083 1267 5147 fl.
1281 5083 1338 5133 443.
1357 5094 1384 5146 p.
1402 5082 1479 5130 noso.
1499 5079 1556 5128 Am.

229 5164 253 5230 t.
271 5165 296 5218 o.
313 5165 402 5222 usar.
419 5165 455 5219 aa
470 5165 525 5220 ru.
543 5165 564 5220 1.
583 5163 608 5230 n.
626 5164 673 5217 aa:
692 5163 743 5216 aso
758 5165 888 5224 comque
903 5159 951 5212 un.
969 5160 999 5210 o.
1020 5182 1047 5197 -
1066 5159 1107 5211 ar.
1125 5159 1250 5210 naam
1266 5157 1300 5206 nr
1321 5154 1360 5208 uu
1376 5155 1421 5218 ng.
1433 5151 1474 5203 rs.
