3638 5868
319 432 383 520 eoa
671 429 902 498 urrunnu
923 428 1044 495 acuo
1068 427 1252 496 saeuum

318 605 564 670 instrumentum
584 599 703 665 vendat
722 619 851 666 necesse
874 608 931 664 est.
962 601 1035 664 Non
1049 600 1134 664 enim
1153 599 1275 664 debetis
1296 599 1358 666 hoo
1373 600 1529 684 cogitare:
1550 600 1646 666 habet

319 698 404 764 idem
425 698 459 762 in
480 693 636 770 nummis,
664 694 760 758 habet
787 694 821 756 iu
844 693 973 758 urbanis
999 693 1149 776 praediis.
1190 695 1269 758 Nam
1291 715 1363 758 oum
1384 697 1502 760 aratori
1523 695 1645 780 aliquid

319 791 495 876 imponitur
500 783 526 870 ,ί
533 811 598 854 non
618 787 777 862 hominis,
800 788 827 851 si
844 808 925 872 quae
948 795 1022 851 sunt
1035 795 1200 870 praeterea
1215 787 1401 865 facultates,
1424 791 1479 853 sed
1494 790 1646 854 metionis

128 895 227 990 Aa
319 886 420 970 ipsius
441 884 490 950 ris
512 903 549 947 ac
570 885 652 950 ratio
675 880 906 972 considerapda
928 873 995 963 est)
1014 879 1094 966 quid
1117 902 1155 946 ea
1169 883 1342 958 sustinere,
1365 885 1443 969 quid
1463 886 1546 970 pati,
1568 885 1647 970 quid

165 2109 186 2193 έ

295 980 447 1045 aefficere
467 978 571 1062 possit
592 998 629 1041 ac
652 976 774 1042 debeat
792 959 1014 1061 *Quamquam
1037 975 1084 1038 illi
1107 997 1237 1060 quoque
1257 975 1403 1042 homines
1426 980 1561 1043 suntab
1582 979 1645 1052 isto

320 1075 406 1138 omni
428 1071 552 1138 ratione
575 1071 729 1136 exinaniti
750 1091 786 1134 ac
807 1070 941 1154 perditi,
964 1079 1069 1133 tamen
1083 1069 1144 1133 hoc
1158 1071 1249 1134 vohis
1264 1079 1313 1135 est
1328 1073 1546 1149 statuendum,
1569 1071 1646 1158 quid

318 1175 476 1234 aratorem
498 1168 604 1250 ipsum
625 1165 778 1230 metionis
800 1165 930 1229 nomine
951 1165 1092 1228 muneris
1114 1163 1147 1227 in
1169 1165 1417 1248 rempublicam
1437 1165 1527 1251 fungi
1541 1187 1578 1233 ac
1594 1189 1646 1230 su·

319 1265 436 1328 stinere
450 1261 566 1327 velitis.
592 1258 760 1342 Imponitis
777 1259 944 1336 decumas;
964 1259 1146 1343 patiuntur:
1169 1259 1301 1336 alteras;
1323 1261 1519 1344 temporibus
1533 1261 1646 1326 restris

318 1356 520 1422 serviendum
534 1362 664 1438 putant:
688 1354 765 1418 dent
778 1361 918 1437 emptum
931 1360 1110 1435 praeterea;
1133 1350 1262 1428 dabunt,
1285 1356 1312 1418 si
1326 1354 1451 1418 voletis.
1473 1351 1545 1417 200.
1559 1354 1646 1419 llaec

281 1462 414 1538 acquam
436 1452 500 1514 sint
521 1449 628 1534 gravia
650 1447 781 1533 etquid
803 1446 853 1511 his
876 1447 970 1509 rebus
993 1446 1141 1511 detractis
1162 1449 1265 1531 possit
1286 1450 1326 1513 ad
1347 1450 1493 1514 dominos
1515 1451 1588 1534 puri
1609 1470 1646 1514 ac

316 1544 432 1630 reliqui
453 1543 639 1628 pervenire,
662 1542 757 1606 oredo
780 1561 838 1606 vos
861 1561 902 1604 ex
922 1539 1037 1604 vestris
1059 1542 1154 1605 rebus
1175 1542 1304 1606 rusticis
1319 1544 1504 1607 coniectura
1517 1544 1646 1628 assequi

316 1659 422 1724 posse.
452 1636 567 1701 Addite
588 1657 674 1701 nunc
689 1637 802 1699 eodem
818 1634 910 1698 istius
926 1634 1048 1708 edicta,
1070 1635 1229 1710 instituta,
1252 1635 1400 1702 iniurias:
1422 1634 1530 1701 addite
1544 1639 1645 1720 Apro-

316 1732 363 1798 nii
384 1731 657 1815 Veneriorumque
679 1748 843 1794 servorum
865 1728 900 1790 in
918 1748 992 1811 agro
1012 1729 1187 1794 decumano
1203 1749 1301 1813 regua
1315 1750 1352 1794 ac
1367 1731 1504 1814 rapinas.
1527 1731 1646 1808 Quam-

316 1847 412 1913 quam
434 1824 514 1889 heec
536 1826 667 1890 omitto:
694 1824 732 1888 de
756 1823 836 1887 cella
857 1822 984 1905 loquor.
1027 1821 1134 1886 Placet
1154 1824 1245 1888 vobis
1267 1824 1301 1886 in
1324 1824 1435 1888 cellam
1457 1825 1645 1909 magistrati-

279 1921 376 1986 iabus
406 1918 520 1984 vestris
548 1917 743 1982 frumentum
768 1915 892 1980 Siculos
915 1919 1011 1999 gratis
1034 1917 1132 1980 darei
1165 1916 1327 2000 quidhoc
1349 1917 1533 2002 indignius?
1566 1917 1644 2003 quid

315 2014 478 2098 iniquius?
511 2011 608 2096 Atqui
629 2011 692 2075 hoc
714 2013 826 2076 scitote
848 1992 1025 2074 aratoribus
1046 2011 1145 2074 Verre
1167 2018 1314 2095 praetore
1336 2011 1510 2096 optandum
1531 2033 1568 2077 ac
1590 2034 1644 2098 pe·

315 2108 446 2175 tendum
467 2106 578 2170 fuisse.
622 2105 809 2168 cxxxvii.
838 2103 1004 2166 Sositheus
1027 2111 1074 2166 est
1096 2104 1292 2181 Entellinus,
1322 2103 1418 2191 hqmo
1441 2127 1512 2171 cum
1534 2106 1644 2191 primis

315 2200 457 2288 prudens
480 2206 512 2264 et
533 2199 620 2263 domi
642 2198 774 2272 nobilis,
797 2199 887 2261 cuius
908 2196 1005 2260 verba
1026 2196 1181 2272 audietis,
1205 2198 1260 2282 qui
1282 2199 1322 2262 ad
1343 2198 1405 2263 hoo
1426 2199 1579 2264 iudicium
1599 2201 1645 2264 le·

316 2304 408 2382 gatus
428 2293 557 2380 publice
579 2314 652 2357 cum
673 2294 844 2356 Artemone
867 2298 899 2354 ct
919 2291 1079 2365 Menisco,
1100 2291 1258 2378 primariis
1273 2292 1365 2369 viris,
1387 2293 1501 2360 missus
1524 2304 1581 2360 est.
1613 2296 1644 2358 ls

278 2405 388 2454 locum
410 2389 444 2452 in
466 2394 579 2452 senatu
600 2385 760 2450 Entellino
783 2387 882 2450 multa
905 2404 1029 2448 mecum
1044 2384 1084 2448 dc
1106 2386 1198 2450 istius
1220 2386 1347 2451 iniuriis
1367 2397 1493 2471 ageret,
1513 2389 1575 2454 hoc
1598 2389 1644 2452 di-

315 2483 384 2547 xit:
415 2483 442 2545 si
463 2481 526 2545 hoc
548 2480 588 2543 de
609 2479 690 2545 cella
711 2489 808 2565 atque
829 2480 888 2543 hac
910 2479 1129 2543 aestimatione
1153 2481 1393 2558 concederetur,
1414 2483 1498 2548 velle
1521 2483 1644 2548 Siculos

316 2577 442 2641 senatui
463 2575 606 2660 polliceri
627 2573 820 2640 frumentum
841 2574 876 2636 in
898 2573 1011 2637 cellam
1033 2575 1145 2657 gratis,
1166 2596 1206 2639 ne
1227 2575 1360 2658 posthac
1374 2583 1478 2640 tantas
1492 2576 1644 2662 pecunias

315 2668 552 2752 magistratibus
573 2669 691 2733 nostris
714 2670 965 2733 decerneremus.
1001 2663 1074 2731 204.
1096 2668 1279 2752 Perspicere
1301 2690 1358 2735 ros
1381 2678 1467 2734 certo
1491 2673 1573 2747 scio,
1596 2669 1644 2734 si·

316 2761 395 2836 culis
417 2770 537 2848 quanto
560 2782 657 2846 opere
677 2763 739 2827 hoc
762 2761 913 2848 expediat
933 2783 998 2826 non
1020 2763 1060 2825 ad
1082 2763 1274 2846 aequitatem
1290 2763 1501 2841 condicionis,
1525 2766 1581 2831 sed
1602 2764 1643 2828 ad

278 2856 447 2926 tominima
477 2856 632 2921 malorum
664 2857 819 2942 eligenda.
861 2859 941 2921 Nam
971 2857 1026 2939 qui
1054 2857 1140 2920 mille
1170 2857 1254 2921 mod.
1276 2859 1367 2922 Verri
1390 2879 1465 2926 suae
1487 2857 1587 2944 partis
1608 2857 1643 2921 in

380 3110 405 3161 2.
422 3107 496 3160 habat
510 3108 539 3160 iu
554 3107 611 3160 uri.
629 3107 698 3173 4342
710 3123 747 3170 τρε
766 3109 840 3160 tedet
854 3109 919 3160 idem
935 3109 963 3162 ia
977 3109 1033 3162 urb.
1047 3109 1103 3162 rell.
1117 3111 1146 3161 0.
1166 3111 1255 3176 [etiam
1271 3111 1303 3170 V,
1323 3111 1482 3175 utvidetur;
1501 3111 1577 3164 adest
1593 3109 1644 3164 sol-

315 3187 371 3236 tem
387 3184 522 3251 spatium]
542 3209 570 3222 -
583 3183 687 3247 praedia
702 3184 726 3234 V
743 3186 770 3234 et
785 3182 903 3248 1342.-
923 3185 1019 3249 aliquid
1035 3186 1104 3250 4342
1116 3201 1154 3250 φι
1173 3189 1212 3238 ius
1222 3187 1375 3251 atiquoaV3
1394 3203 1456 3240 auru
1472 3187 1641 3253 utqaoareu.

315 3261 350 3321 03
368 3274 460 3312 muaua
475 3259 578 3324 aliquod
595 3260 663 3311 coni.
682 3258 763 3312 Klotz.
800 3263 838 3312 Ac
855 3273 919 3312 saue
936 3275 1027 3314 munros
1043 3265 1069 3313 ct
1086 3277 1148 3314 caru
1164 3262 1224 3314 alibi
1242 3275 1350 3328 quoque
1367 3265 1549 3330 contunditur,
1571 3278 1598 3318 v.
1617 3279 1641 3316 c.

315 3335 358 3386 1v.
376 3333 401 3399 ἓ.
420 3335 460 3386 29,
481 3362 508 3372 -
527 3333 552 3385 3.
570 3334 676 3384 domiue
691 3333 760 3398 4342
773 3333 804 3396 V,
817 3349 855 3398 φτ
874 3337 983 3388 marines
998 3336 1055 3388 rell.
1074 3366 1101 3376 -
1121 3339 1144 3388 a.
1164 3351 1241 3400 quam
1256 3337 1293 3386 itti
1304 3338 1335 3388 V.
1352 3366 1378 3375 -
1398 3353 1495 3404 quoque
1509 3342 1575 3392 tom.
1586 3344 1644 3390 aaut

314 3409 350 3458 V:
368 3409 434 3461 iam.
453 3421 550 3473 quoque
564 3422 584 3460 a.
604 3407 689 3472 Lgl23
717 3421 813 3472 quoquc
832 3423 852 3460 a.
876 3411 941 3462 tom.
960 3409 1017 3463 rell.
1036 3413 1065 3464 O.
1091 3439 1118 3448 -
1147 3413 1170 3463 6.
1191 3413 1251 3477 post
1271 3411 1340 3464 ociis
1361 3418 1423 3465 suut
1444 3416 1470 3466 in
1486 3415 1509 3465 V
1526 3417 1643 3482 quinque

314 3481 432 3546 litterae,
451 3496 520 3548 quae
538 3486 591 3536 iam
607 3497 661 3535 non
678 3487 790 3548 possum
805 3483 865 3548 legi.
885 3487 946 3550 (ΒΓ.)
966 3513 993 3524 -
1013 3488 1037 3538 7.
1055 3487 1082 3536 iu
1097 3499 1126 3537 re
1139 3501 1166 3550 p.
1186 3487 1391 3551 LgattVLamb.
1406 3489 1478 3542 laet.
1498 3489 1598 3556 [Utrum
1609 3487 1644 3540 stt

315 3559 342 3609 ln
358 3558 382 3608 V
397 3559 425 3610 iu
440 3570 469 3608 rc
480 3571 508 3621 p.
527 3573 562 3612 an
578 3559 605 3609 ia
620 3571 675 3609 rem
688 3573 716 3622 p.
731 3571 761 3610 se
779 3559 932 3610 discernere
950 3574 1029 3626 posse
1046 3563 1178 3612 Bruunius
1195 3563 1292 3627 negat]
1307 3591 1334 3602 -
1353 3564 1378 3614 8.
1397 3565 1505 3616 &umas
1520 3564 1597 3629 Lgtr.
1613 3589 1640 3599 -

316 3632 340 3684 9.
359 3634 415 3684 dent
432 3639 542 3697 ereptum
561 3635 639 3686 codd.
660 3634 717 3685 lere
735 3647 846 3697 omnes,
864 3639 891 3685 et
908 3636 984 3687 edd:
1004 3637 1129 3700 demptum
1144 3636 1227 3702 qu23
1245 3644 1354 3702 mptum
1371 3653 1426 3690 om.
1439 3641 1497 3691 dest
1509 3640 1540 3690 V.
1553 3639 1642 3702 [ltecte

315 3709 339 3760 V
354 3713 464 3772 emptura
479 3711 537 3763 scil.
556 3711 690 3776 capacitis.
710 3710 803 3786 Hecu]
814 3735 842 3747 -
862 3711 901 3761 lt.
920 3725 954 3762 ec
968 3713 1056 3763 vestris
1070 3714 1192 3778 inperata,
1210 3727 1243 3764 ee
1258 3729 1283 3765 υ.
1300 3715 1373 3766 radus
1388 3716 1488 3766 raeticis
1503 3716 1534 3766 V.
1554 3713 1642 3779 [Recte

315 3783 354 3836 ill.
373 3785 488 3852 recipit]
508 3815 535 3824 -
554 3787 657 3851 adsequi
672 3786 703 3838 V.
719 3813 747 3824 -
768 3787 806 3836 42.
825 3787 932 3837 wada-
943 3788 1076 3839 -iniurias
1092 3802 1144 3840 om.
1164 3791 1195 3840 V.
1210 3815 1237 3825 -
1256 3791 1381 3840 mutuae
1396 3791 1504 3842 iniurias
1520 3788 1598 3854 4342.
1612 3815 1641 3826 -

314 3861 410 3923 Aproni
425 3861 456 3912 V.
477 3887 504 3899 -
524 3861 563 3914 44.
581 3863 627 3913 hoc
637 3860 715 3927 4342.
730 3887 759 3898 -·
774 3861 857 3924 placat
873 3861 976 3926 Lgtav
993 3862 1034 3927 (cl.
1047 3863 1070 3929 g.
1085 3863 1167 3928 208.);
1182 3865 1265 3929 piacet
1280 3878 1346 3915 nunc
1357 3865 1441 3929 ι329ς
1456 3865 1570 3930 placatae
1584 3861 1640 3915 rell.

316 3936 345 3986 0.
361 3961 388 3972 —
406 3935 434 3986 la
450 3936 513 3986 celto
529 3936 607 4001 agla.
622 3964 650 3975 -
670 3938 710 3988 te.
727 3937 816 3988 vestm
831 3935 900 4000 4342
912 3939 947 3988 N:
967 3939 1057 3989 uostris
1072 3939 1094 3988 V
1107 3939 1179 4003 (Bu),
1197 3938 1253 3990 rell.
1272 3941 1301 3992 Ο.
1323 3967 1350 3977 -
1369 3939 1431 3990 dara
1446 3941 1527 4006 qratia
1541 3939 1572 3990 V.
1592 3937 1640 4006 [Ci.

316 4009 383 4062 intra
400 4011 435 4061 ad
452 4011 476 4076 3.
489 4012 557 4078 ate]
577 4037 605 4050 -
625 4013 686 4076 quid
701 4013 746 4062 icc
761 4011 904 4074 iutqutuav
920 4013 988 4064 teste
1006 4013 1081 4066 licio.
1101 4014 1258 4079 [ailimpre
1276 4025 1309 4065 eo
1326 4028 1351 4078 q.
1363 4013 1409 4066 aaa
1423 4015 1550 4080 iudiqnicu
1564 4012 1640 4081 leglt;

317 4085 403 4134 astat
423 4086 502 4149 igitur
521 4085 573 4137 hoc
595 4085 672 4139 colon
692 4085 735 4137 his
753 4086 781 4137 in
802 4084 915 4151 codice]
939 4114 966 4125 -
993 4089 1064 4152 atqui
1085 4089 1130 4140 ioc
1145 4089 1291 4142 Victorius:
1318 4094 1372 4151 atq,
1394 4089 1439 4140 icoc
1459 4090 1482 4140 V
1499 4085 1575 4154 (Bc.);
1601 4091 1643 4138 at-

316 4169 363 4221 qua
383 4157 429 4209 iao
449 4158 506 4211 rell.
534 4162 573 4212 De
590 4163 612 4212 A
630 4161 693 4212 etc
715 4155 831 4224 tacetur,
856 4161 905 4212 sed
925 4163 969 4213 vix
990 4161 1118 4215 credibile
1135 4166 1176 4215 cst
1191 4163 1218 4214 in
1235 4165 1267 4214 iis
1283 4165 1354 4228 atqaai
1370 4165 1506 4216 inventum
1523 4173 1592 4214 csse.
1612 4188 1641 4198 -

316 4232 358 4283 46.
379 4231 454 4285 Varro
469 4231 538 4298 4342
549 4236 572 4286 V
583 4249 624 4299 q:
648 4236 694 4286 ltoc
709 4233 765 4286 rell.
785 4235 814 4286 0.
841 4263 868 4273 -
896 4239 935 4289 t'l.
960 4237 1083 4290 soritium
1098 4238 1293 4304 agatem
1314 4236 1372 4304 (scd
1387 4239 1411 4289 V
1427 4239 1495 4290 teste
1511 4238 1554 4288 Br.
1572 4235 1643 4288 sou-

316 4308 417 4373 atiaeurl:
436 4309 559 4362 wicus
574 4310 657 4377 4342,
675 4313 801 4363 Sosim
817 4310 882 4362 dett.
895 4313 924 4364 O.
939 4336 967 4350 -—
986 4319 1021 4365 cat
1037 4314 1225 4378 01114329.-
1243 4313 1385 4365 Eauttaaus
1394 4314 1472 4380 Legg.
1485 4312 1641 4381 praeterii.

319 4409 347 4420 —
365 4397 423 4434 cur
435 4386 526 4448 primis
542 4385 689 4451 avagia:
707 4399 764 4437 mm
777 4387 867 4450 numia
883 4388 991 4438 ciuitatia
1004 4387 1061 4440 rell.
1077 4416 1104 4426 -
1123 4389 1163 4440 48.
1177 4388 1283 4440 audietis
1298 4389 1367 4454 4342
1378 4405 1402 4453 φ
1420 4389 1462 4454 (cl.
1475 4387 1546 4454 ads.
1559 4386 1640 4451 409.);

317 4460 423 4510 audtdu
438 4459 495 4513 rell.
509 4457 539 4513 0.
558 4462 630 4527 [an
646 4465 715 4514 teste
731 4464 775 4514 Br.
788 4461 901 4514 verbum
918 4461 996 4529 plene
1014 4463 1139 4530 evanuit]
1154 4491 1180 4504 -
1200 4465 1243 4528 qai
1258 4463 1300 4530 aa]
1319 4470 1394 4528 atqua
1404 4463 1482 4530 4342.
1497 4491 1525 4502 -
1544 4463 1584 4513 tt.
1596 4461 1644 4514 Ar·

318 4539 414 4586 umam
428 4536 464 4586 V:
481 4536 629 4589 Ardumaue
645 4536 723 4588 codd.
741 4535 870 4602 plerique.
891 4563 919 4574 —
937 4539 975 4588 iis
990 4553 1047 4590 cum
1062 4539 1093 4591 V.
1114 4565 1141 4576 ·-
1159 4540 1200 4590 24.
1219 4540 1398 4590 autumatione
1413 4540 1444 4601 V,
1462 4537 1644 4590 mutinam

317 4609 396 4676 4342.
417 4637 443 4650 -
471 4612 512 4663 22.
530 4619 618 4664 mauu
633 4613 711 4678 4342.
735 4641 764 4651 -
789 4613 937 4676 uapostiac
953 4614 1068 4679 quiv:
1094 4626 1126 4665 aa
1143 4617 1199 4676 post
1215 4613 1275 4665 iaec
1291 4615 1344 4666 AB
1361 4614 1443 4679 ι329ς
1469 4616 1568 4676 uapou
1582 4610 1645 4661 iaec

318 4685 384 4738 dett.
409 4711 437 4724 -
464 4685 504 4738 23.
522 4691 589 4738 corta
603 4686 681 4751 4342.
708 4688 741 4738 At
757 4687 790 4740 ct.
809 4687 949 4739 Stuerenb.
968 4689 1003 4739 ad
1018 4688 1097 4740 arch.
1114 4702 1142 4754 p.
1160 4689 1218 4740 2⁰0.
1237 4690 1280 4742 ed.
1298 4690 1323 4740 2.
1349 4717 1376 4727 -
1401 4689 1442 4741 24.
1461 4694 1554 4753 quauta
1570 4697 1644 4750 opera

317 4761 387 4826 ngas
397 4761 495 4813 lav:
514 4768 607 4826 quaato
618 4760 702 4827 Lgl23
721 4767 873 4826 quantopere
888 4762 953 4816 dett.
967 4766 995 4817 O.
1015 4791 1040 4803 —
1061 4765 1096 4814 od
1111 4766 1262 4828 aequitatem
1277 4765 1371 4817 condic.
1384 4763 1454 4830 Lgl2
1465 4765 1500 4814 F:
1519 4761 1644 4826 acquitate

317 4837 468 4888 mdicimia
482 4838 520 4899 V;
543 4839 578 4888 ad
597 4838 731 4901 aequitatis
752 4839 919 4890 candidorum
935 4838 991 4890 rell.
1011 4839 1099 4904 [Recte
1116 4840 1139 4889 V
1155 4841 1290 4904 aequitate,
1317 4841 1334 4891 i.
1354 4854 1378 4892 e.
1396 4853 1451 4892 non
1467 4838 1539 4904 quod
1556 4847 1642 4900 aequa

318 4913 353 4964 ut
369 4910 499 4974 condicio,
517 4911 567 4964 sed
583 4913 614 4963 ut
629 4913 785 4964 minimam.
799 4911 936 4978 eligantur.
954 4915 1088 4981 444414]-
1105 4916 1146 4967 24.
1160 4916 1203 4980 qut
1219 4915 1407 4980 01144342.-
1424 4915 1491 4966 milia
1505 4913 1572 4964 mod.
1585 4909 1640 4974 (sic)

319 4987 424 5038 Graan:
441 4986 508 5039 mua
522 4987 634 5039 modtua
650 4989 721 5038 Grut.
741 4989 768 5039 et
784 4989 822 5040 sic
837 4989 861 5039 V
877 4989 953 5053 (Bru
978 4990 1073 5040 modios
1087 4996 1115 5056 ψ
1127 4990 1155 5042 0.
1182 4993 1275 5057 Neque
1292 5005 1325 5043 er
1341 4993 1419 5058 lagg.
1438 4987 1583 5057 quidquam
1600 4985 1642 5037 di-

317 5061 390 5112 rerst
405 5073 422 5111 a
438 5062 597 5190 qupqqna,
615 5073 704 5127 neque
721 5076 754 5115 ex
769 5064 822 5115 AB
838 5065 1021 5132 aGrutericpa
1037 5067 1150 5119 notatur.
1166 5091 1193 5104 -
1215 5067 1297 5120 Venia
1312 5080 1344 5120 aa
1354 5067 1439 5132 portia
1454 5066 1489 5128 V;
1509 5062 1580 5118 Verri
1591 5073 1642 5126 pro

318 5145 367 5186 aua
380 5138 455 5200 paru
469 5136 489 5190 1.
554 5173 562 5190 .
