3684 5862
281 445 324 516 ti
577 451 728 518 ORATIO
750 451 829 518 PRO
850 449 941 518 salt
962 450 1111 518 roseto
1132 451 1316 518 munio

283 617 440 697 alliciam,
473 620 529 706 qui
556 623 636 687 tanti
666 624 794 688 sceleris
816 629 975 708 argueret,
1008 622 1169 708 explicare
1191 623 1299 687 omnia
1318 621 1396 687 vitia
1415 641 1453 687 ac
1472 627 1605 706 peccata

281 715 356 791 lilii,
389 717 507 801 quibus
538 717 688 783 incensus
719 739 834 803 parens
863 720 1006 804 potuerit
1033 719 1174 781 animum
1203 718 1370 794 iuducere,
1402 724 1439 781 ut
1459 724 1605 782 naturam

281 813 384 896 ipsam
404 812 561 887 vinceret,
583 819 620 876 ut
641 831 780 878 amorem
802 814 894 878 illum
917 814 1044 897 penitus
1065 812 1197 878 insitum
1218 813 1348 876 eliceret
1369 831 1409 874 ex
1424 812 1548 886 animo,
1568 818 1606 874 ut

282 907 421 990 denique
442 913 565 991 patrem
588 927 658 970 esse
680 928 750 972 sese
772 909 1028 984 oblivisceretur,
1050 927 1133 993 quae
1155 908 1223 971 sine
1246 907 1369 991 maguis
1383 907 1516 971 huiusce
1530 926 1606 990 peo-

255 999 359 1065 tcatis
387 1000 531 1064 accidere
559 1002 703 1085 potuisse
735 1024 800 1068 nou
829 1004 974 1068 arbitror.
1017 1000 1068 1067 54.
1098 1005 1216 1066 Verum
1239 1001 1379 1066 concedo
1401 1001 1477 1076 tibi,
1510 1008 1546 1064 ut
1567 1019 1606 1064 ea

279 1101 474 1179 praetereas,
505 1116 605 1180 quae,
635 1116 707 1160 eum
736 1107 839 1173 taces,
867 1099 957 1162 nulla
986 1118 1056 1162 esse
1079 1097 1238 1161 concedis.
1281 1097 1375 1160 lllum
1397 1095 1527 1180 quidem
1548 1113 1606 1159 vo·

278 1189 377 1254 luisse
400 1190 593 1253 exheredare
615 1198 700 1254 certe
721 1198 757 1255 tu
771 1193 902 1276 planum
915 1193 1021 1257 tacere
1036 1192 1144 1256 debes.
1178 1192 1263 1267 Quid
1279 1211 1355 1275 ergo
1370 1192 1480 1263 atlers,
1506 1209 1605 1274 quare

278 1283 313 1347 id
334 1283 454 1348 laetum
475 1288 649 1369 putemus?
681 1287 764 1350 Vere
785 1287 867 1350 nihil
888 1295 979 1370 potes
995 1287 1111 1350 dicere.
1142 1287 1240 1368 Finge
1256 1284 1378 1369 aliquid
1394 1283 1505 1348 saltem
1520 1303 1606 1347 com-

278 1378 388 1455 mode,
417 1388 453 1443 ut
474 1399 514 1444 ne
536 1379 630 1463 plane
651 1381 790 1445 ridearis
812 1382 844 1444 id
866 1380 987 1456 lacere,
1015 1381 1102 1465 quod
1125 1387 1234 1462 aperte
1255 1378 1350 1453 facis,
1378 1379 1474 1442 huius
1496 1378 1604 1442 miseri

242 1489 270 1540 44
278 1472 415 1538 inmunis
437 1482 470 1539 et
489 1473 605 1537 horum
627 1475 771 1539 virorum
792 1476 902 1540 talium
924 1476 1070 1560 dignitati
1092 1474 1238 1538 illudere.
1281 1474 1482 1538 Exheredare
1502 1473 1606 1536 filium

278 1569 389 1633 voluit.
433 1569 536 1645 Quam
560 1569 601 1632 oh
623 1574 777 1635 causam?
811 1571 936 1634 Nescio.
967 1571 1246 1634 Exheredavitne‘t
1279 1572 1360 1632 Non.
1394 1569 1475 1644 Quis
1496 1567 1606 1652 prohi-

278 1664 373 1729 buitt
404 1663 578 1748 Cogitabat.
613 1665 672 1729 Cui
695 1666 801 1729 dixit‘i
833 1667 970 1730 Nemini.
1004 1665 1090 1742 Quid
1112 1672 1161 1728 est
1182 1664 1270 1727 aliud
1291 1661 1411 1726 iudicio
1429 1661 1606 1744 aclegilrus

278 1779 316 1826 ae
337 1758 500 1822 maiestate
521 1767 625 1844 vestra
643 1760 731 1824 abuti
745 1760 786 1824 ad
803 1769 971 1846 quaestum
986 1767 1083 1845 atque
1100 1759 1140 1821 ad
1155 1757 1335 1831 libidinem,
1356 1757 1418 1820 nisi
1432 1755 1495 1820 hoe
1509 1755 1605 1818 modo

279 1873 427 1918 accusare
449 1859 545 1936 atque
568 1854 600 1916 id
623 1853 780 1928 obiicere,
808 1855 896 1939 quod
918 1854 1049 1937 planum
1070 1853 1175 1916 facere
1197 1871 1262 1916 non
1284 1850 1380 1915 modo
1402 1870 1468 1913 non
1489 1849 1605 1934 possis,

242 1961 388 2012 severum
409 1968 450 2011 ne
472 1947 597 2012 coneris
620 1947 777 2032 quidemr
820 1947 994 2012 saliono
1017 1955 1164 2011 nostrum
1186 1953 1250 2021 est,
1280 1945 1392 2020 Eruci,
1414 1947 1494 2030 quin
1516 1945 1606 2019 sciat,

278 2043 336 2107 tihi
357 2043 539 2108 inimicitias
562 2063 635 2106 cum
651 2043 725 2105 Sex.
740 2043 855 2106 Roscio
871 2042 975 2106 nullas
991 2062 1079 2118 esse;
1101 2041 1212 2106 vident
1226 2059 1336 2104 omnes
1345 2085 1354 2116 ,
1376 2039 1495 2124 quade
1511 2057 1608 2104 causa

277 2136 341 2201 lrue
369 2137 519 2202 inimicus
547 2137 676 2212 venias3
709 2138 816 2200 sciunt
836 2137 970 2201 huiusce
992 2137 1129 2222 pecunia
1150 2142 1182 2200 te
1203 2136 1375 2198 adductum
1397 2154 1476 2198 esse.
1520 2131 1607 2210 Quid

278 2253 354 2317 ergo
378 2234 447 2296 esti
481 2233 530 2297 Ita
550 2239 658 2317 tamen
679 2238 831 2316 quaestus
854 2237 884 2295 te
900 2233 1052 2316 cupidum
1067 2253 1137 2297 esse
1155 2232 1338 2315 oportebat,
1361 2239 1398 2294 ut
1410 2233 1524 2295 horum
1539 2229 1608 2294 exi·

279 2329 493 2393 stimationem
516 2333 548 2389 et
569 2326 673 2409 legem
694 2326 869 2389 Remmiam
889 2333 1019 2410 putares
1042 2327 1164 2412 aliquid
1186 2326 1292 2390 valere
1315 2332 1472 2408 oportere.
1583 2363 1587 2374 «

240 2437 269 2486 ae
363 2424 435 2486 XX.
465 2422 676 2485 Accusatores
704 2421 823 2485 multos
847 2442 919 2485 esse
940 2422 974 2484 in
996 2422 1124 2486 civitate
1145 2421 1225 2485 utile
1247 2427 1310 2496 est,
1339 2426 1376 2483 ut
1395 2428 1484 2484 metu
1506 2421 1608 2484 conti-

279 2526 394 2584 neatur
414 2515 565 2580 audacia:
587 2536 698 2580 verum
712 2524 817 2580 tamen
839 2511 901 2581 line
925 2520 969 2582 ita
984 2526 1032 2582 est
1044 2516 1141 2591 utile,
1163 2524 1199 2580 ut
1212 2537 1254 2580 ue
1273 2515 1368 2598 plane
1383 2515 1554 2579 illudamur
1567 2515 1607 2578 ab

279 2612 528 2678 accusatoribus.
565 2611 724 2675 Innocens
746 2618 794 2673 est
809 2611 984 2696 quispiam:
1007 2631 1117 2676 verum
1132 2618 1255 2685 tamen,
1278 2629 1473 2694 quamquam
1486 2609 1576 2672 abest
1589 2629 1609 2674 a

279 2707 391 2789 culpa,
425 2706 609 2790 suspicione
640 2715 745 2771 tamen
773 2727 839 2770 nou
869 2714 964 2772 earet
1008 2706 1147 2770 Tametsi
1169 2707 1320 2769 miserum
1342 2712 1404 2778 est,
1432 2711 1538 2768 tamma
1560 2705 1607 2780 ei,

280 2803 336 2887 qui
364 2802 451 2866 hunc
477 2809 619 2876 accuset,
648 2803 771 2885 possim
798 2801 907 2885 aliquo
937 2801 1033 2865 modo
1054 2801 1231 2884 ignoscere.
1276 2798 1356 2863 Cum
1377 2798 1463 2862 enim
1484 2798 1607 2883 aliquid

241 2897 413 2972 tihabeat,
436 2896 523 2980 quod
544 2896 649 2978 possit
671 2897 840 2960 criminose
863 2915 900 2960 ac
922 2896 1098 2978 suspiciose
1121 2894 1245 2968 dicere,
1267 2899 1375 2975 aperte
1397 2889 1553 2957 ludificari
1575 2900 1608 2957 et

280 2990 465 3056 calumniari
487 2991 592 3068 sciens
613 3009 679 3054 nou
700 2989 856 3055 rideatur.
899 2988 950 3054 56.
981 2989 1087 3066 Quare
1114 2989 1208 3052 facile
1236 3007 1346 3052 omnes
1374 2987 1515 3070 patimur
1536 3008 1607 3052 esse

280 3105 376 3171 quam
407 3084 562 3168 plurimos
592 3092 807 3160 accusatores,
839 3087 926 3169 quod
953 3085 1123 3160 innocens,
1152 3085 1179 3147 si
1207 3089 1373 3146 accusatus
1396 3082 1453 3157 sit,
1484 3083 1607 3148 absolvi

278 3187 399 3264 potest,
429 3199 563 3254 noceas,
593 3179 654 3242 nisi
684 3187 852 3242 accusatus
878 3179 993 3253 suerit,
1012 3178 1225 3248 ¹condemnari
1247 3196 1311 3240 non
1331 3182 1448 3259 potest.
1491 3177 1607 3242 Utilius

280 3281 329 3338 est
350 3279 455 3338 autem
477 3274 599 3338 absolvi
621 3276 824 3338 innocentem
846 3294 943 3359 quam
965 3279 1133 3337 nocentem
1156 3290 1282 3334 causam
1304 3288 1370 3332 non
1393 3268 1509 3334 dicere.
1542 3273 1607 3336 An-

241 3368 402 3434 itseribus
425 3368 542 3434 cibaria
562 3371 691 3455 publice
713 3369 875 3445 locantur,
899 3378 931 3433 et
952 3389 1047 3433 canes
1062 3367 1190 3430 aluntur
1211 3367 1245 3432 in
1262 3364 1437 3449 Capitolio,
1459 3372 1496 3428 ut
1510 3366 1607 3450 signi·

279 3461 390 3540 licent,
413 3463 547 3529 silures
568 3466 726 3530 venerint.
768 3466 811 3528 At
830 3463 917 3528 fures
938 3465 1155 3527 internoscere
1170 3480 1236 3524 aon
1254 3465 1407 3542 possunt:
1429 3456 1608 3543 significant

280 3565 402 3634 tamen,
425 3558 452 3622 si
474 3559 530 3643 qui
553 3567 650 3623 uoetu
665 3560 700 3621 in
716 3558 909 3644 Capitolium
923 3557 1087 3633 venerint3
1109 3563 1156 3631 et,
1180 3556 1257 3640 quia
1271 3554 1305 3617 id
1320 3560 1369 3617 est
1383 3555 1607 3638 suspiciosum,

279 3654 405 3719 tametsi
436 3654 558 3718 bestiae
591 3662 682 3730 sunt,
712 3661 817 3718 tamen
846 3654 881 3716 in
911 3671 981 3716 eam
1003 3659 1124 3735 partem
1146 3651 1254 3733 potius
1276 3654 1425 3732 peccant,
1455 3667 1537 3733 quae
1559 3654 1608 3712 est

345 3831 369 3881 4.
387 3842 495 3894 4444444
515 3832 545 3881 G.
566 3855 594 3866 -
618 3829 683 3880 444444
705 3841 760 3880 om.
778 3831 808 3879 G.
833 3855 860 3863 -
888 3841 964 3891 sep.
982 3827 1077 3879 Mra:
1100 3831 1164 3889 etp.
1184 3827 1219 3884 G;
1245 3830 1361 3888 444444.
1379 3821 1555 3887 Ocetvulg.
1575 3847 1604 3861 -

279 3907 303 3958 4.
320 3917 413 3969 peroro
428 3906 454 3958 li
463 3908 524 3957 Gc:
539 3910 615 3968 poter
631 3905 801 3966 Glis'lve,
820 3903 880 3954 eod.
900 3903 959 3955 car.
978 3901 1067 3966 steph.
1087 3903 1131 3952 «lu
1148 3901 1190 3952 his
1206 3898 1340 3964 vulgarius
1357 3912 1417 3951 voc.
1434 3896 1607 3950 substitutum

280 3983 322 4034 est
341 3980 511 4046 exquisitiora.
546 3982 589 4031 stc
608 3980 720 4032 variavit
741 3980 822 4031 etiam
843 3979 867 4044 §-
886 3979 941 4030 344
966 3979 1087 4030 0444444444
1105 3981 1206 4040 preren
1226 3975 1286 4026 844.
1306 3975 1405 4026 domiso
1426 3976 1545 4040 44444444
1561 4000 1576 4012 -
1592 3999 1607 4014 -

280 4055 809 4122 444444444ηώ44444444444444044.
825 4080 852 4090 -
870 4052 895 4105 4.
913 4066 1029 4105 44444444
1046 4054 1131 4116 Gllt,
1148 4065 1232 4105 vae:
1250 4051 1413 4111 4444444444
1430 4063 1603 4114 4444444444).

281 4132 373 4188 lamb.
394 4159 422 4169 -
440 4133 464 4184 a.
482 4131 588 4183 44444444
605 4130 657 4196 libr]
674 4130 795 4180 4444444444
811 4131 840 4180 G.
861 4155 889 4166 -
907 4130 932 4180 6.
950 4142 1007 4180 44444
1023 4141 1077 4180 om.
1090 4131 1119 4179 G.
1140 4153 1167 4165 -·
1186 4127 1210 4177 l.
1228 4131 1295 4177 44444
1311 4138 1337 4177 v.
1352 4152 1381 4163 -
1398 4126 1483 4190 444444
1498 4125 1526 4174 id
1542 4125 1604 4187 (om.

281 4207 370 4272 44444)
387 4209 416 4258 G.
437 4233 464 4244 -
482 4207 507 4259 8.
521 4213 593 4271 poter
607 4207 730 4257 aedicere
746 4208 766 4256 G
783 4207 811 4257 et
827 4204 887 4256 cod.
905 4205 943 4255 st.
960 4205 1027 4255 Vici.
1046 4205 1114 4270 (tort.
1133 4217 1166 4255 ex
1182 4207 1253 4266 potes
1269 4201 1380 4262 4444444ς
1407 4200 1441 4252 44.
1460 4198 1512 4251 Sal.
1531 4197 1605 4251 Catil.

281 4283 326 4346 48,
345 4283 380 4347 i.)
400 4309 429 4321 -
446 4283 551 4349 oiiqotd]
568 4281 639 4333 aliud
655 4282 687 4333 H.
708 4308 735 4321 ·-
754 4281 779 4332 44.
797 4286 825 4332 ot
841 4293 873 4332 44
888 4282 1001 4332 Grac:
1018 4292 1050 4331 444
1066 4281 1099 4331 ll.
1120 4305 1148 4315 -·
1167 4279 1207 4330 44.
1226 4275 1360 4342 4444444444]
1378 4275 1417 4326 444
1433 4277 1523 4328 Gl'v:
1541 4275 1608 4339 copi·

280 4359 369 4419 44444;
385 4357 535 4422 capitales?
557 4359 582 4411 ll
594 4371 610 4408 a
622 4371 650 4420 o,
674 4355 752 4408 codd.
771 4355 827 4408 rell.
847 4356 916 4417 nott,
934 4356 963 4406 0.
991 4355 1031 4406 cl.
1048 4354 1133 4406 Madv.
1152 4354 1248 4418 Gpusc.
1266 4352 1286 4402 1.
1304 4365 1331 4417 p.
1351 4351 1406 4402 440.
1426 4375 1455 4388 ·-
1474 4349 1515 4403 43.
1533 4355 1608 4413 etone

281 4435 323 4502 od]
342 4446 395 4486 om.
413 4434 449 4484 ad
468 4447 522 4494 xv.
542 4462 570 4471 -
593 4431 634 4484 44.
649 4437 730 4496 posset
748 4435 777 4484 G.
798 4459 826 4469 -
845 4432 885 4482 444.
903 4444 974 4481 44444
990 4434 1025 4480 444
1040 4434 1153 4480 sennan
1169 4428 1227 4486 444;
1251 4425 1344 4477 44444444
1363 4429 1473 4476 44444444
1493 4429 1529 4476 est
1545 4425 1605 4477 sch.

283 4539 311 4549 -
330 4511 391 4574 pasin
406 4510 438 4559 sit
454 4510 483 4560 G.
503 4535 532 4546 -
549 4509 591 4560 t'l.
608 4509 657 4560 4444
673 4508 884 4574 Gntcrova,
903 4507 991 4558 Pam:
1009 4505 1066 4555 4444
1083 4504 1169 4564 LOe,
1188 4501 1260 4566 quod
1277 4499 1609 4566 lordauolletircir.l.dte

281 4586 462 4637 4444444444.
481 4584 554 4636 4834.
572 4597 599 4649 p.
613 4583 680 4647 444.)
701 4583 881 4634 necessariam
892 4580 1041 4633 videbatur.
1057 4607 1084 4616 -
1103 4579 1239 4629 inimicitiis
1250 4578 1279 4627 G.
1295 4603 1322 4614 -
1341 4577 1381 4628 49.
1399 4577 1536 4628 4444444444
1552 4579 1606 4638 Ga,

282 4662 354 4724 sch„
372 4659 439 4712 Gnd.
457 4672 494 4710 m.
512 4672 565 4724 pr.‚
584 4657 663 4709 codd.
682 4659 742 4708 Ant.
755 4657 892 4720 Augustini
909 4657 977 4707 teste
989 4657 1117 4706 Grutero:
1135 4654 1247 4704 4444444444
1263 4653 1321 4712 ST;
1339 4653 1377 4703 rei
1392 4652 1471 4703 mium
1487 4654 1533 4704 aut
1547 4665 1608 4704 4444-

281 4741 360 4790 444444
376 4739 422 4789 aut
437 4733 581 4786 4444444444
597 4730 677 4794 Pall.;
696 4732 765 4783 444444
780 4732 833 4782 iam
844 4732 883 4791 il;
900 4744 1020 4782 4444444444
1031 4743 1062 4792 v;
1080 4729 1197 4780 4444444444
1207 4729 1241 4789 44;
1260 4727 1405 4778 neemiam
1415 4741 1442 4790 c,
1460 4729 1491 4778 ut
1502 4729 1606 4779 llotom.

282 4813 373 4866 voluit.
393 4839 421 4850 -
439 4811 480 4862 40.
499 4821 549 4861 esse
565 4821 619 4859 om.
638 4810 667 4859 G.
682 4835 710 4844 -
728 4813 757 4858 44
772 4813 840 4858 meta
850 4807 958 4858 --44444
973 4812 1001 4856 44
1018 4819 1071 4857 em.
1085 4808 1114 4855 G.
1129 4831 1157 4840 -
1175 4805 1216 4855 44.
1235 4803 1367 4866 4444444444
1377 4808 1566 4866 44444444444444
1577 4804 1606 4854 G.

285 4916 314 4926 -
330 4890 372 4941 43.
391 4887 621 4951 aspiciens-wei
638 4896 692 4935 om.
711 4884 739 4933 G.
761 4907 789 4920 ··
808 4882 1052 4946 il.possomG.-
1070 4878 1606 4942 ae.possto:porsmonr1sxvre;

280 4977 383 5030 posnan
399 4964 428 5015 ll.
448 4987 476 5000 ·-
501 4961 631 5025 4444444444
647 4960 677 5009 G.
698 4985 723 4996 -
744 4959 786 5010 46.
804 4957 975 5022 calumpniari
991 4959 1025 5016 G;
1051 4954 1206 5006 4444444444νί
1221 4951 1281 5005 eod.
1299 4951 1392 5007 Lami).
1412 4979 1439 4989 -
1464 4953 1505 5004 48.
1523 4953 1609 5002 editior

283 5045 367 5092 4444444
383 5043 418 5090 444
434 5040 469 5102 G,
488 5036 548 5088 lori.
567 5035 657 5094 reete;
674 5037 712 5084 ot.
730 5039 765 5085 est
781 5039 864 5085 44444444
880 5033 972 5086 Lamh.
991 5044 1064 5097 susp.
1085 5057 1112 5068 -
1134 5031 1175 5081 49.
1194 5032 1216 5080 ei
1232 5029 1361 5081 4444444444
1376 5030 1436 5080 seh.
1457 5055 1485 5065 -
1503 5027 1544 5078 30.
1562 5041 1609 5091 po·

284 5115 345 5167 ilice
365 5128 418 5167 om.
436 5127 463 5166 r.
483 5139 511 5152 -·
532 5111 687 5162 4444444444
708 5109 771 5160 citat
788 5111 881 5160 auctor
898 5106 1004 5169 Queroli
1020 5121 1047 5173 p.
1066 5104 1106 5158 te.
1126 5105 1169 5156 ed.
1188 5107 1263 5157 Perei
1280 5105 1353 5158 4649.
1374 5131 1402 5141 -
1420 5107 1444 5156 44
1459 5114 1513 5155 om.
1531 5115 1557 5152 v.
1578 5128 1606 5140 -

284 5191 402 5258 4444444444
419 5192 448 5244 G.
469 5216 495 5227 -
515 5188 557 5242 34.
576 5185 613 5254 44]
630 5199 661 5238 oc
678 5187 737 5236 Gr.
758 5211 786 5224 -
804 5184 845 5237 33.
864 5189 947 5236 4444444
963 5183 1007 5238 etsi
1022 5195 1048 5235 v.
1068 5209 1096 5220 -
1113 5181 1162 5235 44444
1179 5182 1266 5234 GHS.
