3644 5874
597 439 670 505 cn.
692 437 894 504 xu-xm.
926 435 982 521 §u-
1004 432 1150 502 ao-ee.
1473 433 1529 502 cu

215 608 363 695 publicae
391 615 513 693 pestem
541 608 705 692 paulisper
725 607 871 692 reprimi,
898 627 962 672 uon
984 607 1016 671 in
1037 612 1227 691 perpetuum
1248 604 1413 690 comprimi
1432 627 1535 692 posse.

216 705 311 781 Quod
337 705 364 768 si
391 723 427 770 se
456 703 583 768 eiecerit
603 721 775 786 secumque
797 721 871 765 suos
893 700 1039 764 eduxerit
1061 706 1093 765 et
1115 698 1225 764 eodem
1248 707 1369 764 ceteros
1391 700 1535 785 undique

216 798 366 863 collectos
394 796 562 880 naufragos
591 789 813 886 aggregarit,(
816 797 1034 878 exstinguetur
1061 801 1156 878 atque
1178 793 1334 859 delebitur
1353 815 1418 858 non
1439 794 1535 859 modo

213 894 293 957 baec
313 899 377 956 tum
399 891 506 957 adulta
527 890 573 954 rei
595 890 743 973 publicae
764 889 880 972 pestis,
908 907 1018 954 verum
1049 888 1143 952 etiam
1164 888 1257 971 stirps
1279 908 1316 953 ac
1339 909 1448 954 semen
1470 909 1535 954 ma·

214 987 315 1052 lorum
342 973 516 1079 omnium.)
534 985 621 1048 Xlll.
643 978 694 1047 34.
722 983 847 1047 Etenim
876 983 939 1048 iam
967 983 1038 1058 diu,
1070 989 1177 1065 patres
1205 983 1391 1066 conscripti,
1422 983 1455 1047 in
1485 981 1559 1048 bis⁵

213 1079 363 1164 periculis
377 1077 600 1145 coniurationis
613 1075 801 1160 insidiisque
815 1096 992 1151 versamur,
1011 1075 1067 1140 sed
1082 1075 1190 1140 nescio
1205 1095 1270 1158 quo
1285 1082 1377 1158 pacto
1394 1079 1535 1142 omnium

214 1173 369 1238 scelerum
397 1191 434 1236 ac
461 1172 579 1236 ueteris
606 1169 723 1234 luroris
752 1177 784 1234 et
810 1169 961 1235 audaciae
991 1169 1155 1234 meamne
1176 1169 1211 1233 in
1231 1171 1331 1234 nostri
1353 1171 1535 1236 consulatus

213 1275 339 1351 tempus
361 1267 475 1350 erupit.
498 1262 593 1341 Quod
614 1264 641 1327 si
663 1284 703 1328 eu
724 1270 811 1327 tanto
834 1262 1000 1328 latrocinio
1022 1262 1082 1326 iste
1098 1282 1180 1326 unus
1195 1262 1339 1340 tolletur,
1361 1265 1536 1330 videbimur

213 1360 347 1424 fortasse
367 1358 408 1423 ad
428 1359 525 1422 breve
547 1355 706 1441 quoddam
728 1365 852 1440 tempus
873 1377 947 1422 cura
962 1364 993 1420 ct
1006 1364 1092 1420 metu
1108 1376 1177 1420 esse
1192 1356 1338 1434 relevati,
1359 1360 1535 1443 periculum

215 1459 321 1518 autem
341 1451 493 1516 residebit
513 1458 544 1514 et
566 1450 627 1515 erit
646 1451 803 1515 inclusum
824 1451 951 1536 penitus
974 1451 1007 1514 in
1028 1450 1119 1514 venis
1141 1457 1237 1536 atque
1252 1453 1286 1514 in
1301 1453 1475 1517 visceribus
1489 1453 1575 1517 rei⁴⁰

215 1545 372 1630 publicae.
408 1545 448 1610 Ut
468 1563 563 1630 saepe
583 1545 729 1609 homines
751 1545 836 1628 aegri
858 1545 967 1608 morbo
990 1545 1093 1628 gram,
1121 1565 1193 1609 cum
1213 1553 1304 1609 aestu
1324 1544 1470 1632 febrique
1492 1549 1537 1612 ia·

216 1646 356 1714 cientur,
373 1639 400 1702 si
415 1659 529 1724 uquam
544 1639 680 1722 gelidam
692 1638 845 1715 biberint,
866 1639 970 1723 primo
985 1638 1118 1703 relevari
1132 1638 1288 1715 videntur,
1305 1639 1422 1707 deinde
1437 1642 1537 1706 multo

216 1733 342 1815 gravius
355 1731 636 1818 uehementiusque
649 1732 857 1797 afflictantur:
879 1734 926 1795 sic
939 1732 990 1795 bic
1004 1732 1149 1806 morbus,
1171 1734 1227 1816 qui
1242 1740 1290 1797 est
1304 1733 1338 1796 in
1352 1753 1386 1797 re
1400 1735 1537 1818 publica,

216 1827 372 1891 relevatus
393 1827 484 1891 istius
505 1846 610 1910 poene
630 1826 849 1891 vehementius
871 1826 1004 1910 reliquis
1020 1826 1102 1890 vivis
1124 1826 1331 1910 ingravescet.
1364 1825 1416 1890 32.
1431 1827 1538 1905 Quare

217 1921 365 1986 secedant
391 1921 541 2005 improbi,
569 1927 735 1984 secernant
766 1940 800 1983 se
822 1941 841 1984 a
862 1919 970 1995 bonis,
998 1940 1097 1984 unum
1119 1920 1277 1985 inlocum
1299 1931 1538 2007 congregentur,
1548 1925 1576 1972 ⁴5

1642 797 1771 910 fe.

216 2034 307 2078 muro
329 2013 484 2097 denique,
506 2014 538 2077 id
561 2014 649 2099 quod
670 2034 765 2098 saepe
787 2015 850 2078 iam
872 2013 955 2090 dixi,
981 2014 1201 2078 discernantur
1222 2033 1242 2077 a
1263 2015 1371 2092 nobis3
1393 2015 1539 2081 desinant
1648 2015 1651 2020 ’

216 2107 360 2172 insidiari
383 2106 468 2172 domi
490 2129 566 2173 suae
588 2108 730 2185 consuli,
752 2109 955 2172 circumstare
976 2107 1111 2170 tribunal
1133 2108 1286 2192 praetoris
1305 2111 1433 2188 urbani,
1455 2113 1539 2176 obsi·

218 2202 293 2266 dere
325 2222 396 2266 cum
425 2202 537 2286 gladiis
566 2203 705 2278 curiam,
735 2202 898 2267 malleolos
928 2208 960 2264 et
985 2200 1071 2265 iaces
1093 2201 1133 2264 ad
1153 2198 1407 2269 inflammandam
1429 2206 1538 2270 urbem

217 2316 415 2381 comparere3
438 2297 480 2361 sit
501 2296 639 2380 denique
661 2298 847 2380 inscriptum
868 2295 902 2359 in
923 2295 1027 2358 fronte
1048 2295 1322 2381 uniuscuiusque,
1345 2297 1422 2382 quid
1444 2299 1484 2362 de
1504 2318 1539 2362 re

217 2392 344 2474 publica
365 2391 490 2455 sentiat.
533 2391 688 2459 Polliceor
707 2391 767 2455 boc
788 2390 897 2465 vobis,
919 2397 1025 2473 patres
1047 2390 1231 2475 conscripti,
1253 2397 1370 2456 tantam
1392 2393 1426 2454 in
1446 2393 1576 2457 nobis2⁰

218 2485 403 2548 consulibus
429 2484 498 2548 iore
524 2484 737 2567 diligentiam,
770 2491 889 2549 tuntum
921 2484 954 2546 in
981 2482 1072 2548 vobis
1100 2485 1333 2562 auctoritatem,
1365 2493 1484 2550 mntem
1505 2487 1538 2550 in

218 2578 377 2662 equitibus
398 2579 548 2642 Romanis
569 2578 734 2654 virtutem,
755 2585 874 2643 mutam
895 2578 929 2640 in
949 2577 1096 2642 omnibus
1118 2578 1210 2642 bonis
1232 2580 1482 2656 consensionem,
1504 2587 1540 2643 ut

218 2673 373 2737 Catilinae
387 2672 584 2757 proiectione
600 2673 706 2737 omnia
719 2672 891 2756 patefacta,
912 2671 1085 2745 illustrata,
1108 2692 1274 2756 oppressa,
1295 2672 1454 2739 vindicata
1469 2693 1539 2738 esse

217 2767 362 2832 videatis.

301 2859 352 2926 33.
374 2861 470 2926 Hisce
491 2861 664 2938 ominibus,
689 2861 840 2937 Catilina,
862 2882 934 2926 cum
955 2880 1078 2925 summa
1098 2861 1145 2925 rei
1164 2861 1312 2945 publicae
1332 2861 1446 2939 salute,
1469 2867 1578 2927 oum²⁵

216 2964 273 3022 tua
292 2964 382 3041 peste
402 2975 440 3021 ac
459 2957 598 3040 pernicie
620 2976 755 3042 cumque
777 2976 890 3021 eorum
911 2955 1023 3032 exitio,
1052 2956 1108 3040 qui
1130 2975 1165 3020 se
1186 2962 1291 3020 tecum
1312 2957 1400 3022 omui
1420 2958 1539 3023 scelere

284 3255 308 3306 t.
326 3254 508 3318 iopepcuusm
522 3252 569 3304 bd
591 3252 622 3317 [b
639 3266 719 3318 supra
737 3266 844 3318 quoquo
861 3252 885 3318 ἓ.
903 3253 951 3304 22:
969 3253 1189 3316 mensurium).
1209 3281 1236 3290 -
1259 3256 1284 3306 2.
1302 3256 1398 3308 medens
1413 3269 1491 3322 uoq.
1511 3283 1538 3294 -

219 3334 318 3380 cunctos
334 3341 361 3391 q.
383 3355 410 3366 -
435 3328 459 3378 3.
478 3328 627 3393 opprepom't
646 3327 743 3379 BCar
759 3330 804 3392 Lg.
822 3329 869 3379 ὅθι
895 3328 1057 3392 oqqroeuem't
1073 3330 1097 3390 t;
1120 3331 1295 3394 opereqooeit
1311 3332 1390 3383 RLO
1407 3333 1463 3398 (sed
1480 3335 1539 3384 tno

219 3416 251 3454 uc
267 3401 327 3453 ead.
346 3415 383 3453 m.
402 3415 535 3467 superscr.
555 3404 614 3465 est).
635 3430 661 3439 -
688 3401 713 3454 l.
731 3403 792 3454 laec
808 3417 860 3454 orn.
879 3416 960 3468 epu.
989 3430 1017 3438 —
1043 3404 1067 3454 d.
1087 3404 1197 3455 ensium
1216 3405 1341 3456 melones
1361 3421 1389 3469 r,
1415 3409 1541 3460 melonum

219 3477 346 3527 homiuum
361 3476 490 3541 belse,
508 3477 549 3529 elii
567 3480 645 3542 Legg.
666 3505 692 3514 -
713 3483 766 3529 tem
782 3480 826 3529 diu
841 3492 868 3530 u.
888 3503 915 3515 -
936 3491 962 3541 p.
980 3478 1014 3544 c.]
1030 3491 1110 3543 resp.
1129 3478 1156 3530 d.
1176 3507 1204 3518 -
1222 3481 1332 3532 conubis
1348 3496 1374 3535 u.
1395 3510 1423 3520 -
1441 3484 1465 3535 6.
1482 3497 1541 3536 erer-

220 3553 315 3617 sotip;
334 3553 493 3604 cosmed.
514 3579 542 3590 -
560 3554 812 3605 amentatus·
832 3556 857 3607 8.
876 3553 1331 3620 Quodcilbu'cribceisth.—
1350 3557 1453 3609 toltotur
1469 3571 1538 3622 q.-

135 3675 137 3680 .
220 3627 245 3678 9.
263 3629 298 3678 od
314 3628 439 3691 quoddam
455 3627 527 3679 breuu
543 3633 560 3678 t.
579 3642 609 3689 ος
636 3630 670 3680 od
692 3629 763 3680 bream
778 3635 796 3681 t.
815 3630 941 3693 quoddam
956 3629 1030 3680 bos.
1051 3655 1078 3665 -
1105 3641 1155 3680 esse
1170 3629 1268 3680 liberati
1284 3631 1312 3682 d.
1331 3657 1361 3669 —
1387 3633 1427 3682 tt).
1444 3633 1542 3695 penitus

220 3714 274 3752 om.
293 3701 320 3753 d.
341 3731 368 3742 -
387 3708 462 3764 etque
476 3703 609 3754 necuim
623 3703 717 3768 biyu.
738 3732 764 3742 —
785 3705 825 3755 u.
842 3709 871 3755 ut
886 3705 952 3756 euim
967 3716 1041 3767 coepe
1056 3703 1083 3754 d.
1105 3730 1132 3741 -
1150 3704 1222 3769 aspri
1237 3705 1347 3756 homiues
1361 3719 1384 3759 r.
1399 3733 1427 3742 -
1446 3707 1540 3772 tipe-

219 3777 297 3828 iu'dam
312 3790 408 3840 aquom
423 3777 451 3828 d.
470 3803 497 3815 -
516 3777 623 3830 biberent
639 3792 668 3840 s;
687 3778 799 3830 bibenant
815 3781 882 3832 coni.
901 3779 1057 3842 Madvigium
1076 3791 1102 3830 u.
1121 3779 1209 3842 Opuuo.
1226 3780 1257 3830 ll.
1275 3793 1303 3845 p.
1321 3780 1377 3832 338.
1398 3809 1425 3819 -
1445 3782 1486 3834 43.
1502 3783 1542 3832 ute

220 3863 274 3903 om.
291 3852 314 3912 l;
332 3851 433 3902 morbus
448 3853 494 3904 iste
510 3866 536 3918 q.
557 3880 584 3890 -
604 3854 644 3906 ti.
663 3854 758 3905 bootm
774 3857 802 3908 L.
823 3881 850 3893 -
872 3855 1076 3917 oeucmesttusp.
1094 3867 1116 3904 c.
1134 3852 1231 3916 hcis,
1249 3855 1295 3919 Lg.
1313 3853 1354 3906 ld.
1372 3857 1413 3908 5⁰.
1431 3857 1472 3908 5³.
1491 3858 1540 3920 57;

220 3927 432 3990 muemenstmque
448 3931 473 3990 t;
490 3929 595 3994 proclus
609 3930 819 3994 ocberuerstiusque
836 3944 862 3995 q.
878 3959 906 3969 -
922 3929 1026 3992 reliquis
1035 3929 1150 3978 unane
1161 3927 1255 3991 dlru,
1274 3930 1319 3993 Lg.
1334 3930 1373 3981 ⁴6.
1386 3930 1428 3983 td.
1441 3931 1488 3992 5³,
1506 3933 1540 3982 L:

218 4004 282 4054 ciuis
291 4003 394 4066 reliquis
405 4005 463 4056 no.
479 4032 507 4041 —
520 4005 669 4070 tepraeescit
678 4004 697 4056 b
707 4003 789 4058 ilsu.
806 4036 832 4046 -
847 4008 931 4069 Quare
940 4007 967 4056 P.
981 4004 1007 4056 C.
1021 4005 1066 4068 Lg.
1079 4005 1120 4055 td.
1133 4005 1174 4055 so.
1187 4005 1219 4057 57
1230 4002 1287 4066 soli,
1300 4004 1358 4055 Lo.
1370 4030 1398 4042 -
1410 4007 1450 4056 td.
1464 4019 1544 4068 quere

221 4078 238 4128 d
255 4081 351 4146 repetit
367 4081 429 4131 ante
447 4084 583 4130 comment.
598 4105 625 4115 —
639 4093 657 4129 o
673 4079 742 4130 bouis
754 4093 782 4143 p.
800 4096 823 4133 c.
842 4080 910 4134 clu.
925 4108 953 4118 -
965 4081 993 4130 io
1008 4093 1087 4130 unane
1097 4079 1115 4130 l.
1132 4091 1191 4142 νγ.
1206 4106 1233 4117 -
1248 4080 1289 4131 iu.
1301 4079 1541 4146 deuiqse1tpitaub.

222 4179 249 4190 -
267 4155 294 4205 id
310 4169 363 4206 om.
381 4155 545 4220 Budqyz,
564 4157 609 4219 ις.
627 4153 667 4206 lb.
687 4156 727 4206 50.
745 4157 785 4208 us.
805 4157 845 4206 65.
859 4156 953 4206 -icm
969 4168 1023 4206 om.
1043 4155 1104 4219 liq3
1121 4154 1174 4204 tom
1189 4168 1210 4206 a.
1229 4155 1315 4206 Ceu.
1329 4179 1356 4190 —
1369 4157 1543 4208 deessemus

220 4227 376 4283 bilsuwx
388 4232 484 4294 lepte.
497 4229 595 4282 iuli:
612 4229 1201 4282 summoturRLO.-desiuentbisbnbeti.
1216 4258 1244 4268 -
1260 4231 1301 4281 li.
1314 4231 1542 4283 domuimoebrt

221 4305 266 4368 Lg.
280 4303 321 4357 iri.
341 4332 368 4344 -
385 4306 512 4370 praetoris
526 4305 627 4372 arboca]
644 4319 698 4357 om.
715 4309 739 4368 t;
761 4320 788 4370 p.
807 4307 835 4358 a.
853 4321 883 4368 ας
905 4307 943 4357 rei
958 4320 986 4369 p.
1005 4305 1036 4367 d;
1052 4305 1299 4368 praeterissemus·
1316 4305 1366 4370 (vel
1382 4308 1428 4359 lio.
1444 4305 1487 4358 uel
1503 4306 1542 4369 li.)

222 4391 263 4441 yz
280 4380 326 4443 Lg.
343 4381 385 4431 50.
404 4382 450 4443 573
473 4383 601 4446 praeturis
618 4381 688 4432 urbis
709 4384 753 4434 Cr
769 4385 813 4446 Lg.
832 4383 879 4442 533
901 4382 1037 4446 praetorto.
1054 4380 1141 4432 turbem
1158 4394 1183 4432 o.
1203 4381 1299 4444 (firmat
1311 4383 1438 4444 praetmu's
1452 4380 1544 4432 urbani
1638 4386 1640 4388 ’

222 4451 308 4503 schol.
322 4455 412 4516 Gron,
431 4455 476 4520 qui
494 4454 581 4507 locum
598 4455 676 4508 alieri
692 4456 726 4506 ud
743 4469 783 4508 or.
796 4459 838 4509 1v.
857 4457 881 4522 S.
893 4459 929 4521 2.)
943 4485 971 4495 -
991 4457 1030 4507 48.
1049 4457 1147 4510 cur-ium
1163 4469 1220 4506 cum
1234 4455 1326 4520 alodiis
1341 4469 1383 4520 γι
1400 4457 1445 4520 lg.
1457 4455 1498 4507 53.
1513 4481 1541 4492 -·

221 4529 338 4580 mekotes
353 4543 384 4593 μ
406 4529 581 4594 molientesque
597 4545 621 4582 e.
641 4556 668 4567 -
691 4532 768 4596 sotem
784 4545 816 4597 p;
837 4533 916 4596 [orme
932 4533 1112 4596 ackquz,
1133 4529 1175 4582 elii
1191 4531 1270 4595 lagg.
1288 4529 1424 4596 (mancosos
1439 4531 1541 4596 odiost.

221 4605 308 4656 orbern
322 4606 436 4670 {compte
452 4608 472 4657 1.
489 4607 517 4658 et
532 4608 548 4658 b
566 4607 631 4658 dett.
649 4607 737 4672 lagg.)
756 4634 784 4645 -
804 4607 845 4658 t9.
862 4607 901 4672 sit]
918 4612 958 4658 sot
974 4620 1026 4668 es;
1044 4606 1256 4658 iusitArusianus
1273 4619 1300 4671 p.
1312 4604 1369 4656 2³7.
1389 4603 1446 4668 [sed
1463 4616 1543 4668 pree-

223 4679 294 4732 cedit
309 4681 337 4732 in
354 4692 404 4731 eo:
423 4679 496 4731 Colit.
514 4681 550 4742 1.,
567 4683 597 4732 ut
613 4681 814 4747 tdittogrnphia
831 4681 936 4732 numeri
951 4682 972 4732 1.
990 4681 1130 4746 uidentur.)
1142 4707 1170 4718 -
1180 4681 1284 4744 denique
1299 4681 1419 4743 sciptum
1434 4677 1540 4742 luyz,

222 4755 238 4808 l
260 4753 294 4806 al.
318 4756 413 4819 Lagg.;
435 4755 555 4819 xsiptme
577 4756 681 4820 dentque
705 4770 732 4821 q.
751 4783 779 4794 -
800 4757 992 4821 mennamque
1013 4758 1074 4808 ciob
1093 4758 1113 4809 1.
1135 4760 1163 4809 et
1184 4756 1247 4808 edd.
1269 4757 1334 4807 vett.
1356 4755 1442 4806 invitis
1462 4751 1541 4803 codd.

222 4827 357 4883 omnibus.
379 4857 407 4868 -
425 4830 466 4880 su.
484 4830 529 4881 boc
544 4830 613 4880 vobis
628 4830 748 4896 Bubyz
765 4832 810 4896 Lg.
824 4832 870 4883 65:
893 4833 939 4884 boc
954 4833 1041 4884 om.C
1059 4833 1146 4897 bg.'l;
1166 4832 1235 4884 uobis
1250 4831 1295 4882 boo
1311 4832 1342 4881 a.
1357 4855 1383 4868 -
1403 4832 1500 4879 seeum
1515 4827 1543 4876 lu

221 4903 291 4955 uobis
307 4917 373 4954 corsa
385 4930 422 4943 -·
433 4911 530 4956 auctor.
549 4917 603 4957 om.
616 4920 666 4969 ος.
686 4932 713 4943 -
732 4907 1026 4959 emouere-moenem
1041 4908 1068 4958 iu
1082 4907 1151 4959 cobis
1167 4920 1247 4960 oms
1264 4907 1291 4958 in
1308 4905 1361 4956 fine
1376 4904 1498 4968 peginne.
1512 4927 1540 4939 -

222 4978 526 5041 tabenensiorum
549 4979 756 5033 economus.
777 5011 805 5021 -
827 4984 898 5034 utic
915 4984 969 5034 cot.
988 4997 1012 5034 e.
1038 5010 1066 5020 -
1089 4983 1130 5036 id.
1149 4996 1268 5036 esuum
1286 4982 1315 5032 B.
1335 5005 1362 5015 -
1385 4979 1426 5030 ib.
1443 4978 1541 5039 ueee;

220 5054 258 5104 bis
275 5055 316 5104 ix.
338 5080 364 5089 -
383 5055 505 5106 melodias
520 5057 666 5120 Naugerius
681 5057 708 5108 in
725 5056 834 5109 Aldine:
858 5057 970 5108 euredus
986 5056 1065 5110 codd.
1084 5060 1112 5108 et
1126 5059 1160 5119 1..
1178 5055 1227 5110 sed
1242 5054 1363 5121 plerique
1379 5052 1432 5103 mei
1449 5049 1544 5103 omibus

222 5141 284 5182 cum
300 5128 345 5183 lin.
363 5142 446 5196 super
460 5143 494 5182 ee.
515 5155 542 5168 -
561 5143 673 5186 menae
687 5132 716 5185 Ι..
737 5159 765 5172 -
783 5145 841 5185 meu
856 5137 902 5186 tuo
916 5134 1048 5198 Beyzc:
1067 5137 1163 5188 utcsue
1177 5138 1223 5186 tuo
1237 5129 1324 5184 ΜΟ.
