3648 5888
600 456 674 522 cn.
695 445 853 522 x-rn.
880 452 936 541 ps.
958 453 1106 522 ao-aa.
1448 451 1503 520 444

191 646 278 701 mus,
312 624 467 689 concedas
494 631 620 707 oportet
646 626 702 700 iis,
735 628 792 710 qui
819 627 910 690 nullo
938 647 997 690 suo
1024 635 1155 710 peceato
1177 628 1411 711 impediuntur,
1444 647 1509 709 quo

189 721 297 784 minus
318 720 448 783 alterius
470 727 600 802 peccata
621 719 836 784 demonstrare
858 723 991 804 possint.
1034 720 1085 785 35.
1105 723 1261 798 Asside,
1285 730 1439 806 quantum
1461 721 1509 782 in-

189 813 380 876 terfuturum
410 813 450 876 sit
475 814 558 876 inter
585 833 687 877 meam
715 821 747 878 et
767 821 855 877 tuam
877 817 1120 896 accusationem.
1162 818 1230 898 Ego
1253 817 1348 879 etiam
1370 835 1452 899 quae
1473 822 1507 876 tu

189 907 258 968 sine
279 907 376 969 Verre
398 907 601 981 commisisti,
623 908 714 971 Verri
738 908 861 971 crimini
884 909 1015 972 daturus
1037 931 1124 985 sum,
1152 912 1239 995 quod
1261 918 1292 974 te
1314 930 1379 974 non
1401 908 1509 992 prohi-

188 1001 309 1075 buerit,
337 1021 409 1063 cum
435 1020 591 1064 suminam
618 1002 689 1083 ipse
714 1001 845 1066 haberet
865 1009 1069 1084 potestatem:
1100 1011 1136 1068 tu
1158 1013 1328 1070 contrane
1350 1023 1435 1088 qnae
1454 1003 1509 1066 ille
1531 1025 1546 1070 c

189 1094 318 1179 quidem
339 1095 415 1158 lecit
437 1095 586 1170 obicies,
608 1115 649 1158 ne
672 1115 737 1178 qua
758 1103 909 1178 exparte
931 1099 1120 1162 coniunctus
1143 1120 1214 1162 cum
1236 1120 1274 1163 eo
1296 1097 1466 1180 reperiare.

271 1189 378 1264 Quidt
400 1190 474 1264 illa,
497 1191 631 1264 Caecili,
653 1191 925 1253 contemnendane
945 1191 1002 1254 tibi
1024 1191 1173 1256 videntur
1194 1215 1280 1268 esse,
1302 1194 1370 1256 sine
1391 1191 1508 1275 quibus

188 1303 284 1346 causa
298 1285 446 1346 sustineri
461 1285 649 1366 praesertim
659 1289 748 1347 tanta
758 1286 849 1347 nullo
862 1285 957 1348 modo
968 1290 1095 1366 potest?
1110 1286 1218 1370 aliqua
1229 1287 1361 1360 facultas
1373 1285 1507 1368 agendii
1599 1284 1633 1408 A

187 1379 294 1462 aliqua
316 1377 442 1440 dicendi
458 1378 679 1442 consuetudo?
702 1379 810 1462 aliqua
824 1380 857 1440 in
874 1379 960 1454 foro,
983 1380 1126 1455 iudiciis,
1150 1382 1272 1464 legibus
1287 1389 1342 1446 aut
1355 1382 1436 1444 ratio
1451 1388 1508 1442 aut

187 1473 397 1536 exercitatio?
442 1469 492 1535 36.
515 1469 678 1554 intelligo,
702 1493 798 1556 quam
828 1474 998 1556 scopuloso
1025 1471 1210 1559 difficilique
1238 1479 1271 1538 in
1298 1476 1369 1538 loco
1390 1493 1543 1540 verseris

185 1569 263 1629 Nam
286 1587 359 1628 cum
382 1567 485 1628 omnis
507 1567 687 1647 arrogantia
710 1567 822 1630 odiosa
843 1575 906 1640 est,
929 1575 995 1629 turn
1017 1568 1073 1630 illa
1093 1569 1213 1651 ingenii
1236 1576 1335 1653 atque
1356 1569 1508 1653 eloquen-

186 1661 248 1723 tiae
270 1660 370 1721 multo
393 1659 627 1722 molestissima.
650 1661 864 1735 Quamobrem
885 1660 967 1723 nihil
988 1661 1059 1725 dico
1083 1663 1122 1726 de
1144 1683 1215 1726 meo
1234 1663 1378 1744 ingenio:
1402 1681 1506 1745 neque

186 1764 250 1830 est,
273 1755 361 1839 quod
382 1755 504 1836 possim
527 1754 649 1830 dicere;
676 1773 797 1837 neque,
820 1755 846 1816 si
870 1760 970 1828 esset,
993 1755 1140 1818 dicerem.
1183 1757 1248 1818 Aut
1269 1757 1353 1819 enim
1375 1755 1407 1818 id
1429 1755 1506 1817 mihi

185 1852 261 1914 satis
291 1855 353 1922 est,
384 1847 471 1932 quod
500 1857 548 1911 est
575 1849 614 1912 de
643 1869 692 1911 me
715 1848 892 1929 opinionis,
923 1850 1086 1932 quidquid,
1110 1858 1175 1913 est:
1197 1858 1267 1924 aut,
1290 1853 1317 1914 si
1340 1852 1372 1913 id
1395 1871 1507 1933 parum

185 1952 249 2017 est,
272 1963 330 2024 ego
353 1944 456 2005 maius
478 1943 510 2004 id
533 1941 808 2006 commemorando
830 1943 934 2005 lacere
956 1963 1021 2006 non
1047 1964 1188 2026 possum.
1231 1946 1302 2008 ΧΠ.
1325 1943 1375 2009 37.
1397 1947 1443 2006 De
1465 1953 1544 2020 teat

185 2037 301 2100 Caecili
331 2033 404 2118 (iam
434 2038 614 2100 mehercule
644 2039 706 2099 hoc
728 2044 817 2099 extra
839 2037 921 2126 hage
943 2040 1180 2102 contentionem
1202 2047 1429 2128 certamenque
1450 2057 1507 2104 uo·

184 2140 283 2212 strum
304 2130 499 2194 familiariter
521 2139 625 2193 tecum
647 2129 782 2214 loquar),
804 2140 839 2194 tu
861 2132 930 2213 ipse
945 2135 1213 2215 quemadmodum
1233 2134 1411 2207 existimes,
1433 2134 1506 2196 vide
1587 2107 1674 2230 ᾗσι

184 2228 279 2289 etiam
306 2231 401 2309 atque
430 2217 603 2316 etiam;(et
623 2233 659 2288 tu
681 2233 711 2287 te
735 2225 867 2306 collige,
897 2233 929 2290 et
951 2199 1073 2310 quilsis
1111 2229 1243 2311 etquid
1265 2226 1370 2290 lacere
1392 2229 1506 2311 possis,
1584 2231 1690 2322 μμ

184 2320 379 2420 considera.)
400 2321 536 2382 Putasne
565 2327 595 2381 te
622 2337 717 2402 posse
744 2318 784 2380 de
811 2313 986 2383 maximism
988 2313 1265 2406 acerbissimisque
1292 2323 1403 2396 rebus,
1434 2343 1506 2384 eum

183 2435 309 2479 causam
332 2416 491 2478 sociorum
512 2413 721 2498 fortunasque
742 2415 942 2496 provinciae,
965 2418 1015 2480 ius
1029 2418 1142 2500 populi
1157 2417 1290 2480 Romani
1306 2417 1544 2498 gravitatem-ao

183 2530 245 2593 que
267 2509 377 2570 iudicii
401 2508 571 2590 legumque
595 2509 788 2590 susceperis,
811 2515 859 2572 tot
880 2529 947 2585 res,
970 2519 1033 2574 tam
1051 2531 1178 2594 graves,
1202 2519 1265 2574 tam
1290 2510 1393 2573 varias
1416 2530 1505 2583 voce,

181 2603 345 2675 memoria,
376 2604 526 2676 consilio,
556 2603 684 2684 ingenio
716 2605 894 2667 sustineret
941 2603 991 2667 38.
1014 2607 1151 2669 Putasne
1173 2613 1205 2669 te
1226 2625 1337 2688 posse,
1366 2623 1448 2686 quae
1472 2603 1504 2668 G.

178 2697 292 2758 Verres
313 2697 346 2758 in
369 2704 555 2780 quaestura,
578 2717 662 2780 quae
685 2699 718 2759 in
740 2698 916 2779 legatione,
939 2700 1070 2782 quaein
1091 2708 1254 2781 praetura,
1278 2721 1361 2783 quae
1376 2703 1504 2773 Romae,

179 2810 260 2872 quae
276 2790 429 2864 initalia,
451 2809 534 2874 quae
549 2791 582 2852 iu
597 2791 733 2864 Achaia,
750 2793 825 2855 Asia
840 2794 1090 2878 Pamphyliaque
1106 2797 1252 2877 peccarit,
1275 2816 1330 2870 ea,
1353 2795 1505 2879 quemad-

178 2884 307 2946 modum
329 2883 408 2947 loeis
430 2886 691 2968 temporibusque
708 2886 810 2950 divisa
825 2889 902 2962 sint,
925 2888 971 2950 sic
986 2889 1171 2952 criminibus
1187 2898 1219 2953 et
1233 2891 1377 2954 oratione
1392 2889 1543 2956 distin-as

177 2981 297 3060 guerei
326 2979 462 3041 Putasne
490 2999 600 3061 posse,
630 2980 662 3042 id
692 2984 780 3063 quod
806 2983 839 3043 in
867 2983 1024 3045 eiusmodi
1052 3003 1106 3045 reo
1130 2986 1266 3048 maxime
1288 2987 1502 3049 necessarium

177 3080 240 3147 est,
262 3073 383 3147 lacere,
405 3080 456 3148 ut,
480 3093 563 3156 quae
585 3075 640 3136 ille
662 3075 849 3149 libidinose,
874 3097 956 3160 quae
977 3077 1113 3153 nelarie,
1137 3099 1219 3162 quae
1236 3080 1408 3143 crudeliter
1419 3080 1503 3142 lece·

175 3167 232 3241 rit,
262 3186 298 3229 ea
322 3185 423 3250 aeque
446 3156 558 3230 acerba
581 3176 613 3230 et
634 3168 765 3250 indigna
785 3171 955 3232 videantur
976 3191 1045 3232 esse
1067 3171 1124 3246 iis,
1156 3174 1211 3255 qui
1234 3174 1382 3247 audient,
1406 3180 1502 3257 atque

175 3260 238 3322 illis
253 3261 321 3323 visa
337 3269 427 3333 sunt,
450 3263 506 3344 qui
523 3266 712 3323 senserunt?
741 3259 792 3323 39.
808 3265 921 3344 Magna
936 3273 1011 3327 sunt
1025 3286 1076 3338 ea,
1100 3287 1182 3350 quae
1198 3267 1287 3341 dieo,
1301 3269 1378 3330 mihi
1394 3267 1502 3330 crede:
1532 3292 1536 3300 ·

176 3355 242 3415 noli
264 3354 343 3416 haec
365 3362 577 3416 contemnere.
621 3355 779 3430 Dicenda,
802 3357 1062 3432 demonstranda,
1086 3360 1275 3442 explicanda
1289 3371 1364 3425 sunt
1378 3363 1539 3426 omnia:ao

176 3465 272 3509 causa
293 3465 358 3508 non
382 3447 486 3509 solum
508 3449 713 3528 exponenda,
737 3450 793 3512 sed
816 3450 911 3512 etiam
933 3452 1070 3532 graviter
1091 3455 1284 3537 copioseque
1306 3458 1429 3538 agenda
1444 3466 1501 3522 est.

174 3538 407 3603 Perlieiendum
438 3549 502 3614 est,
537 3543 563 3603 si
593 3542 671 3624 quid
695 3562 789 3624 agere
811 3551 866 3606 aut
887 3543 1040 3626 prolicere
1062 3549 1127 3622 vis,
1160 3557 1196 3612 ut
1215 3549 1361 3614 homines
1384 3558 1414 3614 te
1436 3571 1501 3614 non

174 3636 279 3698 solum
302 3635 449 3708 audiant,
471 3653 580 3696 verum
602 3636 697 3698 etiam
719 3636 855 3700 libenter
877 3638 1086 3724 studioseque
1108 3644 1247 3706 audiant.
1281 3646 1316 3707 ln
1333 3665 1397 3728 quo
1420 3645 1446 3706 si
1470 3652 1501 3707 te

172 3728 307 3790 multum
329 3735 442 3791 natura
463 3728 642 3804 adiuvarct3
665 3731 691 3792 si
715 3732 844 3812 optimis
866 3753 885 3796 a
907 3736 1043 3816 pueritia
1065 3737 1243 3819 disciplinis
1265 3747 1361 3824 atque
1381 3740 1501 3803 artibus

173 3822 350 3886 studuisses
373 3830 405 3884 et
426 3823 460 3884 in
481 3823 532 3884 his
555 3824 769 3900 elaborasses3
803 3827 829 3888 si
853 3827 974 3892 litteras
996 3829 1132 3893 Graecas
1154 3832 1306 3907 Athenis,
1328 3834 1538 3918 nonLily-aa

171 3917 259 3990 baei,
287 3915 416 3980 Latinas
445 3918 581 3992 Romae,
610 3939 674 3980 non
702 3921 737 3982 in
768 3921 876 3984 Sicilia
907 3923 1088 3988 didicisses:
1117 3933 1223 3988 tamen
1245 3936 1330 3990 esset
1350 3949 1499 4012 magnum

171 4017 291 4074 tantam
313 4031 457 4086 eausam,
481 4019 544 4074 tam
566 4021 782 4094 exspectatam
804 4024 836 4078 et
851 4016 1016 4099 diligentia
1030 4021 1183 4104 consequi
1202 4027 1234 4084 et
1248 4023 1399 4085 memoria
1414 4041 1499 4086 eom-

239 4263 263 4312 3.
282 4267 305 4312 et
322 4267 392 4312 tuom
409 4263 441 4312 64
463 4261 506 4324 tei.
525 4262 549 4325 5.
568 4263 608 4313 64.
628 4265 669 4313 lV.
689 4263 781 4327 §.lit
801 4279 826 4329 p.
846 4267 913 4316 Sest.
935 4267 959 4332 S.
979 4263 1080 4320 lcu‘in
1097 4271 1148 4322 Pis.
1167 4271 1190 4334 g.
1211 4273 1250 4323 46.
1269 4275 1345 4325 Tuso.
1359 4276 1394 4326 ,V.
1413 4277 1437 4339 5.
1457 4277 1497 4329 ii.

170 4335 204 4386 de
221 4337 291 4388 Orat.
313 4339 342 4388 11.
363 4337 386 4401 ἓ.
405 4337 446 4388 89.
466 4338 507 4388 111.
527 4338 552 4400 5.
572 4338 628 4388 497.
647 4341 678 4388 N.
696 4341 727 4390 D.
746 4341 765 4390 l.
784 4341 808 4403 ἓ.
828 4341 867 4389 46.
885 4343 928 4390 ill.
947 4341 972 4404 ὅ.
989 4344 1030 4393 26.
1050 4344 1083 4394 de
1102 4347 1155 4396 Fin.
1174 4348 1193 4396 4.
1213 4347 1292 4410 §.ab
1311 4351 1358 4400 or.
1378 4353 1398 4402 l.
1417 4353 1442 4415 ἓ.
1456 4356 1495 4404 44.

170 4411 203 4462 ad
221 4415 272 4463 att.
290 4415 321 4463 x.
340 4413 365 4470 i.
384 4415 407 4462 4.
427 4414 452 4462 in
471 4413 582 4463 Catlv.
601 4413 662 4476 §.a
682 4429 708 4479 p.
727 4414 800 4464 dom.
819 4415 896 4479 §.St
916 4417 949 4466 ad
968 4419 1038 4478 Quir.
1058 4420 1165 4483 5.43.);
1184 4426 1442 4488 anonomaston,
1461 4428 1495 4478 ci.

170 4485 229 4538 inlr.
248 4486 279 4537 V.
305 4487 329 4550 ὅ.
347 4487 388 4538 85.
407 4487 484 4552 prob.
504 4487 680 4551 Wesenberg.
699 4489 796 4541 Obsvv.
815 4492 883 4542 critt.
903 4492 929 4542 in
946 4495 1013 4543 Sest.
1032 4507 1058 4556 p.
1078 4496 1133 4554 aas
1160 4502 1235 4558 mosao
1251 4503 1323 4549 tuom
1339 4500 1387 4550 dtt.
1401 4503 1434 4562 0,
1461 4503 1494 4552 et.

168 4565 226 4612 Act.
245 4563 265 4610 l.
285 4561 309 4625 5.
328 4563 369 4611 55.
389 4587 417 4598 -
442 4563 495 4626 Ego
508 4589 545 4600 --
557 4564 662 4612 dotcetas
677 4577 733 4614 stan
748 4567 814 4615 Non.
833 4579 859 4629 p.
873 4566 929 4618 248.
949 4568 1006 4618 279.
1032 4596 1060 4606 -
1085 4569 1125 4621 44.
1143 4573 1166 4620 si
1182 4573 1215 4636 td]
1232 4574 1254 4622 st
1271 4577 1316 4626 62.
1338 4601 1364 4610 -
1385 4577 1424 4626 lli.
1443 4579 1495 4643 hoc]

168 4637 229 4685 hoec
247 4635 344 4693 6266,
368 4635 402 4685 cl.
426 4637 510 4688 Ratio.
530 4639 548 4687 l.
569 4639 608 4688 40.
635 4638 698 4702 ibiq.
721 4641 823 4690 Ruhnlr.
848 4653 874 4704 p.
893 4642 950 4691 293.
978 4644 1217 4708 interpunctionem
1234 4648 1313 4700 huius
1331 4649 1381 4702 loci
1398 4665 1496 4715 paren-

167 4713 277 4762 theseos
288 4711 369 4772 signis
381 4711 473 4774 positis
486 4714 553 4776 (post
564 4715 651 4762 Garat.
664 4713 705 4776 ll.)
718 4718 791 4764 recte
803 4715 938 4766 constituit
948 4716 1034 4768 Madv.
1048 4720 1074 4768 in
1087 4721 1140 4770 Cic.
1155 4723 1232 4784 chg.
1247 4725 1273 4773 et
1284 4723 1383 4776 Acadd.
1396 4739 1422 4789 p.
1437 4727 1493 4776 468.

171 4811 198 4822 -
219 4785 258 4834 48.
279 4786 419 4845 calado.
439 4786 471 4835 cl.
489 4787 577 4849 §.itis
596 4790 652 4850 quis
668 4789 768 4839 642Ι).
784 4817 811 4826 -
830 4791 871 4840 29.
888 4793 1086 4855 gravitatemque
1102 4796 1216 4846 otest:
1234 4801 1385 4861 manitatem
1402 4800 1449 4850 dtt.
1464 4802 1492 4850 0.

169 4885 201 4919 -,
217 4861 258 4908 24.
277 4861 410 4922 mperes
427 4862 459 4910 64
472 4859 620 4924 2946329
637 4878 663 4928 p.
683 4875 719 4914 m.
740 4891 767 4904 -
789 4880 830 4916 res
845 4880 898 4917 om.
917 4870 954 4918 62
963 4867 1039 4919 LdD.
1060 4897 1088 4908 -
1106 4874 1194 4922 eamus
1209 4887 1249 4924 res
1266 4874 1312 4924 Ld.
1334 4899 1360 4910 -
1380 4873 1420 4926 24.
1437 4889 1494 4937 pec·

165 4936 233 4984 ecrit
258 4935 290 4984 64
303 4932 427 4997 26ςλ6
455 4933 515 4984 Pall.
540 4935 588 4985 el:
611 4940 726 4999 potram't
746 4939 852 5004 Lgl20.
873 4967 901 4978 —-
919 4943 960 4994 26.
980 4949 1002 4993 te
1021 4947 1157 5007 possedit.
1176 4962 1256 4999 nonn.
1275 4949 1309 4999 cl.
1328 4947 1438 5000 Ellendt.
1458 4949 1492 4999 de

166 5010 236 5059 Orat.
254 5007 312 5059 Vol.
331 5010 361 5059 11.
385 5023 411 5073 p.
431 5009 488 5060 358.
513 5037 541 5046 -
568 5015 634 5071 quod
651 5015 691 5064 oct
710 5016 736 5065 ia
756 5017 785 5066 6.
807 5043 833 5052 -
859 5017 999 5068 hutemodi
1022 5023 1054 5070 64
1080 5025 1135 5074 tres
1153 5026 1216 5086 ng.
1237 5051 1263 5060 -·
1291 5025 1331 5074 29.
1350 5037 1492 5087 magico--

164 5090 319 5135 comanam
334 5086 427 5136 Donat.
447 5084 481 5134 ad
498 5085 557 5136 Ter.
574 5087 685 5152 Adelph.
704 5092 724 5140 1.
737 5093 762 5154 2,
776 5093 816 5142 24.
830 5119 856 5128 -
876 5093 915 5145 82.
931 5097 1053 5160 proficere
1068 5099 1144 5163 Dec
1155 5099 1279 5166 ignata:
1295 5103 1414 5166 perficere
1431 5101 1491 5154 642

165 5158 212 5208 dtt.
240 5158 278 5210 64.
298 5158 332 5210 sd
348 5163 400 5210 att.
419 5162 439 5211 1.
458 5159 482 5225 5.
502 5161 542 5212 40.
564 5187 591 5198 -
610 5161 650 5214 35.
668 5164 808 5218 laborasses
822 5167 900 5236 Lgas.
