3642 5862
74 820 159 912 „a

104 1236 127 1282 A

261 423 324 494 lto
630 432 673 494 IN
693 429 860 497 vomu
879 429 1002 497 acmo
1025 429 1208 497 SECUNDA

261 598 415 684 supplicio
439 599 546 690 ¹affecti
576 619 613 664 ao
634 603 736 665 necati
758 609 840 664 sunt.
883 601 991 666 Lvlss.
1013 587 1141 694 ll9.(8i
1162 603 1218 686 qui
1240 621 1312 678 rex,
1335 603 1363 666 si
1385 622 1448 689 qua
1470 600 1580 668 civitas

259 703 437 758 exterarum
465 696 618 777 gentium,
646 695 672 759 si
694 709 758 779 qua
778 697 865 758 natio
884 694 1013 784 fecisset
1032 695 1151 781 aliquid
1171 697 1205 759 in
1227 699 1310 761 cives
1330 696 1489 762 llomanos'
1511 698 1579 760 eius

259 777 490 945 modiffionne
511 788 636 871 publice
657 789 910 854 vindicaremus?
931 811 1036 854 nonne
1058 791 1143 854 bello
1164 793 1449 875 persequeremur?
1470 811 1580 875 posse·

259 903 328 946 mus
414 902 431 946 c
447 882 592 946 iniuriam
606 884 873 967 ignominiamque
888 883 1023 947 nominis
1038 884 1170 948 llomani
1184 885 1316 948 inultam
1329 887 1578 970 impunitamque

235 977 440 1040 tdimitteret
474 975 559 1052 Quot
580 976 663 1040 bella
685 979 818 1041 maiores
840 983 964 1041 nostros
986 985 1023 1040 et
1040 987 1157 1061 quanta
1179 981 1355 1063 suscepisse
1376 981 1578 1054 arbitramini,

259 1070 345 1154 quod
368 1071 452 1134 cives
474 1071 607 1134 llomani
629 1071 743 1134 iniuria
765 1071 882 1146 allecti,
910 1069 995 1155 quod
1023 1072 1208 1136 navicularii
1229 1076 1359 1149 retenti,
1389 1074 1474 1158 quod
1497 1095 1579 1138 mer·

124 1198 135 1217 .
257 1172 380 1228 catores
402 1164 529 1247 spoliati
553 1164 756 1258 dicerem?
791 1166 833 1228 At
854 1185 912 1248 ego
933 1165 995 1228 iam
1016 1173 1157 1229 retentos
1179 1186 1244 1229 non
1267 1187 1402 1252 queror:
1425 1168 1578 1252 spoliatos

256 1258 422 1323 ferendum
442 1266 542 1342 puto:
564 1260 713 1334 navibus,
736 1260 917 1343 mancipiis,
943 1261 1099 1324 mercibus
1121 1261 1274 1343 ademptis
1295 1261 1329 1324 in
1349 1262 1477 1327 vincula
1497 1283 1580 1327 mer·

257 1362 379 1418 catores
401 1375 471 1418 esse
493 1354 650 1418 coniectos
675 1355 760 1417 etin
782 1355 918 1418 vinculis
941 1355 1026 1418 cives
1047 1356 1204 1419 Romanos
1225 1363 1354 1420 necatos
1377 1376 1447 1421 esse
1469 1377 1577 1441 arguo.

218 1443 328 1511 soleo.
352 1449 384 1512 Si
406 1447 487 1512 lnaec
507 1448 593 1531 apud
615 1447 746 1532 Scythas
768 1447 920 1522 dicerem,
942 1469 1006 1512 non
1027 1448 1079 1511 hic
1101 1449 1135 1512 in
1149 1455 1236 1512 tanta
1250 1451 1449 1515 multitudine
1464 1453 1578 1515 civium

255 1543 485 1616 Romanorum,
506 1561 571 1604 non
592 1541 677 1625 apud
699 1549 862 1605 senatores
877 1537 1064 1606 lectissimos
1080 1543 1232 1618 civitatis,
1254 1563 1319 1607 non
1334 1545 1367 1607 in
1381 1543 1450 1609 foro
1464 1545 1577 1628 populi

255 1637 385 1702 Romani
409 1637 449 1701 de
471 1644 518 1700 tot
539 1645 571 1700 et
592 1643 655 1699 tam
677 1636 797 1700 acerbis
819 1635 982 1720 suppliciis
1005 1637 1119 1699 civium
1133 1637 1362 1712 Romanorum,
1384 1646 1489 1703 tamen
1511 1640 1578 1703 ani-

254 1750 325 1795 mos
346 1732 441 1795 etiam
461 1730 664 1794 barbarorum
685 1730 850 1793 hominum
871 1749 1099 1812 permoverem.
1129 1731 1230 1792 Tanta
1244 1731 1328 1793 enim
1342 1733 1438 1797 huius
1452 1733 1577 1816 imperii

255 1825 447 1908 amplitudo,
469 1831 556 1887 tanta
576 1823 713 1888 nominis
734 1824 868 1886 Romani
891 1823 1027 1907 dignitas
1049 1831 1098 1887 est
1118 1824 1203 1907 apud
1225 1845 1334 1889 omnes
1355 1829 1518 1904 nationes,
1542 1835 1578 1890 ut

218 1925 246 1975 ts
254 1919 316 1984 ista
338 1921 371 1982 in
392 1927 518 1984 nostros
539 1918 684 1981 homines
706 1917 874 1982 crudelitas
896 1919 1016 1983 nemini
1038 1937 1187 1982 concessa
1209 1939 1279 1982 esse
1300 1920 1453 1985 videatur.
1488 1923 1578 1985 Nunc

254 2013 311 2078 tihi
334 2031 392 2097 ego
414 2013 513 2096 ullam
535 2011 684 2088 salutem,
706 2012 807 2094 ullum
828 2011 1007 2096 perfugium
1027 2018 1156 2096 putem,
1177 2033 1248 2076 cum
1269 2021 1300 2077 te
1319 2013 1512 2099 implicatum
1527 2034 1577 2079 se·

253 2109 383 2172 veritate
405 2095 559 2180 iudicum,
581 2107 828 2194 circumretitum
849 2106 1031 2192 frequentia
1052 2106 1162 2190 populi
1170 2108 1312 2170 ‘Romani
1334 2127 1404 2172 esse
1426 2109 1577 2174 videam?

255 2197 326 2266 tel.
350 2203 383 2266 si
405 2200 601 2276 mehercule,
629 2199 662 2262 id
684 2199 770 2283 quod
791 2197 859 2264 lieri
881 2220 945 2264 nou
967 2220 1063 2284 posse
1086 2199 1244 2282 intelligo,
1268 2221 1309 2264 ea
1329 2202 1378 2266 his
1400 2210 1432 2266 te
1453 2201 1577 2286 laqueis

254 2299 380 2361 exueris
403 2317 439 2362 ac
459 2303 492 2360 te
513 2295 620 2379 aliqua
640 2295 691 2358 via
711 2313 748 2358 ac
770 2296 892 2359 ratione
914 2293 1099 2378 explicans,
1125 2293 1159 2356 in
1179 2294 1251 2358 illas
1273 2297 1329 2358 tihi
1352 2297 1488 2361 maiores
1509 2297 1577 2380 pla·

216 2397 308 2475 togas
330 2391 533 2455 incidendum
556 2397 620 2465 est,
641 2390 675 2452 in
698 2389 813 2473 quibus
834 2398 866 2453 tc
887 2389 927 2452 ab
949 2389 1060 2452 eodem
1080 2408 1129 2450 me
1146 2389 1309 2471 superiore
1325 2412 1366 2455 ex
1380 2391 1451 2454 loco
1465 2387 1578 2454 confici

254 2495 285 2551 et
307 2485 426 2552 concidi
448 2503 578 2548 necesse
601 2491 658 2547 est.
689 2483 745 2546 Cui
768 2485 793 2546 si
816 2482 976 2556 etiamid,
1000 2480 1087 2566 quod
1102 2481 1260 2558 defendit,
1282 2485 1376 2548 velim
1392 2483 1576 2560 concedere,

252 2587 357 2645 tamen
387 2579 456 2664 ipsa
485 2579 540 2642 illa
565 2579 646 2642 falsa
667 2576 811 2640 defensio
833 2596 898 2639 non
919 2578 1022 2640 minus
1045 2595 1116 2638 esse
1139 2577 1167 2640 ei
1189 2579 1368 2659 perniciosa
1390 2598 1484 2663 wem
1506 2599 1576 2642 mea

251 2695 327 2740 vera
346 2675 507 2740 accusatio
529 2674 651 2736 debeat.
1270 2693 1274 2702 v

337 2770 421 2847 Quid
444 2769 528 2832 enim
548 2767 714 2832 defendit?
742 2767 791 2828 Ex
805 2765 957 2849 Hispania
970 2765 1128 2848 fugientes
1144 2787 1178 2830 se
1194 2767 1357 2851 excepisse
1372 2776 1405 2831 et
1418 2768 1576 2851 supplicio

214 2865 393 2930 tladecisse
415 2864 500 2928 dicit.
534 2863 612 2938 Quis
633 2861 691 2924 tihi
713 2859 745 2922 id
767 2860 932 2941 permisit?
955 2879 1019 2943 quo
1041 2860 1110 2922 iure
1131 2860 1255 2924 fecisti?
1278 2863 1349 2944 quis
1372 2861 1454 2924 idem
1477 2862 1576 2926 faciti

253 2959 309 3045 qui
331 2959 389 3022 tihi
410 2957 514 3022 faeere
536 2958 650 3021 licuit?
688 2949 759 3016 lea.
782 2955 898 3017 Forum
916 2953 1046 3039 plsmum
1061 2961 1091 3018 et
1104 2955 1251 3018 basilicas
1266 2955 1396 3019 istorum
1411 2955 1574 3019 hominum

251 3055 394 3119 videmus
416 3059 448 3116 et
468 3052 575 3116 animo
596 3070 702 3133 aequo
716 3046 871 3112 videmus.
907 3048 1015 3112 Civilis
1029 3049 1114 3112 enim
1129 3049 1335 3113 dissensionis
1351 3055 1383 3113 et
1398 3069 1454 3113 seu
1468 3069 1575 3113 amen-

250 3151 313 3214 tiae
335 3167 392 3212 seu
413 3147 469 3211 fati
489 3167 547 3210 seu
571 3143 758 3209 calamitatis
780 3162 844 3206 non
858 3150 906 3206 est
919 3143 980 3206 iste
995 3141 1147 3206 molestus
1162 3143 1284 3218 exitus,
1305 3144 1339 3206 iu
1355 3164 1418 3228 quo
1433 3144 1574 3227 reliquos

102 3295 105 3302 .
251 3241 361 3306 saltem
384 3241 470 3304 cives
491 3239 666 3304 incolumes
688 3238 762 3300 licet
783 3255 980 3300 conservare.
1012 3237 1144 3313 Verres,
1166 3236 1221 3300 ille
1235 3243 1325 3300 vetus
1342 3235 1485 3320 proditor
1499 3257 1574 3299 eon·

93 3325 102 3347 “
213 3337 346 3412 torulis,
367 3335 537 3399 translator
558 3339 763 3418 quaesturae,
786 3350 916 3396 aversor
935 3328 1090 3414 pecuniae
1108 3330 1272 3414 publicae,
1293 3338 1415 3394 tantum
1437 3330 1497 3393 sibi
1519 3349 1574 3395 au·

249 3431 405 3495 ctoritatis
426 3431 460 3494 in
480 3449 516 3494 re
537 3428 665 3513 publica
686 3425 843 3509 suscepit,
864 3433 915 3501 ut,
938 3424 1249 3510 quibushominilsus
1264 3431 1494 3510 personatum,
1516 3443 1575 3509 per

250 3527 404 3612 populum
424 3527 616 3599 ltomauum,
638 3541 697 3607 per
718 3539 827 3584 omnes
847 3519 1048 3604 magistratus
1067 3519 1100 3582 in
1113 3517 1200 3596 foro,
1221 3517 1256 3583 in
1271 3520 1444 3604 suffragiis,
1465 3521 1500 3586 in
1513 3520 1573 3585 me

315 3864 339 3914 t.
358 3859 448 3928 admeti
462 3861 499 3923 u;
518 3869 571 3913 om.
590 3860 668 3924 urso.
687 3886 716 3897 -
733 3855 755 3910 at
771 3855 814 3922 qut
830 3858 898 3910 1th
910 3853 957 3909 Ld.
970 3855 1051 3922 L'gil:
1073 3857 1167 3922 sque
1183 3851 1247 3908 dett.
1260 3857 1289 3909 0.
1305 3883 1332 3894 -
1350 3858 1375 3910 2.
1394 3857 1485 3923 dume
1499 3857 1567 3911 R.-

247 3935 313 3990 ctoav
329 3941 399 3991 flou.
417 3935 561 4002 satagas
578 3937 647 4002 (stou
662 3935 705 3998 ltl:
731 3936 810 3985 mean
826 3935 854 3984 lt.
873 3933 937 3984 dett.
956 3933 986 3985 0.
1010 3961 1037 3970 —
1061 3934 1086 3984 3.
1103 3945 1185 3984 coam
1206 3931 1266 3984 oso
1285 3931 1418 3996 asmo:
1444 3935 1570 3986 maletto

248 4014 313 4065 dett.
331 4015 361 4066 0.
380 4037 408 4050 ——
427 4013 452 4066 l.
471 4011 585 4078 musmo]
602 4013 710 4062 muttum
725 4013 758 4068 a:
777 4011 896 4060 moinum
912 4009 958 4060 63.
979 4035 1006 4046 -·
1023 4009 1114 4071 topos.
1131 4010 1160 4058 lt.
1182 4033 1209 4044 -
1227 4009 1251 4057 t.
1269 4005 1430 4060 meumst
1446 4011 1482 4061 Gt
1493 4009 1510 4061 λ
1521 4011 1570 4061 ha—

247 4085 313 4140 beut
327 4091 389 4140 ante
405 4089 522 4139 motoraa.
541 4087 580 4139 Cl.
598 4085 684 4139 Madv.
702 4086 750 4149 Op.
768 4086 788 4135 1.
806 4099 834 4151 p.
852 4084 909 4136 357.
929 4111 957 4122 -
979 4085 1004 4135 6.
1022 4084 1112 4147 adsecd
1127 4085 1156 4134 lt.
1176 4107 1204 4118 -
1222 4082 1365 4132 moeonas
1380 4085 1410 4133 ll.
1429 4110 1458 4120 -
1474 4086 1499 4136 t.
1517 4087 1570 4136 torn

247 4177 301 4216 om.
320 4163 385 4215 dett.
404 4191 431 4200 —
450 4165 475 4216 8.
493 4164 626 4228 [maduo
642 4162 720 4227 lagg.
739 4173 841 4211 omnes.
862 4185 889 4194 -
907 4157 1048 4222 modste]
1064 4159 1164 4222 mamis
1179 4155 1224 4206 aa.
1240 4183 1267 4193 -
1286 4157 1381 4219 adeptis
1396 4157 1425 4208 u.
1442 4183 1469 4194 -·
1486 4159 1570 4210 cincto

247 4245 280 4293 Gt
292 4257 299 4301 ;
315 4241 421 4292 emostis
435 4241 513 4305 [μθ.
528 4265 556 4277 ·-
569 4239 593 4290 9.
611 4239 676 4289 coni.
693 4249 744 4288 csse
758 4250 834 4287 marc.
847 4236 926 4299 lagg.
937 4237 1044 4299 praeter
1054 4235 1100 4296 aa,
1119 4234 1148 4284 0.
1162 4259 1189 4269 -
1202 4233 1290 4283 cloelia
1306 4233 1336 4284 lt.
1355 4231 1387 4282 cl.
1401 4232 1436 4284 ad
1447 4233 1470 4298 5.
1484 4235 1524 4286 t't.
1539 4260 1566 4270 ·-

246 4315 522 4380 limitatam-tis.
533 4306 1567 4377 pemmoniscorr.expemoosrc.-essesu.-tt.consummassem.

248 4417 275 4428 -
286 4394 327 4443 td.
346 4405 395 4442 asae
411 4403 464 4442 om.
483 4391 562 4454 lagg.
574 4387 734 4454 praeterit,
752 4388 782 4438 0.
796 4413 824 4423 -
836 4400 904 4436 amec
920 4385 963 4436 tus
979 4399 1024 4450 eqo
1040 4386 1076 4436 Ra
1094 4383 1188 4448 (Madv.
1201 4397 1227 4447 p.
1241 4383 1322 4446 tm:
1340 4396 1401 4434 man
1417 4383 1461 4434 tili
1475 4397 1521 4448 spo
1538 4383 1567 4446 λς

245 4481 306 4518 nom
321 4481 367 4532 apo
384 4466 427 4517 tibi
444 4465 509 4517 dett.
527 4467 557 4517 0.
578 4491 606 4502 -
625 4465 666 4515 46.
684 4463 745 4525 tnpt.
764 4465 794 4513 R.
814 4490 842 4499 —
861 4463 901 4514 48.
919 4461 1067 4512 matrerm
1082 4460 1148 4512 dett.
1168 4485 1196 4496 -
1212 4459 1323 4523 intellec
1337 4473 1389 4510 acu
1400 4473 1472 4523 possa
1488 4462 1566 4524 Lugg.

247 4567 276 4581 ·-
293 4541 399 4605 litatem.
417 4547 440 4592 ta
456 4541 522 4592 dett.
540 4541 569 4592 0.
589 4565 617 4576 -
637 4540 677 4590 to.
696 4539 814 4590 senoco
829 4539 914 4603 Lgt93
932 4539 1045 4589 actuaris
1061 4537 1090 4588 lt.
1110 4565 1138 4574 -
1155 4536 1200 4586 oio
1216 4533 1329 4587 lthl:
1348 4536 1526 4597 om.Gil.d.;
1543 4538 1570 4587 oe·

246 4627 311 4679 aest.
335 4651 362 4662 -
389 4627 431 4678 m.
449 4631 473 4677 c
488 4624 584 4676 enus
599 4625 629 4675 u.
653 4649 680 4659 -
706 4624 747 4674 ss.
765 4623 821 4686 epea
836 4623 883 4674 tua
897 4605 1016 4686 saua'ns
1027 4619 1057 4674 t:
1080 4622 1126 4672 sua
1140 4623 1198 4685 apsa
1215 4621 1277 4686 (om.
1294 4623 1370 4687 (aaa)
1388 4622 1453 4673 asts.
1471 4622 1501 4672 o.
1528 4621 1566 4672 cr.

243 4701 331 4756 Madv.
349 4716 376 4768 p.
395 4700 452 4752 430.
471 4726 499 4737 ·-
518 4700 549 4765 ss]
567 4707 590 4749 et
606 4699 636 4750 ll.
655 4725 683 4734 —
701 4696 742 4749 tl.
760 4698 859 4760 &caio
875 4699 895 4748 lt
911 4711 953 4763 pr.
967 4709 1003 4747 m.
1019 4723 1047 4733 -
1064 4696 1215 4760 emptam
1230 4696 1284 4760 cdl.
1297 4697 1327 4746 lt.
1342 4723 1369 4734 -
1388 4697 1430 4747 π.
1449 4707 1498 4757 quo
1514 4695 1570 4746 turs

244 4777 281 4830 lat
292 4775 323 4829 t:
342 4791 391 4842 quc
406 4777 434 4828 td
448 4775 505 4826 tare
520 4773 585 4824 dett.
603 4775 634 4824 0.
654 4797 682 4810 -
701 4774 743 4824 26.
761 4771 805 4824 stes
822 4774 899 4837 lagg.
918 4783 1029 4823 omnes:
1053 4771 1096 4822 uti
1112 4773 1139 4822 td
1155 4770 1191 4822 Gt
1203 4772 1236 4831 03
1255 4773 1282 4822 in
1298 4771 1319 4823 ll
1334 4771 1361 4822 td
1376 4783 1435 4837 sup.
1453 4769 1496 4821 llo.
1517 4773 1566 4832 est,

244 4852 294 4904 sed
310 4865 346 4904 m.
365 4863 417 4917 pr„
435 4852 464 4900 ut
481 4850 594 4902 metatur
609 4846 761 4900 Bassianus.
781 4873 808 4884 -
827 4850 868 4900 Ἠ.
887 4854 910 4899 ct
926 4849 1010 4898 camec
1027 4860 1107 4911 nequeo
1123 4845 1234 4896 oideosua
1248 4857 1302 4896 om.
1320 4845 1366 4896 aa.
1381 4871 1409 4884 -
1426 4845 1513 4912 σωκ]
1530 4846 1569 4895 ct-

242 4927 402 4979 ottottsllttl
418 4925 479 4986 Ld.;
500 4924 685 4974 dromos·
704 4922 905 4987 &teutonicus
920 4947 948 4958 -
968 4925 991 4972 at
1007 4920 1180 4986 eo1ssta33
1199 4918 1453 4971 mecedem-
1472 4921 1569 4972 idaea

242 5003 290 5078 (att
305 4999 507 5066 naengum:
525 5000 576 5051 stoa
590 5000 610 5064 f.
629 4998 695 5050 dett.
712 4999 742 5050 0.
756 5025 784 5035 -
802 4997 891 5049 scam
905 4997 1015 5059 reliquos
1030 4997 1111 5061 [μὴ
1129 4995 1329 5058 mementote»
1344 4995 1428 5057 aum
1447 4993 1508 5046 lude
1524 5007 1568 5044 rs-

242 5075 514 5142 ts'aquosolstemdl.
537 5099 565 5112 ·-
587 5073 629 5126 29.
651 5073 862 5129 miscetur&
885 5071 1002 5135 ΗΜ.
1024 5095 1052 5110 ·-
1075 5069 1568 5134 ωηωνυσηϋοωιεὶθ.-3ἱ.η[-

241 5155 370 5222 maon.
