3638 5868
504 451 546 516 iu
567 447 736 516 muneri
756 448 879 516 acrio
902 449 1088 516 SECUNDA
1108 449 1176 514 Lm.
1196 449 1252 514 111.
1482 443 1544 514 ait

224 619 391 684 severitate
414 626 446 685 et
467 619 632 704 diligentia
651 640 702 683 me
725 619 806 684 duce
828 627 860 684 et
880 625 1009 685 auctore
1030 619 1066 683 in
1087 639 1179 702 agros
1201 626 1295 702 atque
1313 619 1346 684 in
1361 619 1454 685 sedes
1469 641 1544 686 suas

222 721 430 780 revertantur.

289 932 313 979 i.
332 934 356 980 et
371 933 438 980 oeci.
455 929 490 978 ii:
509 933 585 990 oque
601 933 668 979 auct.
685 926 742 978 rail.
761 928 790 978 0.
810 953 838 964 -
856 928 924 978 seda
939 926 1032 979 codd:
1056 929 1130 979 aemi
1148 928 1178 979 L.
1196 927 1268 980 teti.
1289 955 1317 968 -
1335 930 1366 981 in
1381 928 1405 978 V
1421 930 1463 980 est
1477 927 1544 980 rub-

222 1014 348 1079 scriptio:
376 1014 415 1064 IN
427 1013 454 1064 0.
475 1011 609 1066 VERREM
622 1012 666 1064 iii.
682 1011 775 1064 INCIP.
793 1011 854 1062 iiii.
872 1012 927 1062 iiii.
945 1011 1118 1064 Perterrito.

679 1301 714 1366 z·
732 1303 773 1364 x
792 1301 824 1364 c
841 1302 877 1365 υ
894 1301 935 1366 R
953 1300 985 1365 8
1002 1301 1038 1364 π
1056 1299 1087 1364 Β

381 1419 425 1471 in
441 1418 514 1470 Acr.
532 1418 564 1468 u.
582 1418 616 1469 ru
632 1417 764 1470 mansu
780 1418 841 1469 nro.
859 1418 902 1468 iii.
924 1417 996 1468 cir.
1013 1415 1090 1468 xxx.
1108 1416 1149 1468 rs.
1168 1416 1209 1468 nr
1225 1415 1325 1470 xxxii.
1342 1419 1385 1471 ro.

287 1541 433 1603 Permagna
450 1551 512 1590 cum
529 1539 653 1591 omnibus
670 1539 726 1590 iere
743 1540 770 1590 in
786 1537 852 1590 iocis
869 1536 918 1590 iilis
935 1537 1016 1589 dere
1033 1537 1205 1589 frumentaria
1217 1537 1335 1590 obtineat
1352 1539 1471 1593 contusio
1487 1543 1544 1594 tum

222 1623 249 1674 in
267 1625 412 1686 mensuris,
430 1626 488 1675 tum
505 1624 681 1684 innumeris,
701 1623 930 1689 operaepretium
948 1623 1080 1674 iacturum
1097 1635 1141 1673 me
1159 1634 1218 1674 esse
1235 1625 1308 1675 ratus
1326 1637 1400 1689 sum,
1424 1627 1446 1677 si
1464 1639 1545 1691 quarn

222 1707 338 1759 maxime
355 1707 413 1759 ueri
429 1709 533 1775 posset,
553 1707 587 1759 ad
605 1709 789 1759 anctoritatem
807 1707 892 1759 codd.
911 1708 939 1758 et
954 1706 1020 1758 Edd.
1039 1709 1103 1758 vett.
1121 1711 1327 1770 revocarentur,
1352 1709 1467 1774 expulsis
1485 1713 1545 1762 tan·

222 1791 285 1844 dem
311 1793 453 1844 iiotomani
474 1792 701 1855 correctionibus,
724 1791 770 1844 ubi
791 1803 901 1857 prorsus
924 1791 1094 1842 necessariae
1118 1801 1171 1842 non
1193 1793 1292 1844 essent.
1326 1793 1380 1845 Etsi
1402 1793 1502 1860 ubique
1519 1795 1546 1848 id
1654 1821 1658 1830 ·

222 1877 287 1929 mihi
303 1889 433 1944 prospere
450 1877 564 1929 cessisse
582 1877 690 1928 minime
708 1876 858 1940 contendo,
877 1877 967 1927 tamen
984 1877 1010 1926 in
1027 1874 1133 1927 duobus
1144 1877 1233 1928 statim
1250 1875 1342 1942 primis
1359 1876 1424 1929 locis
1436 1879 1547 1931 demon-

223 1965 308 2014 strare
325 1961 458 2025 conabor,
477 1961 613 2026 quomodo
631 1975 663 2012 eo
680 1963 707 2012 in
724 1961 830 2026 incepto
848 1961 1010 2012 versandum
1027 1973 1088 2012 asse
1100 1961 1229 2012 videatur.
1258 1961 1322 2012 'iota
1340 1966 1430 2015 autern
1447 1977 1490 2017 ree
1507 1965 1545 2016 sic

223 2046 278 2097 iero
295 2047 383 2098 animo
401 2049 442 2098 est
458 2046 633 2097 intermando.
667 2044 745 2097 Sicuii
763 2059 796 2096 ex
814 2043 872 2108 iege
890 2045 1030 2096 Hieronica
1047 2058 1063 2094 a
1081 2045 1204 2096 Romanis
1222 2049 1378 2098 conservata
1395 2045 1483 2110 iarris,
1502 2049 1547 2100 tri·

222 2131 281 2192 tici,
299 2131 392 2181 hordei
409 2129 538 2182 decumas
554 2131 626 2196 ipsas
643 2129 783 2196 quotannis
794 2131 911 2180 Praetori
922 2130 1041 2181 Romano
1058 2129 1184 2181 exhibere
1201 2143 1234 2181 ac
1245 2131 1390 2195 Syracusas
1405 2130 1449 2184 vei
1465 2145 1546 2197 quem

221 2215 249 2266 in
266 2214 355 2267 iocum
371 2215 393 2266 is
410 2216 542 2278 iussisset,
561 2215 703 2282 deportare
720 2213 865 2266 debebant.
901 2213 977 2276 Quod
994 2215 1016 2266 si
1033 2214 1166 2265 irnmento
1182 2215 1240 2280 ipso
1257 2216 1374 2267 Praetori
1390 2229 1457 2282 opus
1473 2216 1545 2268 haud

222 2301 307 2358 esset,
326 2300 432 2364 utrique
448 2313 512 2352 sane
530 2301 615 2367 parti,
634 2301 661 2350 et
676 2298 770 2350 Siculis
788 2299 815 2349 et
831 2298 963 2361 Praetori,
982 2297 1155 2364 expediebat,
1173 2300 1203 2351 ut
1219 2298 1375 2365 redemptor
1391 2303 1447 2353 sive
1466 2300 1547 2352 decu-

222 2395 318 2436 manus
335 2381 429 2448 aliquis
447 2386 581 2436 emeretr
598 2385 722 2435 Praetore
740 2383 883 2445 decumas,
908 2383 937 2434 id
959 2385 1013 2445 est,
1038 2381 1184 2448 praedibus
1206 2383 1273 2436 datis
1295 2385 1458 2450 susciperet,
1484 2398 1545 2438 sese

222 2481 271 2534 pro
295 2467 351 2518 rata
373 2466 547 2519 decumarum
569 2469 691 2533 portione
709 2468 810 2519 certam
827 2466 957 2532 pecuniae
974 2479 1107 2518 summam
1122 2471 1323 2520 numeraturum
1341 2481 1401 2521 esse
1418 2469 1544 2521 Praetori.

224 2552 310 2614 ouidi
327 2552 400 2617 qnod
416 2553 537 2603 civitates
553 2553 627 2617 ipsae
643 2565 750 2617 qnoque
768 2549 840 2602 iiceri
858 2553 980 2616 poterant
991 2551 1119 2603 adversus
1130 2553 1335 2617 emptarientes,
1353 2553 1381 2604 id
1392 2554 1446 2618 esi,
1465 2554 1547 2606 susci-

223 2649 303 2702 pere,
321 2649 351 2687 se
369 2637 499 2688 maiorem
516 2637 597 2688 etiam
613 2637 743 2702 pecuniae
760 2647 909 2698 summam,
928 2648 1009 2701 qaam
1026 2633 1061 2685 ab
1078 2633 1127 2687 iiiis
1138 2633 1226 2686 obiata
1238 2637 1324 2698 esset,
1343 2636 1546 2691 soluturasesse

206 2721 353 2782 Praetori,
373 2733 405 2771 ea
422 2721 546 2773 nimirum
564 2719 734 2780 condicione,
755 2722 786 2770 ut
803 2720 866 2784 ipsis
884 2730 1043 2772 concessum
1060 2721 1133 2771 esset
1149 2733 1164 2770 a
1181 2721 1237 2772 suis
1254 2719 1402 2773 aratoribus
1419 2721 1546 2775 decumae

223 2803 265 2856 vei
287 2806 429 2871 pecuniam
453 2805 656 2856 convenientem
682 2802 812 2868 redigere.
840 2803 887 2865 (Gi.
906 2803 931 2868 g.
950 2803 990 2855 ii.
1010 2805 1037 2855 et
1053 2803 1104 2867 99.)
1130 2802 1196 2855 biuhti
1220 2805 1290 2855 enim
1311 2805 1422 2857 curabat
1437 2809 1548 2859 Praetor

222 2888 266 2941 vei
282 2890 370 2955 potius
388 2890 445 2956 ipse
461 2887 577 2955 Popuius
594 2891 738 2950 Pomanus,
757 2901 772 2937 a
790 2901 843 2952 quo
861 2887 1018 2940 tantundem
1035 2888 1165 2954 pecuniae
1176 2889 1319 2954 acciperet,
1337 2889 1485 2943 dummodo
1501 2891 1547 2944 de—

224 2985 318 3027 cumae
337 2985 418 3038 quom
434 2972 549 3039 plurimo
565 2973 709 3025 venissent.
738 2973 785 3037 ici.
804 2971 828 3036 5.
848 2971 915 3036 iii.)

288 3058 452 3123 Redemptor
469 3056 566 3109 deinde
583 3058 610 3108 in
627 3057 775 3119 civitatem,
802 3057 877 3107 cuins
894 3056 1022 3108 decumas
1039 3057 1152 3119 emerat,
1172 3057 1306 3122 proiectus
1322 3057 1412 3124 ibique
1430 3073 1446 3111 a
1462 3062 1548 3125 magi·

223 3144 307 3195 strato
332 3143 437 3195 adiutus
457 3139 501 3194 vei
522 3141 649 3193 decumas
669 3143 741 3206 ipsas
763 3137 878 3204 cogebat
898 3138 940 3191 vei
965 3140 1033 3191 iacta
1057 3153 1119 3193 curu
1136 3139 1244 3206 singuiis
1260 3143 1409 3196 aratoribus
1424 3147 1547 3211 pactione

225 3227 258 3292 (5.
278 3227 344 3291 iti.)
366 3227 508 3293 pecuniam
531 3225 565 3276 ab
588 3225 675 3277 isdem
690 3223 864 3290 percipiebat.
899 3224 1013 3289 Utraque
1032 3225 1058 3276 in
1077 3237 1106 3276 re
1126 3227 1154 3276 et
1170 3225 1359 3292 compendium
1376 3231 1404 3280 et
1420 3228 1548 3282 damnum

223 3312 312 3363 iacere
332 3313 438 3376 poterat
454 3310 621 3362 decumanus
645 3321 694 3375 pro
717 3307 897 3373 magnitudine
909 3309 1049 3373 emptionis
1066 3322 1098 3360 ac
1113 3321 1164 3375 pro
1175 3309 1293 3363 variabili
1310 3311 1435 3365 frumenti
1450 3316 1545 3380 pretio.

225 3395 273 3462 ici.
293 3393 319 3461 fl.
338 3395 404 3458 iio.)

289 3481 322 3531 At
343 3481 448 3531 certum
472 3477 576 3530 tuorum
602 3475 709 3530 omnino
734 3487 797 3529 cum
817 3475 1024 3543 praeterendum
1047 3479 1132 3540 esset,
1159 3482 1294 3545 emptores
1316 3481 1423 3546 Apronii
1447 3481 1547 3534 similas

226 3563 259 3630 is.
277 3560 329 3628 ei.)
347 3563 393 3614 ubi
410 3564 436 3615 in
454 3563 588 3614 civitatem
604 3561 655 3614 sibi
671 3561 805 3614 addictam
821 3563 1017 3628 pervenissent,
1037 3562 1064 3614 id
1081 3563 1216 3615 interdum
1232 3563 1394 3631 poscebant,
1411 3567 1442 3616 nt
1456 3566 1548 3620 civius

224 3649 288 3714 ipsis
305 3646 371 3700 tucri
388 3645 487 3712 aiiqnid
504 3646 593 3710 daret,
619 3644 646 3697 id
669 3649 722 3709 est,
744 3647 874 3699 maiorem
893 3646 1028 3713 aliquanto
1045 3659 1179 3700 summam
1195 3649 1227 3702 iis
1243 3647 1377 3701 solverent
1392 3661 1439 3712 ea,
1466 3663 1548 3715 maan

225 3745 259 3784 ex
276 3733 417 3799 emptionis
433 3729 491 3797 iege
509 3733 560 3798 ipsi
576 3730 718 3784 decumani
735 3732 853 3784 Praetori
870 3731 934 3783 dare
952 3731 1096 3793 deberent;
1117 3746 1170 3798 qua
1186 3735 1299 3798 pecunia
1316 3735 1426 3799 accepta
1442 3735 1549 3800 emptor

225 3817 354 3870 decumas
371 3818 467 3869 missas
484 3817 585 3868 iaceret
601 3817 768 3881 civitatique,
792 3830 808 3867 a
826 3829 879 3881 qua
895 3813 1000 3869 lucrum
1016 3817 1179 3882 accepisset,
1204 3830 1297 3869 curam
1312 3817 1478 3883 relinqueret
1492 3819 1548 3870 'sin-

225 3899 291 3968 guiis
303 3899 338 3953 ab
349 3901 498 3954 aratoribus
510 3899 639 3952 decumas
651 3897 800 3965 colligendi,
816 3913 870 3964 quo
881 3899 939 3966 ipsa
950 3901 1092 3966 pecuniam
1103 3898 1252 3952 decumano
1264 3901 1353 3952 datam
1365 3903 1547 3967 recuperaret.

225 3985 280 4048 Qua
298 3985 408 4050 <pridem
425 3987 451 4037 in
468 3999 511 4048 re,
529 3984 675 4037 dummodo
693 3983 846 4037 modestum
862 3985 936 4036 esset
951 3983 1055 4035 tuorum
1067 3987 1094 4035 et
1104 3983 1223 4036 Praetori
1239 3985 1295 4037 sive
1311 3983 1417 4050 Populo
1429 3988 1548 4038 nomano

225 4072 252 4121 et
267 4069 431 4136 redemptori
448 4072 551 4122 certum
568 4068 672 4120 lacrum
688 4069 742 4120 iam
759 4068 856 4134 adepto
874 4069 974 4134 pariter
990 4069 1053 4120 satis
1070 4067 1165 4130 debat,
1183 4071 1264 4136 atque
1275 4070 1386 4122 mutatis
1401 4071 1496 4136 erigm
1506 4068 1548 4122 vei

223 4153 294 4205 nuiio
311 4167 374 4207 cuna
392 4154 504 4216 damno,
522 4168 618 4219 magna
635 4155 727 4219 utique
745 4152 865 4205 molestia
883 4152 987 4204 liberati
1004 4154 1081 4205 erant
1096 4155 1224 4205 arawrcs.
1252 4155 1356 4206 Nemini
1373 4156 1451 4220 igitar
1466 4153 1550 4206 debat

225 4238 336 4290 iniuria:
355 4239 460 4291 lucrum
477 4239 550 4290 enim
567 4238 756 4290 immodestum
773 4239 795 4290 si
813 4239 925 4303 petitum
942 4241 1030 4300 asset,
1048 4239 1166 4290 recusari
1177 4240 1298 4305 poterat:
1317 4252 1405 4305 neque
1417 4239 1549 4293 eiusmodi

225 4321 330 4386 negotio
347 4336 408 4374 sese
426 4323 535 4374 omnino
552 4321 721 4375 immiscebat
736 4323 846 4373 Praetor
861 4323 998 4375 honestus.

289 4407 345 4459 iios
366 4408 445 4472 igitur
468 4408 518 4459 iste
535 4406 660 4472 paulatim
677 4418 740 4458 cum
756 4405 924 4469 invaluisset,
946 4407 1059 4468 Verres,
1082 4406 1163 4458 bomo
1187 4407 1297 4460 insanus
1313 4407 1341 4458 et
1357 4407 1427 4460 lucri*
1440 4421 1549 4475 semper

226 4487 412 4554 cupidissimus
423 4530 429 4554 ,
447 4491 562 4557 imperat
578 4492 612 4556 (5.
626 4491 677 4556 ii.)
690 4489 913 4556 Agyrinensibus,
933 4497 976 4542 «ot
991 4493 1107 4542 denenor
1116 4493 1165 4554 ipsi
1174 4492 1272 4555 publice
1282 4493 1422 4557 aeduam
1438 4493 1549 4557 Apronio

225 4573 324 4624 taurum
340 4575 437 4626 donin
455 4574 483 4626 id
500 4577 554 4636 est,
574 4575 709 4640 «cogetis,
728 4576 827 4641 inquit,
845 4576 951 4626 vosmet
967 4576 1016 4640 ipsi
1034 4576 1068 4627 ab
1080 4575 1228 4629 aratoribus
1239 4579 1335 4630 vacuis
1348 4577 1475 4630 decumas
1487 4591 1549 4630 aas·

226 4671 279 4724 que
296 4657 339 4710 vei
356 4659 406 4724 ipsi
422 4661 601 4722 consumetis,
619 4659 678 4722 vei,
697 4661 735 4711 nii
753 4660 855 4711 iortuua
872 4657 972 4722 tulerit,
990 4660 1113 4712 vendetis
1124 4661 1333 4725 negotiatoribus
1345 4663 1483 4722 itomanis3
1501 4664 1550 4715 Po·

225 4741 288 4810 poio
305 4755 370 4794 vero
386 4743 519 4807 Romano,
536 4743 564 4794 id
577 4747 619 4796 est
631 4744 708 4807 mibi,
726 4743 855 4808 eandem,
874 4756 955 4808 quam
969 4747 1100 4809 Apronius
1114 4744 1259 4809 obtulerat,
1273 4747 1401 4812 munuc
1414 4755 1548 4798 mmmam

225 4825 413 4888 numerabitis;
437 4831 576 4894 praeterea
599 4829 729 4894 Apronio,
755 4831 800 4894 qui
826 4831 963 4894 empturus
989 4834 1048 4880 erat
1067 4833 1217 4882 vestrarum
1239 4831 1387 4882 arationum
1403 4829 1546 4893 decanus,

224 4911 329 4964 lacrum
352 4910 417 4963 mihi
442 4911 567 4978 placitum
594 4912 703 4976 dabitis,
727 4914 800 4979 quod
823 4927 872 4978 ego
898 4927 960 4964 cum
985 4915 1059 4965 socio
1082 4927 1143 4967 meo
1165 4914 1309 4966 dividam.»
1343 4914 1432 4979 Longe
1449 4911 1549 4966 seilicet

224 4997 353 5049 nidorem
369 4993 437 5048 lucri
452 4999 557 5063 partem
574 4997 625 5048 sibi
642 4995 798 5049 reservabat
813 4999 895 5049 homo
912 4998 1072 5061 ingeniosus.

290 5083 319 5133 in
336 5080 411 5133 inoro
428 5083 518 5132 autem
535 5081 586 5133 isto
602 5081 768 5134 aestimando
785 5083 898 5144 verres,
916 5083 946 5133 nt
962 5081 1046 5148 liquet
1061 5081 1104 5133 vei
1121 5082 1176 5148 eg.
1188 5084 1241 5146 ii,
1259 5095 1312 5135 neo
1327 5085 1415 5135 ratam
1430 5079 1548 5148 aliquem

226 5165 337 5220 modum
362 5177 451 5232 neque
477 5165 580 5219 mmm
604 5174 760 5220 mensuram
781 5166 921 5231 sewabat,
947 5166 997 5219 sed
1018 5169 1098 5233 prout
1113 5168 1139 5220 ei
1154 5167 1182 5221 ia
1197 5169 1317 5221 nerum
1332 5168 1456 5231 ream,
1481 5163 1547 5233 ieci,
