<?xml version="1.0" encoding="UTF-8"?>
<!DOCTYPE html PUBLIC "-//W3C//DTD XHTML 1.0 Transitional//EN"
    "http://www.w3.org/TR/xhtml1/DTD/xhtml1-transitional.dtd">
<html xmlns="http://www.w3.org/1999/xhtml" xml:lang="en" lang="en">
 <head>
  <title>
</title>
<meta http-equiv="Content-Type" content="text/html;charset=utf-8" />
  <meta name='ocr-system' content='tesseract 3.04.00' />
  <meta name='ocr-capabilities' content='ocr_page ocr_carea ocr_par ocr_line ocrx_word'/>
</head>
<body>
  <div class='ocr_page' id='page_1' title='image "./mtulliiciceroni00baitgoog_0206.png"; bbox 0 0 3642 5868; ppageno 0'>
   <div class='ocr_carea' id='block_1_1' title="bbox 302 433 1258 514">
    <p class='ocr_par' dir='ltr' id='par_1_1' title="bbox 302 433 1258 514">
     <span class='ocr_line' id='line_1_1' title="bbox 302 433 1258 514; baseline 0 -14"><span class='ocrx_word' id='word_1_1' title='bbox 302 433 366 500; x_wconf 86' lang='lat' dir='ltr'><strong>l80</strong></span> <span class='ocrx_word' id='word_1_2' title='bbox 657 508 660 514; x_wconf 60' lang='grc'><em>,</em></span> <span class='ocrx_word' id='word_1_3' title='bbox 677 437 720 502; x_wconf 88' lang='grc' dir='ltr'><strong>ΙΝ</strong></span> <span class='ocrx_word' id='word_1_4' title='bbox 740 435 907 502; x_wconf 77' lang='lat' dir='ltr'><strong>VERREM</strong></span> <span class='ocrx_word' id='word_1_5' title='bbox 926 435 1051 502; x_wconf 78' lang='lat' dir='ltr'>ACTIO</span> <span class='ocrx_word' id='word_1_6' title='bbox 1074 435 1258 502; x_wconf 81' lang='lat' dir='ltr'>SECUNDA</span> 
     </span>
    </p>
   </div>
   <div class='ocr_carea' id='block_1_2' title="bbox 138 602 1626 4171">
    <p class='ocr_par' dir='ltr' id='par_1_2' title="bbox 138 602 1626 4171">
     <span class='ocr_line' id='line_1_2' title="bbox 302 602 1626 682; baseline -0.003 -12"><span class='ocrx_word' id='word_1_7' title='bbox 302 605 404 670; x_wconf 90' lang='lat' dir='ltr'><strong>simile</strong></span> <span class='ocrx_word' id='word_1_8' title='bbox 426 605 635 680; x_wconf 84' lang='lat' dir='ltr'><strong>Graecorum,</strong></span> <span class='ocrx_word' id='word_1_9' title='bbox 662 605 750 670; x_wconf 88' lang='lat' dir='ltr'><strong>nulla</strong></span> <span class='ocrx_word' id='word_1_10' title='bbox 771 605 910 682; x_wconf 88' lang='lat' dir='ltr'><strong>desidia,</strong></span> <span class='ocrx_word' id='word_1_11' title='bbox 937 606 1026 670; x_wconf 85' lang='lat' dir='ltr'><strong>nulle</strong></span> <span class='ocrx_word' id='word_1_12' title='bbox 1046 606 1204 682; x_wconf 77' lang='lat' dir='ltr'><strong>luxuries:</strong></span> <span class='ocrx_word' id='word_1_13' title='bbox 1232 611 1343 668; x_wconf 88' lang='lat' dir='ltr'><strong>contra</strong></span> <span class='ocrx_word' id='word_1_14' title='bbox 1371 623 1511 667; x_wconf 90' lang='lat' dir='ltr'><strong>summus</strong></span> <span class='ocrx_word' id='word_1_15' title='bbox 1532 602 1626 668; x_wconf 89' lang='lat' dir='ltr'><strong>labor</strong></span> 
     </span>
     <span class='ocr_line' id='line_1_3' title="bbox 201 685 1623 797; baseline -0.003 -33"><span class='ocrx_word' id='word_1_16' title='bbox 201 728 220 797; x_wconf 67' lang='lat' dir='ltr'><strong>q</strong></span> <span class='ocrx_word' id='word_1_17' title='bbox 302 703 335 764; x_wconf 90' lang='lat' dir='ltr'><strong>in</strong></span> <span class='ocrx_word' id='word_1_18' title='bbox 357 700 492 784; x_wconf 90' lang='lat' dir='ltr'><strong>publicis</strong></span> <span class='ocrx_word' id='word_1_19' title='bbox 513 699 708 783; x_wconf 77' lang='lat' dir='ltr'><strong>privatisque</strong></span> <span class='ocrx_word' id='word_1_20' title='bbox 730 701 840 774; x_wconf 87' lang='lat' dir='ltr'><strong>rebus,</strong></span> <span class='ocrx_word' id='word_1_21' title='bbox 864 721 986 764; x_wconf 89' lang='lat' dir='ltr'><strong>summa</strong></span> <span class='ocrx_word' id='word_1_22' title='bbox 1006 701 1212 784; x_wconf 84' lang='lat' dir='ltr'>parsimonia,</span> <span class='ocrx_word' id='word_1_23' title='bbox 1234 718 1357 763; x_wconf 88' lang='lat' dir='ltr'><strong>summa</strong></span> <span class='ocrx_word' id='word_1_24' title='bbox 1371 685 1562 783; x_wconf 49' lang='lat' dir='ltr'><strong>dilige-ntia(</strong></span> <span class='ocrx_word' id='word_1_25' title='bbox 1570 698 1623 760; x_wconf 89' lang='lat' dir='ltr'><strong>Sic</strong></span> 
     </span>
     <span class='ocr_line' id='line_1_4' title="bbox 200 785 1623 878; baseline -0.004 -20"><span class='ocrx_word' id='word_1_26' title='bbox 200 829 207 838; x_wconf 91' lang='lat'><em>·</em></span> <span class='ocrx_word' id='word_1_27' title='bbox 301 815 397 877; x_wconf 90' lang='lat' dir='ltr'><strong>porro</strong></span> <span class='ocrx_word' id='word_1_28' title='bbox 427 800 554 858; x_wconf 89' lang='lat' dir='ltr'><strong>nostros</strong></span> <span class='ocrx_word' id='word_1_29' title='bbox 582 793 727 856; x_wconf 90' lang='lat' dir='ltr'><strong>homines</strong></span> <span class='ocrx_word' id='word_1_30' title='bbox 756 785 972 877; x_wconf 60' lang='lat' dir='ltr'><strong>diliguntsut</strong></span> <span class='ocrx_word' id='word_1_31' title='bbox 998 795 1048 858; x_wconf 90' lang='lat' dir='ltr'><strong>bis</strong></span> <span class='ocrx_word' id='word_1_32' title='bbox 1076 795 1153 858; x_wconf 89' lang='lat' dir='ltr'><strong>solis</strong></span> <span class='ocrx_word' id='word_1_33' title='bbox 1182 814 1288 878; x_wconf 92' lang='lat' dir='ltr'><strong>neque</strong></span> <span class='ocrx_word' id='word_1_34' title='bbox 1308 792 1496 876; x_wconf 89' lang='lat' dir='ltr'><strong>publicanus</strong></span> <span class='ocrx_word' id='word_1_35' title='bbox 1516 811 1623 876; x_wconf 89' lang='lat' dir='ltr'><strong>neque</strong></span> 
     </span>
     <span class='ocr_line' id='line_1_5' title="bbox 158 882 1623 1008; baseline -0.003 -56"><span class='ocrx_word' id='word_1_36' title='bbox 158 913 254 1008; x_wconf 45' lang='lat' dir='ltr'><strong>sq,</strong></span> <span class='ocrx_word' id='word_1_37' title='bbox 301 888 479 971; x_wconf 79' lang='lat' dir='ltr'><strong>negotiator</strong></span> <span class='ocrx_word' id='word_1_38' title='bbox 500 887 575 950; x_wconf 94' lang='lat' dir='ltr'><strong>odio</strong></span> <span class='ocrx_word' id='word_1_39' title='bbox 598 882 653 995; x_wconf 63' lang='lat' dir='ltr'><strong>sit)</strong></span> <span class='ocrx_word' id='word_1_40' title='bbox 689 884 719 950; x_wconf 91' lang='lat'><strong>8.</strong></span> <span class='ocrx_word' id='word_1_41' title='bbox 741 889 980 970; x_wconf 84' lang='lat' dir='ltr'><strong>Magistratuum</strong></span> <span class='ocrx_word' id='word_1_42' title='bbox 1002 897 1108 952; x_wconf 89' lang='lat' dir='ltr'><strong>autern</strong></span> <span class='ocrx_word' id='word_1_43' title='bbox 1123 896 1303 952; x_wconf 90' lang='lat' dir='ltr'><strong>nostrorum</strong></span> <span class='ocrx_word' id='word_1_44' title='bbox 1325 887 1455 951; x_wconf 87' lang='lat' dir='ltr'><strong>iniurias</strong></span> <span class='ocrx_word' id='word_1_45' title='bbox 1477 886 1521 949; x_wconf 87' lang='lat' dir='ltr'><strong>ita</strong></span> <span class='ocrx_word' id='word_1_46' title='bbox 1542 887 1623 950; x_wconf 90' lang='lat' dir='ltr'><strong>mul-</strong></span> 
     </span>
     <span class='ocr_line' id='line_1_6' title="bbox 204 979 1624 1065; baseline -0.003 -20"><span class='ocrx_word' id='word_1_47' title='bbox 204 992 229 1018; x_wconf 63' lang='lat'><em>⁸</em></span> <span class='ocrx_word' id='word_1_48' title='bbox 278 989 405 1046; x_wconf 74' lang='lat' dir='ltr'><strong>storum</strong></span> <span class='ocrx_word' id='word_1_49' title='bbox 433 981 589 1057; x_wconf 92' lang='lat' dir='ltr'><strong>tulerunt,</strong></span> <span class='ocrx_word' id='word_1_50' title='bbox 620 988 654 1044; x_wconf 94' lang='lat' dir='ltr'><strong>ut</strong></span> <span class='ocrx_word' id='word_1_51' title='bbox 679 1002 852 1065; x_wconf 85' lang='lat' dir='ltr'><strong>numquam</strong></span> <span class='ocrx_word' id='word_1_52' title='bbox 881 990 954 1044; x_wconf 88' lang='lat' dir='ltr'><strong>ante</strong></span> <span class='ocrx_word' id='word_1_53' title='bbox 975 981 1037 1045; x_wconf 91' lang='lat' dir='ltr'><strong>boc</strong></span> <span class='ocrx_word' id='word_1_54' title='bbox 1058 990 1183 1064; x_wconf 88' lang='lat' dir='ltr'><strong>tempus</strong></span> <span class='ocrx_word' id='word_1_55' title='bbox 1205 981 1246 1044; x_wconf 88' lang='lat' dir='ltr'><strong>ad</strong></span> <span class='ocrx_word' id='word_1_56' title='bbox 1267 1001 1353 1044; x_wconf 84' lang='lat' dir='ltr'><strong>aram</strong></span> <span class='ocrx_word' id='word_1_57' title='bbox 1375 980 1482 1062; x_wconf 88' lang='lat' dir='ltr'><strong>legum</strong></span> <span class='ocrx_word' id='word_1_58' title='bbox 1503 979 1624 1062; x_wconf 87' lang='lat' dir='ltr'><strong>praesi-</strong></span> 
     </span>
     <span class='ocr_line' id='line_1_7' title="bbox 209 1074 1621 1167; baseline -0.002 -28"><span class='ocrx_word' id='word_1_59' title='bbox 209 1107 218 1167; x_wconf 83' lang='lat'><strong>².</strong></span> <span class='ocrx_word' id='word_1_60' title='bbox 301 1076 453 1159; x_wconf 89' lang='lat' dir='ltr'><strong>diumque</strong></span> <span class='ocrx_word' id='word_1_61' title='bbox 474 1081 614 1139; x_wconf 85' lang='lat' dir='ltr'><strong>vestrum</strong></span> <span class='ocrx_word' id='word_1_62' title='bbox 636 1075 764 1158; x_wconf 91' lang='lat' dir='ltr'><strong>publico</strong></span> <span class='ocrx_word' id='word_1_63' title='bbox 787 1076 919 1140; x_wconf 92' lang='lat' dir='ltr'><strong>consilio</strong></span> <span class='ocrx_word' id='word_1_64' title='bbox 942 1075 1160 1158; x_wconf 80' lang='lat' dir='ltr'><strong>confugerint:</strong></span> <span class='ocrx_word' id='word_1_65' title='bbox 1191 1075 1314 1138; x_wconf 89' lang='lat' dir='ltr'><strong>tametsi</strong></span> <span class='ocrx_word' id='word_1_66' title='bbox 1337 1082 1368 1138; x_wconf 94' lang='lat' dir='ltr'><strong>et</strong></span> <span class='ocrx_word' id='word_1_67' title='bbox 1392 1074 1483 1136; x_wconf 93' lang='lat' dir='ltr'><strong>illum</strong></span> <span class='ocrx_word' id='word_1_68' title='bbox 1505 1093 1621 1137; x_wconf 88' lang='lat' dir='ltr'><strong>annum</strong></span> 
     </span>
     <span class='ocr_line' id='line_1_8' title="bbox 202 1159 1620 1254; baseline -0.003 -22"><span class='ocrx_word' id='word_1_69' title='bbox 202 1170 216 1190; x_wconf 81' lang='grc'><strong>”’</strong></span> <span class='ocrx_word' id='word_1_70' title='bbox 300 1159 600 1254; x_wconf 55' lang='grc' dir='ltr'><strong>ρεηυΙοταῃΜιή</strong></span> <span class='ocrx_word' id='word_1_71' title='bbox 629 1170 675 1232; x_wconf 89' lang='lat' dir='ltr'><strong>sic</strong></span> <span class='ocrx_word' id='word_1_72' title='bbox 703 1188 758 1232; x_wconf 90' lang='lat' dir='ltr'><strong>eos</strong></span> <span class='ocrx_word' id='word_1_73' title='bbox 788 1169 957 1244; x_wconf 79' lang='lat' dir='ltr'><strong>afflixerat,</strong></span> <span class='ocrx_word' id='word_1_74' title='bbox 989 1177 1026 1232; x_wconf 93' lang='lat' dir='ltr'><strong>ut</strong></span> <span class='ocrx_word' id='word_1_75' title='bbox 1047 1169 1124 1232; x_wconf 87' lang='lat' dir='ltr'><strong>salvi</strong></span> <span class='ocrx_word' id='word_1_76' title='bbox 1148 1188 1217 1234; x_wconf 89' lang='lat' dir='ltr'><strong>esso</strong></span> <span class='ocrx_word' id='word_1_77' title='bbox 1239 1189 1303 1231; x_wconf 93' lang='lat' dir='ltr'><strong>non</strong></span> <span class='ocrx_word' id='word_1_78' title='bbox 1326 1175 1471 1251; x_wconf 79' lang='lat' dir='ltr'><strong>possent,</strong></span> <span class='ocrx_word' id='word_1_79' title='bbox 1504 1168 1565 1232; x_wconf 94' lang='lat' dir='ltr'><strong>nisi</strong></span> <span class='ocrx_word' id='word_1_80' title='bbox 1588 1167 1620 1230; x_wconf 90' lang='lat' dir='ltr'><strong>C.</strong></span> 
     </span>
     <span class='ocr_line' id='line_1_9' title="bbox 299 1261 1622 1346; baseline -0.002 -20"><span class='ocrx_word' id='word_1_81' title='bbox 299 1262 467 1326; x_wconf 87' lang='lat' dir='ltr'><strong>Marcellus</strong></span> <span class='ocrx_word' id='word_1_82' title='bbox 490 1263 581 1346; x_wconf 89' lang='lat' dir='ltr'><strong>quasi</strong></span> <span class='ocrx_word' id='word_1_83' title='bbox 602 1262 711 1345; x_wconf 92' lang='lat' dir='ltr'><strong>aliquo</strong></span> <span class='ocrx_word' id='word_1_84' title='bbox 733 1261 799 1325; x_wconf 83' lang='lat' dir='ltr'><strong>fato</strong></span> <span class='ocrx_word' id='word_1_85' title='bbox 822 1265 974 1338; x_wconf 81' lang='lat' dir='ltr'><strong>venisset,</strong></span> <span class='ocrx_word' id='word_1_86' title='bbox 1004 1271 1039 1326; x_wconf 94' lang='lat' dir='ltr'><strong>ut</strong></span> <span class='ocrx_word' id='word_1_87' title='bbox 1059 1262 1108 1326; x_wconf 91' lang='lat' dir='ltr'><strong>bis</strong></span> <span class='ocrx_word' id='word_1_88' title='bbox 1130 1284 1170 1328; x_wconf 84' lang='lat' dir='ltr'><strong>ex</strong></span> <span class='ocrx_word' id='word_1_89' title='bbox 1192 1262 1303 1326; x_wconf 92' lang='lat' dir='ltr'><strong>eadem</strong></span> <span class='ocrx_word' id='word_1_90' title='bbox 1324 1262 1444 1325; x_wconf 85' lang='lat' dir='ltr'><strong>familia</strong></span> <span class='ocrx_word' id='word_1_91' title='bbox 1466 1261 1551 1326; x_wconf 87' lang='lat' dir='ltr'><strong>salus</strong></span> <span class='ocrx_word' id='word_1_92' title='bbox 1574 1262 1622 1326; x_wconf 91' lang='lat' dir='ltr'><strong>Si·</strong></span> 
     </span>
     <span class='ocr_line' id='line_1_10' title="bbox 300 1355 1622 1440; baseline 0.002 -22"><span class='ocrx_word' id='word_1_93' title='bbox 300 1355 391 1418; x_wconf 81' lang='lat' dir='ltr'>ciliae</span> <span class='ocrx_word' id='word_1_94' title='bbox 413 1357 670 1432; x_wconf 84' lang='lat' dir='ltr'><strong>constitueretur,</strong></span> <span class='ocrx_word' id='word_1_95' title='bbox 694 1364 726 1418; x_wconf 88' lang='lat' dir='ltr'><strong>et</strong></span> <span class='ocrx_word' id='word_1_96' title='bbox 747 1365 820 1439; x_wconf 92' lang='lat' dir='ltr'><strong>post</strong></span> <span class='ocrx_word' id='word_1_97' title='bbox 840 1359 882 1420; x_wconf 88' lang='lat' dir='ltr'><strong>M.</strong></span> <span class='ocrx_word' id='word_1_98' title='bbox 897 1357 1027 1420; x_wconf 77' lang='lat' dir='ltr'><strong>Antonii</strong></span> <span class='ocrx_word' id='word_1_99' title='bbox 1047 1357 1205 1420; x_wconf 87' lang='lat' dir='ltr'><strong>infinitum</strong></span> <span class='ocrx_word' id='word_1_100' title='bbox 1226 1356 1305 1421; x_wconf 93' lang='lat' dir='ltr'><strong>illud</strong></span> <span class='ocrx_word' id='word_1_101' title='bbox 1326 1357 1494 1440; x_wconf 90' lang='lat' dir='ltr'><strong>imperium</strong></span> <span class='ocrx_word' id='word_1_102' title='bbox 1516 1376 1622 1420; x_wconf 88' lang='lat' dir='ltr'><strong>sense·</strong></span> 
     </span>
     <span class='ocr_line' id='line_1_11' title="bbox 263 1449 1621 1534; baseline 0 -22"><span class='ocrx_word' id='word_1_103' title='bbox 263 1457 379 1514; x_wconf 77' lang='lat' dir='ltr'><strong>tlrant.</strong></span> <span class='ocrx_word' id='word_1_104' title='bbox 423 1449 475 1512; x_wconf 92' lang='lat' dir='ltr'><strong>Sic</strong></span> <span class='ocrx_word' id='word_1_105' title='bbox 496 1470 516 1513; x_wconf 89' lang='lat' dir='ltr'><strong>a</strong></span> <span class='ocrx_word' id='word_1_106' title='bbox 537 1451 708 1514; x_wconf 87' lang='lat' dir='ltr'><strong>maioribus</strong></span> <span class='ocrx_word' id='word_1_107' title='bbox 731 1451 796 1514; x_wconf 89' lang='lat' dir='ltr'><strong>suis</strong></span> <span class='ocrx_word' id='word_1_108' title='bbox 819 1459 1020 1534; x_wconf 88' lang='lat' dir='ltr'><strong>acceperant,</strong></span> <span class='ocrx_word' id='word_1_109' title='bbox 1048 1457 1134 1514; x_wconf 81' lang='lat' dir='ltr'><strong>tanta</strong></span> <span class='ocrx_word' id='word_1_110' title='bbox 1155 1451 1266 1533; x_wconf 89' lang='lat' dir='ltr'><strong>populi</strong></span> <span class='ocrx_word' id='word_1_111' title='bbox 1289 1451 1421 1513; x_wconf 83' lang='lat' dir='ltr'><strong>Romani</strong></span> <span class='ocrx_word' id='word_1_112' title='bbox 1442 1451 1476 1513; x_wconf 92' lang='lat' dir='ltr'><strong>in</strong></span> <span class='ocrx_word' id='word_1_113' title='bbox 1499 1450 1621 1513; x_wconf 89' lang='lat' dir='ltr'><strong>Siculos</strong></span> 
     </span>
     <span class='ocr_line' id='line_1_12' title="bbox 300 1539 1623 1628; baseline 0 -21"><span class='ocrx_word' id='word_1_114' title='bbox 300 1563 369 1607; x_wconf 85' lang='lat' dir='ltr'><strong>esse</strong></span> <span class='ocrx_word' id='word_1_115' title='bbox 390 1539 562 1619; x_wconf 87' lang='lat' dir='ltr'><strong>beneficia,</strong></span> <span class='ocrx_word' id='word_1_116' title='bbox 591 1551 628 1607; x_wconf 89' lang='lat' dir='ltr'><strong>ut</strong></span> <span class='ocrx_word' id='word_1_117' title='bbox 650 1545 744 1608; x_wconf 89' lang='lat' dir='ltr'><strong>etiam</strong></span> <span class='ocrx_word' id='word_1_118' title='bbox 766 1545 896 1608; x_wconf 87' lang='lat' dir='ltr'><strong>iniurias</strong></span> <span class='ocrx_word' id='word_1_119' title='bbox 918 1553 1098 1608; x_wconf 91' lang='lat' dir='ltr'><strong>nostrorum</strong></span> <span class='ocrx_word' id='word_1_120' title='bbox 1119 1544 1285 1608; x_wconf 92' lang='lat' dir='ltr'><strong>bominum</strong></span> <span class='ocrx_word' id='word_1_121' title='bbox 1306 1544 1510 1628; x_wconf 88' lang='lat' dir='ltr'><strong>perferendas</strong></span> <span class='ocrx_word' id='word_1_122' title='bbox 1531 1551 1623 1627; x_wconf 90' lang='lat' dir='ltr'><strong>puta-</strong></span> 
     </span>
     <span class='ocr_line' id='line_1_13' title="bbox 299 1633 1621 1722; baseline 0 -22"><span class='ocrx_word' id='word_1_123' title='bbox 299 1645 379 1700; x_wconf 89' lang='lat' dir='ltr'><strong>rent.</strong></span> <span class='ocrx_word' id='word_1_124' title='bbox 422 1633 452 1699; x_wconf 90' lang='grc'><strong>9.</strong></span> <span class='ocrx_word' id='word_1_125' title='bbox 474 1638 510 1702; x_wconf 90' lang='lat' dir='ltr'><strong>ln</strong></span> <span class='ocrx_word' id='word_1_126' title='bbox 533 1640 691 1702; x_wconf 89' lang='lat' dir='ltr'><strong>neminem</strong></span> <span class='ocrx_word' id='word_1_127' title='bbox 714 1639 854 1702; x_wconf 84' lang='lat' dir='ltr'><strong>civitates</strong></span> <span class='ocrx_word' id='word_1_128' title='bbox 876 1647 949 1702; x_wconf 86' lang='lat' dir='ltr'><strong>ante</strong></span> <span class='ocrx_word' id='word_1_129' title='bbox 970 1638 1056 1702; x_wconf 89' lang='lat' dir='ltr'><strong>bunc</strong></span> <span class='ocrx_word' id='word_1_130' title='bbox 1079 1639 1293 1703; x_wconf 91' lang='lat' dir='ltr'><strong>testimonium</strong></span> <span class='ocrx_word' id='word_1_131' title='bbox 1315 1639 1442 1722; x_wconf 88' lang='lat' dir='ltr'><strong>publice</strong></span> <span class='ocrx_word' id='word_1_132' title='bbox 1464 1638 1621 1702; x_wconf 83' lang='lat' dir='ltr'><strong>dixerunt.</strong></span> 
     </span>
     <span class='ocr_line' id='line_1_14' title="bbox 297 1730 1621 1816; baseline 0 -22"><span class='ocrx_word' id='word_1_133' title='bbox 297 1731 390 1794; x_wconf 90' lang='lat' dir='ltr'><strong>Hunc</strong></span> <span class='ocrx_word' id='word_1_134' title='bbox 413 1731 550 1816; x_wconf 90' lang='lat' dir='ltr'><strong>denique</strong></span> <span class='ocrx_word' id='word_1_135' title='bbox 572 1734 677 1815; x_wconf 85' lang='lat' dir='ltr'><strong>iprum</strong></span> <span class='ocrx_word' id='word_1_136' title='bbox 698 1733 918 1816; x_wconf 86' lang='lat' dir='ltr'><strong>pertulissent,</strong></span> <span class='ocrx_word' id='word_1_137' title='bbox 941 1733 968 1796; x_wconf 92' lang='lat' dir='ltr'><strong>si</strong></span> <span class='ocrx_word' id='word_1_138' title='bbox 989 1734 1129 1796; x_wconf 89' lang='lat' dir='ltr'><strong>humano</strong></span> <span class='ocrx_word' id='word_1_139' title='bbox 1151 1732 1264 1808; x_wconf 91' lang='lat' dir='ltr'><strong>modo,</strong></span> <span class='ocrx_word' id='word_1_140' title='bbox 1286 1734 1312 1796; x_wconf 90' lang='lat' dir='ltr'><strong>sl</strong></span> <span class='ocrx_word' id='word_1_141' title='bbox 1334 1734 1449 1796; x_wconf 86' lang='lat' dir='ltr'><strong>usitato</strong></span> <span class='ocrx_word' id='word_1_142' title='bbox 1470 1753 1573 1808; x_wconf 89' lang='lat' dir='ltr'><strong>more,</strong></span> <span class='ocrx_word' id='word_1_143' title='bbox 1594 1730 1621 1796; x_wconf 91' lang='lat' dir='ltr'><strong>si</strong></span> 
     </span>
     <span class='ocr_line' id='line_1_15' title="bbox 299 1822 1622 1911; baseline 0.002 -26"><span class='ocrx_word' id='word_1_144' title='bbox 299 1822 437 1907; x_wconf 87' lang='lat' dir='ltr'><strong>denique</strong></span> <span class='ocrx_word' id='word_1_145' title='bbox 458 1846 523 1888; x_wconf 93' lang='lat' dir='ltr'><strong>uno</strong></span> <span class='ocrx_word' id='word_1_146' title='bbox 545 1826 654 1910; x_wconf 91' lang='lat' dir='ltr'><strong>aliquo</strong></span> <span class='ocrx_word' id='word_1_147' title='bbox 677 1827 711 1889; x_wconf 90' lang='lat' dir='ltr'><strong>in</strong></span> <span class='ocrx_word' id='word_1_148' title='bbox 733 1846 848 1908; x_wconf 88' lang='lat' dir='ltr'><strong>genero</strong></span> <span class='ocrx_word' id='word_1_149' title='bbox 869 1835 1042 1908; x_wconf 88' lang='lat' dir='ltr'><strong>peccasset.</strong></span> <span class='ocrx_word' id='word_1_150' title='bbox 1073 1827 1136 1890; x_wconf 85' lang='lat' dir='ltr'><strong>Sed</strong></span> <span class='ocrx_word' id='word_1_151' title='bbox 1158 1848 1230 1890; x_wconf 92' lang='lat' dir='ltr'><strong>cum</strong></span> <span class='ocrx_word' id='word_1_152' title='bbox 1252 1825 1390 1910; x_wconf 87' lang='lat' dir='ltr'><strong>perferre</strong></span> <span class='ocrx_word' id='word_1_153' title='bbox 1406 1847 1469 1890; x_wconf 92' lang='lat' dir='ltr'><strong>non</strong></span> <span class='ocrx_word' id='word_1_154' title='bbox 1491 1832 1622 1911; x_wconf 85' lang='lat' dir='ltr'><strong>possent</strong></span> 
     </span>
     <span class='ocr_line' id='line_1_16' title="bbox 261 1918 1621 2004; baseline 0.004 -26"><span class='ocrx_word' id='word_1_155' title='bbox 261 1931 290 1978; x_wconf 80' lang='lat' dir='ltr'><strong>to</strong></span> <span class='ocrx_word' id='word_1_156' title='bbox 298 1918 474 1994; x_wconf 84' lang='lat' dir='ltr'><strong>luxuriem,</strong></span> <span class='ocrx_word' id='word_1_157' title='bbox 497 1919 731 1995; x_wconf 83' lang='lat' dir='ltr'><strong>crudelitatem,</strong></span> <span class='ocrx_word' id='word_1_158' title='bbox 753 1920 932 1995; x_wconf 87' lang='lat' dir='ltr'><strong>avaritiam,</strong></span> <span class='ocrx_word' id='word_1_159' title='bbox 949 1921 1145 2004; x_wconf 77' lang='lat' dir='ltr'><strong>superbiam:</strong></span> <span class='ocrx_word' id='word_1_160' title='bbox 1168 1941 1239 1984; x_wconf 90' lang='lat' dir='ltr'><strong>cum</strong></span> <span class='ocrx_word' id='word_1_161' title='bbox 1255 1922 1361 1984; x_wconf 85' lang='lat' dir='ltr'><strong>omnic</strong></span> <span class='ocrx_word' id='word_1_162' title='bbox 1375 1940 1432 1984; x_wconf 88' lang='lat' dir='ltr'><strong>sua</strong></span> <span class='ocrx_word' id='word_1_163' title='bbox 1447 1920 1621 1995; x_wconf 88' lang='lat' dir='ltr'><strong>commoda,</strong></span> 
     </span>
     <span class='ocr_line' id='line_1_17' title="bbox 296 2010 1623 2098; baseline 0.002 -23"><span class='ocrx_word' id='word_1_164' title='bbox 296 2012 383 2087; x_wconf 89' lang='lat' dir='ltr'><strong>iura,</strong></span> <span class='ocrx_word' id='word_1_165' title='bbox 404 2010 557 2078; x_wconf 87' lang='lat' dir='ltr'><strong>beneficia</strong></span> <span class='ocrx_word' id='word_1_166' title='bbox 578 2022 705 2078; x_wconf 86' lang='lat' dir='ltr'><strong>senatus</strong></span> <span class='ocrx_word' id='word_1_167' title='bbox 727 2014 902 2098; x_wconf 90' lang='lat' dir='ltr'><strong>populique</strong></span> <span class='ocrx_word' id='word_1_168' title='bbox 928 2016 1061 2078; x_wconf 88' lang='lat' dir='ltr'><strong>Romani</strong></span> <span class='ocrx_word' id='word_1_169' title='bbox 1082 2015 1176 2078; x_wconf 92' lang='lat' dir='ltr'><strong>unius</strong></span> <span class='ocrx_word' id='word_1_170' title='bbox 1199 2014 1318 2078; x_wconf 87' lang='lat' dir='ltr'><strong>scelere</strong></span> <span class='ocrx_word' id='word_1_171' title='bbox 1340 2034 1376 2078; x_wconf 87' lang='lat' dir='ltr'><strong>ac</strong></span> <span class='ocrx_word' id='word_1_172' title='bbox 1398 2013 1530 2077; x_wconf 88' lang='lat' dir='ltr'><strong>libidine</strong></span> <span class='ocrx_word' id='word_1_173' title='bbox 1551 2033 1623 2097; x_wconf 90' lang='lat' dir='ltr'><strong>pcr-</strong></span> 
     </span>
     <span class='ocr_line' id='line_1_18' title="bbox 298 2104 1622 2192; baseline 0.002 -26"><span class='ocrx_word' id='word_1_174' title='bbox 298 2104 469 2170; x_wconf 88' lang='lat' dir='ltr'><strong>didissent:</strong></span> <span class='ocrx_word' id='word_1_175' title='bbox 491 2106 553 2170; x_wconf 90' lang='lat' dir='ltr'><strong>boc</strong></span> <span class='ocrx_word' id='word_1_176' title='bbox 575 2115 768 2182; x_wconf 87' lang='lat' dir='ltr'><strong>statuerunt,</strong></span> <span class='ocrx_word' id='word_1_177' title='bbox 790 2109 958 2172; x_wconf 86' lang='lat' dir='ltr'><strong>antistius</strong></span> <span class='ocrx_word' id='word_1_178' title='bbox 980 2109 1111 2172; x_wconf 88' lang='lat' dir='ltr'><strong>iniurias</strong></span> <span class='ocrx_word' id='word_1_179' title='bbox 1133 2129 1191 2192; x_wconf 90' lang='lat' dir='ltr'><strong>per</strong></span> <span class='ocrx_word' id='word_1_180' title='bbox 1212 2129 1269 2172; x_wconf 86' lang='lat' dir='ltr'><strong>vos</strong></span> <span class='ocrx_word' id='word_1_181' title='bbox 1290 2109 1400 2172; x_wconf 92' lang='lat' dir='ltr'><strong>ulcisci</strong></span> <span class='ocrx_word' id='word_1_182' title='bbox 1421 2129 1458 2172; x_wconf 88' lang='lat' dir='ltr'><strong>ac</strong></span> <span class='ocrx_word' id='word_1_183' title='bbox 1472 2108 1622 2192; x_wconf 87' lang='lat' dir='ltr'><strong>persequi</strong></span> 
     </span>
     <span class='ocr_line' id='line_1_19' title="bbox 297 2200 1622 2286; baseline 0.001 -23"><span class='ocrx_word' id='word_1_184' title='bbox 297 2207 367 2276; x_wconf 89' lang='lat' dir='ltr'><strong>aut,</strong></span> <span class='ocrx_word' id='word_1_185' title='bbox 390 2201 417 2264; x_wconf 87' lang='lat' dir='ltr'><strong>si</strong></span> <span class='ocrx_word' id='word_1_186' title='bbox 438 2200 529 2264; x_wconf 85' lang='lat' dir='ltr'><strong>vobis</strong></span> <span class='ocrx_word' id='word_1_187' title='bbox 550 2202 670 2284; x_wconf 91' lang='lat' dir='ltr'><strong>indigni</strong></span> <span class='ocrx_word' id='word_1_188' title='bbox 692 2208 799 2264; x_wconf 91' lang='lat' dir='ltr'><strong>essent</strong></span> <span class='ocrx_word' id='word_1_189' title='bbox 820 2203 879 2265; x_wconf 81' lang='lat' dir='ltr'><strong>risi</strong></span> <span class='ocrx_word' id='word_1_190' title='bbox 901 2203 1014 2286; x_wconf 93' lang='lat' dir='ltr'><strong>quibus</strong></span> <span class='ocrx_word' id='word_1_191' title='bbox 1030 2222 1123 2285; x_wconf 90' lang='lat' dir='ltr'><strong>opem</strong></span> <span class='ocrx_word' id='word_1_192' title='bbox 1137 2202 1355 2286; x_wconf 86' lang='lat' dir='ltr'><strong>auxiliumque</strong></span> <span class='ocrx_word' id='word_1_193' title='bbox 1368 2201 1505 2278; x_wconf 89' lang='lat' dir='ltr'><strong>ferretis,</strong></span> <span class='ocrx_word' id='word_1_194' title='bbox 1529 2203 1622 2266; x_wconf 88' lang='lat' dir='ltr'><strong>urbes</strong></span> 
     </span>
     <span class='ocr_line' id='line_1_20' title="bbox 296 2293 1622 2381; baseline -0.001 -23"><span class='ocrx_word' id='word_1_195' title='bbox 296 2315 333 2358; x_wconf 89' lang='lat' dir='ltr'><strong>ac</strong></span> <span class='ocrx_word' id='word_1_196' title='bbox 362 2294 454 2359; x_wconf 89' lang='lat' dir='ltr'><strong>sedes</strong></span> <span class='ocrx_word' id='word_1_197' title='bbox 483 2316 556 2359; x_wconf 89' lang='lat' dir='ltr'><strong>suas</strong></span> <span class='ocrx_word' id='word_1_198' title='bbox 586 2295 781 2379; x_wconf 87' lang='lat' dir='ltr'><strong>relinquere,</strong></span> <span class='ocrx_word' id='word_1_199' title='bbox 811 2297 1071 2381; x_wconf 87' lang='lat' dir='ltr'><strong>quandoquidem</strong></span> <span class='ocrx_word' id='word_1_200' title='bbox 1093 2293 1185 2379; x_wconf 74' lang='lat' dir='ltr'><strong>dgros</strong></span> <span class='ocrx_word' id='word_1_201' title='bbox 1207 2296 1270 2358; x_wconf 90' lang='lat' dir='ltr'><strong>iam</strong></span> <span class='ocrx_word' id='word_1_202' title='bbox 1293 2303 1364 2358; x_wconf 91' lang='lat' dir='ltr'><strong>ante</strong></span> <span class='ocrx_word' id='word_1_203' title='bbox 1386 2294 1477 2359; x_wconf 89' lang='lat' dir='ltr'><strong>istius</strong></span> <span class='ocrx_word' id='word_1_204' title='bbox 1498 2295 1622 2360; x_wconf 90' lang='lat' dir='ltr'><strong>iniuriis</strong></span> 
     </span>
     <span class='ocr_line' id='line_1_21' title="bbox 259 2385 1622 2474; baseline 0.002 -24"><span class='ocrx_word' id='word_1_205' title='bbox 259 2390 448 2472; x_wconf 70' lang='lat' dir='ltr'><strong>:oexagitati</strong></span> <span class='ocrx_word' id='word_1_206' title='bbox 470 2389 685 2474; x_wconf 87' lang='lat' dir='ltr'><strong>reliquissent.</strong></span> <span class='ocrx_word' id='word_1_207' title='bbox 718 2391 774 2452; x_wconf 85' lang='lat' dir='ltr'><strong>tv.</strong></span> <span class='ocrx_word' id='word_1_208' title='bbox 798 2385 848 2453; x_wconf 85' lang='lat' dir='ltr'><strong>ll).</strong></span> <span class='ocrx_word' id='word_1_209' title='bbox 870 2390 940 2453; x_wconf 88' lang='lat' dir='ltr'><strong>Hoc</strong></span> <span class='ocrx_word' id='word_1_210' title='bbox 962 2390 1093 2455; x_wconf 89' lang='lat' dir='ltr'><strong>consilio</strong></span> <span class='ocrx_word' id='word_1_211' title='bbox 1116 2410 1135 2453; x_wconf 89' lang='lat' dir='ltr'><strong>a</strong></span> <span class='ocrx_word' id='word_1_212' title='bbox 1156 2391 1192 2452; x_wconf 91' lang='lat' dir='ltr'><strong>L.</strong></span> <span class='ocrx_word' id='word_1_213' title='bbox 1208 2389 1335 2454; x_wconf 86' lang='lat' dir='ltr'><strong>Metello</strong></span> <span class='ocrx_word' id='word_1_214' title='bbox 1356 2388 1530 2472; x_wconf 81' lang='lat' dir='ltr'><strong>legationes</strong></span> <span class='ocrx_word' id='word_1_215' title='bbox 1551 2390 1622 2453; x_wconf 91' lang='lat' dir='ltr'><strong>uui-</strong></span> 
     </span>
     <span class='ocr_line' id='line_1_22' title="bbox 296 2484 1621 2567; baseline 0 -19"><span class='ocrx_word' id='word_1_216' title='bbox 296 2504 406 2548; x_wconf 83' lang='lat' dir='ltr'><strong>versac</strong></span> <span class='ocrx_word' id='word_1_217' title='bbox 421 2485 611 2566; x_wconf 86' lang='lat' dir='ltr'><strong>petiverunt,</strong></span> <span class='ocrx_word' id='word_1_218' title='bbox 628 2491 665 2545; x_wconf 93' lang='lat' dir='ltr'><strong>ut</strong></span> <span class='ocrx_word' id='word_1_219' title='bbox 679 2484 921 2566; x_wconf 89' lang='lat' dir='ltr'><strong>quamprimum</strong></span> <span class='ocrx_word' id='word_1_220' title='bbox 940 2485 993 2548; x_wconf 91' lang='lat' dir='ltr'><strong>isti</strong></span> <span class='ocrx_word' id='word_1_221' title='bbox 1008 2485 1209 2548; x_wconf 87' lang='lat' dir='ltr'><strong>succederet:</strong></span> <span class='ocrx_word' id='word_1_222' title='bbox 1231 2484 1292 2548; x_wconf 90' lang='lat' dir='ltr'><strong>boc</strong></span> <span class='ocrx_word' id='word_1_223' title='bbox 1307 2485 1413 2548; x_wconf 91' lang='lat' dir='ltr'><strong>animo</strong></span> <span class='ocrx_word' id='word_1_224' title='bbox 1428 2486 1521 2548; x_wconf 87' lang='lat' dir='ltr'><strong>toties</strong></span> <span class='ocrx_word' id='word_1_225' title='bbox 1536 2484 1621 2567; x_wconf 90' lang='lat' dir='ltr'><strong>apud</strong></span> 
     </span>
     <span class='ocr_line' id='line_1_23' title="bbox 295 2577 1622 2661; baseline 0.001 -20"><span class='ocrx_word' id='word_1_226' title='bbox 295 2585 450 2660; x_wconf 87' lang='lat' dir='ltr'><strong>patronos</strong></span> <span class='ocrx_word' id='word_1_227' title='bbox 482 2577 522 2640; x_wconf 94' lang='lat' dir='ltr'><strong>de</strong></span> <span class='ocrx_word' id='word_1_228' title='bbox 554 2578 619 2640; x_wconf 89' lang='lat' dir='ltr'><strong>suis</strong></span> <span class='ocrx_word' id='word_1_229' title='bbox 652 2577 787 2641; x_wconf 90' lang='lat' dir='ltr'><strong>miseriis</strong></span> <span class='ocrx_word' id='word_1_230' title='bbox 814 2577 1036 2661; x_wconf 78' lang='lat' dir='ltr'><strong>deplorarent:</strong></span> <span class='ocrx_word' id='word_1_231' title='bbox 1068 2578 1129 2640; x_wconf 91' lang='lat' dir='ltr'><strong>boc</strong></span> <span class='ocrx_word' id='word_1_232' title='bbox 1159 2577 1309 2642; x_wconf 90' lang='lat' dir='ltr'><strong>commoti</strong></span> <span class='ocrx_word' id='word_1_233' title='bbox 1332 2577 1441 2640; x_wconf 90' lang='lat' dir='ltr'><strong>dolore</strong></span> <span class='ocrx_word' id='word_1_234' title='bbox 1463 2579 1622 2660; x_wconf 89' lang='lat' dir='ltr'><strong>postulata</strong></span> 
     </span>
     <span class='ocr_line' id='line_1_24' title="bbox 298 2670 1622 2756; baseline 0.002 -23"><span class='ocrx_word' id='word_1_235' title='bbox 298 2672 499 2746; x_wconf 88' lang='lat' dir='ltr'><strong>consulibus,</strong></span> <span class='ocrx_word' id='word_1_236' title='bbox 531 2691 613 2754; x_wconf 89' lang='lat' dir='ltr'><strong>quae</strong></span> <span class='ocrx_word' id='word_1_237' title='bbox 640 2690 703 2733; x_wconf 94' lang='lat' dir='ltr'><strong>non</strong></span> <span class='ocrx_word' id='word_1_238' title='bbox 733 2672 908 2756; x_wconf 91' lang='lat' dir='ltr'><strong>postulata,</strong></span> <span class='ocrx_word' id='word_1_239' title='bbox 936 2671 992 2735; x_wconf 89' lang='lat' dir='ltr'><strong>scd</strong></span> <span class='ocrx_word' id='word_1_240' title='bbox 1017 2674 1050 2734; x_wconf 91' lang='lat' dir='ltr'><strong>in</strong></span> <span class='ocrx_word' id='word_1_241' title='bbox 1071 2673 1166 2736; x_wconf 91' lang='lat' dir='ltr'><strong>istum</strong></span> <span class='ocrx_word' id='word_1_242' title='bbox 1188 2673 1318 2736; x_wconf 91' lang='lat' dir='ltr'><strong>crimina</strong></span> <span class='ocrx_word' id='word_1_243' title='bbox 1339 2670 1521 2736; x_wconf 85' lang='lat' dir='ltr'><strong>viderentur</strong></span> <span class='ocrx_word' id='word_1_244' title='bbox 1542 2692 1622 2748; x_wconf 86' lang='lat' dir='ltr'><strong>esse,</strong></span> 
     </span>
     <span class='ocr_line' id='line_1_25' title="bbox 298 2764 1622 2850; baseline 0.002 -22"><span class='ocrx_word' id='word_1_245' title='bbox 298 2764 475 2828; x_wconf 89' lang='lat' dir='ltr'><strong>ediderunt.</strong></span> <span class='ocrx_word' id='word_1_246' title='bbox 518 2765 674 2828; x_wconf 82' lang='lat' dir='ltr'><strong>Fecerunt</strong></span> <span class='ocrx_word' id='word_1_247' title='bbox 695 2766 789 2829; x_wconf 85' lang='lat' dir='ltr'><strong>etiam</strong></span> <span class='ocrx_word' id='word_1_248' title='bbox 817 2775 852 2830; x_wconf 92' lang='lat' dir='ltr'><strong>ut</strong></span> <span class='ocrx_word' id='word_1_249' title='bbox 879 2787 945 2841; x_wconf 91' lang='lat' dir='ltr'><strong>me,</strong></span> <span class='ocrx_word' id='word_1_250' title='bbox 974 2767 1064 2829; x_wconf 89' lang='lat' dir='ltr'><strong>cuius</strong></span> <span class='ocrx_word' id='word_1_251' title='bbox 1085 2765 1181 2829; x_wconf 86' lang='lat' dir='ltr'><strong>fidem</strong></span> <span class='ocrx_word' id='word_1_252' title='bbox 1196 2765 1487 2848; x_wconf 85' lang='lat' dir='ltr'><strong>continentiamque</strong></span> <span class='ocrx_word' id='word_1_253' title='bbox 1506 2786 1622 2850; x_wconf 89' lang='lat' dir='ltr'><strong>cogno-</strong></span> 
     </span>
     <span class='ocr_line' id='line_1_26' title="bbox 259 2857 1620 2940; baseline 0.001 -20"><span class='ocrx_word' id='word_1_254' title='bbox 259 2864 424 2933; x_wconf 73' lang='lat' dir='ltr'><strong>rtrerant,</strong></span> <span class='ocrx_word' id='word_1_255' title='bbox 454 2878 555 2940; x_wconf 89' lang='lat' dir='ltr'><strong>prope</strong></span> <span class='ocrx_word' id='word_1_256' title='bbox 584 2859 623 2921; x_wconf 94' lang='lat' dir='ltr'><strong>de</strong></span> <span class='ocrx_word' id='word_1_257' title='bbox 652 2860 735 2923; x_wconf 86' lang='lat' dir='ltr'><strong>vitae</strong></span> <span class='ocrx_word' id='word_1_258' title='bbox 763 2881 851 2923; x_wconf 89' lang='lat' dir='ltr'><strong>meae</strong></span> <span class='ocrx_word' id='word_1_259' title='bbox 874 2867 959 2923; x_wconf 88' lang='lat' dir='ltr'><strong>statu</strong></span> <span class='ocrx_word' id='word_1_260' title='bbox 981 2859 1091 2923; x_wconf 89' lang='lat' dir='ltr'><strong>dolore</strong></span> <span class='ocrx_word' id='word_1_261' title='bbox 1113 2879 1150 2923; x_wconf 93' lang='lat' dir='ltr'><strong>ac</strong></span> <span class='ocrx_word' id='word_1_262' title='bbox 1172 2859 1308 2923; x_wconf 88' lang='lat' dir='ltr'><strong>lacrimis</strong></span> <span class='ocrx_word' id='word_1_263' title='bbox 1330 2858 1396 2922; x_wconf 91' lang='lat' dir='ltr'><strong>suis</strong></span> <span class='ocrx_word' id='word_1_264' title='bbox 1420 2857 1620 2935; x_wconf 89' lang='lat' dir='ltr'><strong>deducerent,</strong></span> 
     </span>
     <span class='ocr_line' id='line_1_27' title="bbox 296 2937 1622 3040; baseline 0.003 -26"><span class='ocrx_word' id='word_1_265' title='bbox 296 2959 332 3014; x_wconf 90' lang='lat' dir='ltr'><strong>ut</strong></span> <span class='ocrx_word' id='word_1_266' title='bbox 354 2972 411 3034; x_wconf 87' lang='lat' dir='ltr'><strong>ego</strong></span> <span class='ocrx_word' id='word_1_267' title='bbox 434 2953 530 3016; x_wconf 90' lang='lat' dir='ltr'><strong>istum</strong></span> <span class='ocrx_word' id='word_1_268' title='bbox 551 2973 732 3017; x_wconf 88' lang='lat' dir='ltr'><strong>accusarem</strong></span> <span class='ocrx_word' id='word_1_269' title='bbox 740 2937 770 3034; x_wconf 81' lang='lat'><strong>,(</strong></span> <span class='ocrx_word' id='word_1_270' title='bbox 772 2975 791 3018; x_wconf 87' lang='lat' dir='ltr'><strong>a</strong></span> <span class='ocrx_word' id='word_1_271' title='bbox 813 2975 877 3040; x_wconf 91' lang='lat' dir='ltr'><strong>quo</strong></span> <span class='ocrx_word' id='word_1_272' title='bbox 900 2972 971 3018; x_wconf 90' lang='lat' dir='ltr'><strong>mea</strong></span> <span class='ocrx_word' id='word_1_273' title='bbox 990 2952 1172 3036; x_wconf 89' lang='lat' dir='ltr'><strong>longissime</strong></span> <span class='ocrx_word' id='word_1_274' title='bbox 1187 2953 1266 3016; x_wconf 88' lang='lat' dir='ltr'><strong>ratio</strong></span> <span class='ocrx_word' id='word_1_275' title='bbox 1281 2952 1493 3037; x_wconf 83' lang='lat' dir='ltr'><strong>voluntasque</strong></span> <span class='ocrx_word' id='word_1_276' title='bbox 1509 2954 1622 3018; x_wconf 86' lang='lat' dir='ltr'><strong>abbor-</strong></span> 
     </span>
     <span class='ocr_line' id='line_1_28' title="bbox 179 3031 1622 3146; baseline 0.001 -38"><span class='ocrx_word' id='word_1_277' title='bbox 179 3046 217 3125; x_wconf 54' lang='grc' dir='ltr'><strong>ζ,</strong></span> <span class='ocrx_word' id='word_1_278' title='bbox 298 3039 443 3146; x_wconf 77' lang='lat' dir='ltr'><strong>rebat)-</strong></span> <span class='ocrx_word' id='word_1_279' title='bbox 465 3065 658 3131; x_wconf 90' lang='lat' dir='ltr'><strong>quamquam</strong></span> <span class='ocrx_word' id='word_1_280' title='bbox 680 3049 714 3110; x_wconf 90' lang='lat' dir='ltr'><strong>in</strong></span> <span class='ocrx_word' id='word_1_281' title='bbox 735 3049 795 3112; x_wconf 89' lang='lat' dir='ltr'><strong>bac</strong></span> <span class='ocrx_word' id='word_1_282' title='bbox 825 3068 921 3112; x_wconf 85' lang='lat' dir='ltr'><strong>causa</strong></span> <span class='ocrx_word' id='word_1_283' title='bbox 942 3047 1042 3110; x_wconf 90' lang='lat' dir='ltr'><strong>multo</strong></span> <span class='ocrx_word' id='word_1_284' title='bbox 1071 3048 1179 3131; x_wconf 89' lang='lat' dir='ltr'><strong>plures</strong></span> <span class='ocrx_word' id='word_1_285' title='bbox 1201 3055 1306 3129; x_wconf 89' lang='lat' dir='ltr'><strong>partes</strong></span> <span class='ocrx_word' id='word_1_286' title='bbox 1328 3031 1405 3109; x_wconf 91' lang='lat' dir='ltr'><strong>mibi</strong></span> <span class='ocrx_word' id='word_1_287' title='bbox 1428 3037 1622 3111; x_wconf 78' lang='lat' dir='ltr'><strong>defensionis</strong></span> 
     </span>
     <span class='ocr_line' id='line_1_29' title="bbox 138 3138 1622 3226; baseline 0 -22"><span class='ocrx_word' id='word_1_288' title='bbox 138 3138 155 3154; x_wconf 87' lang='lat'>&#39;</span> <span class='ocrx_word' id='word_1_289' title='bbox 298 3160 393 3225; x_wconf 57' lang='lat' dir='ltr'><strong>mam</strong></span> <span class='ocrx_word' id='word_1_290' title='bbox 415 3141 626 3206; x_wconf 89' lang='lat' dir='ltr'><strong>accusationis</strong></span> <span class='ocrx_word' id='word_1_291' title='bbox 649 3143 826 3226; x_wconf 88' lang='lat' dir='ltr'><strong>suscepisse</strong></span> <span class='ocrx_word' id='word_1_292' title='bbox 847 3142 958 3206; x_wconf 78' lang='lat' dir='ltr'><strong>videor</strong></span> <span class='ocrx_word' id='word_1_293' title='bbox 975 3163 1034 3203; x_wconf 76' lang='grc' dir='ltr'><strong>-ι</strong></span> <span class='ocrx_word' id='word_1_294' title='bbox 1056 3150 1217 3225; x_wconf 88' lang='lat' dir='ltr'><strong>postremo</strong></span> <span class='ocrx_word' id='word_1_295' title='bbox 1238 3141 1383 3205; x_wconf 88' lang='lat' dir='ltr'><strong>homines</strong></span> <span class='ocrx_word' id='word_1_296' title='bbox 1406 3160 1447 3204; x_wconf 84' lang='lat' dir='ltr'><strong>ex</strong></span> <span class='ocrx_word' id='word_1_297' title='bbox 1468 3147 1535 3204; x_wconf 86' lang='lat' dir='ltr'><strong>tota</strong></span> <span class='ocrx_word' id='word_1_298' title='bbox 1549 3161 1622 3225; x_wconf 92' lang='lat' dir='ltr'><strong>pro-</strong></span> 
     </span>
     <span class='ocr_line' id='line_1_30' title="bbox 297 3235 1622 3321; baseline -0.001 -22"><span class='ocrx_word' id='word_1_299' title='bbox 297 3235 399 3299; x_wconf 86' lang='lat' dir='ltr'><strong>vincia</strong></span> <span class='ocrx_word' id='word_1_300' title='bbox 428 3235 616 3300; x_wconf 88' lang='lat' dir='ltr'><strong>nobilissimi</strong></span> <span class='ocrx_word' id='word_1_301' title='bbox 643 3237 800 3321; x_wconf 89' lang='lat' dir='ltr'><strong>primique</strong></span> <span class='ocrx_word' id='word_1_302' title='bbox 828 3236 956 3319; x_wconf 90' lang='lat' dir='ltr'><strong>publice</strong></span> <span class='ocrx_word' id='word_1_303' title='bbox 989 3237 1202 3320; x_wconf 90' lang='lat' dir='ltr'><strong>privatimque</strong></span> <span class='ocrx_word' id='word_1_304' title='bbox 1231 3243 1403 3300; x_wconf 84' lang='lat' dir='ltr'><strong>venerunt:</strong></span> <span class='ocrx_word' id='word_1_305' title='bbox 1439 3235 1622 3317; x_wconf 85' lang='lat' dir='ltr'><strong>gravissima</strong></span> 
     </span>
     <span class='ocr_line' id='line_1_31' title="bbox 260 3328 1622 3415; baseline 0.004 -26"><span class='ocrx_word' id='word_1_306' title='bbox 260 3335 393 3412; x_wconf 79' lang='lat' dir='ltr'><strong>:eatque</strong></span> <span class='ocrx_word' id='word_1_307' title='bbox 421 3328 615 3411; x_wconf 89' lang='lat' dir='ltr'><strong>amplissima</strong></span> <span class='ocrx_word' id='word_1_308' title='bbox 641 3349 787 3414; x_wconf 90' lang='lat' dir='ltr'><strong>quaeque</strong></span> <span class='ocrx_word' id='word_1_309' title='bbox 815 3331 926 3396; x_wconf 83' lang='lat' dir='ltr'><strong>civitas</strong></span> <span class='ocrx_word' id='word_1_310' title='bbox 954 3330 1231 3394; x_wconf 87' lang='lat' dir='ltr'><strong>vehementissime</strong></span> <span class='ocrx_word' id='word_1_311' title='bbox 1259 3350 1333 3394; x_wconf 89' lang='lat' dir='ltr'><strong>suas</strong></span> <span class='ocrx_word' id='word_1_312' title='bbox 1362 3330 1494 3395; x_wconf 89' lang='lat' dir='ltr'><strong>iniurias</strong></span> <span class='ocrx_word' id='word_1_313' title='bbox 1516 3352 1622 3415; x_wconf 89' lang='lat' dir='ltr'><strong>perse-</strong></span> 
     </span>
     <span class='ocr_line' id='line_1_32' title="bbox 297 3429 448 3488; baseline 0 -2"><span class='ocrx_word' id='word_1_314' title='bbox 297 3429 369 3486; x_wconf 84' lang='lat' dir='ltr'><strong>cuta</strong></span> <span class='ocrx_word' id='word_1_315' title='bbox 391 3430 448 3488; x_wconf 90' lang='lat' dir='ltr'><strong>est.</strong></span> 
     </span>
     <span class='ocr_line' id='line_1_33' title="bbox 383 3512 1621 3601; baseline 0.006 -24"><span class='ocrx_word' id='word_1_316' title='bbox 383 3512 434 3579; x_wconf 87' lang='lat' dir='ltr'><strong>ll.</strong></span> <span class='ocrx_word' id='word_1_317' title='bbox 456 3518 497 3580; x_wconf 82' lang='lat' dir='ltr'><strong>At</strong></span> <span class='ocrx_word' id='word_1_318' title='bbox 519 3538 614 3601; x_wconf 85' lang='lat' dir='ltr'><strong>quern</strong></span> <span class='ocrx_word' id='word_1_319' title='bbox 637 3516 831 3594; x_wconf 93' lang='lat' dir='ltr'><strong>admodum,</strong></span> <span class='ocrx_word' id='word_1_320' title='bbox 852 3519 990 3596; x_wconf 88' lang='lat' dir='ltr'><strong>iudices,</strong></span> <span class='ocrx_word' id='word_1_321' title='bbox 1013 3523 1189 3584; x_wconf 77' lang='lat' dir='ltr'><strong>venerunt?</strong></span> <span class='ocrx_word' id='word_1_322' title='bbox 1218 3519 1336 3584; x_wconf 86' lang='lat' dir='ltr'><strong>Videor</strong></span> <span class='ocrx_word' id='word_1_323' title='bbox 1356 3519 1440 3582; x_wconf 90' lang='lat' dir='ltr'><strong>enirn</strong></span> <span class='ocrx_word' id='word_1_324' title='bbox 1462 3519 1540 3584; x_wconf 90' lang='lat' dir='ltr'><strong>mibi</strong></span> <span class='ocrx_word' id='word_1_325' title='bbox 1560 3522 1621 3585; x_wconf 89' lang='lat' dir='ltr'><strong>iam</strong></span> 
     </span>
     <span class='ocr_line' id='line_1_34' title="bbox 297 3611 1620 3698; baseline 0.004 -24"><span class='ocrx_word' id='word_1_326' title='bbox 297 3611 429 3676; x_wconf 90' lang='lat' dir='ltr'><strong>liberius</strong></span> <span class='ocrx_word' id='word_1_327' title='bbox 456 3611 542 3694; x_wconf 88' lang='lat' dir='ltr'><strong>opud</strong></span> <span class='ocrx_word' id='word_1_328' title='bbox 571 3632 627 3676; x_wconf 86' lang='lat' dir='ltr'><strong>ros</strong></span> <span class='ocrx_word' id='word_1_329' title='bbox 656 3632 713 3695; x_wconf 94' lang='lat' dir='ltr'><strong>pro</strong></span> <span class='ocrx_word' id='word_1_330' title='bbox 742 3612 855 3676; x_wconf 89' lang='lat' dir='ltr'><strong>Siculis</strong></span> <span class='ocrx_word' id='word_1_331' title='bbox 876 3613 967 3697; x_wconf 91' lang='lat' dir='ltr'><strong>loqui</strong></span> <span class='ocrx_word' id='word_1_332' title='bbox 990 3614 1122 3690; x_wconf 88' lang='lat' dir='ltr'><strong>debere,</strong></span> <span class='ocrx_word' id='word_1_333' title='bbox 1152 3633 1248 3698; x_wconf 89' lang='lat' dir='ltr'><strong>quam</strong></span> <span class='ocrx_word' id='word_1_334' title='bbox 1269 3613 1403 3678; x_wconf 82' lang='lat' dir='ltr'><strong>forsitan</strong></span> <span class='ocrx_word' id='word_1_335' title='bbox 1423 3613 1485 3697; x_wconf 87' lang='lat' dir='ltr'><strong>ipsi</strong></span> <span class='ocrx_word' id='word_1_336' title='bbox 1506 3615 1620 3691; x_wconf 83' lang='lat' dir='ltr'><strong>velint:</strong></span> 
     </span>
     <span class='ocr_line' id='line_1_35' title="bbox 204 3707 1620 3793; baseline 0.004 -24"><span class='ocrx_word' id='word_1_337' title='bbox 204 3723 211 3752; x_wconf 81' lang='lat'><em>⁰</em></span> <span class='ocrx_word' id='word_1_338' title='bbox 299 3707 393 3770; x_wconf 91' lang='lat' dir='ltr'><strong>saluti</strong></span> <span class='ocrx_word' id='word_1_339' title='bbox 415 3707 499 3770; x_wconf 91' lang='lat' dir='ltr'><strong>enim</strong></span> <span class='ocrx_word' id='word_1_340' title='bbox 522 3710 627 3789; x_wconf 88' lang='lat' dir='ltr'><strong>potius</strong></span> <span class='ocrx_word' id='word_1_341' title='bbox 651 3727 760 3770; x_wconf 87' lang='lat' dir='ltr'><strong>eorum</strong></span> <span class='ocrx_word' id='word_1_342' title='bbox 782 3707 945 3770; x_wconf 91' lang='lat' dir='ltr'><strong>consulam</strong></span> <span class='ocrx_word' id='word_1_343' title='bbox 968 3727 1064 3792; x_wconf 92' lang='lat' dir='ltr'><strong>quam</strong></span> <span class='ocrx_word' id='word_1_344' title='bbox 1078 3708 1242 3772; x_wconf 85' lang='lat' dir='ltr'><strong>voluntati.</strong></span> <span class='ocrx_word' id='word_1_345' title='bbox 1272 3709 1414 3793; x_wconf 85' lang='lat' dir='ltr'><strong>Ecquem</strong></span> <span class='ocrx_word' id='word_1_346' title='bbox 1436 3709 1620 3774; x_wconf 84' lang='lat' dir='ltr'><strong>existimatis</strong></span> 
     </span>
     <span class='ocr_line' id='line_1_36' title="bbox 262 3800 1621 3888; baseline 0.008 -31"><span class='ocrx_word' id='word_1_347' title='bbox 262 3811 449 3884; x_wconf 72' lang='lat' dir='ltr'><strong>enumquam</strong></span> <span class='ocrx_word' id='word_1_348' title='bbox 481 3800 548 3863; x_wconf 92' lang='lat' dir='ltr'><strong>ulla</strong></span> <span class='ocrx_word' id='word_1_349' title='bbox 568 3801 602 3862; x_wconf 90' lang='lat' dir='ltr'><strong>in</strong></span> <span class='ocrx_word' id='word_1_350' title='bbox 622 3800 787 3883; x_wconf 87' lang='lat' dir='ltr'><strong>provincia</strong></span> <span class='ocrx_word' id='word_1_351' title='bbox 808 3822 896 3864; x_wconf 90' lang='lat' dir='ltr'><strong>reum</strong></span> <span class='ocrx_word' id='word_1_352' title='bbox 918 3803 1079 3865; x_wconf 86' lang='lat' dir='ltr'><strong>absentem</strong></span> <span class='ocrx_word' id='word_1_353' title='bbox 1102 3811 1211 3866; x_wconf 88' lang='lat' dir='ltr'><strong>contra</strong></span> <span class='ocrx_word' id='word_1_354' title='bbox 1232 3803 1471 3888; x_wconf 87' lang='lat' dir='ltr'><strong>inquisitionem</strong></span> <span class='ocrx_word' id='word_1_355' title='bbox 1493 3824 1621 3870; x_wconf 86' lang='lat' dir='ltr'><strong>accusa·</strong></span> 
     </span>
     <span class='ocr_line' id='line_1_37' title="bbox 298 3895 1621 3977; baseline 0.006 -21"><span class='ocrx_word' id='word_1_356' title='bbox 298 3895 376 3957; x_wconf 89' lang='lat' dir='ltr'><strong>toris</strong></span> <span class='ocrx_word' id='word_1_357' title='bbox 398 3896 493 3958; x_wconf 90' lang='lat' dir='ltr'><strong>tantis</strong></span> <span class='ocrx_word' id='word_1_358' title='bbox 516 3895 648 3976; x_wconf 89' lang='lat' dir='ltr'><strong>opibus,</strong></span> <span class='ocrx_word' id='word_1_359' title='bbox 671 3901 757 3956; x_wconf 81' lang='lat' dir='ltr'><strong>tanta</strong></span> <span class='ocrx_word' id='word_1_360' title='bbox 779 3895 952 3977; x_wconf 88' lang='lat' dir='ltr'><strong>cupiditate</strong></span> <span class='ocrx_word' id='word_1_361' title='bbox 975 3917 1044 3960; x_wconf 87' lang='lat' dir='ltr'><strong>esse</strong></span> <span class='ocrx_word' id='word_1_362' title='bbox 1066 3896 1256 3960; x_wconf 89' lang='lat' dir='ltr'><strong>defensum‘l</strong></span> <span class='ocrx_word' id='word_1_363' title='bbox 1289 3897 1482 3973; x_wconf 86' lang='lat' dir='ltr'><strong>Quaestores</strong></span> <span class='ocrx_word' id='word_1_364' title='bbox 1503 3900 1621 3966; x_wconf 87' lang='lat' dir='ltr'><strong>utrius·</strong></span> 
     </span>
     <span class='ocr_line' id='line_1_38' title="bbox 300 3986 1619 4078; baseline 0.006 -28"><span class='ocrx_word' id='word_1_365' title='bbox 300 4008 362 4072; x_wconf 90' lang='lat' dir='ltr'><strong>que</strong></span> <span class='ocrx_word' id='word_1_366' title='bbox 388 3989 588 4072; x_wconf 87' lang='lat' dir='ltr'><strong>provinciae,</strong></span> <span class='ocrx_word' id='word_1_367' title='bbox 623 3986 678 4073; x_wconf 94' lang='lat' dir='ltr'><strong>qui</strong></span> <span class='ocrx_word' id='word_1_368' title='bbox 705 3990 766 4051; x_wconf 91' lang='lat' dir='ltr'><strong>isto</strong></span> <span class='ocrx_word' id='word_1_369' title='bbox 793 3997 937 4071; x_wconf 88' lang='lat' dir='ltr'><strong>praetore</strong></span> <span class='ocrx_word' id='word_1_370' title='bbox 966 3989 1107 4065; x_wconf 88' lang='lat' dir='ltr'><strong>fuerant,</strong></span> <span class='ocrx_word' id='word_1_371' title='bbox 1140 4012 1211 4054; x_wconf 94' lang='lat' dir='ltr'><strong>cum</strong></span> <span class='ocrx_word' id='word_1_372' title='bbox 1234 3990 1371 4056; x_wconf 85' lang='lat' dir='ltr'><strong>fascibus</strong></span> <span class='ocrx_word' id='word_1_373' title='bbox 1393 3993 1471 4056; x_wconf 93' lang='lat' dir='ltr'><strong>mibi</strong></span> <span class='ocrx_word' id='word_1_374' title='bbox 1493 4001 1619 4078; x_wconf 88' lang='lat' dir='ltr'><strong>praesto</strong></span> 
     </span>
     <span class='ocr_line' id='line_1_39' title="bbox 299 4077 1621 4171; baseline 0.007 -28"><span class='ocrx_word' id='word_1_375' title='bbox 299 4081 436 4146; x_wconf 90' lang='lat' dir='ltr'><strong>fuerunt.</strong></span> <span class='ocrx_word' id='word_1_376' title='bbox 480 4077 530 4144; x_wconf 75' lang='grc'><strong>44.</strong></span> <span class='ocrx_word' id='word_1_377' title='bbox 552 4083 609 4146; x_wconf 90' lang='lat' dir='ltr'><strong>His</strong></span> <span class='ocrx_word' id='word_1_378' title='bbox 631 4103 726 4165; x_wconf 90' lang='lat' dir='ltr'><strong>porro</strong></span> <span class='ocrx_word' id='word_1_379' title='bbox 743 4084 799 4167; x_wconf 88' lang='lat' dir='ltr'><strong>qui</strong></span> <span class='ocrx_word' id='word_1_380' title='bbox 814 4093 1049 4160; x_wconf 89' lang='lat' dir='ltr'><strong>successerunt,</strong></span> <span class='ocrx_word' id='word_1_381' title='bbox 1071 4085 1274 4149; x_wconf 85' lang='lat' dir='ltr'><strong>vehementer</strong></span> <span class='ocrx_word' id='word_1_382' title='bbox 1288 4085 1380 4150; x_wconf 89' lang='lat' dir='ltr'><strong>istius</strong></span> <span class='ocrx_word' id='word_1_383' title='bbox 1396 4087 1522 4171; x_wconf 90' lang='lat' dir='ltr'><strong>cupidi,</strong></span> <span class='ocrx_word' id='word_1_384' title='bbox 1543 4089 1621 4152; x_wconf 88' lang='lat' dir='ltr'><strong>libe-</strong></span> 
     </span>
    </p>
   </div>
   <div class='ocr_carea' id='block_1_3' title="bbox 183 4388 1621 5207">
    <p class='ocr_par' dir='ltr' id='par_1_3' title="bbox 299 4388 1621 4759">
     <span class='ocr_line' id='line_1_40' title="bbox 365 4388 1621 4459; baseline 0.01 -21"><span class='ocrx_word' id='word_1_385' title='bbox 365 4389 388 4438; x_wconf 89' lang='lat' dir='ltr'><strong>t.</strong></span> <span class='ocrx_word' id='word_1_386' title='bbox 406 4389 520 4442; x_wconf 79' lang='lat' dir='ltr'><strong>lucurtcr</strong></span> <span class='ocrx_word' id='word_1_387' title='bbox 541 4388 609 4453; x_wconf 73' lang='lat' dir='ltr'><strong>Lglt</strong></span> <span class='ocrx_word' id='word_1_388' title='bbox 626 4404 652 4456; x_wconf 91' lang='lat' dir='ltr'><strong>p.</strong></span> <span class='ocrx_word' id='word_1_389' title='bbox 672 4403 708 4442; x_wconf 89' lang='lat' dir='ltr'><strong>m.</strong></span> <span class='ocrx_word' id='word_1_390' title='bbox 726 4406 766 4454; x_wconf 79' lang='lat' dir='ltr'><strong>cp:</strong></span> <span class='ocrx_word' id='word_1_391' title='bbox 793 4392 898 4442; x_wconf 71' lang='lat' dir='ltr'><strong>lumerto</strong></span> <span class='ocrx_word' id='word_1_392' title='bbox 921 4395 965 4444; x_wconf 89' lang='lat' dir='ltr'><strong>ctt.</strong></span> <span class='ocrx_word' id='word_1_393' title='bbox 985 4394 1014 4444; x_wconf 92' lang='lat'><strong>0.</strong></span> <span class='ocrx_word' id='word_1_394' title='bbox 1035 4422 1062 4431; x_wconf 93' lang='lat'>-</span> <span class='ocrx_word' id='word_1_395' title='bbox 1091 4392 1114 4445; x_wconf 84' lang='lat'><strong>6.</strong></span> <span class='ocrx_word' id='word_1_396' title='bbox 1133 4393 1291 4459; x_wconf 71' lang='lat' dir='ltr'><strong>confugerent</strong></span> <span class='ocrx_word' id='word_1_397' title='bbox 1307 4395 1356 4448; x_wconf 92' lang='lat' dir='ltr'><strong>dtt.</strong></span> <span class='ocrx_word' id='word_1_398' title='bbox 1381 4423 1409 4434; x_wconf 89' lang='lat'><em>-</em></span> <span class='ocrx_word' id='word_1_399' title='bbox 1434 4398 1532 4450; x_wconf 63' lang='lat' dir='ltr'><strong>tamem</strong></span> <span class='ocrx_word' id='word_1_400' title='bbox 1550 4397 1621 4450; x_wconf 67' lang='grc'><strong>444444</strong></span> 
     </span>
     <span class='ocr_line' id='line_1_41' title="bbox 300 4463 1621 4542; baseline 0.008 -28"><span class='ocrx_word' id='word_1_401' title='bbox 300 4463 368 4528; x_wconf 68' lang='grc'><strong>4344</strong></span> <span class='ocrx_word' id='word_1_402' title='bbox 385 4478 411 4530; x_wconf 93' lang='lat' dir='ltr'><strong>p.</strong></span> <span class='ocrx_word' id='word_1_403' title='bbox 430 4478 483 4525; x_wconf 90' lang='lat' dir='ltr'><strong>m.;</strong></span> <span class='ocrx_word' id='word_1_404' title='bbox 502 4465 545 4516; x_wconf 79' lang='lat' dir='ltr'><strong>etsi</strong></span> <span class='ocrx_word' id='word_1_405' title='bbox 561 4465 631 4516; x_wconf 79' lang='lat' dir='ltr'><strong>illum</strong></span> <span class='ocrx_word' id='word_1_406' title='bbox 642 4468 702 4517; x_wconf 75' lang='lat' dir='ltr'><strong>Asc.</strong></span> <span class='ocrx_word' id='word_1_407' title='bbox 718 4494 745 4504; x_wconf 92' lang='lat'><em>-</em></span> <span class='ocrx_word' id='word_1_408' title='bbox 765 4466 789 4518; x_wconf 85' lang='grc'><strong>9.</strong></span> <span class='ocrx_word' id='word_1_409' title='bbox 807 4473 900 4530; x_wconf 79' lang='lat' dir='ltr'><strong>etpost</strong></span> <span class='ocrx_word' id='word_1_410' title='bbox 916 4469 984 4533; x_wconf 78' lang='lat' dir='ltr'><strong>ngas</strong></span> <span class='ocrx_word' id='word_1_411' title='bbox 996 4467 1028 4519; x_wconf 90' lang='grc'><strong>44</strong></span> <span class='ocrx_word' id='word_1_412' title='bbox 1040 4482 1066 4534; x_wconf 93' lang='lat' dir='ltr'><strong>p.</strong></span> <span class='ocrx_word' id='word_1_413' title='bbox 1081 4481 1116 4520; x_wconf 90' lang='lat' dir='ltr'><strong>m.</strong></span> <span class='ocrx_word' id='word_1_414' title='bbox 1135 4470 1227 4520; x_wconf 84' lang='lat' dir='ltr'><strong>BAsc.</strong></span> <span class='ocrx_word' id='word_1_415' title='bbox 1243 4469 1301 4534; x_wconf 87' lang='lat' dir='ltr'><strong>(bis,</strong></span> <span class='ocrx_word' id='word_1_416' title='bbox 1314 4471 1346 4522; x_wconf 91' lang='lat' dir='ltr'><strong>cl.</strong></span> <span class='ocrx_word' id='word_1_417' title='bbox 1360 4473 1478 4542; x_wconf 82' lang='lat' dir='ltr'><strong>Baiter.):</strong></span> <span class='ocrx_word' id='word_1_418' title='bbox 1497 4479 1521 4525; x_wconf 83' lang='lat' dir='ltr'><strong>et</strong></span> <span class='ocrx_word' id='word_1_419' title='bbox 1532 4478 1621 4537; x_wconf 81' lang='lat' dir='ltr'><strong>postca</strong></span> 
     </span>
     <span class='ocr_line' id='line_1_42' title="bbox 299 4537 1620 4615; baseline 0.006 -24"><span class='ocrx_word' id='word_1_420' title='bbox 299 4543 359 4591; x_wconf 76' lang='lat' dir='ltr'><strong>Asc.</strong></span> <span class='ocrx_word' id='word_1_421' title='bbox 377 4537 476 4589; x_wconf 83' lang='lat' dir='ltr'><strong>lemma</strong></span> <span class='ocrx_word' id='word_1_422' title='bbox 487 4540 522 4600; x_wconf 78' lang='lat'><strong>0:</strong></span> <span class='ocrx_word' id='word_1_423' title='bbox 539 4547 624 4603; x_wconf 81' lang='lat' dir='ltr'><strong>postea</strong></span> <span class='ocrx_word' id='word_1_424' title='bbox 635 4544 671 4602; x_wconf 80' lang='grc'><strong>4;</strong></span> <span class='ocrx_word' id='word_1_425' title='bbox 685 4547 820 4606; x_wconf 82' lang='lat' dir='ltr'><strong>postquam</strong></span> <span class='ocrx_word' id='word_1_426' title='bbox 836 4544 883 4596; x_wconf 91' lang='lat' dir='ltr'><strong>dtt.</strong></span> <span class='ocrx_word' id='word_1_427' title='bbox 898 4569 927 4581; x_wconf 98' lang='lat'><em>-</em></span> <span class='ocrx_word' id='word_1_428' title='bbox 946 4543 986 4594; x_wconf 87' lang='lat' dir='ltr'><strong>tl.</strong></span> <span class='ocrx_word' id='word_1_429' title='bbox 1000 4545 1150 4606; x_wconf 76' lang='lat' dir='ltr'><strong>peccavisset</strong></span> <span class='ocrx_word' id='word_1_430' title='bbox 1165 4546 1193 4595; x_wconf 91' lang='lat' dir='ltr'><strong>l..</strong></span> <span class='ocrx_word' id='word_1_431' title='bbox 1209 4572 1235 4582; x_wconf 92' lang='lat'><em>-</em></span> <span class='ocrx_word' id='word_1_432' title='bbox 1254 4546 1294 4596; x_wconf 80' lang='lat' dir='ltr'><strong>ts.</strong></span> <span class='ocrx_word' id='word_1_433' title='bbox 1313 4547 1504 4598; x_wconf 72' lang='lat' dir='ltr'><strong>lucum&#39;nmblt</strong></span> <span class='ocrx_word' id='word_1_434' title='bbox 1523 4549 1557 4615; x_wconf 84' lang='lat' dir='ltr'><strong>(ln</strong></span> <span class='ocrx_word' id='word_1_435' title='bbox 1568 4549 1620 4599; x_wconf 90' lang='lat' dir='ltr'><strong>boc</strong></span> 
     </span>
     <span class='ocr_line' id='line_1_43' title="bbox 299 4613 1617 4688; baseline 0.008 -21"><span class='ocrx_word' id='word_1_436' title='bbox 299 4618 389 4667; x_wconf 85' lang='lat' dir='ltr'><strong>tamen</strong></span> <span class='ocrx_word' id='word_1_437' title='bbox 414 4613 542 4665; x_wconf 76' lang='lat' dir='ltr'><strong>lcrurlcm</strong></span> <span class='ocrx_word' id='word_1_438' title='bbox 559 4617 750 4681; x_wconf 78' lang='lat' dir='ltr'><strong>suprascript).</strong></span> <span class='ocrx_word' id='word_1_439' title='bbox 771 4645 798 4654; x_wconf 90' lang='lat'>-</span> <span class='ocrx_word' id='word_1_440' title='bbox 826 4619 866 4670; x_wconf 85' lang='grc'><strong>46.</strong></span> <span class='ocrx_word' id='word_1_441' title='bbox 882 4618 969 4682; x_wconf 78' lang='lat' dir='ltr'><strong>populi</strong></span> <span class='ocrx_word' id='word_1_442' title='bbox 990 4620 1019 4669; x_wconf 87' lang='lat' dir='ltr'><strong>ll.</strong></span> <span class='ocrx_word' id='word_1_443' title='bbox 1038 4631 1102 4681; x_wconf 80' lang='lat' dir='ltr'><strong>quae</strong></span> <span class='ocrx_word' id='word_1_444' title='bbox 1122 4619 1232 4683; x_wconf 63' lang='lat' dir='ltr'><strong>iguem</strong></span> <span class='ocrx_word' id='word_1_445' title='bbox 1254 4622 1390 4684; x_wconf 73' lang='lat' dir='ltr'><strong>poprrltquc</strong></span> <span class='ocrx_word' id='word_1_446' title='bbox 1411 4625 1439 4674; x_wconf 86' lang='lat' dir='ltr'><strong>lt.</strong></span> <span class='ocrx_word' id='word_1_447' title='bbox 1458 4636 1522 4688; x_wconf 81' lang='lat' dir='ltr'><strong>quac</strong></span> <span class='ocrx_word' id='word_1_448' title='bbox 1537 4627 1569 4676; x_wconf 86' lang='grc' dir='ltr'><strong>Α.</strong></span> <span class='ocrx_word' id='word_1_449' title='bbox 1588 4650 1617 4661; x_wconf 90' lang='grc'>-</span> 
     </span>
     <span class='ocr_line' id='line_1_44' title="bbox 300 4689 1621 4759; baseline 0.006 -17"><span class='ocrx_word' id='word_1_450' title='bbox 300 4693 340 4742; x_wconf 82' lang='lat' dir='ltr'><strong>tr.</strong></span> <span class='ocrx_word' id='word_1_451' title='bbox 359 4703 390 4740; x_wconf 86' lang='lat' dir='ltr'><strong>cc</strong></span> <span class='ocrx_word' id='word_1_452' title='bbox 403 4701 470 4752; x_wconf 81' lang='lat' dir='ltr'><strong>perr.</strong></span> <span class='ocrx_word' id='word_1_453' title='bbox 489 4689 557 4754; x_wconf 74' lang='lat' dir='ltr'><strong>Lgtt</strong></span> <span class='ocrx_word' id='word_1_454' title='bbox 567 4690 599 4742; x_wconf 87' lang='grc'><strong>44</strong></span> <span class='ocrx_word' id='word_1_455' title='bbox 610 4693 649 4742; x_wconf 78' lang='lat' dir='ltr'><strong>A:</strong></span> <span class='ocrx_word' id='word_1_456' title='bbox 668 4697 691 4742; x_wconf 84' lang='lat' dir='ltr'><strong>et</strong></span> <span class='ocrx_word' id='word_1_457' title='bbox 704 4705 771 4754; x_wconf 81' lang='lat' dir='ltr'><strong>pers.</strong></span> <span class='ocrx_word' id='word_1_458' title='bbox 790 4694 835 4743; x_wconf 89' lang='lat' dir='ltr'><strong>ctt.</strong></span> <span class='ocrx_word' id='word_1_459' title='bbox 849 4693 877 4743; x_wconf 92' lang='lat'><strong>0.</strong></span> <span class='ocrx_word' id='word_1_460' title='bbox 895 4721 923 4730; x_wconf 90' lang='lat'>-</span> <span class='ocrx_word' id='word_1_461' title='bbox 942 4694 982 4744; x_wconf 86' lang='grc'><strong>49.</strong></span> <span class='ocrx_word' id='word_1_462' title='bbox 999 4695 1166 4757; x_wconf 75' lang='lat' dir='ltr'><strong>relinquerent</strong></span> <span class='ocrx_word' id='word_1_463' title='bbox 1182 4695 1259 4746; x_wconf 91' lang='lat' dir='ltr'><strong>codd.</strong></span> <span class='ocrx_word' id='word_1_464' title='bbox 1274 4697 1342 4759; x_wconf 87' lang='lat' dir='ltr'><strong>nott,</strong></span> <span class='ocrx_word' id='word_1_465' title='bbox 1361 4700 1441 4750; x_wconf 82' lang='lat' dir='ltr'><strong>etiem</strong></span> <span class='ocrx_word' id='word_1_466' title='bbox 1452 4700 1478 4751; x_wconf 86' lang='lat' dir='ltr'><strong>F.</strong></span> <span class='ocrx_word' id='word_1_467' title='bbox 1498 4699 1621 4752; x_wconf 81' lang='lat' dir='ltr'><strong>Defendit</strong></span> 
     </span>
    </p>

    <p class='ocr_par' dir='ltr' id='par_1_4' title="bbox 183 4762 1619 5207">
     <span class='ocr_line' id='line_1_45' title="bbox 183 4762 1618 4840; baseline 0.006 -23"><span class='ocrx_word' id='word_1_468' title='bbox 183 4796 186 4806; x_wconf 91' lang='lat'>·</span> <span class='ocrx_word' id='word_1_469' title='bbox 299 4765 420 4818; x_wconf 84' lang='lat' dir='ltr'><strong>Oudend.</strong></span> <span class='ocrx_word' id='word_1_470' title='bbox 440 4762 559 4829; x_wconf 76' lang='lat' dir='ltr'><strong>adtpul.</strong></span> <span class='ocrx_word' id='word_1_471' title='bbox 577 4765 606 4814; x_wconf 88' lang='grc' dir='ltr'><strong>Τ.</strong></span> <span class='ocrx_word' id='word_1_472' title='bbox 619 4766 637 4816; x_wconf 94' lang='lat' dir='ltr'><strong>l.</strong></span> <span class='ocrx_word' id='word_1_473' title='bbox 657 4779 683 4830; x_wconf 92' lang='lat' dir='ltr'><strong>p.</strong></span> <span class='ocrx_word' id='word_1_474' title='bbox 696 4767 737 4817; x_wconf 80' lang='grc'><strong>74.</strong></span> <span class='ocrx_word' id='word_1_475' title='bbox 755 4764 864 4830; x_wconf 84' lang='lat' dir='ltr'><strong>Vulgata</strong></span> <span class='ocrx_word' id='word_1_476' title='bbox 882 4768 998 4833; x_wconf 88' lang='lat' dir='ltr'><strong>primum</strong></span> <span class='ocrx_word' id='word_1_477' title='bbox 1015 4771 1086 4820; x_wconf 82' lang='lat' dir='ltr'><strong>extet</strong></span> <span class='ocrx_word' id='word_1_478' title='bbox 1102 4783 1145 4834; x_wconf 81' lang='lat' dir='ltr'><strong>ap.</strong></span> <span class='ocrx_word' id='word_1_479' title='bbox 1158 4771 1226 4821; x_wconf 85' lang='lat' dir='ltr'><strong>blan.</strong></span> <span class='ocrx_word' id='word_1_480' title='bbox 1239 4772 1311 4823; x_wconf 78' lang='lat' dir='ltr'><strong>tuto.</strong></span> <span class='ocrx_word' id='word_1_481' title='bbox 1325 4798 1354 4810; x_wconf 95' lang='lat'><em>—</em></span> <span class='ocrx_word' id='word_1_482' title='bbox 1372 4787 1448 4840; x_wconf 79' lang='lat' dir='ltr'><strong>apro:</strong></span> <span class='ocrx_word' id='word_1_483' title='bbox 1463 4774 1488 4837; x_wconf 93' lang='grc'><strong>4,</strong></span> <span class='ocrx_word' id='word_1_484' title='bbox 1507 4776 1545 4828; x_wconf 81' lang='lat' dir='ltr'><strong>ll:</strong></span> <span class='ocrx_word' id='word_1_485' title='bbox 1564 4787 1618 4826; x_wconf 93' lang='lat' dir='ltr'><strong>om.</strong></span> 
     </span>
     <span class='ocr_line' id='line_1_46' title="bbox 300 4839 1616 4908; baseline 0.005 -14"><span class='ocrx_word' id='word_1_486' title='bbox 300 4843 347 4894; x_wconf 89' lang='lat' dir='ltr'><strong>dtt.</strong></span> <span class='ocrx_word' id='word_1_487' title='bbox 369 4869 395 4880; x_wconf 93' lang='lat'>-</span> <span class='ocrx_word' id='word_1_488' title='bbox 414 4839 455 4892; x_wconf 81' lang='lat'><strong>30.</strong></span> <span class='ocrx_word' id='word_1_489' title='bbox 473 4840 626 4902; x_wconf 78' lang='lat' dir='ltr'><strong>ampttsdmc</strong></span> <span class='ocrx_word' id='word_1_490' title='bbox 643 4855 754 4904; x_wconf 81' lang='lat' dir='ltr'><strong>quaeque</strong></span> <span class='ocrx_word' id='word_1_491' title='bbox 769 4841 838 4905; x_wconf 78' lang='lat' dir='ltr'><strong>egle</strong></span> <span class='ocrx_word' id='word_1_492' title='bbox 854 4855 881 4908; x_wconf 90' lang='lat' dir='ltr'><strong>p.</strong></span> <span class='ocrx_word' id='word_1_493' title='bbox 900 4855 936 4894; x_wconf 94' lang='lat' dir='ltr'><strong>m.</strong></span> <span class='ocrx_word' id='word_1_494' title='bbox 955 4859 987 4905; x_wconf 86' lang='grc' dir='ltr'><strong>φ.</strong></span> <span class='ocrx_word' id='word_1_495' title='bbox 1007 4842 1039 4893; x_wconf 85' lang='lat' dir='ltr'><strong>cl.</strong></span> <span class='ocrx_word' id='word_1_496' title='bbox 1057 4844 1088 4895; x_wconf 85' lang='lat' dir='ltr'><strong>V.</strong></span> <span class='ocrx_word' id='word_1_497' title='bbox 1107 4843 1131 4908; x_wconf 61' lang='grc' dir='ltr'><strong>ὅ.</strong></span> <span class='ocrx_word' id='word_1_498' title='bbox 1150 4845 1217 4896; x_wconf 83' lang='grc'><strong>444.;</strong></span> <span class='ocrx_word' id='word_1_499' title='bbox 1235 4845 1403 4900; x_wconf 74' lang='lat' dir='ltr'><strong>honestissima</strong></span> <span class='ocrx_word' id='word_1_500' title='bbox 1419 4851 1465 4902; x_wconf 88' lang='lat' dir='ltr'><strong>ctt.</strong></span> <span class='ocrx_word' id='word_1_501' title='bbox 1483 4849 1513 4901; x_wconf 90' lang='lat'><strong>0.</strong></span> <span class='ocrx_word' id='word_1_502' title='bbox 1534 4849 1567 4902; x_wconf 89' lang='lat' dir='ltr'><strong>cf.</strong></span> <span class='ocrx_word' id='word_1_503' title='bbox 1584 4851 1616 4901; x_wconf 90' lang='lat' dir='ltr'><strong>ll.</strong></span> 
     </span>
     <span class='ocr_line' id='line_1_47' title="bbox 301 4915 1619 4990; baseline 0.004 -20"><span class='ocrx_word' id='word_1_504' title='bbox 301 4919 325 4984; x_wconf 68' lang='grc' dir='ltr'><strong>ἓ.</strong></span> <span class='ocrx_word' id='word_1_505' title='bbox 344 4917 384 4971; x_wconf 83' lang='grc'><strong>43.</strong></span> <span class='ocrx_word' id='word_1_506' title='bbox 403 4917 446 4968; x_wconf 90' lang='lat'><strong>111.</strong></span> <span class='ocrx_word' id='word_1_507' title='bbox 464 4915 487 4981; x_wconf 72' lang='lat'><strong>5.</strong></span> <span class='ocrx_word' id='word_1_508' title='bbox 507 4916 546 4966; x_wconf 81' lang='lat'><strong>67.</strong></span> <span class='ocrx_word' id='word_1_509' title='bbox 565 4916 605 4966; x_wconf 79' lang='lat'><strong>75.</strong></span> <span class='ocrx_word' id='word_1_510' title='bbox 625 4916 681 4966; x_wconf 85' lang='grc'><strong>444.</strong></span> <span class='ocrx_word' id='word_1_511' title='bbox 700 4916 757 4968; x_wconf 81' lang='lat' dir='ltr'><strong>tae.</strong></span> <span class='ocrx_word' id='word_1_512' title='bbox 776 4917 832 4968; x_wconf 79' lang='grc'><strong>440.</strong></span> <span class='ocrx_word' id='word_1_513' title='bbox 853 4943 881 4954; x_wconf 94' lang='lat'>-</span> <span class='ocrx_word' id='word_1_514' title='bbox 900 4919 940 4968; x_wconf 87' lang='grc'><strong>34.</strong></span> <span class='ocrx_word' id='word_1_515' title='bbox 957 4919 1068 4970; x_wconf 62' lang='lat' dir='ltr'><strong>venerint</strong></span> <span class='ocrx_word' id='word_1_516' title='bbox 1083 4921 1143 4972; x_wconf 76' lang='lat' dir='ltr'><strong>Asc.</strong></span> <span class='ocrx_word' id='word_1_517' title='bbox 1159 4947 1186 4957; x_wconf 91' lang='lat'>-</span> <span class='ocrx_word' id='word_1_518' title='bbox 1205 4921 1258 4971; x_wconf 81' lang='lat' dir='ltr'><strong>tom</strong></span> <span class='ocrx_word' id='word_1_519' title='bbox 1273 4923 1374 4974; x_wconf 71' lang='lat' dir='ltr'><strong>tibertus</strong></span> <span class='ocrx_word' id='word_1_520' title='bbox 1389 4922 1457 4988; x_wconf 72' lang='lat' dir='ltr'><strong>Lglt</strong></span> <span class='ocrx_word' id='word_1_521' title='bbox 1474 4938 1501 4990; x_wconf 91' lang='lat' dir='ltr'><strong>p.</strong></span> <span class='ocrx_word' id='word_1_522' title='bbox 1514 4935 1551 4975; x_wconf 90' lang='lat' dir='ltr'><strong>m.</strong></span> <span class='ocrx_word' id='word_1_523' title='bbox 1570 4925 1619 4975; x_wconf 86' lang='lat' dir='ltr'><strong>Co·</strong></span> 
     </span>
     <span class='ocr_line' id='line_1_48' title="bbox 299 4989 1616 5062; baseline 0.004 -17"><span class='ocrx_word' id='word_1_524' title='bbox 299 4995 350 5045; x_wconf 89' lang='lat' dir='ltr'><strong>teri</strong></span> <span class='ocrx_word' id='word_1_525' title='bbox 367 4991 445 5045; x_wconf 89' lang='lat' dir='ltr'><strong>codd.</strong></span> <span class='ocrx_word' id='word_1_526' title='bbox 463 4992 516 5042; x_wconf 82' lang='lat' dir='ltr'><strong>lam</strong></span> <span class='ocrx_word' id='word_1_527' title='bbox 532 4989 633 5041; x_wconf 83' lang='lat' dir='ltr'><strong>babent</strong></span> <span class='ocrx_word' id='word_1_528' title='bbox 643 4993 704 5041; x_wconf 82' lang='lat' dir='ltr'><strong>ente</strong></span> <span class='ocrx_word' id='word_1_529' title='bbox 711 5004 761 5054; x_wconf 83' lang='lat' dir='ltr'><strong>pro</strong></span> <span class='ocrx_word' id='word_1_530' title='bbox 778 4992 868 5043; x_wconf 77' lang='lat' dir='ltr'><strong>Siculi:</strong></span> <span class='ocrx_word' id='word_1_531' title='bbox 885 4995 912 5044; x_wconf 91' lang='lat' dir='ltr'><strong>et</strong></span> <span class='ocrx_word' id='word_1_532' title='bbox 928 4993 966 5044; x_wconf 89' lang='lat' dir='ltr'><strong>sic</strong></span> <span class='ocrx_word' id='word_1_533' title='bbox 977 4993 1006 5044; x_wconf 94' lang='lat'><strong>0.</strong></span> <span class='ocrx_word' id='word_1_534' title='bbox 1022 5020 1049 5029; x_wconf 95' lang='lat'><em>-</em></span> <span class='ocrx_word' id='word_1_535' title='bbox 1068 4994 1107 5045; x_wconf 86' lang='grc'><strong>34.</strong></span> <span class='ocrx_word' id='word_1_536' title='bbox 1122 4997 1207 5058; x_wconf 78' lang='lat' dir='ltr'><strong>portus</strong></span> <span class='ocrx_word' id='word_1_537' title='bbox 1222 5010 1308 5048; x_wconf 78' lang='lat' dir='ltr'><strong>eorum</strong></span> <span class='ocrx_word' id='word_1_538' title='bbox 1323 4997 1353 5050; x_wconf 83' lang='lat' dir='ltr'><strong>l:</strong></span> <span class='ocrx_word' id='word_1_539' title='bbox 1372 5001 1616 5062; x_wconf 61' lang='lat' dir='ltr'><strong>compatescere.</strong></span> 
     </span>
     <span class='ocr_line' id='line_1_49' title="bbox 300 5063 1617 5192; baseline 0.006 -73"><span class='ocrx_word' id='word_1_540' title='bbox 300 5069 330 5119; x_wconf 93' lang='lat'><strong>0.</strong></span> <span class='ocrx_word' id='word_1_541' title='bbox 343 5095 370 5104; x_wconf 83' lang='lat'>-</span> <span class='ocrx_word' id='word_1_542' title='bbox 389 5072 412 5118; x_wconf 85' lang='lat' dir='ltr'><strong>ct</strong></span> <span class='ocrx_word' id='word_1_543' title='bbox 428 5067 577 5192; x_wconf 52' lang='lat' dir='ltr'><strong>quemtttet</strong></span> <span class='ocrx_word' id='word_1_544' title='bbox 593 5063 687 5132; x_wconf 88' lang='lat' dir='ltr'><strong>pleriq.</strong></span> <span class='ocrx_word' id='word_1_545' title='bbox 706 5064 784 5118; x_wconf 88' lang='lat' dir='ltr'><strong>codd.</strong></span> <span class='ocrx_word' id='word_1_546' title='bbox 796 5092 823 5103; x_wconf 90' lang='lat'><em>-</em></span> <span class='ocrx_word' id='word_1_547' title='bbox 842 5067 883 5120; x_wconf 79' lang='grc'><strong>35.</strong></span> <span class='ocrx_word' id='word_1_548' title='bbox 901 5067 955 5120; x_wconf 80' lang='lat' dir='ltr'><strong>rdta</strong></span> <span class='ocrx_word' id='word_1_549' title='bbox 970 5081 1082 5133; x_wconf 76' lang='lat' dir='ltr'><strong>usquam</strong></span> <span class='ocrx_word' id='word_1_550' title='bbox 1091 5069 1161 5135; x_wconf 74' lang='lat' dir='ltr'><strong>1.ng</strong></span> <span class='ocrx_word' id='word_1_551' title='bbox 1178 5084 1204 5136; x_wconf 92' lang='lat' dir='ltr'><strong>p.</strong></span> <span class='ocrx_word' id='word_1_552' title='bbox 1217 5085 1290 5124; x_wconf 91' lang='lat' dir='ltr'><strong>m.-</strong></span> <span class='ocrx_word' id='word_1_553' title='bbox 1309 5073 1350 5126; x_wconf 79' lang='lat'><strong>38.</strong></span> <span class='ocrx_word' id='word_1_554' title='bbox 1367 5074 1405 5126; x_wconf 81' lang='lat' dir='ltr'><strong>tt:</strong></span> <span class='ocrx_word' id='word_1_555' title='bbox 1416 5073 1617 5140; x_wconf 65' lang='lat' dir='ltr'><strong>perorares:</strong></span> 
     </span>
     <span class='ocr_line' id='line_1_50' title="bbox 298 5140 593 5207; baseline -0.007 -13"><span class='ocrx_word' id='word_1_556' title='bbox 298 5141 350 5195; x_wconf 87' lang='lat' dir='ltr'><strong>cl.:</strong></span> <span class='ocrx_word' id='word_1_557' title='bbox 367 5141 484 5207; x_wconf 81' lang='lat' dir='ltr'><strong>btporro</strong></span> <span class='ocrx_word' id='word_1_558' title='bbox 499 5143 546 5194; x_wconf 90' lang='lat' dir='ltr'><strong>ct.</strong></span> <span class='ocrx_word' id='word_1_559' title='bbox 564 5140 593 5192; x_wconf 90' lang='lat'><strong>0.</strong></span> 
     </span>
    </p>
   </div>
   <div class='ocr_carea' id='block_1_4' title="bbox 0 0 1826 5868">
    <p class='ocr_par' dir='ltr' id='par_1_5' title="bbox 0 0 1826 5868">
     <span class='ocr_line' id='line_1_51' title="bbox 0 0 1826 5868; baseline 0 0"><span class='ocrx_word' id='word_1_560' title='bbox 0 0 1826 5868; x_wconf 95' lang='lat' dir='ltr'><strong> </strong></span> 
     </span>
    </p>
   </div>
  </div>
 </body>
</html>
