3610 5860
424 436 575 504 ORATIO
596 436 675 504 PRO
695 437 733 502 A.
756 435 957 504 CLUENTIO
979 435 1091 503 Cael.
1111 433 1168 523 55.
1183 433 1275 504 4-3.
1446 434 1502 502 til

254 609 279 672 1.
301 603 330 672 l.
350 608 582 684 Animadverti,
605 607 734 684 iudices,
755 627 881 672 omnem
902 607 1094 672 accusatoris
1115 608 1288 672 orationem
1309 607 1440 674 induas
1462 607 1509 674 di·

192 703 290 768 visam
316 722 386 768 esse
414 711 537 786 partes,
566 723 698 787 quarum
727 701 825 766 altera
853 701 931 766 mibi
958 702 1016 766 niti
1037 709 1069 766 et
1095 722 1209 786 magno
1231 723 1327 787 opere
1348 701 1508 766 confidere

191 796 357 863 ridebatur
376 795 494 863 invidia
515 798 578 860 iam
599 789 772 860 inveterata
787 795 895 861 iudicii
914 796 1056 871 Iuniani,
1076 796 1176 863 altera
1189 805 1310 862 mnium
1324 795 1419 860 medo
1435 815 1509 858 eon-

192 890 369 956 suetudinis
391 910 487 956 causa
507 891 616 955 timide
639 896 672 954 et
693 887 872 955 diffidenter
892 890 1044 972 attingere
1066 892 1217 956 rationem
1238 889 1383 956 veneficii
1405 888 1510 952 cumi·

192 1005 281 1060 num,
311 985 434 1068 quade
456 985 580 1068 relege
603 991 652 1050 est
672 984 751 1048 baec
773 985 916 1069 quaestio
939 986 1116 1050 constituta.
1159 986 1269 1070 ltaque
1290 983 1367 1048 mibi
1390 989 1533 1046 certumc

192 1085 242 1143 est
265 1079 348 1142 bano
369 1077 502 1144 eandem
524 1078 774 1142 distributionem
795 1076 931 1141 invidiae
953 1085 985 1144 et
1013 1079 1179 1143 criminum
1200 1079 1246 1144 sic
1269 1080 1302 1144 in
1324 1076 1510 1142 defensione

192 1192 334 1249 servare,
355 1180 392 1238 ut
413 1192 522 1237 omnes
543 1171 720 1254 intelligant
734 1169 814 1234 nihil
828 1190 878 1234 me
893 1191 952 1234 nec
966 1171 1183 1256 subterfugere
1196 1172 1335 1238 voluisse
1349 1169 1510 1236 reticendo

191 1286 251 1332 nec
272 1267 440 1331 obscurare
463 1265 607 1330 dicende.
639 1262 670 1328 2.
693 1265 756 1328 Sed
778 1285 850 1330 cum
872 1265 1055 1341 considere,
1077 1287 1140 1350 quo
1159 1264 1253 1330 modo
1274 1265 1350 1329 mibi
1371 1266 1406 1328 in
1426 1271 1511 1328 utra·

191 1382 254 1446 que
274 1381 309 1426 re
331 1362 372 1425 sit
392 1359 633 1432 elaborandum,
653 1358 754 1423 altera
773 1379 847 1442 pars
862 1367 894 1422 et
908 1378 961 1434 ea,
983 1379 1065 1443 quae
1080 1360 1208 1443 propria
1222 1366 1271 1424 est
1290 1358 1402 1424 iudicii
1415 1358 1511 1424 vestri

191 1463 223 1520 et
243 1455 401 1538 legitimae
422 1453 568 1519 veneficii
589 1454 801 1537 quaestionis,
822 1471 879 1536 per
901 1453 978 1517 mibi
998 1453 1101 1518 brevis
1124 1462 1156 1518 et
1176 1474 1241 1517 non
1260 1471 1393 1537 magnae
1416 1453 1449 1514 in
1463 1449 1548 1518 di-to

190 1548 291 1613 sendo
320 1549 528 1613 contentionis
554 1546 622 1611 fere
649 1547 789 1612 ridetur:
819 1546 918 1610 altera
946 1554 1067 1622 autem,
1094 1567 1175 1631 quae
1201 1548 1309 1633 procul
1331 1548 1371 1611 ab
1393 1544 1510 1609 iudicio

189 1649 310 1706 remota
332 1649 396 1717 est,
419 1661 500 1728 quas
521 1641 720 1705 contionibus
735 1641 883 1705 seditiose
898 1641 1060 1705 concitatis
1075 1642 1340 1708 accommodatior
1354 1646 1402 1704 est
1417 1658 1511 1723 quam

190 1736 370 1820 tranquillis
390 1735 625 1819 moderatisque
646 1733 788 1809 iudiciis,
810 1737 978 1819 perspicio,
1006 1743 1158 1819 quantum
1178 1737 1212 1799 in
1232 1735 1356 1821 agendo
1377 1732 1512 1796 difficul-

191 1830 265 1893 tatis
288 1838 320 1894 st
340 1837 491 1915 qnantum
513 1828 629 1892 laboris
652 1829 693 1892 sit
712 1828 869 1893 habitura.
912 1826 942 1892 3.
964 1829 1028 1892 Sed
1049 1831 1083 1892 in
1104 1829 1164 1893 bac
1179 1827 1363 1894 difficultate
1383 1827 1439 1892 illa
1461 1847 1510 1892 ms

189 1943 241 1988 rss
262 1930 386 1998 nmen,
408 1923 545 1998 iudices,
568 1922 763 1996 consolatur,
785 1923 872 2007 quod
894 1942 951 1988 vos
973 1923 1013 1988 de
1034 1923 1217 1988 criminibus
1239 1924 1285 1988 sie
1306 1922 1416 1988 audire
1438 1941 1548 1988 con-is

190 2015 322 2090 susstis,
353 2023 390 2080 ut
418 2035 526 2080 eorum
553 2036 678 2080 omnem
709 2014 951 2081 dissolutionem
979 2018 1019 2081 ab
1040 2024 1163 2082 oratore
1185 2019 1359 2103 quaeratis:
1390 2023 1426 2081 nt
1446 2035 1512 2080 nen

195 2109 380 2174 existimetis
402 2110 474 2195 plus
495 2129 551 2174 vos
572 2108 769 2174 adsalutem
790 2130 845 2174 reo
866 2110 973 2194 largiri
996 2118 1160 2195 oportere,
1177 2115 1278 2196 44444
1292 2117 1443 2196 quantum
1458 2109 1513 2174 de-

192 2201 301 2268 fensor
327 2200 500 2286 purgandis
530 2203 711 2267 criminibus
733 2205 883 2288 consequi
911 2211 944 2268 et
969 2204 1104 2270 dicendo
1126 2205 1261 2288 probare
1281 2205 1430 2289 potuerit
1465 2205 1512 2268 De

190 2296 310 2364 invidia
338 2305 445 2364 autem
474 2298 520 2362 sic
542 2296 704 2362 internos
726 2297 903 2382 disceptare
924 2298 1061 2375 debetis,
1091 2305 1128 2366 ut
1146 2319 1229 2376 non,
1256 2299 1332 2384 quid
1354 2297 1514 2364 dicabua

254 2512 456 2577 inscriptionem
472 2523 526 2562 nou
542 2509 642 2562 babent
653 2511 711 2564 PT.
726 2537 754 2550 -··
772 2512 868 2563 limrro
884 2514 974 2567 sss:
991 2513 1063 2566 dotto
1079 2509 1168 2575 49οι
1186 2527 1240 2566 om.
1252 2515 1286 2568 44.
1305 2514 1513 2580 «iinttucogno-

188 2599 252 2640 man
274 2586 336 2639 elim
359 2587 386 2638 in
407 2585 531 2638 omuibus
554 2586 714 2639 editionibus
736 2588 793 2640 sine
810 2585 862 2640 ulla
881 2589 1033 2655 suspicione
1048 2587 1213 2652 vulgabatur.
1246 2591 1351 2644 Primus
1371 2591 1513 2644 Lambinus

188 2663 295 2714 Cuiacio
312 2674 415 2712 morem
432 2662 527 2726 gessit,
545 2662 590 2726 qui
607 2661 641 2712 ad
657 2660 738 2713 Paulli
750 2664 776 2714 S.
789 2663 818 2714 44.
831 2665 874 2714 ili.
893 2665 931 2716 tit.
945 2663 969 2716 4.
983 2662 1153 2715 librariorum
1164 2677 1255 2716 errore
1267 2664 1338 2728 illud,
1351 2666 1513 2732 ubicumque

188 2739 341 2802 appareret,
367 2739 457 2787 natum
479 2747 539 2787 esse
561 2735 697 2788 contendit
713 2738 740 2787 et
756 2738 906 2802 antiquam,
931 2751 999 2802 quae
1017 2736 1050 2789 iili
1067 2736 1223 2804 videbatur,
1250 2739 1362 2792 iormem
1378 2742 1465 2793 Auitus
1481 2753 1513 2792 en

187 2809 336 2862 Florentino
357 2810 549 2863 Pendecterum
570 2809 600 2874 (l.
619 2810 659 2863 39.
677 2811 708 2862 D.
728 2812 757 2862 de
773 2813 860 2874 poeria
875 2812 982 2864 xlviii.
1002 2811 1052 2877 49.)
1075 2813 1167 2865 codice
1190 2815 1384 2867 'restituendum
1401 2815 1513 2868 censuit.

188 2885 241 2936 sed
265 2899 299 2938 ns
323 2887 352 2938 44
371 2886 423 2938 boc
445 2885 555 2951 quidem
571 2884 648 2949 iilud,
674 2886 746 2950 quod
765 2899 780 2938 e
797 2887 924 2940 Lambino
941 2891 1080 2953 receptum
1097 2889 1180 2940 ceteri
1197 2902 1291 2942 omnes
1307 2891 1377 2943 iusto
1393 2891 1514 2957 cupidius

188 2961 369 3025 arripuerrmi,
391 2961 487 3023 444444,
511 2959 618 3024 legitur,
641 2960 690 3014 sed
706 2962 791 3014 444444
810 2961 866 3014 4414
888 2965 1048 3030 aspiratione
1070 2962 1187 3028 abiecta,
1210 2964 1282 3030 qued
1298 2967 1391 3018 vitium
1407 2968 1434 3017 in
1450 2980 1514 3020 sex·

188 3035 272 3086 centis
289 3035 441 3087 nominibus
458 3035 538 3087 etiam
554 3034 640 3087 bonos
658 3038 685 3087 et
699 3037 818 3089 vetustos
835 3037 916 3090 libros
933 3039 1041 3101 insedit,
1060 3040 1129 3090 sicut
1144 3041 1170 3092 ln
1188 3042 1280 3105 paucis
1290 3043 1441 3094 nostrorum
1455 3043 1482 3094 h.
1495 3041 1512 3094 l.

188 3113 306 3173 apparet.
342 3109 423 3162 Nobis
446 3110 556 3175 quidem
576 3109 660 3162 multo
681 3113 778 3171 tutius,
801 3113 883 3163 immo
900 3115 1053 3166 necessario
1071 3113 1112 3165 illa
1130 3117 1243 3166 nominis
1260 3116 1344 3168 iorma
1360 3119 1514 3170 reducenda

188 3182 343 3244 videbatur,
369 3197 451 3249 quam
475 3197 524 3249 per
540 3187 623 3236 totam
640 3186 789 3237 oraticnem
806 3185 883 3252 longe
900 3188 1020 3254 plerique
1037 3191 1065 3240 et
1080 3191 1298 3254 praestantissimi
1315 3192 1422 3245 codices
1439 3195 1514 3245 exbi-

187 3255 254 3308 bent
270 3269 405 3322 quamque
418 3259 567 3320 Quintiliani
583 3259 642 3312 libri
659 3260 694 3311 sd
710 3274 792 3313 unum
804 3275 898 3316 omnes
912 3262 1032 3328 pluribus
1042 3264 1107 3316 locis
1119 3269 1273 3318 4444444444
1282 3269 1405 3320 tuemur:
1425 3268 1457 3320 ci.
1469 3271 1512 3320 iv.

189 3331 219 3393 4,
238 3331 278 3381 le.
296 3331 327 3383 V.
347 3332 391 3395 49,
410 3333 451 3384 68.
477 3333 561 3398 [Addo
583 3335 741 3386 Arusianum
765 3339 890 3390 lisseium
911 3352 937 3390 v.
954 3341 1038 3392 444444
1060 3354 1087 3404 p.
1105 3339 1162 3392 tit.
1186 3355 1213 3393 v.
1231 3343 1282 3394 Orc
1303 3347 1326 3394 te
1347 3355 1374 3408 p.
1392 3344 1449 3398 449.
1468 3345 1512 3398 ed.

189 3404 318 3472 liudem]
336 3409 446 3459 Accedit
461 3407 534 3474 quod
551 3409 613 3461 nihii
631 3411 691 3461 novi
709 3414 754 3462 aut
770 3411 865 3464 insoliti
881 3415 908 3463 in
919 3413 1003 3465 4444444
1019 3415 1126 3466 nomine
1137 3417 1220 3478 inest,
1238 3429 1301 3468 curn
1316 3420 1344 3468 44
1354 3416 1403 3468 alia
1415 3433 1515 3485 cogno·

189 3482 260 3532 mina
277 3494 310 3532 er
331 3481 409 3534 simili
429 3485 628 3549 participiorum
645 3485 745 3550 origine
768 3486 878 3538 iormata
895 3489 1002 3554 saepius
1019 3485 1153 3552 legentur,
1178 3493 1208 3542 ut
1223 3489 1354 3542 dubietas
1370 3493 1396 3544 in
1412 3492 1512 3560 Fabiis,

188 3557 281 3606 Potitus
297 3557 324 3607 in
340 3556 461 3621 Valeriis,
479 3560 592 3611 Novaria
608 3560 635 3610 in
647 3559 775 3624 Aunesis,
795 3562 894 3614 4444444
909 3565 936 3615 44
954 3562 1095 3627 Corneliis,
1113 3567 1140 3615 et
1156 3565 1244 3630 ipsum
1261 3571 1381 3620 nostrum
1397 3569 1424 3622 iu
1441 3573 1514 3623 vete-

189 3630 264 3684 ribus
281 3635 458 3686 monumentis
475 3637 577 3686 erstet:
602 3636 629 3688 in
652 3635 733 3688 Fastis
752 3636 903 3702 Capitolinis
926 3649 968 3704 ap.
988 3640 1092 3692 Gruter.
1113 3640 1142 3690 C.
1161 3641 1243 3692 inscr.
1261 3655 1288 3692 n.
1306 3643 1363 3696 aas.
1382 3645 1420 3710 [p.
1437 3645 1511 3698 xiil.

189 3709 295 3759 nostrae
308 3707 380 3773 edit]
399 3709 450 3759 hoc
462 3707 551 3760 titulo:
568 3709 597 3762 Δ.
614 3709 697 3762 witer
708 3711 733 3762 G.
746 3712 765 3776 s.
779 3713 806 3764 0.
818 3727 844 3764 a.
857 3715 970 3776 44444444,
989 3717 1017 3766 44
1032 3715 1090 3766 4444
1101 3715 1259 3780 aspiratione
1271 3717 1297 3768 in
1308 3721 1413 3773 vetusto
1424 3720 1512 3789 lepide

189 3779 259 3848 apud
276 3779 395 3833 Fulvium
411 3784 548 3836 Ursinum:
566 3787 629 3838 Aur.
646 3785 731 3838 Abttacs
745 3788 913 3841 dilectit.
930 3791 973 3841 Pr.
993 3786 1076 3854 [Adde
1093 3787 1198 3842 titulum
1214 3789 1417 3849 Sulmonensem
1433 3798 1510 3850 44444.

188 3857 218 3910 ll.
239 3857 319 3922 Neap.
342 3859 379 3909 ed.
397 3861 533 3912 4444444444
551 3862 581 3914 N.
600 3862 684 3928 44444]
715 3865 841 3919 Errorem
863 3870 961 3920 summi
980 3867 1030 3918 viri
1050 3867 1128 3921 nimis
1150 3868 1195 3919 diu
1217 3871 1391 3936 propagatum
1410 3874 1512 3938 primus

188 3934 289 3984 notavit
304 3931 464 3987 Niebubrius
481 3937 548 3989 4444.
566 3938 649 3990 44444.
667 3939 687 3991 4.
706 3937 730 3991 3.
749 3953 776 4005 p.
794 3941 869 3994 22³.»
887 3943 1006 3995 cussus.
1026 3970 1054 3980 -
1072 3956 1106 3995 an
1123 3957 1220 3998 4441444
1236 3947 1269 3998 S:
1288 3961 1341 3998 em.
1360 3950 1450 4000 444444.

254 4018 278 4069 4.
295 4018 514 4071 Animadverti„
525 4023 634 4085 44444444
654 4025 787 4076 4444444444
807 4027 979 4088 Quintilianus
995 4028 1038 4080 lV.
1057 4030 1082 4092 4,
1100 4028 1141 4080 34.
1163 4029 1235 4094 [iiiii.
1254 4031 1283 4094 6,
1301 4031 1342 4084 dd.
1359 4034 1403 4086 iil.
1420 4033 1450 4099 4,
1468 4035 1510 4088 68.

188 4093 230 4146 92.
248 4093 330 4159 494.);
348 4096 446 4148 ilarius
461 4097 612 4151 Victorinus
626 4112 654 4166 p.
668 4101 709 4152 aa.
726 4113 754 4152 ι.
773 4101 788 4153 9
805 4115 866 4168 sqq.
882 4105 989 4156 nostrae
1007 4102 1081 4166 edit,
1104 4104 1150 4170 qui
1167 4104 1262 4158 desinit
1278 4106 1305 4158 in
1321 4106 1412 4160 verbis
1426 4109 1513 4162 4444444

187 4167 331 4220 44444444.-
349 4170 606 4224 animadvertis.
621 4200 649 4210 -
667 4176 692 4228 S.
706 4177 791 4240 partis
807 4178 858 4228 ST.
872 4205 899 4216 -
918 4180 1225 4246 mgscpissmper.
1240 4209 1269 4220 -
1286 4181 1312 4234 3.
1323 4183 1438 4236 viduae
1448 4187 1508 4238 P.-

187 4243 241 4294 icm
256 4253 309 4296 om.
322 4243 479 4298 Victorinus.
493 4273 521 4285 -
540 4248 616 4298 444444·
632 4252 661 4301 Ρ.
676 4276 703 4286 -
722 4251 829 4303 44444444
844 4255 873 4305 P.
888 4280 915 4291 -
933 4251 959 4304 4.
977 4253 1115 4306 matinen
1131 4257 1159 4307 P.
1172 4281 1198 4292 -
1218 4255 1243 4309 6.
1261 4258 1424 4323 dasmstaaem
1439 4261 1467 4312 P.
1482 4285 1510 4298 -

187 4315 213 4369 4.
224 4319 363 4384 4444444444
373 4347 410 4360 --
420 4322 522 4373 diemo
535 4321 615 4375 lulius
627 4324 780 4378 Rufinianus
792 4327 823 4377 da
833 4329 877 4392 sip.
890 4333 951 4380 sest.
969 4328 993 4394 5.
1007 4327 1047 4381 43.
1065 4355 1095 4367 -
1113 4328 1138 4380 9.
1155 4342 1217 4392 pars
1233 4335 1257 4381 44
1272 4345 1303 4384 ea
1318 4345 1384 4397 qaae
1399 4338 1433 4389 P:
1449 4349 1513 4400 porr

187 4397 223 4442 cst
238 4406 269 4444 ec
285 4407 349 4458 4444
365 4395 456 4456 Sili,
472 4409 536 4459 pers
551 4411 618 4460 qaae
633 4398 695 4462 Fi,
711 4414 775 4464 para
790 4415 821 4452 ec
837 4415 902 4464 qaae
917 4401 1096 4470 bid-est]
1114 4404 1159 4456 etsi
1174 4405 1191 4455 S
1207 4417 1297 4470 m.pr.
1311 4433 1339 4445 —
1357 4410 1510 4463 4444444).-

188 4467 228 4518 49.
241 4466 789 4538 boemanosque-milipedam&
805 4503 831 4512 -
852 4478 1010 4528 44444444
1028 4475 1514 4540 cSPMAL80.-ti.contioctbas

188 4541 309 4593 STFbl:
328 4543 645 4599 4444444444ηὲοω
658 4550 698 4602 43.
713 4549 943 4616 granumde
957 4555 1242 4620 qacotwnditltcasltatie
1256 4561 1514 4622 etqwatosictea'r

187 4615 219 4666 a't
234 4615 353 4668 babitare
364 4619 411 4682 (sic
422 4619 482 4672 cod.
495 4623 598 4673 Monac.
609 4635 681 4676 saec.
694 4625 770 4678 Villi.
785 4630 852 4680 teste
864 4627 979 4680 Halmio:
998 4627 1076 4693 vulgo
1092 4641 1220 4694 perverse
1231 4632 1262 4682 444
1276 4633 1395 4686 44444444
1410 4633 1513 4696 4444444)

187 4689 332 4742 Diomedes
349 4705 376 4757 p.
388 4691 445 4746 iiii.
460 4720 487 4731 -
507 4695 547 4747 44.
560 4697 670 4750 baldum
681 4701 715 4752 li.
732 4729 759 4740 -
778 4704 805 4752 44
815 4703 862 4753 bac
878 4705 923 4754 Ps
935 4705 984 4769 (pr.
998 4707 1044 4766 m.)
1056 4705 1088 4756 i:
1106 4705 1134 4756 44
1149 4706 1196 4756 bac
1212 4710 1314 4761 4444414
1326 4711 1415 4775 (stiam
1427 4714 1444 4764 S
1454 4725 1511 4766 444.

188 4764 235 4829 m.)
248 4764 362 4820 ALSO.
375 4795 403 4807 -
422 4771 462 4821 444.
479 4772 624 4824 4444444444
634 4777 662 4826 P.
677 4801 704 4812 -
723 4780 881 4829 4444444444
896 4775 950 4831 ni.
966 4806 993 4816 -
1012 4781 1052 4832 46.
1065 4779 1168 4848 mmm]
1186 4783 1297 4834 44444444
1306 4787 1335 4836 P.
1351 4812 1379 4824 -
1398 4788 1437 4840 48,
1453 4801 1514 4850 pre·

189 4837 262 4926 baral
274 4853 388 4905 4444444
403 4842 431 4894 Τ.
452 4870 480 4881 -
499 4847 540 4898 49.
557 4861 603 4898 aas
623 4850 689 4901 Pii:
715 4865 759 4902 cos
775 4849 968 4906 stratio,
989 4853 1151 4918 (consanam
1167 4857 1235 4909 haec
1251 4861 1294 4910 444
1309 4860 1427 4913 iudicum
1443 4863 1513 4914 inter

189 4925 219 4966 se
237 4913 414 4981 deceptorios
432 4921 453 4972 ii
468 4933 534 4974 sero
550 4921 652 4976 tabellis
669 4927 747 4978 tacite
765 4927 925 4979 sententiam
939 4927 1062 4981 terebant
1077 4943 1164 4995 neque
1181 4934 1251 4985 inter
1266 4947 1310 4998 se,
1333 4947 1428 4988 verum
1443 4937 1514 4989 inter

189 4993 373 5044 accnmtorem
390 4997 418 5046 et
433 5008 510 5047 reum
527 4997 719 5063 disceptabant.
737 5001 777 5054 ci.
791 5003 846 5053 Lir.
859 5004 879 5053 1.
891 5003 932 5054 bd.
951 5003 1016 5056 Plln.
1034 5017 1076 5071 cp.
1094 5005 1148 5058 iiii.
1167 5008 1207 5058 iii.
1226 5007 1261 5059 de
1277 5010 1332 5062 inv.
1350 5013 1370 5062 i.
1388 5011 1413 5063 3.
1435 5011 1513 5074 Quod

190 5067 280 5118 eutem
301 5068 422 5132 sequitur
441 5085 459 5120 4
474 5071 544 5122 nobis
560 5071 594 5124 de
611 5075 690 5126 iccio
707 5074 785 5129 simul
801 5077 829 5128 et
845 5075 926 5128 nulio
943 5077 1055 5140 dicitur;
1081 5083 1154 5133 esset
1170 5081 1254 5145 enlm,
1272 5085 1296 5136 si
1312 5083 1346 5136 de
1363 5097 1393 5136 44
1410 5088 1512 5140 unium

189 5137 273 5205 ipsos
286 5142 367 5195 ibrilio
379 5144 526 5214 diceretur,
544 5149 701 5206 absurdum.
717 5152 872 5218 legendum
881 5155 948 5207 later
962 5167 1021 5222 soe,
1037 5158 1069 5209 nt
1083 5156 1167 5212 babet
1181 5155 1266 5212 codex
1281 5171 1385 5214 mens.»
1402 5163 1464 5216 tiss.
1475 5163 1511 5230 2.)

196 5371 207 5400 Ι
