3642 5862
486 451 554 516 m.
577 451 615 516 v.
643 451 716 515 cn.
737 449 945 515 crs-cru.
971 446 1027 531 33.
1049 443 1235 514 isc-rer.
1473 445 1535 512 rsa
1578 482 1581 490 «

225 619 395 693 simorum,
430 621 635 704 omniumque
666 619 878 703 Rheginorum
910 618 1096 682 testimoniis
1128 619 1360 701 multorumque
1392 619 1535 702 equitum

223 713 446 789 Romanorum,
468 715 522 798 qui
543 735 617 778 casu
637 722 704 777 tum
725 714 889 778 Messanae
909 712 1047 788 fuerunt,
1070 713 1144 777 dedi
1158 721 1280 777 tantum
1293 713 1397 797 priore
1411 714 1534 779 actione

223 807 364 881 testium,
385 827 436 870 res
457 815 494 871 ut
514 809 633 872 nemini
654 808 750 873 dubia
771 829 840 872 osse
862 816 978 891 posset.
1022 803 1093 871 d59.
1116 807 1199 884 Quid
1221 827 1304 870 nunc
1324 811 1434 890 agam‘i
1464 829 1536 871 cum

222 900 285 964 iam
307 907 354 964 tot
373 901 468 965 horas
490 901 529 965 de
551 922 614 966 uno
636 921 750 986 genere
771 922 808 965 ac
830 900 869 964 de
890 901 980 964 istius
1001 901 1120 965 nefaria
1134 901 1317 965 crudelitate
1332 901 1442 977 dicam,
1464 923 1535 965 eum

221 1014 320 1078 prope
341 1014 466 1058 omnem
487 997 551 1059 vim
571 997 737 1060 verborum
759 996 828 1059 eius
849 996 951 1068 modi,
981 1016 1063 1080 quae
1091 996 1209 1060 scelere
1230 995 1322 1058 istius
1345 994 1441 1077 digna
1461 995 1558 1067 sinti

221 1089 290 1152 aliis
311 1089 343 1151 in
364 1089 459 1152 rebus
481 1089 729 1173 consumpserim
742 1108 847 1172 neque
863 1089 923 1152 boo
938 1088 1137 1171 providerim,
1157 1097 1193 1152 ut
1206 1089 1356 1155 varietate
1371 1088 1535 1153 criminum

220 1201 278 1246 vos
305 1189 442 1246 attentos
469 1190 628 1245 tenerem:
659 1203 753 1266 quem
774 1181 814 1244 ad
836 1183 975 1247 modum
993 1182 1033 1246 de
1061 1191 1148 1248 tanta
1175 1203 1209 1246 re
1238 1183 1360 1246 dicam?
1403 1181 1535 1264 Opinor,
1617 1203 1625 1222 ⁴

221 1296 303 1340 unus
332 1275 445 1339 modus
471 1284 566 1359 atque
588 1297 650 1340 una
670 1277 752 1339 ratio
773 1284 838 1339 est:
867 1296 933 1339 rem
953 1277 986 1338 in
1016 1277 1121 1340 medio
1142 1296 1276 1360 ponam,
1306 1296 1387 1360 qnae
1415 1282 1536 1338 mutum

220 1368 317 1434 habet
336 1372 406 1455 ipsa
425 1370 603 1453 gravitatis,
632 1377 668 1433 ut
688 1389 793 1454 neque
814 1389 900 1444 mea,
926 1390 1007 1454 quae
1029 1371 1117 1434 nulla
1138 1379 1200 1444 est,
1221 1390 1327 1453 neque
1349 1370 1535 1452 cuiusquam

222 1463 261 1527 ad
284 1461 526 1529 inflammandos
547 1471 669 1527 vestros
691 1463 813 1527 animos
835 1463 1017 1547 eloquentia
1029 1466 1217 1549 requiratur.
1250 1459 1321 1525 460.
1344 1462 1460 1528 Gavius
1474 1462 1534 1536 bic,
1543 1472 1572 1518 44

222 1578 316 1641 quem
338 1559 424 1634 dico,
455 1557 632 1633 Consanus,
660 1578 730 1620 oum
751 1557 786 1619 in
806 1557 861 1620 illo
889 1576 1021 1622 numero
1043 1558 1159 1622 civium
1179 1559 1392 1621 Romanorum
1414 1557 1454 1620 ab
1474 1557 1535 1621 isto

221 1651 254 1714 in
275 1652 381 1716 vincla
401 1651 563 1714 coniectus
585 1658 669 1714 esset
690 1658 722 1713 et
742 1652 850 1714 nescio
873 1671 936 1734 qua
957 1652 1077 1716 ratione
1105 1652 1186 1715 olam
1208 1671 1225 1714 e
1247 1649 1407 1714 laubrmiis
1428 1649 1536 1731 profu·

220 1746 319 1827 gisset
345 1747 585 1827 Messanamque
613 1745 765 1819 venisset,
800 1745 855 1829 qui
882 1751 945 1808 tam
975 1764 1073 1829 prope
1105 1745 1168 1808 iam
1203 1745 1325 1808 ltaliam
1352 1750 1385 1808 et
1412 1744 1536 1818 moenia

220 1837 433 1920 Rheginorum
454 1838 575 1901 videret
597 1845 628 1900 et
649 1858 689 1900 ex
708 1836 764 1900 illo
786 1845 872 1902 metu
892 1840 1000 1902 mortis
1022 1859 1059 1902 ac
1080 1839 1227 1914 tenebris,
1250 1838 1340 1921 quasi
1355 1836 1426 1900 luce
1440 1836 1536 1899 liber-

221 1932 294 1996 tatis
317 1937 349 1995 et
369 1931 467 1994 odore
488 1931 595 2014 aliquo
610 1931 714 2012 legum
728 1938 898 2005 recreatus,
918 1931 1095 2006 revixisset,
1117 1931 1207 2015 loqui
1220 1932 1385 1996 Messanae
1399 1936 1431 1994 et
1444 1931 1534 2014 queri
1543 1943 1572 1988 u

220 2025 326 2108 eoepit
355 2044 389 2089 se
416 2025 516 2088 civem
545 2025 720 2086 Romanum
753 2023 787 2086 in
815 2024 917 2087 vincM
948 2025 1141 2100 coniectum,
1177 2024 1237 2088 sibi
1266 2031 1350 2088 reeta
1379 2025 1534 2091 iterasse

219 2119 368 2195 Romam,
397 2118 487 2181 Verri
514 2137 548 2182 se
577 2125 702 2201 praesto
730 2117 910 2181 advenienti
930 2117 1079 2181 futurum.
1121 2117 1217 2180 LXII.
1244 2119 1315 2181 Non
1340 2119 1535 2202 intelligebat

220 2212 316 2274 miser
335 2212 415 2276 nibil
436 2213 605 2285 interesse,
628 2218 733 2274 utrum
753 2210 834 2274 baec
854 2213 1017 2276 Messanae
1039 2232 1079 2274 an
1101 2210 1186 2293 apud
1206 2211 1302 2275 istum
1321 2213 1355 2278 in
1376 2215 1534 2296 praetorio

219 2304 410 2388 loqueretur.
453 2307 549 2380 Nam,
577 2311 613 2367 ut
634 2311 727 2368 antea
749 2325 804 2369 vos
827 2303 940 2380 docui,
968 2304 1051 2369 bano
1072 2305 1134 2368 sibi
1154 2307 1213 2369 iste
1236 2305 1344 2372 urbem
1366 2307 1534 2390 delegerat,

166 2427 168 2434 v
220 2417 314 2481 qrram
342 2398 473 2462 haberet
500 2399 685 2464 adiutricem
713 2399 883 2474 scelerum,
914 2397 1069 2462 furtorum
1097 2398 1315 2480 receptricem,
1344 2401 1572 2482 flagitiorumao

220 2493 360 2555 omnium
382 2493 549 2556 consciam.
582 2494 692 2576 ltaque
713 2493 753 2555 ad
775 2495 988 2575 magistratum
1002 2492 1221 2556 Mamertinum
1242 2492 1348 2556 statim
1368 2491 1535 2560 deducitur

219 2586 336 2650 Gavius
358 2605 461 2671 eoque
483 2588 552 2670 ipso
574 2587 625 2650 die
647 2606 722 2650 casu
736 2587 911 2650 Messanam
933 2587 1045 2649 Verres
1066 2586 1162 2648 venit.
1194 2586 1256 2649 Res
1277 2587 1316 2650 ad
1339 2607 1411 2654 cum
1432 2587 1534 2652 deler-

218 2685 286 2742 tur:
308 2699 379 2742 esse
400 2680 501 2745 civem
516 2681 701 2754 Romanum,
724 2681 778 2763 qui
801 2699 834 2742 se
850 2679 1014 2763 Syracusis
1035 2679 1069 2742 in
1090 2679 1250 2744 lautumiis
1271 2679 1369 2744 brisso
1387 2695 1534 2765 querere*

218 2778 285 2848 tur3
308 2792 413 2857 quem,
434 2773 497 2837 iam
520 2773 747 2856 ingredientem
768 2773 802 2836 in
824 2793 935 2838 navem
957 2781 989 2837 et
1002 2774 1091 2837 Verri
1113 2773 1207 2837 nimis
1229 2773 1377 2838 atrociter
1390 2774 1535 2838 minitan-

218 2873 297 2940 tem,
319 2886 339 2930 a
359 2887 393 2931 se
414 2875 583 2931 retractum
608 2887 677 2931 esse
699 2874 731 2930 et
752 2875 961 2942 asservatum,
982 2874 1019 2930 ut
1037 2866 1107 2950 ipse
1127 2867 1161 2928 in
1183 2885 1255 2932 eum
1276 2873 1426 2932 statueret
1446 2868 1570 2951 quodie

216 2961 383 3024 videretur.
420 2956 492 3024 iot.
512 2962 587 3044 Agit
607 2961 787 3024 hominibus
808 2961 925 3043 gratias
947 2969 979 3024 et
1000 2980 1109 3024 eorum
1130 2961 1382 3026 benevolentiam
1403 2983 1478 3045 erga
1497 2983 1533 3028 se

218 3055 475 3140 diligentiamque
504 3054 677 3119 collaudat:
704 3055 772 3138 ipse
802 3055 1012 3119 infiammatus
1040 3054 1159 3118 scelere
1188 3062 1221 3118 et
1247 3052 1353 3118 surore
1375 3057 1533 3122 lusorum

216 3151 313 3213 veuit
355 3147 517 3212 Ardebant
538 3149 639 3212 oculi:
671 3154 737 3212 toto
760 3169 801 3211 ex
821 3169 875 3212 ore
902 3146 1072 3211 crudelitas
1094 3148 1259 3213 eminebat.
1301 3145 1534 3232 Exspectabam

218 3262 338 3317 omnes,
361 3261 425 3325 quo
448 3242 575 3306 tandem
588 3260 813 3324 progressurus
827 3250 882 3305 out
895 3240 1046 3322 quidnam
1061 3249 1188 3305 acturus
1202 3249 1296 3316 esset,
1318 3251 1533 3326 cumrepcnte

132 3367 134 3374 ·
216 3333 378 3400 bominem
398 3336 519 3419 proripi
541 3341 637 3418 atque
659 3335 691 3397 in
712 3333 783 3398 toro
804 3334 909 3398 medio
930 3334 1042 3398 nudari
1063 3355 1099 3398 ac
1120 3334 1252 3416 deligari
1273 3341 1306 3398 et
1319 3337 1422 3418 virgas
1437 3355 1573 3420 expe-ao

218 3426 279 3491 diri
303 3411 399 3492 iuliet
443 3428 603 3492 Clamabat
630 3429 684 3492 ille
713 3429 809 3491 miser
835 3448 869 3490 se
898 3427 999 3490 civem
1026 3448 1097 3491 esse
1124 3429 1314 3502 Romanum,
1343 3429 1533 3513 municipem

218 3519 411 3586 Consanum:
433 3523 585 3586 meruisse
607 3543 679 3586 oum
700 3523 735 3585 L.
757 3523 874 3597 Preoio,
897 3520 1150 3605 splendidissimo
1173 3522 1278 3605 equite
1298 3523 1456 3598 Romano,
1479 3517 1534 3607 qui
1640 3523 1678 3618 ί

266 3728 291 3778 4.
309 3729 466 3792 4444444344
476 3728 505 3779 li.
518 3727 661 3779 testimoniis
672 3726 707 3778 443
718 3727 787 3791 4329
799 3741 804 3776 :
818 3727 961 3778 teuimociis
970 3725 1127 3788 omniumque
1138 3727 1166 3777 44.
1180 3725 1245 3777 dett.
1258 3727 1287 3777 0.
1301 3726 1339 3777 64.
1352 3727 1438 3779 Madv.
1451 3740 1478 3791 p.
1491 3727 1532 3779 448.

217 3798 372 3866 (reginem
387 3803 521 3855 mamonis
536 3802 575 3865 44.)
597 3829 624 3837 -
643 3803 668 3868 2.
686 3815 805 3854 mesenae
819 3805 839 3868 t.
857 3803 940 3854 deditc
956 3807 1053 3854 4444444
1068 3804 1098 3853 R.
1120 3830 1146 3838 —
1166 3801 1189 3854 3.
1208 3801 1305 3853 testimo
1320 3800 1357 3853 443
1374 3799 1403 3851 λε
1427 3801 1535 3853 testimo-

215 3875 287 3926 nium
303 3877 368 3928 dett.
387 3905 415 3914 —
434 3889 484 3929 4444
497 3877 574 3941 possit
590 3878 610 3928 a
628 3878 660 3927 64
681 3877 733 3940 4344
744 3876 790 3939 29;
809 3891 862 3930 om.
882 3879 918 3928 62
935 3878 982 3928 444.
1003 3904 1030 3913 -
1049 3880 1073 3929 4.
1091 3879 1140 3928 aiat
1155 3877 1192 3929 443
1209 3875 1226 3927 λ
1243 3879 1323 3942 4329ε
1347 3881 1404 3927 sunt
1421 3876 1485 3928 dett.
1504 3903 1531 3914 -

217 3950 240 4001 6.
259 3951 332 4003 rebus
347 3965 405 4004 44444
420 3953 567 4016 mutim
582 3953 612 4002 44.
632 3978 660 3987 -
678 3951 723 4002 boc
745 3965 798 4002 om.
817 3951 893 4016 4329.
914 3979 941 3988 -
959 3952 984 4002 l.
1002 3954 1114 4003 44444444
1131 3953 1161 4004 44.
1180 3979 1209 3991 -
1228 3953 1252 4004 8.
1270 3956 1370 4002 44444444
1386 3954 1407 4003 44
1423 3966 1464 4017 pr.
1482 3967 1533 4015 m.;

217 4031 339 4087 4444444444
354 4029 410 4080 442.
421 4041 457 4080 m.
471 4029 498 4079 et
508 4026 554 4078 G3.
568 4053 596 4062 -
616 4027 656 4078 ti.
669 4027 725 4077 dico
736 4026 871 4092 04444444]
889 4027 943 4078 dico
953 4029 1073 4087 44444444ς
1092 4027 1146 4078 dico
1158 4025 1268 4078 64444444
1277 4027 1330 4087 62;
1347 4026 1404 4078 dico
1415 4027 1536 4078 64444444

217 4101 263 4151 64.
282 4100 403 4166 {coaeum
418 4105 496 4168 4329,
515 4103 637 4154 04444444
652 4099 719 4165 rell.)
733 4127 760 4137 -
779 4101 806 4152 ic
822 4101 864 4150 iiio
880 4099 989 4153 uici:
1008 4102 1050 4152 tito
1066 4102 1093 4152 44
1108 4100 1190 4165 4344;
1208 4101 1236 4151 44
1252 4113 1306 4152 om.
1323 4099 1380 4152 rell.
1401 4125 1428 4140 —-
1447 4103 1535 4157 tiocia·

215 4189 307 4228 conca
323 4191 376 4231 om.
389 4178 454 4230 dett.
470 4206 497 4216 -
517 4179 557 4229 42.
574 4177 658 4228 ciseio
669 4178 690 4227 R
700 4175 717 4226 4
728 4177 774 4237 64,
792 4177 912 4240 644334
929 4176 1030 4226 uacuis
1046 4177 1082 4227 62
1099 4176 1168 4240 4329
1179 4174 1211 4226 42
1228 4176 1257 4226 0.
1272 4202 1299 4211 -
1312 4188 1326 4225 4
1341 4188 1395 4226 om.
1413 4177 1490 4240 4329.
1505 4203 1533 4216 -

215 4250 317 4315 tuamet
332 4253 412 4306 idem.
426 4254 515 4313 -443,
534 4258 587 4304 mm
603 4265 656 4302 om.
675 4250 738 4304 dett.
758 4251 787 4301 0.
803 4277 830 4286 -
842 4251 895 4300 iam
912 4263 965 4301 om.
984 4251 1020 4301 62
1036 4250 1083 4302 44.
1098 4277 1126 4287 -
1138 4247 1179 4302 44.
1196 4251 1346 4315 Reginorum
1362 4252 1440 4315 4433.
1459 4265 1535 4316 prse-

217 4325 258 4376 ter
276 4325 323 4388 42;
348 4341 483 4394 repom
504 4329 596 4380 44444444
614 4339 777 4378 cosmum
799 4325 869 4389 (nam
891 4324 917 4374 in
938 4327 958 4376 R
980 4338 1088 4390 semper
1109 4326 1196 4389 4443444
1217 4324 1364 4389 scribitur);
1389 4327 1535 4390 4434444444

216 4398 356 4464 (apionem
372 4403 416 4468 62)
434 4403 525 4454 civim
540 4405 611 4454 44444.
630 4402 675 4453 63.
690 4429 715 4440 -
730 4406 755 4452 44
770 4401 811 4466 ec]
828 4407 852 4452 44
868 4413 921 4452 om.
939 4401 986 4452 443.
1001 4429 1028 4439 -
1042 4403 1083 4452 lt.
1100 4401 1223 4465 4444444444
1238 4403 1271 4463 44;
1289 4402 1429 4466 radicasse
1444 4397 1489 4452 63.
1504 4427 1531 4438 -

148 4471 152 4477 ’
216 4477 296 4538 coepit
315 4481 338 4528 44
358 4479 429 4542 quoi
451 4480 515 4531 dett.
533 4480 564 4530 0.
584 4504 612 4514 -
637 4478 677 4528 46.
695 4478 773 4527 444444
791 4477 836 4526 Ro.
861 4488 914 4526 om.
932 4474 1011 4540 bagg.
1034 4478 1141 4539 praeter
1161 4473 1202 4524 42.
1228 4501 1253 4513 -
1281 4475 1454 4538 4444444444,
1477 4475 1533 4531 alii:

215 4550 244 4600 44
258 4552 360 4604 usam
375 4555 444 4618 4329
455 4555 484 4606 0.
498 4581 526 4590 —
539 4554 674 4604 coniectum
690 4551 755 4603 4433
772 4552 876 4614 44433.
895 4549 1022 4614 (4444444444
1033 4551 1076 4612 44);
1094 4561 1144 4599 4444
1159 4549 1223 4600 coci.
1241 4549 1350 4612 43290.
1365 4576 1392 4588 —
1407 4551 1446 4602 43.
1459 4551 1534 4602 444444

216 4625 253 4676 443
271 4627 354 4692 agas:
371 4629 453 4691 ipsum
469 4629 534 4680 dett.
552 4630 581 4680 0.
601 4654 629 4666 —-
649 4627 688 4678 49.
706 4631 765 4676 cute
781 4625 846 4678 dett.
864 4626 893 4676 0.
908 4651 936 4662 -
954 4626 995 4676 20.
1011 4625 1156 4688 scissorum
1171 4625 1243 4706 Q·
1256 4624 1297 4676 24.
1315 4625 1440 4675 condona
1455 4625 1491 4676 443
1503 4623 1530 4674 l:

216 4701 310 4752 4444444
326 4701 391 4755 (4444.
409 4706 439 4756 0.
459 4731 486 4741 -
504 4703 597 4768 itaque]
614 4707 688 4766 otcoo
704 4701 782 4764 4329.
802 4727 830 4738 -
849 4701 889 4750 22.
908 4699 1010 4764 6444444]
1026 4699 1131 4763 provisu
1145 4700 1175 4750 44.
1189 4724 1217 4733 -
1234 4700 1301 4750 omit
1319 4699 1404 4752 444444
1420 4699 1488 4763 4342
1504 4701 1532 4752 44

216 4777 290 4826 Serv.
302 4776 337 4829 ad
347 4780 413 4831 Asu.
431 4781 451 4830 1.
468 4780 493 4830 2.
506 4803 533 4814 -
545 4779 654 4842 roseric
670 4777 748 4841 Lagg.
762 4800 789 4811 -
803 4775 844 4826 23.
863 4788 888 4825 44
900 4773 989 4836 Sarac.
1008 4775 1035 4824 iu
1050 4773 1193 4826 4444444444
1201 4772 1276 4836 subse
1291 4773 1337 4826 Ra.
1356 4773 1492 4838 (4444444444
1507 4787 1533 4826 44

217 4850 272 4915 63.)
293 4879 320 4891 ·-
338 4851 379 4906 24.
397 4855 425 4905 ia
439 4867 530 4906 444444
546 4853 597 4905 ut:
614 4853 642 4902 44
656 4853 743 4904 socia
758 4849 787 4912 λς
805 4863 894 4902 ucoca
910 4848 974 4901 dett.
991 4850 1061 4901 0.-
1081 4851 1122 4901 at.
1140 4849 1174 4900 cd
1188 4861 1215 4900 44
1229 4853 1290 4900 reo.
1309 4850 1355 4902 443.
1381 4850 1447 4900 Hinc
1464 4849 1496 4901 ab
1506 4863 1532 4900 44

214 4931 276 4978 retr.
296 4929 364 4980 coni.
387 4929 474 4982 Halm.
493 4957 521 4967 -
539 4930 637 4980 cisen
655 4930 685 4980 44.
704 4954 733 4966 -
751 4927 793 4978 26.
811 4926 976 4990 attenuati.
996 4950 1024 4960 -
1042 4937 1105 4990 4434
1120 4937 1146 4976 so
1162 4923 1215 4974 444.
1233 4923 1298 4976 deti.
1316 4925 1348 4975 0.
1366 4949 1393 4962 -·
1412 4925 1452 4974 27.
1470 4937 1531 4976 4444-

216 5001 305 5055 444444
319 5005 349 5056 u.
363 5031 391 5042 -
404 5019 435 5056 ce
449 5005 536 5071 444444
552 5004 629 5068 4329.
644 5029 672 5038 -
684 5003 725 5054 28.
744 5000 866 5054 musici
882 4998 971 5062 codd,
989 4999 1077 5060 Quint.
1094 5000 1137 5052 lx.
1149 5000 1175 5062 2,
1186 4997 1227 5050 49.
1246 4997 1310 5050 6444.
1327 5000 1359 5050 Χ.
1377 4999 1401 5050 3.
1420 5011 1453 5050 ex
1463 5001 1529 5064 opo.

215 5075 308 5130 codd:
330 5079 452 5132 micabat
468 5082 499 5130 L.
517 5106 545 5116 -
563 5079 604 5130 29.
621 5077 730 5128 mnino
745 5075 791 5128 63.
810 5100 839 5114 ·-
858 5075 917 5140 guo]
937 5075 981 5138 3444
996 5075 1073 5138 4329.
1093 5102 1121 5112 -
1139 5074 1180 5125 39.
1198 5073 1321 5124 mutari
1340 5073 1421 5124 idem.
1440 5096 1468 5105 —
1487 5071 1531 5124 32.

214 5154 332 5206 4444444444
346 5169 372 5208 44
386 5155 466 5223 4433.
483 5155 591 5224 praeter
605 5153 647 5219 29,
665 5154 695 5204 0.
710 5177 738 5190 -
750 5151 835 5206 Pretio
850 5150 934 5216 ngas:
950 5151 1017 5203 44444
1034 5151 1098 5203 4464
1112 5151 1143 5212 2;
1159 5147 1236 5201 rectio
1252 5149 1302 5208 62;
1318 5147 1399 5198 Pruio
1415 5144 1479 5206 dett.
1498 5147 1527 5198 0.

256 5243 428 5296 amoau
1272 5237 1315 5310 28
