3644 5874
153 1425 177 1518 4

294 367 357 433 750
711 369 863 437 ORATIO
885 371 964 437 PRO
985 372 1021 437 1..
1042 371 1209 438 MURENA

201 529 203 536 ¹
294 549 399 606 antem
426 541 459 604 in
489 541 564 605 sede
593 561 630 606 ac
659 542 729 606 loco
750 542 867 606 semum
888 543 1108 628 flammamque
1128 550 1313 607 metuemus.
1357 543 1448 619 Quae
1471 544 1535 608 iam
1558 543 1616 607 din

294 643 528 720 comparantur,
550 633 660 698 eadem
683 635 744 699 ista
758 636 878 712 omnia,
899 639 926 700 si
944 645 1053 700 ornata
1067 638 1133 701 suis
1148 637 1315 721 praesidiis
1330 638 1390 701 erit
1405 658 1455 701 res
1470 638 1614 722 publica,

291 729 383 794 facile
405 738 437 794 et
458 731 693 813 magistratuum
715 730 853 793 consiliis
876 738 907 793 et
928 731 1117 814 privatorum
1139 731 1302 813 diligentia
1322 733 1581 815 comprimentur.

377 825 443 888 XL.
465 821 516 886 86.
545 823 634 899 Quae
666 842 737 886 cum
766 823 811 886 ita
838 824 914 899 sint,
944 825 1079 900 indices,
1105 826 1240 908 primum
1262 827 1308 889 rei
1337 825 1482 910 publicae
1505 845 1614 899 causa,

269 937 356 1000 equa
377 918 464 982 nulla
484 938 534 982 res
556 921 703 1002 cuiquam
725 918 832 1000 potior
852 918 946 982 debet
966 939 1055 993 esse,
1077 940 1133 983 vos
1155 940 1213 1003 pro
1236 941 1306 984 mea
1328 939 1450 982 summa
1471 927 1504 982 et
1519 920 1612 982 vohis

292 1014 416 1095 cognita
438 1014 470 1077 in
492 1033 526 1076 re
547 1010 675 1094 publica
696 1010 859 1093 diligentia
881 1033 1009 1088 moneo,
1030 1032 1089 1095 pro
1107 1015 1293 1078 auctoritate
1308 1014 1465 1078 consulari
1487 1013 1611 1086 hortor,

290 1127 349 1189 pro
370 1105 586 1190 magnitudine
607 1103 740 1188 periculi
762 1104 917 1180 obtestor,
946 1114 981 1168 nt
1002 1107 1085 1180 otio,
1112 1115 1148 1170 ut
1169 1109 1256 1190 paci,
1278 1114 1314 1170 nt
1336 1106 1447 1181 saluti,
1469 1114 1505 1169 ut
1525 1108 1612 1170 vitae

289 1209 412 1264 vestrae
434 1207 467 1264 et
486 1207 660 1263 ceterorum
682 1197 795 1261 civium
819 1201 1005 1264 consulatis:
1030 1200 1145 1264 deinde
1168 1221 1225 1283 ego
1247 1202 1331 1266 idem
1353 1223 1409 1265 vos
1431 1200 1611 1264 defensoris

290 1303 322 1357 et
342 1294 432 1358 amici
454 1291 559 1356 officio
581 1293 735 1356 adductus
757 1313 814 1356 oro
837 1301 931 1376 atque
945 1295 1094 1370 obsecro,
1117 1295 1254 1370 indices,
1277 1303 1312 1357 ut
1333 1314 1374 1358 ne
1394 1294 1532 1358 hominis
1549 1296 1610 1356 mi·

253 1391 351 1455 soseri
373 1396 404 1452 et
426 1408 496 1452 cum
517 1388 659 1470 corporis
681 1386 789 1450 morbo
810 1394 877 1449 tum
898 1387 994 1450 animi
1017 1388 1128 1451 dolore
1150 1388 1299 1462 confecti,
1321 1389 1355 1450 L.
1372 1390 1536 1478 ijugenae,
1559 1407 1610 1450 re-

290 1490 412 1546 centem
433 1481 674 1564 gratulationem
695 1500 777 1544 nova
800 1481 1022 1546 lamentatione
1046 1482 1195 1546 obruatis.
1232 1481 1329 1545 Modo
1351 1482 1489 1545 maximo
1511 1483 1609 1545 bene·

288 1575 361 1640 licio
378 1576 491 1658 'populi
510 1576 644 1638 Romani
666 1584 795 1638 omatus
815 1574 993 1639 fortunatus
1011 1576 1192 1651 videbatur,
1215 1576 1299 1660 quod
1322 1576 1442 1659 primus
1464 1577 1497 1637 in
1517 1574 1608 1637 lami-

289 1670 362 1734 liam
377 1677 530 1744 veterem,
545 1669 665 1752 primus
679 1669 713 1731 in
728 1669 933 1752 municipium
948 1669 1205 1752 antiquissimum
1219 1669 1418 1733 consulatum
1432 1668 1607 1732 attulisset:

289 1784 373 1828 nunc
394 1763 480 1826 idem
502 1762 649 1849 squalore
671 1769 704 1827 et
725 1762 870 1826 sordibus
892 1750 1069 1838 coniectus,
1090 1762 1226 1826 lacrimis
1247 1781 1283 1824 ac
1297 1781 1440 1826 maerore
1454 1762 1608 1845 perditus,

253 1867 394 1927 tevester
414 1867 464 1923 eat
481 1856 634 1942 supplex,
656 1857 794 1930 iudices,
816 1865 951 1920 vestram
966 1856 1061 1919 tidem
1076 1857 1266 1930 obtestatur,
1288 1856 1537 1920 misericordiam
1551 1858 1609 1919 im·

289 1953 406 2037 plorat,
426 1960 563 2015 vestram
584 1957 771 2033 potestatem
793 1970 829 2013 ac
844 1957 964 2014 vestras
980 1971 1055 2034 opes
1070 1951 1219 2012 intuetur.
1252 1947 1303 2012 87.
1318 1950 1438 2024 Nolite,
1460 1970 1517 2032 per
1532 1949 1608 2012 deos

287 2045 495 2111 immortales!
518 2045 653 2119 iudices,
675 2045 734 2108 hac
749 2066 821 2108 eum
843 2064 894 2118 re,
917 2064 980 2130 qua
994 2064 1028 2107 se
1042 2043 1258 2107 honestiorem
1271 2042 1339 2106 ione
1354 2043 1491 2126 putavit,
1514 2044 1607 2107 etiam

288 2142 402 2206 ceteris
423 2147 495 2206 ante
516 2139 612 2223 partis
632 2138 850 2203 honestatibus
872 2145 969 2220 atque
991 2137 1078 2201 omni
1094 2137 1245 2220 dignitate
1265 2137 1457 2221 fortuneque
1472 2139 1604 2222 privare.

287 2237 391 2320 Atque
413 2235 534 2298 ituros
556 2234 738 2308 Ldlnrena,
760 2233 898 2308 iudices,
921 2241 989 2296 orat
1011 2239 1106 2315 atque
1128 2232 1286 2306 obsecrat,
1309 2239 1351 2306 ut,
1375 2233 1401 2295 si
1421 2233 1537 2296 iniuste
1551 2254 1608 2296 ne-

251 2331 405 2398 eominem
426 2327 533 2402 laesit,
556 2327 583 2390 si
604 2326 722 2390 nullius
745 2347 837 2390 aures
859 2326 1091 2390 voluntatemve
1106 2325 1251 2399 violavit,
1273 2327 1299 2388 si
1314 2325 1443 2400 nemini,
1458 2334 1493 2389 ut
1515 2327 1608 2389 levis-

288 2425 367 2488 sime
396 2423 513 2496 dicam,
542 2421 616 2485 odio
643 2441 703 2484 nec
732 2421 816 2484 domi
843 2441 902 2483 nec
925 2419 1056 2483 militiae
1077 2419 1155 2494 fuit,
1186 2420 1227 2482 sit
1248 2420 1333 2502 apud
1354 2440 1411 2483 vos
1433 2421 1606 2484 modestiae

171 2581 173 2586 .
288 2518 395 2592 locus,
424 2517 466 2580 sit
487 2515 632 2579 demissis
653 2515 835 2579 hominibus
857 2513 1052 2596 perfugium,
1083 2515 1123 2576 sit
1144 2513 1296 2576 auxilium
1318 2513 1443 2597 pudori.
1486 2515 1607 2577 Miseri-

288 2612 428 2675 cordiam
457 2610 605 2693 spoliatio
627 2610 808 2672 consulatus
830 2627 975 2690 magnam
996 2608 1113 2671 habere
1134 2607 1244 2681 dehet,
1273 2607 1412 2682 iudices;
1439 2629 1502 2672 una
1523 2609 1605 2672 enim

288 2705 464 2789 eripiuntur
486 2724 556 2766 cum
579 2703 743 2767 consulatu
765 2702 880 2765 omnia.
924 2702 1079 2765 Invidiam
1101 2721 1176 2764 vero
1201 2701 1253 2765 his
1274 2703 1468 2785 temporibus
1490 2703 1606 2766 haltere

250 2799 471 2868 mconsulatus
498 2799 567 2880 ipse
589 2797 707 2859 nullam
735 2802 856 2880 potest:
883 2795 1032 2860 obiicitur
1052 2795 1136 2858 enim
1158 2796 1355 2859 contionibus
1377 2797 1606 2868 seditiosorum,

668 2996 749 3003 --—--
766 2997 789 3002 q..
825 2995 871 3002 ...μ
894 2995 999 3002 ..-u-n...
1009 2995 1114 3003 *αι-.-

352 3125 377 3175 i.
396 3123 481 3175 mocio
496 3123 545 3173 istu
561 3125 591 3172 G.
612 3148 638 3158 -
663 3121 688 3173 3.
706 3121 900 3182 comprimentur
916 3119 969 3172 Pal.
988 3123 1011 3171 4.
1031 3124 1059 3172 et
1074 3123 1134 3185 Lag.
1153 3122 1202 3173 at:
1226 3124 1385 3187 confirmetur
1401 3123 1462 3186 Lag.
1480 3122 1526 3182 43,
1547 3137 1607 3172 coo·

285 3203 407 3266 flmtu·
420 3201 484 3262 lag.
495 3198 542 3256 ὥς
560 3198 738 3262 corebum
753 3197 821 3256 (41,
839 3196 943 3258 domn,
959 3198 1045 3258 Pera,
1061 3198 1140 3260 legg.
1152 3195 1218 3257 relt.;
1239 3199 1410 3260 opprimentur
1420 3198 1505 3249 vl..-
1524 3198 1607 3250 lcum

288 3289 341 3327 orn.
360 3278 389 3326 G.
410 3301 438 3312 —
456 3272 544 3336 cauea}
560 3285 617 3322 men
633 3274 662 3322 G.
683 3299 711 3308 -
735 3273 760 3321 a.
779 3271 847 3321 dotet
862 3283 914 3321 esse
927 3273 1011 3334 potior
1025 3286 1052 3322 v.
1070 3297 1097 3310 -
1117 3273 1141 3321 6.
1160 3273 1188 3321 s'n
1202 3272 1346 3334 remica
1360 3272 1427 3334 mei,
1446 3273 1562 3325 CHST:
1580 3276 1607 3324 iu

285 3365 340 3402 rara
353 3351 479 3415 publicum
496 3349 554 3399 LO.
572 3374 599 3382 -
616 3346 640 3397 7.
658 3351 687 3395 ut
703 3349 763 3396 ante
779 3347 849 3398 citae
864 3359 918 3396 om.
937 3350 967 3397 G.
983 3373 1010 3384 -
1023 3348 1048 3398 8.
1066 3353 1252 3410 ceterorumque
1267 3361 1293 3398 v.
1307 3376 1334 3385 -
1343 3349 1450 3411 Mose
1462 3349 1493 3400 F„
1504 3378 1532 3388 -
1543 3352 1607 3401 idem

284 3439 329 3477 uos
344 3423 489 3488 Madvigius
506 3424 610 3488 (opusc.
628 3423 660 3472 u.
678 3435 705 3487 p.
724 3421 805 3485 3721:
830 3422 879 3487 fide
896 3423 922 3472 io
937 3435 981 3472 cor
998 3422 1051 3473 Pal.
1070 3423 1095 3472 2.
1114 3423 1138 3472 3.
1157 3424 1217 3485 Lag.
1238 3422 1278 3473 to.
1297 3422 1336 3472 43.
1348 3423 1396 3483 38.
1415 3423 1466 3483 65.,
1484 3437 1519 3484 κς
1534 3426 1608 3489 Merv

284 3502 312 3552 iu
327 3513 371 3551 uos
386 3499 440 3550 Pal.
453 3498 477 3549 3.
490 3499 520 3558 8;
538 3498 598 3562 fider
613 3497 640 3546 iu
655 3509 699 3546 vor
714 3497 771 3556 Tv;
788 3498 895 3561 [44444444
909 3495 1007 3555 Guelt.;
1024 3499 1098 3561 fldem
1112 3503 1221 3548 casuros
1238 3499 1299 3561 Lag.
1313 3497 1342 3558 93
1361 3499 1433 3551 4444444
1446 3505 1555 3550 oestrum
1569 3500 1608 3550 uel

286 3575 355 3637 u0;
372 3575 445 3640 fldem
460 3578 568 3624 44444444
584 3577 607 3622 et
623 3573 654 3632 L;
680 3571 754 3636 4444444
773 3572 812 3622 oet
832 3573 987 3636 48644844,
1014 3574 1072 3623 Par.
1090 3571 1125 3634 4.,
1150 3573 1227 3636 Lagg.
1246 3571 1357 3637 reliqui,
1384 3573 1434 3624 nisi
1450 3574 1522 3638 qnod
1538 3587 1607 3626 unus

286 3649 386 3701 alterve
403 3649 453 3712 etde
471 3647 512 3697 uel
530 3645 619 3697 hebet.
641 3673 668 3683 -·
692 3646 717 3697 9.
735 3659 780 3696 oro
796 3659 850 3698 om.
869 3649 898 3698 G.
920 3674 946 3683 -
974 3648 1014 3698 tt.
1033 3661 1126 3697 nocam
1143 3647 1343 3698 lamentationem
1360 3650 1388 3698 G.
1409 3675 1437 3685 —·
1456 3649 1566 3700 comam
1582 3650 1607 3700 44

286 3738 356 3775 corr.
375 3727 402 3774 et
413 3724 447 3774 E:
466 3722 599 3773 octauam
614 3735 646 3781 χ,
665 3720 775 3786 epam,
794 3723 818 3772 44
836 3734 871 3772 m.
884 3735 940 3787 pr.;
954 3721 1090 3773 4444444444
1105 3725 1166 3782 Gv,
1185 3723 1220 3773 st.
1234 3723 1310 3784 vict,
1329 3725 1388 3773 Par.
1400 3723 1424 3775 4.
1437 3751 1463 3761 -
1476 3725 1516 3777 44.
1529 3739 1607 3789 agun-

285 3800 337 3849 44444
352 3803 376 3848 et
392 3797 503 3848 4444444444
519 3797 671 3859 EGttCli,
690 3799 748 3847 Par.
767 3797 791 3847 ’4.
810 3798 834 3848 8.
853 3798 888 3856 e..
907 3797 968 3861 Lag.
986 3798 1011 3848 9.
1029 3798 1070 3850 40.
1083 3799 1125 3849 244.
1144 3795 1202 3860 (sed
1218 3798 1267 3848 25:
1286 3799 1342 3860 acl:
1360 3800 1477 3861 coemere
1492 3815 1510 3850 o
1525 3802 1606 3851 sordi·

285 3874 330 3924 4444
345 3875 406 3937 Lag.
425 3872 470 3933 at;
496 3873 611 3936 spuatme
632 3871 745 3923 44444444
764 3873 825 3936 Lag.
844 3871 888 3931 ⁴³3
914 3874 1031 3935 caudore
1050 3878 1074 3924 et
1098 3875 1213 3924 sordidum
1230 3875 1292 3938 Lag.
1312 3875 1335 3923 4.
1354 3873 1378 3924 3.
1396 3875 1421 3924 i.
1439 3875 1467 3933 ὃς
1493 3877 1608 3938 aarum

285 3945 484 4008 444444444414..
501 3948 584 4000 LOv.
609 3975 636 3984 -
661 3949 784 4012 consectus
800 3949 952 4009 EGCHS,
978 3950 1038 4000 Par.
1056 3951 1081 4000 t.
1100 3950 1124 4001 8.
1144 3950 1179 4011 e,
1205 3951 1267 4013 Lag.
1287 3951 1311 4000 4.
1329 3947 1354 3999 3.
1372 3949 1396 3999 7.
1415 3950 1439 4000 8.
1458 3951 1482 4000 9.
1499 3951 1540 4001 444.
1558 3952 1604 4002 84ε

285 4023 409 4087 consectum
423 4025 489 4074 idem
504 4024 542 4083 m
560 4023 683 4087 correctae
697 4023 784 4074 morbo
800 4021 868 4084 rell,
887 4023 970 4075 LOv.
991 4049 1018 4060 -
1033 4025 1164 4086 praeditur
1178 4038 1204 4075 v.
1222 4051 1249 4060 -
1268 4025 1308 4074 444.
1326 4024 1413 4089 vestm]
1430 4027 1505 4076 nemu·
1521 4042 1554 4089 χ,
1571 4027 1608 4076 vi-

287 4101 359 4149 detur
375 4097 469 4160 ECH,
487 4098 503 4149 3
520 4102 592 4152 Parr.
610 4127 638 4137 -
659 4100 699 4151 46.
717 4101 827 4151 intuetur
844 4111 897 4149 om.
917 4101 951 4158 G;
970 4105 1053 4151 metare
1068 4101 1150 4160 Tvx.
1165 4125 1192 4134 —
1212 4100 1252 4150 47.
1270 4101 1318 4150 hoc
1334 4113 1390 4150 eum
1405 4113 1434 4150 re
1449 4101 1541 4154 Etlv:
1560 4101 1608 4150 hcc

286 4173 352 4225 ento
366 4185 396 4223 re
411 4173 446 4234 G;
464 4173 511 4224 lucc
526 4187 583 4224 men
597 4187 627 4225 re
643 4174 686 4225 ed.
704 4175 772 4225 ven.
789 4173 866 4237 4483,
884 4174 956 4226 unde
973 4177 1035 4241 post
1051 4175 1234 4237 (tenetentum,
1252 4177 1297 4240 qui
1314 4189 1370 4226 um
1384 4175 1434 4225 hac
1450 4189 1505 4226 mun
1519 4189 1549 4226 re
1564 4189 1607 4227 su-

287 4248 403 4313 spicatus
421 4250 490 4308 erat,
509 4247 620 4300 Orellins
632 4250 761 4300 coniecit:
780 4249 827 4300 tac
844 4263 901 4301 eum
916 4263 974 4301 marr
989 4265 1026 4302 re.
1041 4279 1069 4288 —
1087 4265 1112 4302 re
1122 4263 1174 4300 om.
1188 4264 1214 4300 v.
1230 4277 1257 4288 -
1275 4251 1396 4308 etceren'e
1406 4263 1431 4300 v.
1446 4277 1473 4285 -
1487 4250 1527 4301 48.
1540 4250 1607 4299 unus·

286 4337 340 4374 om.
358 4338 386 4383 χ.
407 4347 435 4360 -
450 4324 551 4385 penae
567 4336 640 4390 susp.
660 4325 780 4375 Bactrius.
796 4351 823 4360 -
843 4325 883 4375 49.
900 4325 979 4388 Atque
995 4327 1031 4376 ita
1046 4327 1090 4376 cos
1106 4338 1158 4377 om.
1172 4325 1202 4375 G.
1220 4353 1245 4363 -
1264 4325 1292 4375 4..
1304 4327 1412 4377 Murem
1428 4325 1486 4387 Tu,
1506 4325 1551 4387 Lg.
1563 4323 1605 4374 44.

239 4437 240 4442 .
287 4399 357 4462 (Lag.
375 4396 416 4449 il.
436 4399 462 4448 et
478 4399 513 4448 T:
531 4399 601 4460 lul:
620 4401 728 4450 Murena
743 4400 769 4450 u
786 4411 821 4448 m.
839 4411 891 4463 pn,
909 4401 931 4450 st
946 4402 1054 4452 Murena
1070 4404 1090 4451 G
1098 4414 1132 4462 χ,
1150 4401 1208 4451 Par.
1227 4398 1262 4460 4.,
1282 4393 1342 4465 Lag.
1361 4401 1385 4450 9.
1399 4401 1439 4451 ro.
1454 4400 1492 4451 43,
1505 4400 1547 4451 26.
1560 4400 1604 4450 65:

226 4500 229 4506 ·
285 4473 320 4522 stc
336 4474 444 4523 Murena
454 4471 483 4532 E,
501 4472 528 4523 ll
544 4485 580 4522 m.
593 4485 648 4524 sec.
662 4472 718 4524 rell.
732 4475 810 4536 Legg.
823 4475 895 4524 Perr.
908 4475 982 4534 Orx.;
1000 4475 1059 4526 444.
1073 4477 1180 4527 Murano
1197 4472 1319 4525 Klotzius.
1331 4503 1358 4512 -
1376 4481 1405 4526 ut
1420 4476 1482 4540 post
1497 4475 1607 4526 otmunt

286 4546 384 4597 addtdi.
397 4573 423 4584 -
436 4547 526 4596 4444444
541 4548 662 4598 metuere
673 4561 727 4598 om.
741 4550 761 4598 G
778 4548 804 4598 in
822 4546 924 4599 lacuna.
937 4577 964 4586 —
982 4551 1023 4600 20.
1036 4551 1270 4601 ourirEGMv.-
1283 4549 1435 4602 uoluntatem
1446 4553 1504 4611 (ΣΕ,
1521 4551 1607 4602 uolam-

285 4623 481 4684 miscueratis.
502 4647 529 4658 -
548 4623 577 4685 aa]
595 4623 636 4673 sad
653 4626 682 4674 G.
703 4651 729 4661 -
748 4625 789 4674 at.
807 4623 834 4673 iu
850 4623 906 4672 odio
923 4624 1035 4674 coniecit
1050 4627 1080 4674 Α.
1093 4625 1137 4675 W.
1150 4623 1285 4688 Zumptius
1302 4623 1336 4673 de
1354 4623 1431 4675 Cicer.
1445 4627 1479 4676 ad
1494 4627 1530 4676 Μ.
1542 4627 1607 4675 Bm-

286 4703 339 4748 tum
354 4698 424 4761 aptet.
444 4696 537 4760 (Berol.
555 4697 629 4749 48444.
648 4696 683 4761 l.)
700 4711 726 4765 p.
746 4696 786 4749 43.
806 4701 859 4749 not.
872 4700 903 4758 t;
922 4701 949 4749 at
965 4713 989 4749 v.
1008 4699 1037 4750 c.
1056 4699 1097 4748 Fr.
1110 4697 1253 4749 Hermanni
1270 4697 1363 4750 Vindio.
1376 4699 1448 4751 Brut.
1461 4701 1606 4763 spineum

285 4786 312 4839 p.
330 4773 371 4824 48.
390 4775 417 4824 et
433 4775 473 4824 Fr.
492 4773 686 4826 Schneiderum
703 4775 729 4824 in
745 4775 827 4824 latuit
842 4774 906 4825 Aua.
921 4775 1007 4837 postet.
1025 4774 1096 4824 nocie
1111 4771 1168 4824 Vol.
1187 4773 1228 4825 43.
1246 4787 1273 4839 p.
1291 4773 1348 4824 395.
1368 4800 1395 4810 -
1414 4779 1475 4826 ante
1491 4777 1523 4826 444
1539 4776 1607 4837 apud

284 4862 328 4899 vor
343 4851 442 4915 puncto
459 4849 623 4912 distinguunt
638 4848 699 4898 Em.
713 4849 741 4899 et
751 4849 872 4900 Beckius.
892 4849 953 4900 mhi
970 4847 1136 4901 verisimilius
1152 4849 1238 4899 visum
1256 4849 1298 4899 est
1312 4854 1341 4899 ut
1356 4851 1417 4914 post
1433 4849 1545 4902 chamut
1560 4849 1607 4901 ob·

285 4922 428 4975 litteratum
441 4937 511 4976 esse.
526 4951 554 4962 —
572 4923 615 4975 84.
633 4923 749 4990 mimir]
766 4925 797 4975 de
812 4923 832 4975 E
848 4925 874 4974 in
890 4927 1009 4975 extremo
1020 4936 1108 4975 versu.
1123 4949 1150 4958 -
1167 4923 1436 4988 profugiunCETv.
1451 4951 1477 4960 —
1496 4925 1538 4975 83.
1552 4937 1607 4986 rpo-

285 4999 393 5050 la'atoE.
413 5028 441 5037 -
465 4999 533 5052 debet
553 4997 731 5050 hulmu—
757 5001 799 5052 ee.
817 4998 1031 5051 44444444414444.
1051 5024 1078 5035 -
1103 4997 1365 5052 coudoatmutillv:
1388 5013 1456 5050 cooc.
1475 4999 1503 5050 0.
1524 5025 1551 5034 -
1571 5011 1607 5049 ae·

287 5075 406 5126 4444444444
422 5075 484 5140 EG,
502 5075 648 5128 amdam
664 5075 694 5125 c.
