3638 5868
421 418 567 486 410.1Π.
597 417 669 484 Car.
692 415 1035 485 LXXVII-LXXIX.
1061 415 1118 502 55.
1140 413 1337 483 t79-t83.
1475 411 1532 482 301

217 590 310 676 lybus
341 609 413 655 esse
443 589 499 676 qui
531 595 653 676 potest,
686 611 757 654 oum
788 596 921 654 utuntur
950 609 1058 655 omnes
1086 609 1151 654 uno
1175 609 1291 673 genere
1312 593 1538 654 nummorum?

219 685 379 750 Gerarium
400 704 478 748 vero
499 684 598 778 quid?
621 703 685 768 quo
701 684 795 748 modo
817 684 880 748 boc
900 704 1016 748 nornen
1030 684 1070 748 ad
1083 684 1221 749 rationes
1235 685 1451 767 magistratus,
1472 704 1538 768 qno

217 778 373 843 modoad
395 779 564 862 pecuniam
585 778 744 861 publicam
765 778 897 843 allatum
920 781 990 842 est‘t
1021 781 1102 842 Nam
1124 778 1203 842 illud
1225 797 1325 860 genus
1341 778 1468 842 tertium
1486 779 1540 842 de-

218 873 375 938 ductionis
396 880 465 937 erat
485 873 554 936 eius
578 872 682 948 modi,
709 874 801 956 quasi
823 892 888 936 000
909 872 1005 936 modo
1027 872 1151 945 liceret,
1173 871 1230 934 sed
1252 873 1347 936 etiam
1368 879 1539 955 oporteret,

217 987 277 1030 nec
298 967 402 1030 solum
422 973 597 1050 oporteret,
618 966 674 1031 sed
697 967 788 1050 quasi
809 985 940 1030 necesse
962 973 1046 1030 esset
1067 965 1171 1048 plane.
1199 965 1326 1030 Scribae
1347 967 1477 1030 nomine
1499 966 1565 1035 dea

218 1067 283 1125 tota
312 1061 447 1143 pecunia
468 1061 561 1125 binae
591 1060 872 1144 quinquagesimae
899 1059 1153 1124 detrahebantur.
1198 1059 1278 1135 Quis
1299 1059 1361 1124 boc
1382 1059 1440 1124 tibi
1463 1081 1540 1125 con·

218 1155 336 1219 0000444
357 1173 439 1238 quae
460 1154 530 1229 lex,
553 1174 636 1238 quae
657 1161 785 1217 senatus
807 1153 992 1229 auctoritas,
1014 1173 1098 1237 quae
1119 1173 1215 1237 porro
1236 1155 1399 1238 aequitas,
1421 1164 1457 1220 ut
1471 1164 1540 1220 tan·

218 1257 281 1314 tarn
314 1248 481 1331 pecuniam
508 1247 609 1312 scriba
634 1256 709 1311 tuus
730 1246 869 1310 auferret
890 1247 957 1310 sire
978 1249 1017 1311 de
1039 1256 1197 1312 aratorum
1218 1248 1311 1312 bonis
1333 1249 1399 1312 sive
1421 1251 1460 1312 de
1482 1270 1540 1334 po·

218 1342 287 1426 puli
308 1343 441 1407 Romani
462 1340 693 1423 vectigalibus?
736 1335 808 1404 184.
829 1342 907 1405 llam
929 1341 956 1404 si
981 1349 1088 1425 potest
1108 1342 1169 1406 ista
1189 1343 1328 1426 pecunia
1348 1343 1416 1406 sine
1437 1350 1541 1408 arato-

218 1457 289 1500 rum
310 1436 428 1500 iuiuria
449 1433 589 1509 detrahi,
608 1432 750 1517 populus
771 1435 933 1498 Romanus
954 1435 1085 1510 habeat,
1107 1436 1141 1498 in
1163 1436 1260 1500 tantis
1281 1438 1466 1518 praesertim
1488 1457 1578 1507 ae·ro

219 1531 294 1595 rarii
313 1531 486 1613 angustiis:
508 1529 558 1592 sin
580 1536 685 1592 autem
707 1534 739 1590 et
760 1527 897 1610 populus
918 1529 1078 1593 Romanus
1095 1529 1195 1594 voluit
1217 1537 1249 1593 et
1268 1549 1407 1612 aequum
1429 1539 1477 1596 est
1497 1532 1543 1596 ita

220 1626 301 1690 solvi
323 1623 514 1697 aratoribus,
535 1628 610 1686 tuus
631 1622 791 1705 apparitor
811 1639 910 1704 parva
931 1623 1076 1686 mercede
1098 1623 1210 1706 populi
1224 1623 1400 1688 conductus
1419 1625 1459 1688 de
1474 1645 1543 1689 ara·

220 1726 325 1784 torum
346 1717 438 1782 bonis
460 1716 683 1800 praedabitur?
706 1722 739 1779 et
759 1717 794 1779 in
814 1715 874 1778 bac
896 1736 991 1780 causa
1009 1718 1182 1780 acribarum
1196 1716 1339 1781 ordinem
1352 1718 1388 1780 in
1402 1738 1453 1783 rne
1468 1739 1544 1784 con·

220 1813 329 1882 citabit
350 1810 563 1874 Hortensius?
586 1817 618 1873 et
638 1829 747 1874 eorum
761 1808 927 1873 commoda
947 1830 967 1874 a
988 1830 1038 1873 me
1060 1810 1243 1874 labefactari
1258 1807 1352 1895 alque
1367 1815 1543 1896 oppugnari

137 1897 144 1909 ⁸
220 1907 290 1971 iura
318 1905 428 1968 dicet?
457 1904 548 1987 quasi
576 1923 653 1967 vero
677 1903 738 1966 lroc
761 1903 872 1968 scribis
894 1903 962 1966 ullo
984 1905 1131 1986 exemplo
1153 1911 1208 1968 aut
1228 1905 1295 1968 ullo
1316 1905 1385 1971 iure
1407 1909 1450 1972 sit
1470 1929 1582 1980 corr-rs

221 2021 355 2064 cessum.
399 1998 483 2075 Quid
511 2017 570 2081 ego
597 2004 703 2062 vetera
724 2001 887 2081 repetam?
912 2004 966 2062 aut
988 1998 1066 2081 quid
1088 2017 1197 2062 eorum
1219 1999 1390 2064 scribarum
1411 2002 1546 2066 mentio-

220 2115 293 2158 nem
320 2092 451 2166 faciam,
485 2111 565 2176 qnos
595 2097 717 2155 constat
745 2091 962 2156 sanctissimos
983 2092 1129 2156 homines
1150 2099 1246 2176 atque
1268 2093 1545 2158 innocentissimos

220 2189 346 2252 luisset
388 2189 458 2250 Non
483 2206 535 2248 me
563 2184 661 2268 sugit,
694 2185 833 2261 iudices,
865 2192 975 2250 vetera
996 2185 1142 2269 exempla
1161 2206 1220 2269 pro
1242 2183 1324 2251 lictis
1344 2187 1460 2254 fabulis
1481 2188 1544 2252 iam

222 2281 324 2346 audiri
346 2288 441 2365 atque
462 2279 592 2344 baberi:
613 2280 647 2343 in
667 2279 718 2342 lris
740 2279 937 2362 temporibus
958 2280 1109 2344 versabor
1129 2279 1253 2344 miseris
1267 2300 1304 2346 ac
1318 2282 1460 2364 perditis.
1481 2283 1547 2346 Nu-

222 2395 293 2461 per,
314 2374 480 2449 Hortensi,
503 2382 652 2458 quaestor
664 2373 763 2436 bristi.
797 2373 881 2448 Quid
897 2374 943 2436 tui
963 2373 1084 2438 scribae
1099 2374 1249 2451 fecerint,
1271 2382 1306 2440 tu
1319 2384 1411 2460 potes
1426 2377 1584 2448 diceretso

224 2489 282 2551 ego
305 2468 345 2532 de
367 2469 444 2532 meis
464 2469 527 2532 lroc
548 2467 636 2543 dieo,
659 2488 732 2531 cum
753 2468 786 2546 in
809 2467 919 2532 eadem
942 2467 1004 2532 ista
1023 2468 1131 2531 Sicilia
1153 2489 1211 2551 pro
1232 2467 1390 2534 lrumento
1413 2472 1548 2538 civitati·

223 2560 282 2624 bus
313 2561 481 2644 pecuniam
513 2563 669 2627 solverem
701 2569 734 2625 et
762 2581 887 2626 mecum
909 2563 990 2625 duos
1010 2561 1239 2644 frugalissimos
1260 2561 1406 2630 homines
1428 2566 1546 2630 scribas

221 2655 385 2730 haberem,
408 2656 444 2718 4.
465 2655 641 2719 Mamilium
663 2663 695 2719 et
715 2657 751 2718 L.
774 2657 934 2738 Sergium,
955 2676 1021 2720 000
1042 2655 1135 2720 modo
1156 2656 1233 2720 istae
1255 2657 1334 2721 duas
1350 2658 1547 2743 quinquage-

221 2748 333 2823 simas,
355 2748 412 2812 sed
433 2750 562 2813 omnino
582 2739 749 2813 nummum
770 2751 893 2812 nullum
915 2751 1064 2834 cuiquam
1086 2771 1157 2816 esse
1179 2750 1361 2816 deductum.
1402 2752 1547 2818 LXXIX.

220 2843 366 2908 Dicerem
385 2843 447 2908 lroe
469 2843 547 2908 milri
567 2851 671 2907 totum
693 2862 764 2926 esse
784 2843 1033 2920 attribuendum,
1055 2845 1193 2920 iudices,
1216 2845 1243 2909 si
1257 2845 1305 2909 illi
1322 2867 1472 2931 umquam
1485 2848 1585 2922 bocas

222 2958 311 3002 ame
333 2937 565 3022 postulassent,
588 2938 615 3002 si
636 2957 788 3022 umquam
811 2939 941 3002 omnino
962 2938 1165 3020 cogitassent.
1208 2934 1281 3002 183.
1304 2939 1547 3016 Quamobrem

222 3035 308 3097 enim
330 3032 432 3097 scriba
454 3033 592 3096 deducat
605 3038 637 3096 et
651 3052 717 3095 non
734 3032 839 3116 potius
854 3033 970 3107 mulio,
991 3032 1047 3116 qui
1062 3033 1214 3097 advexit?
1236 3033 1433 3110 tabellarius,
1457 3035 1549 3098 cuius

223 3127 360 3192 adventu
381 3126 533 3190 certiores
554 3125 629 3189 lacti
650 3127 850 3210 petiverunt?
878 3146 1010 3210 praeco,
1040 3127 1095 3210 qui
1118 3126 1205 3190 adire
1226 3126 1345 3192 iussit?
1371 3129 1474 3195 viator
1495 3136 1550 3193 aut

1654 643 1672 713 4

292 3485 316 3534 4.
334 3495 384 3533 esse
400 3480 451 3545 pare]
469 3479 573 3542 0040004
589 3491 639 3530 csse
654 3480 716 3530 NO.
735 3505 762 3513 -
781 3485 887 3530 0400400
902 3482 965 3546 433.
984 3495 1086 3545 omnes,
1104 3483 1141 3533 B:
1160 3485 1266 3532 0400400
1281 3482 1395 3546 1400300.
1413 3482 1444 3534 0.
1473 3485 1512 3536 De
1527 3487 1550 3536 Δ

226 3559 246 3610 C
264 3557 375 3608 tacetur.
395 3581 423 3592 -
446 3557 472 3606 4.
490 3554 570 3619 quid?
585 3555 655 3618 4344
666 3556 705 3604 N:
729 3556 971 3616 00440000090011.
986 3583 1013 3594 -
1031 3559 1155 3608 0044044004
1166 3558 1214 3622 434
1230 3559 1257 3608 04
1267 3556 1351 3610 44.,-
1371 3559 1393 3608 b.
1408 3559 1481 3620 30004
1496 3573 1549 3610 erec.

226 3639 287 3686 esset
303 3633 379 3696 plane
398 3629 483 3695 egla:
501 3631 579 3694 ploce
593 3643 646 3681 occ.
664 3635 725 3681 00404
741 3629 797 3682 rell.
817 3632 846 3682 0.
865 3659 893 3670 -
916 3634 1022 3699 comtes]
1046 3645 1129 3684 comm
1144 3632 1224 3698 4344.
1249 3657 1277 3670 -
1300 3632 1325 3684 6.
1342 3633 1388 3684 boc
1403 3633 1447 3683 4444
1463 3634 1549 3698 agla:

226 3709 271 3760 tibi
285 3709 331 3758 boc
346 3705 402 3758 rell.
422 3708 451 3756 0.
472 3733 499 3743 -
518 3707 543 3756 8.
562 3705 681 3770 atterrat]
698 3711 797 3757 0000004
812 3706 899 3771 4344;
917 3713 1045 3760 comat
1054 3709 1089 3769 N;
1108 3712 1230 3760 comurct
1245 3709 1273 3759 L.
1289 3731 1316 3744 -
1336 3709 1376 3758 40.
1395 3707 1466 3758 babet
1482 3709 1551 3774 4349

225 3785 289 3843 AB,
306 3781 411 3833 babebat
420 3781 499 3846 4344.
510 3807 538 3818 -
557 3781 584 3832 te
594 3783 670 3832 tcctts
684 3793 769 3844 praes.
782 3781 852 3845 4349
864 3785 891 3832 04
901 3785 922 3834 Α
931 3785 961 3844 Β,
973 3784 1004 3832 04
1013 3782 1130 3833 videtur:
1150 3795 1203 3834 om.
1217 3783 1244 3831 to
1255 3777 1324 3845 4344
1342 3782 1378 3846 (at
1388 3782 1422 3833 cl.
1436 3795 1463 3848 p.
1474 3783 1549 3836 Balb.

227 3859 251 3924 5.
265 3859 305 3910 04.
318 3859 353 3909 de
365 3859 431 3908 orat.
445 3856 464 3906 l.
478 3855 503 3920 S.
515 3855 564 3919 3.);
580 3867 664 3918 proca
678 3857 705 3906 r'c
716 3859 734 3905 t.
749 3855 813 3906 dett.
827 3856 856 3906 0.
866 3882 893 3893 -
912 3858 953 3907 44.
966 3858 1034 3908 ltom.
1048 3857 1126 3907 004044
1136 3854 1220 3920 egla:
1239 3856 1265 3906 id
1274 3856 1353 3906 004044
1368 3855 1424 3907 rell.
1437 3857 1466 3907 0.
1477 3883 1504 3894 -·
1517 3861 1553 3908 cst

225 3935 263 3986 440
278 3933 365 3999 egla:
383 3934 421 3983 tto
437 3937 472 3982 cet
487 3931 542 3982 rell.
557 3932 587 3982 0.
602 3957 630 3967 -
649 3931 689 3983 44.
707 3933 767 3981 cart
782 3933 843 3981 tora
854 3933 1055 3996 --proedooum
1072 3931 1096 3997 g.
1109 3933 1167 3983 486.
1185 3943 1208 3982 e.
1222 3931 1240 3983 l.
1255 3929 1337 3982 habet
1347 3931 1378 3981 V.
1393 3955 1420 3966 -
1440 3933 1480 3982 46.
1492 3932 1553 3984 turc

225 4009 254 4072 4,
273 4011 341 4062 NV:
358 4009 455 4060 totcrtc
471 4006 536 4058 dett.
551 4032 578 4042 -
598 4007 723 4058 40404444.
737 4033 764 4042 -
784 4011 830 4055 cut
845 4007 896 4057 0440
912 4009 967 4058 tore
982 4006 1108 4070 ntegra:
1126 4006 1159 4055 att
1173 4009 1219 4055 004
1233 4005 1285 4055 0140
1301 4005 1357 4056 berc
1372 4007 1395 4055 V
1413 4007 1484 4072 4804,
1504 4009 1550 4059 044.

226 4087 255 4135 0.
271 4111 298 4121 -
317 4085 357 4135 46.
375 4083 429 4148 ego]
446 4096 506 4147 ergo
516 4081 586 4145 4344
598 4081 630 4134 48
642 4083 673 4133 V.
687 4109 714 4118 -
733 4081 826 4146 004000]
843 4095 935 4132 000000
951 4083 981 4132 V.
996 4108 1024 4117 -
1043 4087 1089 4132 cut
1104 4081 1148 4142 qut
1164 4080 1242 4145 4344.
1256 4105 1284 4116 -
1303 4080 1344 4131 48.
1361 4093 1412 4130 ooo
1430 4083 1554 4143 praeterit

225 4162 317 4211 4064000
326 4161 357 4210 V.
366 4186 395 4195 —
413 4158 454 4209 49.
467 4171 517 4208 corr
528 4158 603 4208 rabor
614 4155 682 4222 4344
695 4157 737 4222 [er
746 4157 887 4222 4400000004
899 4184 927 4194 -
944 4158 986 4209 40.
998 4159 1109 4221 seem
1125 4158 1203 4221 lagg.
1217 4158 1324 4221 praeter
1334 4156 1376 4207 40.
1386 4181 1413 4192 -·
1433 4157 1473 4208 44.
1492 4160 1553 4223 post

225 4236 275 4286 tsto
291 4235 350 4285 an
368 4233 436 4284 duae
452 4231 554 4283 litterae
571 4234 647 4296 sequi
658 4232 793 4293 videntur,
812 4233 872 4283 lert.
890 4233 938 4283 Plt.
956 4233 1018 4296 (Br.)
1034 4260 1061 4269 -
1078 4234 1211 4296 peccatam
1226 4233 1293 4282 04044.
1311 4232 1335 4281 V
1351 4234 1379 4282 et
1395 4233 1456 4296 403.
1468 4233 1510 4286 aa.
1521 4260 1550 4271 -

226 4309 267 4362 44.
285 4313 310 4359 04
324 4321 420 4359 mecum
437 4309 505 4374 duos]
523 4321 580 4358 0004
595 4311 644 4359 duo
662 4308 724 4372 (om.
736 4310 766 4371 ct)
784 4307 854 4371 4340
865 4308 895 4358 Β.
909 4334 936 4344 -
956 4307 1230 4371 441400440404344ς
1248 4307 1364 4359 4404444404
1379 4319 1463 4371 marg.
1478 4309 1550 4363 teet.

228 4409 257 4420 -
275 4381 315 4434 44.
332 4383 429 4433 nudum
445 4397 498 4434 om.
517 4383 587 4446 4340
598 4385 626 4434 Β.
651 4409 678 4419 -
706 4382 845 4448 deductum]
866 4383 953 4433 dacum
969 4383 991 4432 V
1014 4383 1137 4447 (Bruanio
1158 4383 1246 4447 potius
1267 4382 1361 4432 4404040
1379 4379 1502 4447 videtur).
1522 4407 1549 4418 -

227 4459 269 4510 46.
287 4463 365 4509 totum
380 4459 442 4508 mibi
457 4458 526 4521 4349
539 4460 568 4509 Β.
588 4485 615 4494 -
635 4459 702 4508 cdtr.
723 4459 752 4509 V.
772 4483 799 4493 -
817 4469 939 4518 tanquam
954 4458 1101 4521 cogitassent
1116 4462 1140 4508 ct
1155 4457 1234 4521 4344.
1251 4483 1277 4492 -
1296 4457 1342 4506 boc
1358 4469 1376 4506 c
1390 4455 1551 4520 4004344114

228 4547 246 4584 0
260 4547 301 4584 mc
315 4533 360 4584 boc
377 4531 433 4583 rell.
451 4534 480 4583 0.
501 4557 528 4567 -
546 4533 588 4583 46.
602 4539 702 4596 posceret
718 4534 748 4583 V.
768 4559 795 4568 -
814 4545 935 4595 conquam
952 4533 1066 4592 oomtV;
1085 4533 1185 4582 0040400
1201 4544 1322 4594 00400004
1337 4528 1415 4594 4344.
1429 4557 1457 4566 -
1476 4532 1516 4581 44.
1530 4536 1554 4581 04

227 4623 254 4660 rr.
269 4623 298 4671 p.
315 4621 350 4659 m.
368 4605 453 4672 4344ε
474 4621 525 4658 con
539 4609 616 4658 mutto
630 4607 688 4671 ptus
703 4609 727 4658 V
743 4607 813 4672 (hinc
830 4605 868 4658 Xl.
887 4621 937 4658 000
954 4608 1031 4658 motio
1045 4609 1151 4671 potitos),
1169 4621 1201 4658 cc
1216 4621 1243 4657 0.
1258 4607 1343 4670 potius
1357 4621 1392 4658 m.
1410 4622 1434 4669 φ
1451 4605 1551 4658 00140.

229 4683 314 4748 (mato
329 4695 378 4748 pro
394 4682 472 4732 040440
489 4695 582 4734 omnes
600 4684 687 4748 4033.)
707 4708 735 4718 -
762 4682 864 4734 0400044
879 4681 966 4746 4344;
993 4683 1124 4732 04000044
1140 4681 1189 4734 tv
1205 4679 1262 4732 rell.
1286 4706 1313 4717 -
1339 4695 1391 4732 ooo
1411 4681 1555 4732 tabellam

228 4758 252 4807 V
268 4758 329 4822 (Bc.)
347 4781 375 4792 —
398 4757 440 4808 48.
459 4757 601 4820 permenso
616 4759 693 4808 uncie
709 4755 816 4809 inclusit
830 4757 942 4809 Ernesti.
971 4759 1071 4820 «Aegre
1089 4759 1179 4808 tamen
1190 4756 1234 4808 hic
1245 4755 1429 4808 desideramus
1439 4753 1554 4807 verbum

228 4829 348 4893 linitum,
366 4831 482 4896 satisque
499 4831 663 4895 respondere
680 4831 786 4883 ridetur
800 4846 827 4883 v.
846 4831 1066 4884 accesuque.
1092 4831 1206 4884 Petebant
1222 4829 1278 4884 scil.
1297 4830 1402 4882 scribae
1419 4829 1555 4881 001440014-

229 4920 283 4971 qna
299 4905 424 4970 termula,
447 4906 489 4958 vel
506 4910 537 4957 ut
552 4907 602 4958 sibi
619 4909 690 4959 cdtrc
712 4906 806 4958 liceret
822 4907 855 4958 ad
872 4907 1034 4958 trumentum
1051 4905 1115 4959 illud
1130 4919 1193 4960 suas
1209 4907 1236 4958 in
1253 4903 1357 4958 tabulas
1373 4905 1554 4966 referendum,

228 4981 271 5034 vel
287 4984 318 5034 04
333 4983 414 5034 abbat
429 4981 593 5034 trumentum
609 4995 671 5033 eum
688 4983 714 5034 in
731 4981 834 5044 locum,
859 4981 906 5032 ubi
922 4981 950 5032 ld
966 4983 993 5032 in
1009 4983 1124 5034 rationes
1141 4995 1204 5034 suas
1227 4980 1395 5032 relerebant:
1422 4992 1503 5044 qnam
1520 4978 1555 5030 ad

229 5069 289 5110 rem
306 5069 373 5124 opas
391 5059 461 5120 eret,
478 5059 508 5108 ut
524 5069 623 5122 praeco
638 5055 716 5108 aliam
727 5057 862 5122 quandem
878 5055 1020 5108 formulam
1036 5058 1244 5122 pronuntiaret.»
1262 5056 1308 5108 Oa.
1320 5057 1340 5106 Ι.
1358 5053 1436 5106 Atel.
1448 5055 1552 5118 Zumpt.

230 5131 265 5184 ad
280 5132 307 5184 h.
325 5129 343 5184 l.
363 5157 390 5169 -
409 5132 481 5184 04400
497 5131 526 5197 4,
544 5133 612 5184 NV:
630 5131 700 5184 obtrc
716 5132 781 5185 dett.
801 5156 829 5171 ·-
848 5132 1078 5196 cavasagra:
1097 5126 1224 5196 sillaim
1242 5128 1347 5192 norell.
1365 5131 1394 5181 0.
