3642 5868
255 333 317 402 200
624 331 667 394 IN
687 329 853 397 VERREM
874 327 996 396 acmo
1018 329 1200 397 SECUNDA

255 508 335 572 dunt
356 523 475 569 omues.
511 502 591 566 Nam
613 501 708 565 ceteri
729 522 860 586 quoque
881 503 1051 586 impetrant
1070 522 1111 566 uc
1132 503 1339 580 retineantur,
1362 505 1416 589 qui
1439 525 1473 570 se
1486 505 1579 570 velle

254 602 401 666 dicebaut
421 597 564 662 alterutri
587 615 706 672 conum,
730 596 872 680 quitum
895 597 974 660 illud
996 598 1148 662 iudicium
1162 598 1329 674 habebant,
1350 600 1471 663 adesse.
1507 600 1578 662 lta·

254 715 317 781 que
338 696 398 758 iste
419 694 505 756 solus
527 711 599 755 cum
621 711 678 754 sua
698 691 828 754 cohorte
850 693 1046 777 nequissima
1068 692 1269 778 relinquitur.
1311 690 1362 756 72.
1385 694 1456 755 Non
1477 691 1577 755 dubi·

252 791 340 854 tabat
359 787 526 862 Minucius,
549 786 605 870 qui
627 786 795 869 Sopatrum
818 785 1016 862 defendebat,
1038 787 1115 870 quiu
1135 788 1206 862 iste,
1228 787 1380 870 quoniam
1400 787 1575 850 consilium

229 883 434 956 edimisisset,
454 881 512 944 illo
534 881 587 944 die
608 901 675 944 rem
696 880 784 943 illam
806 880 1006 963 quaesiturus
1028 901 1093 944 non
1114 889 1208 956 esset,
1235 901 1306 945 cum
1327 889 1457 966 repente
1478 883 1575 946 iube-

252 984 305 1041 tur
326 975 440 1039 dicere.
468 974 667 1058 Respondet:
689 974 737 1038 td
760 976 863 1057 quos?
885 973 933 1036 Ad
955 993 1015 1049 me,
1038 974 1151 1057 inquit,
1174 975 1200 1038 si
1222 976 1279 1038 tibi
1296 976 1431 1038 idoneus
1445 976 1571 1052 videor,

105 1085 121 1155 ’ς
252 1069 369 1156 quide
389 1069 519 1133 bomine
535 1068 642 1132 Siculo
664 1088 700 1131 ac
716 1067 870 1158 Graeculo
885 1067 1032 1131 iudicem.
1054 1067 1191 1132 Idoneus
1206 1089 1258 1143 es,
1280 1069 1404 1153 iuquit:
1427 1071 1482 1133 sed
1497 1091 1572 1154 per-

101 1159 107 1174 '
251 1165 366 1230 vellem
387 1164 535 1227 adessent
555 1162 588 1238 ii,
611 1163 667 1248 qui
689 1157 856 1226 adlucrant
876 1169 969 1225 autea
990 1180 1181 1246 causamque
1203 1171 1387 1245 cognorant
1430 1165 1497 1240 Dic,
1519 1166 1570 1228 iu-

251 1260 336 1344 quit:
357 1257 404 1320 illi
426 1258 537 1321 adesse
562 1277 627 1320 non
648 1263 791 1340 possunt.
833 1257 912 1318 Nam
934 1254 1072 1331 berculc,
1098 1257 1202 1340 inquit
1224 1257 1393 1334 Minucius,
1416 1281 1466 1323 me
1488 1281 1570 1344 quo-

214 1372 314 1439 toque
335 1351 483 1427 Petilius,
511 1359 548 1416 ut
568 1352 628 1415 sibi
650 1352 684 1414 iu
706 1350 840 1414 consilio
868 1369 988 1424 essem,
1015 1350 1147 1432 rogavit.
1190 1351 1231 1415 Et
1253 1351 1346 1414 simul
1368 1373 1388 1418 a
1409 1355 1569 1422 subselliis

249 1446 337 1510 abire
364 1447 478 1530 coepit
527 1443 578 1509 73.
604 1447 667 1508 Istc
695 1446 793 1508 iratus
821 1442 982 1506 bominem
1008 1445 1113 1508 uerbis
1141 1445 1429 1512 vehementioribus
1458 1471 1570 1534 prose·

124 1579 149 1659 3
251 1542 359 1626 quitur
379 1547 476 1624 atque
498 1540 527 1605 ei
549 1541 674 1624 manius
696 1539 790 1601 etiam
812 1539 924 1601 minari
945 1540 1060 1623 coepit,
1082 1541 1169 1625 quod
1190 1541 1226 1603 in
1247 1559 1281 1604 sc
1302 1547 1425 1628 mutum
1447 1544 1568 1608 crimen

214 1636 465 1719 ..invidiamque
487 1636 647 1698 conflaret.
690 1621 996 1712 XXX.lMinuoins,l
1013 1635 1067 1718 qui
1091 1635 1254 1719 Syracusis
1277 1636 1322 1698 sic
1331 1625 1569 1720 negotiaretur,

145 1756 153 1813 5
249 1740 285 1797 ut
307 1731 361 1815 ⁸!Li
377 1729 456 1792 iuris
478 1728 705 1812 dignitatisque
727 1728 939 1802 meminisset,
968 1735 1000 1792 et
1027 1729 1081 1814 qui
1111 1730 1205 1793 sciret
1229 1731 1273 1792 ita
1295 1749 1329 1793 se
1350 1731 1384 1793 iu
1405 1733 1569 1816 provincia

213 1846 316 1894 tarem
337 1843 453 1907 augere
474 1830 635 1907 oportere,
656 1829 751 1885 utne
774 1821 911 1905 quidde
933 1823 1079 1886 libertate
1101 1823 1302 1906 deperderet,
1324 1823 1463 1902 bomini,
1485 1848 1569 1911 quae

55 1953 74 1986 ,e
132 1974 141 1996 ,
249 1921 318 1984 visa
339 1925 413 1983 sunt
433 1920 569 2012 etq'quae
591 1923 716 2001 tempus
738 1915 818 1978 illud
840 1917 913 1982 tulit
941 1925 973 1980 et
1000 1938 1108 1992 causa,
1135 1901 1329 2001 respoudit:l
1344 1939 1471 1984 causam
1498 1942 1570 1986 sese

22 1992 135 2062 ⁸⁴4*
249 2013 379 2077 dimisso
400 2019 497 2096 atque
519 2011 663 2095 ablegato
686 2009 821 2074 consilio
843 2011 1045 2074 defensurum
1067 2013 1203 2094 negavit.
1238 2013 1348 2096 ltaque
1369 2034 1388 2076 a
1410 2015 1570 2080 subselliis

249 2107 411 2182 discessit,
432 2108 581 2190 idemque
603 2105 665 2169 boc
686 2112 812 2188 praeter
832 2105 955 2168 Siculos
979 2107 1075 2168 ceteri
1091 2107 1216 2189 Sopatri
1244 2108 1336 2170 amici
1358 2108 1569 2193 advocatique

248 2203 401 2266 lecerunt.
444 2196 494 2262 7t.
517 2201 580 2263 Iste
604 2219 796 2284 quamquam
819 2208 867 2262 est
888 2199 1067 2262 incredibili
1096 2200 1334 2283 importunitate
1365 2211 1397 2265 et
1425 2202 1569 2280 audacia,

212 2306 355 2364 mtameu
377 2295 481 2357 subito
504 2295 590 2358 solus
613 2293 781 2356 destitutus
804 2293 967 2376 pertimuit
988 2301 1020 2356 et
1041 2295 1243 2357 conturbatus
1264 2301 1329 2358 est:
1352 2296 1430 2380 quid
1451 2306 1568 2379 ageret,

250 2410 315 2477 quo
338 2410 371 2453 se
392 2394 538 2463 uerteret,
559 2387 730 2451 nesciebat.
774 2388 807 2450 Si
830 2387 1001 2451 dimisisset
1023 2407 1060 2451 eo
1082 2395 1224 2471 tempore
1247 2389 1475 2473 quaestionem,
1496 2397 1571 2473 post

248 2486 313 2549 illis
334 2483 484 2549 adbibitis
506 2483 540 2544 in
563 2480 746 2556 consilium,
780 2500 861 2565 quos
889 2481 1103 2563 ablegaverat,
1135 2482 1314 2546 absolutum
1336 2483 1375 2546 iri
1399 2485 1569 2568 Sopatrum

249 2579 392 2642 videbat:
408 2577 457 2640 siu
472 2583 577 2639 autem
591 2576 753 2639 homiuem
767 2576 917 2638 miserum
931 2582 1027 2658 atquc
1042 2576 1244 2639 innocentem
1259 2577 1304 2639 ita
1318 2579 1568 2654 condemnasset,

249 2674 411 2757 cumipse
432 2677 560 2754 praetor
581 2669 648 2733 siue
671 2668 815 2743 consilio,
837 2689 910 2731 reus
932 2677 1037 2732 autem
1059 2670 1128 2734 sine
1143 2678 1276 2753 patrono
1292 2678 1390 2755 atque
1405 2673 1567 2738 advocatis
1710 2717 1713 2720 -
1785 2680 1790 2693 '

211 2769 364 2835 eluisset
383 2765 601 2850 iudiciumque
622 2763 654 2827 C.
671 2763 849 2828 Sacerdotis
872 2764 1069 2827 rescidisset:
1091 2765 1241 2828 iuvidiam
1264 2785 1298 2828 se
1320 2765 1476 2829 sustinere
1498 2774 1567 2830 tan·

248 2870 314 2927 tam
335 2881 400 2926 non
421 2879 515 2945 posse
537 2859 755 2922 arbitrabatur.
798 2859 910 2942 Itaque
932 2859 1095 2933 aestuabat
1123 2860 1338 2923 dubitatione:
1366 2861 1512 2924 uersabat
1532 2881 1566 2924 se

248 2959 283 3022 iu
304 2965 471 3041 utramque
492 2960 614 3039 partem
635 2972 701 3016 nou
722 2953 826 3015 solum
848 2956 962 3027 mente,
984 2971 1094 3016 verum
1116 2954 1211 3016 etiam
1233 2972 1374 3038 corpore,
1397 2964 1433 3018 ut
1447 2974 1566 3032 omues,

249 3053 305 3139 qui
327 3052 474 3124 aderaut,
504 3048 681 3130 intelligere
711 3054 858 3131 possent,
887 3047 1046 3110 inanimo
1069 3048 1138 3110 eius
1160 3055 1277 3118 metum
1300 3068 1372 3111 cum
1395 3051 1566 3133 cupiditate

39 3132 115 3231 ...pis
170 3133 191 3218 l
248 3164 401 3232 pugnare.
414 3127 512 3230 (Erat
525 3142 690 3206 bominum
705 3149 878 3204 conuentus
895 3141 1060 3216 maximus,
1082 3161 1238 3230 summum
1253 3141 1423 3217 silentium,
1446 3164 1567 3207 summa

77 3221 83 3234 .
123 3215 130 3245 r
213 3219 631 3324 inexspectatiosquonam
653 3241 735 3298 esset
757 3236 825 3298 eius
848 3235 1005 3319 cupiditas
1027 3229 1206 3328 eruptura2)
1228 3235 1336 3298 crebro
1359 3255 1393 3299 se
1416 3221 1566 3302 acoebsus

249 3334 433 3418 demittebat
460 3333 500 3396 ad
522 3349 629 3393 aurem
651 3328 876 3391 Timarchides.
919 3325 970 3390 75.
993 3331 1074 3392 Tum
1096 3330 1155 3392 iste
1178 3329 1365 3412 aliquando:
1394 3333 1476 3415 Age,
1505 3332 1566 3412 dic,

248 3428 363 3514 iuquit.
398 3429 482 3490 Reus
504 3441 594 3487 orare
616 3431 711 3507 atque
734 3423 910 3496 obsecrare,
932 3430 967 3484 ut
989 3443 1059 3486 cum
1082 3423 1216 3487 consilio
1238 3434 1451 3507 cognosceret.
1487 3428 1566 3490 'l'um

86 3517 163 3604 4⁰2
248 3529 380 3607 repente
400 3522 460 3584 istc
481 3525 578 3582 testes
601 3517 691 3580 citari
713 3501 922 3608 iubet:(dicjt
950 3536 1032 3579 uuus
1063 3525 1094 3580 et
1122 3518 1203 3581 alter
1229 3509 1492 3622 breviterzlnibil
1519 3521 1566 3583 in·

88 3598 95 3622 ¹
248 3621 441 3698 terrogatur:
462 3631 578 3697 praeco
600 3629 726 3676 nrxrssu
750 3611 943 3695 pronuntiat.
977 3611 1048 3686 Iste,
1071 3612 1162 3696 quasi
1185 3619 1350 3684 metueret,
1371 3633 1412 3677 ne
1434 3615 1566 3678 Petilius

212 3711 372 3794 deprivato
395 3707 451 3771 illo
473 3706 591 3771 iudicio
612 3713 771 3770 trausacto
793 3712 849 3768 aut
868 3705 993 3787 prolato
1016 3725 1088 3768 cum
1104 3707 1217 3769 ceteris
1232 3706 1447 3771 inconsilium
1461 3729 1567 3772 rerer-

300 3924 324 3974 4.
335 3936 361 3974 ee
376 3921 440 3972 node
450 3922 498 3985 Lgt
512 3920 567 3972 647
576 3920 607 3971 R.
620 3919 698 3970 tleiu.
712 3917 807 3983 probb.
820 3919 896 3970 Facio
908 3920 935 3970 ct
945 3919 1049 3970 Beckio.
1069 3919 1136 3969 «sed
1147 3919 1262 3970 otumci
1273 3920 1397 3984 equidem
1409 3920 1510 3986 explico
1522 3923 1567 3973 aut

248 3999 324 4049 Verri
341 4000 387 4048 cut
401 3995 505 4056 Petilio:
523 3999 581 4047 tum
597 4008 671 4054 vero,
691 4007 753 4046 cnm
770 3993 1031 4046 crederentverrem
1048 3993 1218 4045 dimissurum
1234 4007 1295 4046 esse
1312 3997 1397 4045 totum
1409 3995 1442 4045 de
1457 3997 1566 4060 sopatro

248 4074 384 4135 iudicium,
403 4086 464 4124 cum
481 4071 571 4123 Petilio
588 4070 718 4121 abierunt.
736 4068 819 4133 Vulgo
837 4067 966 4134 explicant
982 4071 1097 4119 attuatii
1110 4096 1137 4106 -
1148 4070 1191 4131 qui
1206 4071 1324 4120 indicium
1341 4069 1461 4121 bobcboat
1473 4070 1507 4122 de
1518 4085 1565 4122 reo

251 4149 377 4214 (Sopatro)
397 4149 506 4212 eiusque
518 4148 684 4204 accusatore:
703 4146 730 4194 at
744 4144 846 4208 Sopatri
857 4145 935 4195 amici
946 4144 1120 4209 advocatique
1133 4145 1272 4196 discedunt
1283 4145 1392 4196 demum
1405 4143 1428 4208 g.
1442 4144 1482 4195 73.
1501 4145 1567 4195 ludt-

249 4225 316 4275 eium
331 4223 421 4274 ircim
437 4235 499 4287 crgo
515 4222 543 4273 h.
556 4219 574 4271 l.
593 4215 722 4285 siguificat
738 4232 862 4282 eccrcrre,
880 4221 971 4270 iudicio
983 4233 1123 4285 proeesse.»
1142 4221 1186 4270 On.
1215 4219 1249 4270 ct.
1265 4221 1321 4271 Rau
1338 4222 1368 4270 ll.
1381 4233 1407 4284 p.
1421 4217 1469 4269 496
1480 4232 1521 4284 sq.
1537 4249 1563 4258 -

250 4301 273 4352 6.
294 4299 423 4361 respondet
444 4310 497 4349 om.
516 4295 585 4361 Lgld
601 4309 627 4361 p.
647 4308 683 4346 m.
703 4323 730 4332 -
750 4296 883 4358 Respondet
904 4295 992 4346 obiisse
1012 4296 1112 4346 iudicer.
1143 4296 1182 4346 Ac
1196 4310 1261 4357 ooo,
1287 4297 1379 4358 iuquit,
1403 4295 1447 4346 titt
1467 4297 1568 4346 idoneo

250 4373 310 4424 cod.
323 4373 379 4426 Urs.
393 4373 421 4434 (4)
441 4397 469 4408 -
487 4372 512 4422 7.
530 4385 555 4422 ee
571 4382 616 4422 om
632 4367 701 4434 ugr:
718 4383 744 4434 p.
758 4383 795 4420 m.
815 4398 842 4407 —
862 4370 886 4420 9.
906 4371 1031 4421 Minucius
1048 4371 1114 4435 Egit
1132 4383 1158 4434 p.
1177 4383 1229 4420 m:
1249 4373 1277 4433 (i.
1296 4372 1417 4422 ditarit.
1436 4372 1466 4423 0.
1478 4399 1505 4408 -
1524 4373 1564 4422 40.

249 4461 324 4501 wem
340 4446 408 4511 Lgli
419 4459 445 4511 p.
459 4459 510 4497 m.:
528 4447 638 4496 wrcen
655 4447 700 4496 ctt.
719 4447 747 4496 0.
763 4472 790 4481 —
806 4450 835 4495 ot
850 4446 924 4496 simul
940 4445 964 4498 4.
980 4475 1007 4483 -
1021 4447 1061 4497 tt.
1080 4447 1118 4496 ire
1134 4445 1201 4509 Lgli
1213 4459 1239 4510 p.
1252 4459 1288 4497 m.
1307 4448 1358 4497 bis.
1371 4460 1413 4511 up.
1428 4450 1521 4499 Graec.
1537 4477 1563 4486 -

251 4525 291 4575 49.
309 4525 430 4588 conflaret
444 4520 513 4584 ugia
529 4534 555 4586 p.
569 4533 605 4572 m.
624 4535 662 4584 cp:
681 4520 797 4586 ccctinrit
814 4522 859 4570 ctt.
874 4549 900 4558 -
919 4523 960 4572 to.
979 4534 1072 4586 cupere
1088 4523 1186 4584 Noua:
1205 4533 1280 4585 opere
1296 4521 1374 4572 codd.
1392 4523 1456 4572 uoti.
1477 4549 1504 4558 -
1523 4523 1564 4573 46.

249 4597 513 4660 courom--cepooit
528 4597 639 4660 Eutycb.
658 4597 689 4647 ll.
708 4597 731 4646 t.
750 4608 776 4660 p.
796 4595 852 4648 499.
871 4596 944 4648 liud.
965 4625 992 4634 -
1011 4597 1051 4648 44.
1070 4596 1282 4658 inconciliaret,
1300 4598 1334 4647 N:
1354 4610 1407 4648 om.
1426 4596 1474 4648 dtt.
1493 4599 1521 4648 0.
1536 4623 1564 4632 —

249 4673 409 4737 obtepummd
424 4670 505 4735 egla:
524 4670 655 4736 obiecerat
670 4673 715 4722 ctt.
734 4672 764 4722 0.
785 4699 812 4708 -
830 4671 870 4722 43.
889 4673 926 4722 ito
943 4673 1010 4736 Lsstt
1022 4671 1053 4723 44
1064 4673 1099 4722 B:
1119 4683 1172 4722 om.
1191 4673 1236 4722 ctt.
1255 4673 1284 4723 0.
1300 4700 1327 4710 —
1344 4672 1386 4723 45.
1404 4677 1501 4723 mntem
1515 4685 1566 4722 coe

245 4764 318 4816 porse
335 4748 402 4813 Lsstt
413 4749 434 4799 Α
446 4747 482 4798 B:
503 4760 553 4797 nnn
571 4760 641 4810 porse
657 4751 754 4798 tautam
770 4747 816 4798 ott.
834 4747 863 4797 0.
885 4774 912 4783 -
930 4747 971 4797 48.
994 4761 1051 4798 cum
1071 4747 1205 4810 cupiditate
1220 4747 1249 4810 4,
1266 4749 1291 4799 bi
1302 4750 1335 4799 N:
1360 4749 1567 4811 cupiditatemque

250 4827 298 4878 dtt.
317 4825 346 4876 0.
371 4851 398 4861 -
423 4822 464 4874 30.
481 4835 506 4873 ue
522 4834 575 4872 occ.
593 4821 656 4873 dem
675 4821 705 4874 l:
729 4823 792 4873 doc.
810 4835 835 4873 re
856 4835 908 4872 acc.
927 4822 975 4872 dit.
994 4823 1023 4873 0.
1058 4822 1110 4872 Sed
1134 4821 1270 4874 dimittebat
1291 4821 1368 4873 codd.
1387 4836 1495 4883 omnes:
1521 4823 1565 4872 de·

249 4901 361 4953 midde:
371 4901 437 4952 esta
449 4896 585 4950 Lambiuo.
599 4925 627 4935 -
641 4897 681 4949 34.
693 4910 752 4948 retes
761 4924 798 4936 --
808 4899 937 4947 obsecrare
952 4896 1021 4961 ugit
1038 4910 1064 4962 p.
1075 4909 1111 4947 m.
1124 4899 1149 4950 bl
1160 4912 1196 4960 p:
1215 4899 1337 4961 Sopatma
1346 4899 1483 4961 implorare
1494 4899 1564 4948 deren

248 4979 323 5044 fldem
338 4981 412 5040 atque
427 4975 567 5036 temtum
585 4973 714 5024 obsecrare
729 4973 797 5038 agac
808 4974 830 5024 A
841 4973 876 5032 B;
902 4973 961 5035 Sep.
980 4971 1048 5035 impl.
1069 4973 1134 5024 bom.
1155 4977 1230 5035 otene
1246 4973 1318 5024 dmm
1332 4974 1406 5038 fldem
1422 4972 1469 5024 dit.
1487 4974 1516 5024 0.
1534 4997 1562 5011 -·

250 5051 291 5106 tt.
309 5056 354 5102 oret
366 5051 467 5118 prototo
482 5049 551 5104 coni.
569 5051 677 5116 Zumpt:
696 5053 745 5099 met
752 5048 852 5114 perlato
868 5049 905 5104 it:
924 5053 947 5102 et
958 5047 1058 5116 perlato
1073 5045 1141 5116 Lgli
1158 5061 1184 5116 p.
1204 5061 1255 5112 m.;
1276 5053 1322 5100 ant
1337 5049 1415 5102 otoo
1432 5051 1478 5102 co.
1497 5050 1528 5104 0.
