3638 5868
280 337 344 410 282
651 349 693 414 IN
715 350 882 418 VERREM
901 351 1025 417 suno
1048 353 1233 420 SECUNDA

327 566 330 572 .
363 515 450 578 Haec
471 523 516 592 tu,
537 519 661 582 tametsi
684 521 824 584 amnium
846 520 1008 587 hominum
1020 523 1283 588 dissolutissimus
1298 521 1606 609 crudelissimusque

280 627 405 692 semper
424 609 521 688 feristi,
543 619 648 677 tanen
669 635 839 698 numquam
861 625 1072 700 perpeterere,
1094 625 1264 700 propterea
1284 607 1446 700 quodlille
1469 617 1607 699 gemitus

132 719 228 822 dd
278 699 447 788 luctusque
468 709 649 788 provinciae
670 710 710 773 ad
731 711 777 774 tui
799 711 909 796 capitis
930 710 1106 795 perieulum
1126 711 1324 802 pertinebat)
1351 731 1433 786 non,
1463 711 1605 796 iuquam,

278 805 495 879 perpeterere,
526 810 562 867 ut
588 803 732 868 homines
763 805 898 871 iniuriae
928 813 1002 870 tuae
1031 805 1205 870 remedium
1237 813 1336 871 morte
1366 824 1403 871 ac
1431 807 1604 892 suspendio

255 900 486 971 aquaererent,
517 896 578 960 nisi
609 917 647 961 ea
672 918 722 962 res
751 898 790 962 ad
818 907 987 984 quaestum
1016 907 1048 964 et
1069 901 1109 963 ad
1136 901 1287 984 praedam
1315 908 1399 966 tuam
1421 903 1604 986 pertineret.

280 973 352 1044 l30.
374 983 482 1059 Quidt
503 988 582 1053 illud
603 997 826 1075 perpeterere?
858 994 1035 1066 Attendite,
1058 993 1195 1068 iudices;
1223 993 1369 1059 omnihus
1392 996 1477 1059 enim
1498 995 1604 1058 nervis

279 1073 356 1140 mihi
379 1082 604 1147 connitendum
626 1093 790 1172 astatque
812 1087 846 1152 in
871 1088 932 1152 hoc
954 1086 1197 1162 elaborandum,
1228 1096 1263 1151 ut
1284 1108 1394 1151 omnes
1416 1089 1603 1171 intelligant,

279 1187 374 1253 quam
404 1171 594 1258 improbam,
626 1200 721 1264 quam
748 1182 959 1256 manifestam,
994 1201 1089 1265 quam
1116 1181 1291 1246 confessam
1312 1201 1378 1246 rem
1399 1182 1535 1266 pecunia
1554 1202 1605 1244 re-

281 1261 398 1328 dimere
421 1279 560 1336 conetur.
605 1275 706 1340 Grave
736 1276 856 1341 crimen
884 1285 933 1340 est
958 1276 1021 1339 hoc
1050 1283 1081 1339 et
1102 1275 1272 1340 vehemens
1295 1285 1327 1340 et
1347 1283 1420 1361 post
1439 1274 1605 1339 hominum

242 1362 460 1428 tomemotiam
491 1367 673 1453 iudiciaque
706 1370 747 1433 de
778 1371 922 1456 pecuniis
959 1370 1144 1454 repetundis
1177 1372 1344 1435 constituta
1376 1371 1604 1454 gravissimum,

278 1461 455 1544 praetorem
483 1462 586 1525 socios
613 1463 762 1528 habuisse
791 1465 992 1530 decumanos.
1040 1465 1133 1528 Lvll.
1165 1465 1236 1528 Non
1264 1466 1325 1528 hoc
1354 1484 1439 1529 nnnc
1468 1464 1603 1547 primum

278 1546 365 1611 audit
386 1551 527 1632 privatus
550 1556 590 1620 de
612 1557 750 1634 inimico,
770 1580 845 1624 reus
867 1561 906 1624 ah
927 1568 1124 1624 accusatore:
1146 1560 1209 1624 iam
1231 1568 1325 1625 antea
1345 1560 1378 1624 in
1394 1558 1472 1624 sella
1487 1558 1612 1622 sedeus'

277 1648 413 1723 praetor,
434 1666 505 1714 cum
526 1651 720 1734 provinciam
743 1654 882 1719 Siciliam
904 1655 1072 1728 obtineret,
1094 1674 1165 1717 curn
1187 1654 1226 1716 ah
1249 1655 1394 1719 omnihus
1409 1673 1472 1718 non
1491 1654 1603 1730 solum,

278 1733 311 1796 id
337 1739 421 1822 quod
452 1761 616 1810 commune
645 1754 711 1824 est,
740 1756 872 1833 propter
897 1749 1082 1830 imperium,
1114 1746 1170 1811 sed
1199 1749 1310 1822 etiam,
1332 1749 1364 1812 id
1394 1750 1481 1834 quod
1511 1749 1603 1814 istius

239 1834 482 1915 tepraecipuum
507 1847 568 1914 est,
602 1849 731 1926 propter
754 1843 967 1909 crudelitatem
995 1851 1204 1917 metueretur,
1236 1843 1341 1907 milies
1369 1845 1503 1920 audivit,
1533 1867 1603 1910 cum

279 1926 348 1990 eius
369 1929 506 1996 animum
529 1935 568 1998 ad
589 1937 842 2022 persequendum
864 1957 929 2000 non
951 1938 1142 2022 negligentia
1163 1937 1311 2013 tardaret,
1333 1939 1389 2003 sed
1411 1941 1604 2006 conscientia

279 2020 407 2113 sceleris
428 2027 644 2113 avaritiaeque
667 2049 743 2095 suae
765 2031 947 2095 refrenaret.
984 2032 1208 2116 Loquehantur
1223 2033 1308 2097 enim
1322 2034 1485 2098 decumani
1501 2035 1604 2119 palam

280 2122 311 2178 et
332 2126 458 2202 praeter
479 2128 601 2186 eeteros
623 2125 661 2198 is,
684 2125 738 2208 qui
751 2126 835 2209 apud
850 2125 945 2188 istum
961 2126 1131 2209 plurimum
1146 2132 1270 2210 poterat
1283 2129 1501 2212 maximosque
1514 2150 1604 2212 agros

277 2213 500 2296 populabatur,
522 2219 690 2303 Apronius,
712 2239 901 2303 perparvum
923 2240 964 2284 ex
986 2220 1050 2284 illis
1072 2220 1193 2302 magnis
1214 2220 1310 2284 lucris
1324 2221 1364 2284 ad
1380 2243 1415 2286 se
1429 2227 1606 2306 pervenire,
1656 2263 1662 2269 ·

239 2315 453 2389 sopraetorem
475 2330 544 2374 esse
565 2312 696 2377 socium.
740 2308 811 2377 tet.
838 2312 908 2378 Hoc
934 2334 1004 2376 cum
1031 2314 1135 2396 palam
1163 2314 1328 2378 decumani
1359 2320 1423 2380 tota
1443 2318 1606 2401 provincia

277 2397 484 2483 loquerentur
512 2413 663 2491 tuumque
690 2428 804 2472 nomen
827 2410 860 2473 in
881 2430 915 2472 re
938 2415 1002 2472 tam
1033 2408 1117 2491 turpi
1144 2407 1328 2491 nefariaque
1357 2408 1604 2493 interponerent,

277 2491 400 2558 nihilne
422 2497 479 2562 tihi
501 2501 589 2564 venit
610 2501 644 2565 in
665 2511 802 2568 mentem
824 2502 1053 2568 existimationi
1070 2509 1142 2564 tuae
1157 2501 1347 2565 consuleret
1369 2503 1450 2566 nihil
1465 2502 1604 2589 denique

279 2590 374 2672 capiti
399 2611 436 2654 aa
464 2592 598 2660 fortunis
627 2597 689 2660 tuis
720 2599 914 2681 provideret
947 2619 1018 2662 cum
1045 2597 1092 2660 tui
1119 2597 1257 2660 nominis
1286 2604 1389 2660 terror
1417 2597 1450 2660 in
1478 2599 1604 2662 aunhus

278 2683 457 2769 animisque
477 2693 635 2755 aratorum
655 2700 848 2768 versaretur,
880 2713 951 2755 aum
980 2691 1143 2756 decumani
1170 2690 1344 2754 aratoribus
1375 2690 1415 2754 ad
1443 2692 1605 2774 pactiones

241 2777 439 2844 etfaciendas
460 2802 525 2846 non
547 2803 636 2848 suam
657 2787 733 2860 vim,
755 2787 812 2849 sed
827 2792 915 2850 tuum
930 2786 1033 2849 scelus
1048 2805 1084 2848 aa
1099 2804 1216 2848 nomen
1232 2794 1440 2868 opponerent.
1474 2785 1605 2871 Ecquod

278 2871 431 2937 iudicium
452 2877 569 2940 Romae
592 2887 654 2944 tam
684 2880 888 2956 dissolutum,
916 2887 980 2945 tem
1007 2880 1180 2965 perditum,
1209 2886 1273 2942 tam
1301 2881 1512 2944 nummarium
1537 2881 1604 2944 fore

277 2968 406 3050 putasti,
428 2991 492 3054 quo
514 2991 556 3034 ex
577 2972 696 3037 iudicio
718 2983 750 3038 te
772 2975 838 3039 nlla
860 2975 951 3039 Salus
973 2981 1100 3039 seriore
1121 2981 1245 3056 posset,
1274 2994 1345 3038 cum
1366 2974 1496 3060 planum
1517 2972 1607 3039 fieret

278 3059 420 3126 decumis
442 3071 552 3128 contra
572 3067 732 3143 instituta,
765 3069 852 3152 leges
881 3067 1206 3150 consuetudinemque
1235 3068 1376 3131 omnium
1405 3071 1543 3134 venditis
1570 3069 1605 3132 in

277 3163 434 3222 aratorum
461 3159 553 3223 honis
581 3160 781 3247 fortunisque
810 3163 997 3247 diripiendis
1024 3164 1215 3225 decumanos
1244 3161 1404 3224 dictitasse
1435 3170 1505 3250 tuas
1535 3182 1604 3226 esse

239 3257 393 3336 supertes,
414 3261 501 3340 tuam
522 3274 599 3330 rem,
622 3262 708 3320 tuam
730 3257 898 3341 praedam,
920 3257 1018 3339 idque
1040 3263 1071 3318 te
1093 3256 1229 3318 tacuisse
1252 3262 1298 3328 et,
1322 3275 1392 3319 cum
1407 3254 1605 3320 dissimulare

277 3365 343 3410 non
363 3366 490 3432 posses,
517 3350 659 3434 potuisse
687 3358 792 3414 mmen
822 3350 946 3435 perpeti
969 3358 1001 3412 et
1021 3350 1176 3434 perlerre,
1205 3348 1292 3431 quod
1320 3349 1505 3431 magnitudo
1528 3349 1606 3413 lucri

277 3440 458 3506 obscuraret
487 3444 619 3528 periculi
649 3445 896 3528 magnitudinem
923 3444 1060 3529 plusque
1088 3443 1252 3528 aliquanto
1280 3443 1365 3525 apud
1393 3451 1424 3504 te
1452 3445 1606 3525 pecuniae

278 3535 435 3620 cupiditas
463 3556 559 3621 quam
588 3539 697 3602 iudicii
726 3547 829 3603 metus
855 3540 986 3622 posset?
1037 3532 1109 3598 432.
1137 3537 1231 3600 Esto:
1265 3543 1370 3598 cetera
1398 3555 1514 3618 negare
1541 3557 1607 3599 non

278 3635 386 3711 potest
418 3649 459 3694 ne
481 3629 559 3694 illud
583 3633 713 3717 quidem
734 3633 792 3696 tihi
812 3632 971 3717 reliquum
992 3630 1105 3704 iecisti,
1126 3637 1163 3695 ut
1182 3630 1244 3695 hoc
1265 3649 1376 3713 posses
1390 3629 1506 3706 dicere,
1526 3630 1607 3694 nihil

278 3778 1601 3808 ...-..-....-......-...........-...........--....,-

343 3860 368 3909 2.
384 3866 520 3923 propterea
536 3859 599 3913 trt:
624 3875 677 3913 om.
697 3865 742 3914 att.
763 3890 790 3900 -
808 3863 849 3912 itte
871 3861 939 3926 4342
951 3875 988 3925 φι
1010 3861 1048 3911 tttt
1065 3861 1110 3910 ctt.
1129 3861 1158 3910 0.
1179 3886 1206 3895 -
1225 3859 1249 3910 3.
1265 3860 1531 3922 peterten-feste
1547 3863 1608 3911 deest

278 3933 302 3998 fi.
317 3933 364 3984 430
380 3949 406 3985 v.
425 3936 457 3986 47
473 3935 556 3987 hehet
571 3937 603 3987 V.
624 3963 651 3972 —
667 3937 807 4000 pertinebat
827 3938 851 3986 V
866 3936 935 4001 agla
953 3951 990 3998 cp:
1011 3934 1169 3998 pertractant
1190 3936 1235 3984 ott.
1255 3935 1284 3984 0.
1305 3961 1331 3971 —
1352 3935 1376 3985 6.
1391 3940 1508 3998 paterere
1529 3932 1605 3999 agla,

273 4009 427 4073 pertinerere
443 4010 474 4060 V.
494 4035 522 4048 ·-
535 4011 596 4060 mttt
612 4013 695 4062 aenis
711 4011 780 4075 4342
798 4010 879 4063 solus.
894 4038 922 4047 —
940 4013 965 4062 l.
983 4013 1157 4063 omnimodam
1174 4011 1241 4075 4342
1257 4013 1293 4062 N:
1311 4015 1506 4064 conundendeen
1521 4014 1545 4062 V
1561 4015 1606 4064 att.

279 4087 308 4136 0.
333 4084 484 4148 iunguntur
500 4087 567 4137 haec
584 4085 638 4137 duo
651 4087 735 4137 verba
749 4086 783 4137 de
797 4087 844 4138 Oli.
860 4087 902 4137 lll.
920 4087 935 4151 g
951 4087 974 4138 6.
1005 4088 1102 4138 Cannas·
1119 4087 1232 4138 manibus
1247 4089 1347 4150 teperet
1361 4089 1445 4140 cents
1459 4088 1493 4139 ad
1510 4087 1609 4152 aliquid

278 4159 362 4211 hahes
379 4173 422 4224 ap.
442 4161 514 4212 Curt.
534 4161 586 4212 Vll.
605 4161 630 4223 3,
648 4163 689 4213 43,
708 4163 853 4213 emendes
869 4176 957 4213 nenos
974 4161 1034 4214 alibi
1053 4162 1117 4214 dicit
1133 4162 1230 4214 Tullius
1252 4177 1294 4214 ex.
1313 4177 1336 4214 c.
1355 4167 1412 4215 Act.
1432 4164 1451 4214 l.
1471 4163 1495 4228 S.
1515 4161 1555 4216 35.
1573 4161 1608 4214 ad

278 4235 351 4287 Fam.
369 4235 422 4287 XV.
441 4236 482 4288 44.
501 4237 534 4289 de
553 4238 606 4288 ret.
625 4237 650 4302 5.
668 4239 709 4290 24.
739 4237 828 4290 Altera
848 4238 917 4288 haec
937 4237 1067 4303 scriptura
1088 4238 1194 4290 videtur
1215 4239 1277 4289 inde
1301 4243 1372 4300 orta,
1397 4239 1470 4305 quod
1486 4238 1609 4290 librarius

278 4313 438 4362 emundandi
456 4315 483 4364 et
498 4313 644 4364 elaborandt'
658 4314 742 4365 verba
760 4315 831 4378 iungi
847 4313 1013 4364 meminerat.
1032 4313 1065 4364 cl.
1078 4313 1112 4364 ad
1131 4315 1161 4374 Q.
1180 4314 1222 4364 Fr.
1235 4315 1255 4376 l,
1268 4316 1292 4375 l,
1306 4313 1345 4366 44.
1360 4315 1436 4366 Caes.
1448 4315 1478 4365 B.
1491 4315 1521 4364 (l.
1535 4315 1553 4364 1.
1566 4313 1607 4364 34.

284 4413 310 4423 -
323 4387 547 4440 elaborandsenV:
566 4389 731 4440 laborandam
748 4391 793 4440 ctt.
813 4390 842 4440 Ο.
858 4415 885 4426 -
898 4388 922 4439 0.
941 4390 1110 4451 canetaer
1122 4389 1152 4440 l:
1170 4395 1291 4440 eonmtnr
1307 4391 1352 4439 ctt.
1366 4391 1395 4440 0.
1411 4413 1437 4423 —
1457 4390 1498 4439 40.
1507 4390 1610 4452 meane

279 4463 365 4513 Vm..
377 4463 400 4512 l.
422 4488 449 4498 -
469 4464 1025 4528 tt.prcetcremvett:popatt1t.utt.;
1046 4471 1188 4529 praetorem
1201 4477 1260 4527 pop.
1279 4466 1308 4516 lt.
1327 4465 1356 4514 0.
1371 4490 1399 4501 -
1418 4465 1458 4515 42.
1477 4465 1611 4515 andins'tV

281 4551 321 4604 pr.
340 4551 393 4599 m.;
410 4553 461 4591 nce
476 4556 543 4592 nanc
555 4555 599 4605 pr.
617 4542 688 4592 audit
703 4543 749 4593 troc
767 4557 800 4603 φ.
821 4567 848 4577 -
868 4545 926 4591 ante
941 4541 972 4592 V.
985 4568 1012 4578 -
1024 4542 1065 4592 43.
1084 4543 1204 4605 optineret
1220 4541 1251 4591 V.
1265 4568 1290 4577 -
1302 4540 1335 4590 ab
1356 4552 1422 4590 ama.
1441 4537 1510 4602 4342
1531 4538 1562 4590 tt
1573 4539 1608 4589 V:

281 4627 336 4664 om.
347 4615 434 4667 ahctt.
446 4643 473 4652 -
487 4615 526 4668 44.
537 4617 770 4679 quodantecomns.
784 4629 843 4680 sup.
855 4614 979 4667 lin.Vm.
994 4617 1017 4666 2.
1032 4617 1092 4678 (Be.)
1104 4645 1131 4654 -
1143 4617 1183 4667 45.
1196 4615 1293 4666 miliens
1304 4615 1340 4673 V;
1358 4614 1507 4674 militensem
1524 4613 1611 4663 millies

281 4691 310 4741 0.
332 4715 359 4726 -
378 4690 419 4741 40.
436 4691 579 4742 retardaret
594 4691 673 4754 4320.
693 4717 721 4727 -
740 4691 780 4741 ll.
798 4691 938 4755 refrenaret
955 4689 1023 4753 2342
1039 4693 1059 4750 lV
1072 4692 1095 4740 V
1106 4705 1144 4752 cp:
1166 4691 1278 4754 frenaret
1295 4691 1340 4740 ctt.
1362 4717 1389 4726 -
1409 4688 1448 4739 ts.
1468 4690 1502 4738 ad
1517 4701 1542 4739 se
1558 4689 1609 4740 ΑΒ

281 4765 449 4830 tgstseta:
468 4768 502 4817 ad
517 4780 567 4817 sese
583 4766 648 4817 dett.
667 4767 697 4817 0.
718 4793 744 4803 -
764 4767 804 4816 22.
823 4765 1072 4826 nttt--prevttere
1095 4777 1148 4816 om.
1168 4766 1182 4815 6
1200 4766 1279 4828 Lagg.
1298 4763 1362 4814 dett.
1384 4790 1412 4800 -
1430 4765 1471 4816 23.
1490 4765 1612 4815 nominis-

280 4855 328 4903 qae
349 4847 482 4892 aratam
503 4841 571 4906 4342
592 4839 664 4893 med.
686 4855 740 4893 cm.
761 4869 789 4879 —
807 4842 848 4892 26.
870 4839 1048 4904 nummariam]
1070 4841 1179 4890 inerrans
1199 4839 1277 4903 4342.
1298 4867 1325 4877 -
1344 4839 1386 4889 at.
1409 4841 1475 4902 qaod
1494 4853 1527 4890 ea
1547 4840 1609 4903 ng.

282 4908 398 4982 (praeter
413 4915 453 4980 tat
471 4919 536 4978 se;
555 4919 622 4980 quoa
637 4919 736 4981 queen
753 4931 785 4968 ee
800 4917 896 4981 uage.
917 4943 944 4952 -
963 4917 1003 4967 ss.
1022 4917 1086 4981 epe
1102 4915 1171 4979 aglu
1182 4930 1219 4978 p:
1238 4916 1298 4980 een
1315 4916 1360 4965 ott.
1376 4940 1403 4951 -
1416 4915 1444 4964 e
1459 4927 1513 4964 om.
1532 4914 1608 4977 ngas.

282 5018 310 5030 -
328 4992 372 5043 20.
390 4994 538 5044 &maanes
554 4993 683 5044 smtetane
700 4991 778 5056 tgts.
790 5019 817 5028 -
828 4992 869 5046 30.
887 4997 958 5048 taam
975 4993 1036 5046 ante
1052 4993 1176 5060 maedam
1193 5003 1247 5044 om.
1265 4990 1343 5055 4342.
1358 5017 1385 5026 -
1398 4989 1425 5040 ta
1441 4994 1464 5040 te
1480 5004 1512 5053 φ.
1528 5015 1556 5027 -
1567 4989 1608 5041 34.

281 5073 364 5124 waes
381 5073 490 5140 etpep
508 5069 589 5140 2329.
609 5095 636 5108 -
654 5067 695 5121 st.
713 5068 804 5132 rettqe
819 5068 847 5124 F.
