3610 5860
268 419 330 488 528
585 421 736 487 ORATIO
758 423 811 488 DE
832 423 1000 490 IMPERIO
1023 423 1084 488 GN.
1105 423 1271 491 POMPEll

266 602 316 656 tos
338 613 449 656 cursus
471 589 625 656 conticere
647 595 768 676 potuit,
790 612 884 677 quam
906 595 1051 658 celeriter
1074 594 1129 658 Cu.
1144 595 1295 678 Pompeio
1318 594 1398 659 duce
1419 597 1497 660 tanti
1511 597 1588 660 belli

265 688 399 770 impetus
420 688 603 770 navigavit?
626 688 681 771 qui
704 687 845 751 noudum
865 689 1054 770 tempestivo
1070 689 1111 752 ad
1126 691 1339 772 navigandum
1354 692 1431 754 mari
1449 691 1587 754 Siciliam

263 782 357 857 adiit,
378 781 516 846 iliricum
539 783 729 866 exploravit,
751 783 825 846 inde
848 783 1027 846 Sardiniam
1049 803 1120 846 oum
1143 783 1244 848 classe
1267 787 1369 861 venit,
1391 793 1487 870 atque
1509 785 1588 848 baec

263 878 324 940 tria
344 876 548 940 frumentaria
568 876 710 940 subsidia
731 878 776 940 rei
800 876 944 959 publicae
966 873 1156 940 firmissimis
1182 879 1349 961 praesidiis
1372 879 1587 960 classibusque

239 969 407 1046 ,munivit
449 967 501 1032 35.
523 971 599 1034 Inde
628 991 699 1034 cum
726 990 759 1033 se
786 972 820 1033 in
852 970 973 1033 ltaliam
1004 973 1190 1054 recepisset,
1210 967 1346 1052 (duabus
1373 973 1534 1055 Hispaniis
1556 980 1588 1035 et

65 1135 72 1146 ,Ι
264 1063 368 1126 Gallia
387 1065 595 1148 Transalpina
604 1055 784 1160 praesidiis
806 1084 842 1128 ac
862 1065 996 1128 navibus
1015 1061 1227 1156 (confirmataq
1243 1067 1346 1130 missis
1361 1067 1437 1130 item
1452 1069 1485 1130 in
1501 1085 1586 1129 oraru

20 1132 166 1274 fl«
262 1157 381 1245 lllyrici
410 1159 505 1223 maris
532 1168 565 1222 et
591 1159 626 1222 in
655 1158 805 1222 Achaiam
833 1157 1040 1242 omnemque¹
1055 1153 1218 1222 Graeciam
1241 1159 1373 1223 navibus
1394 1161 1501 1224 ltaliae
1523 1162 1586 1224 duo

263 1255 362 1318 maria
383 1257 527 1318 maximis
550 1254 703 1317 classibus
724 1250 978 1337 firmissimisque
994 1253 1158 1336 praesidiis
1179 1255 1362 1330 adornavit,
1384 1257 1452 1338 ipse
1471 1263 1586 1331 autern,

262 1359 299 1415 ut
319 1349 487 1413 Brundisio
509 1347 668 1431 protectus
689 1355 753 1422 est,
781 1346 1132 1430 undequinquagesimo
1154 1347 1206 1411 die
1239 1356 1336 1412 totam
1357 1349 1396 1412 ad
1418 1351 1586 1433 imperium

225 1443 376 1529 qqpopnli
396 1443 530 1506 Romani
552 1440 694 1504 Ciliciam
716 1439 883 1503 adiunxit:
906 1460 1032 1516 omnes,
1055 1441 1110 1524 qni
1125 1441 1244 1523 ubique
1258 1444 1434 1525 praedones
1449 1444 1586 1519 fuerunt,

262 1541 376 1624 partim
399 1539 481 1621 capti
502 1534 723 1617 interfectique
745 1543 838 1610 sunt,
860 1535 973 1618 partim
995 1535 1091 1597 unius
1112 1535 1206 1600 buius
1228 1555 1262 1600 se
1284 1539 1418 1620 imperio
1439 1557 1475 1600 ac
1496 1545 1586 1621 pote·

262 1635 336 1698 stati
358 1631 559 1696 dediderunt.
603 1627 690 1692 ldem
713 1627 931 1703 Cretensibus,
954 1629 1087 1691 eumad
1110 1649 1182 1692 eum
1205 1633 1355 1715 usquein
1371 1631 1585 1716 Pamphyliam

262 1728 383 1810 legatos
405 1726 688 1809 deprecatoresque
710 1724 886 1797 misissent,
914 1742 1002 1804 spem
1025 1722 1198 1788 deditionis
1219 1745 1283 1788 non
1306 1727 1423 1789 ademit
1444 1726 1586 1790 obsides·

262 1841 326 1906 que
347 1819 522 1904 imperavit.
565 1819 612 1880 lta
632 1825 754 1880 tantum
775 1817 912 1891 bellum,
940 1825 1005 1880 tam
1029 1816 1228 1894 diuturnum,
1258 1829 1321 1883 tam
1345 1820 1438 1902 louge
1459 1821 1585 1904 lateque

81 1932 109 2011 2
225 1916 456 1999 rsdispersum,
478 1932 542 1997 quo
564 1911 649 1975 bello
672 1929 782 1974 omnes
804 1917 914 1992 gentes
936 1931 973 1973 ao
995 1911 1142 1975 nationes
1159 1913 1400 1997 premebantur,
1424 1914 1479 1978 Cn.
1495 1917 1586 1978 Pom·

22 2205 115 2312 cr
151 2237 175 2288 -ε

261 2011 353 2093 peius
383 2015 524 2072 extrema
551 2007 656 2069 hieme
685 2006 865 2090 apparavit,
893 2005 1024 2068 incunte
1050 2025 1125 2069 vere
1150 2007 1306 2091 suscepit,
1337 2008 1443 2072 media
1465 2017 1584 2073 aestate

262 2103 410 2168 coniecit.

344 2199 431 2262 Xlll.
453 2193 504 2258 36.
526 2196 584 2280 Est
604 2194 682 2258 baec
703 2193 808 2257 divina
821 2199 918 2277 atquo
933 2193 1130 2257 incredibilis
1144 2195 1247 2258 uirtus
1261 2196 1471 2280 imperatoris.
1500 2195 1585 2272 Quid

260 2301 402 2368 ceterae,
425 2309 505 2375 quas
526 2281 623 2373 paulo
646 2295 719 2351 ante
741 2305 985 2350 commemorare
1007 2307 1189 2370 coeperam,
1212 2297 1351 2373 quantae
1372 2299 1470 2376 atque
1490 2310 1585 2375 quam

222 2389 381 2460 mmultae
403 2385 495 2450 suntl
525 2386 595 2446 Non
618 2383 703 2445 enirn
723 2380 864 2444 bellandi
887 2381 988 2444 virtus
1011 2381 1114 2444 solnm
1137 2382 1169 2444 in
1185 2403 1307 2446 summo
1322 2403 1358 2447 ac
1372 2383 1511 2467 perlecto
1527 2385 1586 2446 im·

259 2491 406 2569 peratore
429 2478 611 2564 quaerenda
632 2483 695 2550 est,
724 2475 782 2538 sed
803 2473 919 2538 multae
940 2483 1014 2538 sunt
1038 2482 1121 2538 artes
1144 2477 1296 2551 eximiae,
1325 2479 1420 2541 huius
1449 2475 1585 2542 admini-

259 2587 342 2642 strae
365 2575 559 2655 comitesqne
580 2571 716 2633 virtutis.
749 2570 794 2632 Ac
815 2570 952 2650 primum
974 2578 1093 2653 quanta
1113 2569 1296 2635 innocentia
1311 2571 1428 2635 debent
1441 2592 1510 2636 esse
1525 2573 1585 2633 im·

258 2669 439 2758 peratoresl
474 2672 593 2750 quanta
623 2662 737 2726 deinde
765 2663 798 2725 in
827 2661 973 2725 omnibus
1001 2663 1098 2726 rebus
1120 2657 1342 2746 temperantia!
1374 2675 1492 2749 quanta
1512 2661 1584 2739 fide,

262 2773 380 2852 quanta
406 2761 569 2834 iacilitate,
602 2765 722 2849 quapto
752 2757 898 2839 iugenio,
932 2763 1050 2838 quauta
1079 2756 1295 2822 humanitatel
1328 2760 1418 2836 Quae
1446 2759 1584 2823 breviter

42 2925 46 2932 ,
112 2858 117 2867 ’
221 2861 366 2945 sequaliu
396 2856 520 2922 sintin
548 2853 794 2934 CuPompeio,
822 2850 1069 2914 consideremus.
1107 2851 1235 2914 Summa
1263 2852 1582 2925 enimomniasnnt,

259 2953 416 3030 Quirites,
446 2950 502 3014 sed
524 2969 561 3013 ea
583 2949 682 3030 magis
704 2966 745 3010 ex
766 2945 899 3010 aliorum
923 2942 1124 3008 contentione
1147 2965 1243 3029 qnam
1265 2946 1338 3029 ipsa
1358 2967 1416 3029 per
1437 2965 1507 3010 sese
1529 2964 1584 3008 co-

259 3047 368 3132 gnosci
399 3052 494 3130 atque
527 3043 662 3125 intelligi
692 3048 837 3124 possunt
890 3036 940 3101 37.
972 3038 1075 3114 Quem
1103 3039 1187 3102 enirn
1218 3039 1441 3122 imperatorem
1466 3059 1582 3123 possu-

257 3163 328 3205 mus
350 3140 417 3204 ullo
434 3139 468 3202 iu
490 3157 622 3202 numero
643 3141 772 3219 putare,
794 3133 885 3197 cuins
905 3133 939 3195 in
960 3133 1101 3195 exercitu
1117 3133 1311 3196 centuriatus
1327 3141 1463 3197 veneant
1484 3140 1579 3217 atque

258 3236 439 3300 venierint?
469 3231 546 3316 quid
567 3230 652 3293 hunc
673 3229 834 3292 bominem
856 3247 1002 3309 maguum
1024 3232 1080 3288 aut
1101 3225 1242 3310 amplum
1264 3227 1303 3290 de
1324 3247 1358 3292 re
1380 3227 1508 3311 publica
1529 3245 1583 3289 oo·

221 3333 373 3415 cogitare,
396 3327 451 3414 qui
473 3325 640 3410 pecuniam
663 3343 705 3386 ex
725 3323 846 3385 aerario
869 3322 1086 3403 depromptam
1109 3319 1149 3383 ad
1164 3320 1283 3384 bellum
1298 3320 1581 3386 administrandum

258 3430 314 3488 ant
338 3429 469 3505 propter
496 3419 697 3502 cupiditatem
726 3417 908 3499 provinciae
938 3415 1170 3496 magistratibus
1201 3415 1346 3478 diviserit
1368 3424 1423 3480 aut
1452 3423 1581 3499 propter

162 3575 168 3588 .
258 3517 420 3582 avaritiam
439 3516 557 3578 Romae
578 3513 612 3575 in
633 3518 768 3595 quaeda
782 3509 972 3592 reliquerit?
1000 3510 1113 3572 Vestra
1127 3503 1373 3572 admurmuratio
1388 3509 1478 3584 lacit,
1502 3509 1581 3584 Qui·

256 3613 349 3686 rites,
370 3617 407 3674 ut
426 3625 598 3692 agnoscere
620 3603 807 3676 videamini,
829 3603 885 3685 qui
907 3601 985 3666 baec
1005 3602 1156 3666 iecerint:
1179 3621 1239 3685 ego
1261 3611 1365 3666 antem
1379 3603 1509 3666 nomino
1524 3621 1581 3666 ne·

257 3708 390 3783 minem3
419 3721 519 3788 quare
545 3699 639 3764 irasci
667 3697 745 3762 mihi
775 3715 868 3760 nemo
895 3697 1028 3778 poterit,
1056 3697 1118 3760 nisi
1149 3697 1204 3780 qui
1231 3704 1304 3760 ante
1326 3695 1366 3760 de
1388 3715 1422 3761 se
1442 3695 1581 3760 voluerit

323 3943 347 3992 t.
366 3941 430 3991 tuutt
445 3935 599 3995 WCbEV,
618 3947 671 3998 mg.
691 3931 724 3987 t:
742 3945 796 3984 om.
816 3929 959 3985 RALQO.
980 3957 1008 3968 -·
1025 3933 1051 3983 2.
1069 3931 1580 3987 amum--morth.l.habentWCh

257 4015 350 4069 EVO:
369 4016 431 4079 post
445 4026 489 4064 vv.
507 4012 585 4062 clarae
598 4011 666 4060 verit
682 4012 785 4074 ponunt
800 4007 913 4062 aaut.
940 4033 967 4044 -
990 4009 1015 4060 a.
1033 4019 1090 4057 cum
1106 4019 1131 4058 re
1147 4006 1211 4057 EV:
1239 4019 1264 4056 se
1279 4021 1336 4058 cum
1353 4008 1495 4064 nanto.
1514 4009 1581 4074 (cam

256 4093 285 4143 ia
300 4092 402 4142 ltaliam
417 4102 443 4139 se
458 4085 501 4150 til.)
520 4113 548 4124 -
566 4084 598 4150 et]
616 4097 647 4135 nc
663 4085 719 4135 BF.
740 4110 768 4120 -
787 4085 810 4135 a.
832 4083 998 4146 llomolprtuo
1016 4077 1132 4134 Chliv:
1158 4081 1285 4144 comptae
1301 4082 1442 4137 autad.
1471 4085 1580 4135 Garato-

256 4169 316 4219 nins
333 4169 474 4228 utramque
490 4173 585 4213 vocem
603 4160 638 4211 ab
654 4161 799 4225 interprete
815 4171 940 4210 manasse
958 4160 1039 4224 putat.
1055 4181 1084 4194 -a
1101 4158 1255 4222 confirmatis
1265 4159 1294 4208 C.
1309 4185 1337 4196 —
1356 4159 1579 4224 ⁵1.ttttrtctE(l·¹r.)

256 4242 287 4292 V.
306 4269 334 4278 -
353 4242 378 4291 9.
396 4245 424 4290 nt
438 4238 482 4288 Br.
501 4235 660 4288 chEV:
678 4239 707 4284 ut
722 4248 740 4284 u
755 4234 800 4284 Br.
818 4231 963 4286 natan.
983 4257 1010 4268 -
1029 4233 1171 4283 Brundusio
1187 4233 1248 4283 VA.
1269 4259 1296 4268 -
1315 4233 1355 4283 ld.
1370 4233 1460 4296 populi
1476 4232 1580 4285 deamat

181 4337 183 4343 v
256 4314 377 4380 fflictom]
394 4328 417 4364 r.
433 4325 461 4376 p.
478 4311 591 4363 Stctltora
607 4311 635 4360 F.
655 4335 682 4346 -
701 4323 832 4371 omnaque
847 4306 1138 4370 quttbtproedorrestl.
1158 4335 1185 4344 -
1205 4307 1581 4359 lineamentarem

256 4393 290 4443 E:
308 4387 601 4442 bremam-dederunt
616 4384 652 4445 V;
669 4383 1036 4442 butus—-rededematll33
1060 4381 1510 4441 auus--eeectoeonrnsem
1533 4383 1579 4432 bo-

255 4462 659 4518 miatcucedediderrmtb-
680 4461 720 4509 42,
738 4459 884 4509 itemB.-
902 4457 1086 4507 tuom.C.-
1105 4457 1146 4508 ll.
1164 4459 1249 4518 itaque
1265 4457 1441 4508 tantumt—
1461 4459 1579 4521 luepo-

255 4543 308 4592 rutt
323 4542 447 4592 tammari
463 4539 531 4588 3.-
551 4535 591 4586 49.
611 4539 719 4596 qucum
735 4543 860 4594 quomque
877 4531 938 4594 (non
955 4533 1038 4594 quum)
1054 4532 1148 4583 msam
1164 4529 1200 4594 lb
1219 4534 1578 4597 quoameqwmotqoemut-

255 4621 297 4667 tor
312 4615 373 4676 ra;
392 4617 513 4678 penam,
532 4621 609 4671 quom
624 4607 717 4658 malma
733 4609 761 4659 1..
782 4633 809 4644 -·
828 4607 869 4657 20.
887 4605 967 4656 solam
983 4605 1089 4656 bedoadt
1104 4608 1184 4656 onae
1201 4619 1262 4656 cum
1280 4604 1323 4656 cd.
1342 4605 1433 4657 Aldina
1451 4605 1533 4680 tto.
1548 4635 1575 4645 —-

256 4703 288 4741 oc
300 4689 366 4754 pers.
380 4689 445 4739 ER:
463 4701 494 4738 oc
506 4687 619 4750 prolecto
636 4686 667 4744 Ἐς
685 4681 833 4747 αιᾳιωρσνΙ.
847 4680 936 4742 uam
951 4682 1091 4746 perfectore
1100 4686 1129 4732 Α.
1144 4706 1171 4717 -·
1189 4681 1231 4732 23.
1242 4681 1270 4730 ta
1286 4681 1398 4731 omnum
1414 4683 1478 4733 EV:
1496 4683 1578 4732 omnl-

256 4766 301 4816 bus
316 4767 344 4814 ta
359 4761 502 4817 RALRO.
522 4789 550 4800 —
569 4758 751 4824 respuentis?
772 4771 796 4822 q.
814 4755 953 4822 factitata?
970 4769 993 4819 q.
1009 4755 1130 4806 conam?
1146 4767 1171 4818 q.
1188 4753 1307 4820 ispanio?
1323 4768 1346 4818 q.
1363 4757 1430 4821 fidel
1447 4771 1471 4820 q.
1487 4758 1578 4807 mma·

255 4840 352 4893 attam?
373 4853 426 4904 mg.
444 4837 471 4893 3.
491 4863 520 4875 -
538 4836 580 4888 il.
597 4837 725 4903 [mimo]
742 4834 894 4900 settdwwli
913 4832 972 4897 (Fr.)
988 4831 1038 4882 Vl?
1056 4833 1090 4896 (in
1107 4832 1182 4882 culus
1198 4830 1317 4894 margine
1335 4835 1376 4883 est
1390 4833 1526 4897 ΜΝ).
1546 4857 1573 4868 —-

256 4917 298 4968 23.
316 4913 410 4978 walto]
428 4915 525 4974 quatu
540 4909 577 4974 ll,
595 4923 649 4974 mg.
667 4908 698 4968 ac
725 4911 879 4972 quoatoeL.
907 4935 935 4945 -
962 4909 1002 4959 26.
1021 4908 1078 4970 cese]
1095 4919 1122 4957 ae
1137 4908 1163 4958 F.
1184 4934 1212 4945 -
1234 4907 1275 4957 27.
1294 4907 1354 4970 torp.
1369 4905 1575 4972 poruoaurEV,

256 4988 360 5043 schol:
375 4999 506 5054 porum
521 4987 581 5049 bap.
600 4984 774 5038 Μυῖα-
793 4980 1058 5046 28.ultoclrEVtJ:
1077 4983 1162 5045 atquo
1178 4980 1352 5034 ΝΜΟ.-
1371 4981 1578 5034 aeconomum

255 5080 311 5118 cat.
329 5059 834 5120 nvzeca.eenasrtoaottat20.—
851 5057 1290 5122 muneremun-
1309 5057 1431 5123 Ἀφαία]
1449 5052 1573 5121 petil&

256 5143 358 5206 quial.
378 5167 405 5182 -
424 5137 663 5193 libertinarum.
683 5162 710 5174 -
728 5136 906 5200 quemfacta
921 5134 952 5186 V.
973 5162 1000 5172 -
1018 5133 1059 5186 33.
1077 5133 1199 5186 mmiran
1213 5131 1315 5185 aoniae
1329 5132 1416 5188 Abi).
