3642 5862
445 502 516 568 ιι».
537 502 575 566 v.
604 498 678 566 on.
700 497 983 566 nrum-Lxx,
1014 495 1070 584 ss.
1094 492 1283 564 rar-reo.
1460 495 1523 564 rao
1629 467 1632 479 ‘

207 673 346 740 sordium
367 678 458 736 tuum
479 668 648 735 defendere
670 667 812 744 solebas,
841 687 949 732 earum
977 667 1094 734 habere
1119 669 1153 733 in
1172 668 1235 734 hoo
1255 667 1385 744 homine
1405 669 1526 736 nnllam

206 775 309 854 potes.
352 766 444 843 Quae
463 767 523 830 iste
544 765 578 828 in
599 763 762 847 prorinoia
782 763 886 846 palam
907 760 1084 838 dictitabat,
1112 783 1183 828 oum
1206 781 1258 839 aa,
1280 782 1363 846 quae
1383 761 1527 839 faciebat,

206 869 263 928 tua
283 882 319 926 se
339 860 456 926 fiducia
476 860 579 924 fauere
601 858 735 933 dicebat,
757 876 795 920 ea
814 877 855 920 ne
876 875 951 920 vera
971 862 1133 938 putentur,
1153 856 1211 920 tihi
1232 857 1369 922 maxime
1391 863 1527 939 estpro-

207 954 391 1020 ridendum.
425 953 538 1018 LXIX.
560 946 632 1014 t77.
652 952 719 1034 Ego
741 950 804 1015 mei
824 950 978 1014 rationem
998 951 1060 1014 iam
1082 949 1179 1014 officii
1200 949 1324 1016 confido
1338 969 1410 1016 esse
1426 950 1527 1016 omui·

207 1050 268 1112 bus
290 1047 498 1132 iniquissimis
516 1046 595 1112 meis
610 1044 818 1129 persolutam3
839 1063 913 1110 nam
926 1044 1020 1108 istum
1034 1044 1144 1128 paucis
1158 1044 1245 1108 horis
1258 1045 1379 1128 primae
1393 1044 1550 1111 aetioniso

207 1143 349 1207 omnium
372 1140 551 1206 mortalium
572 1137 738 1202 sententiis
759 1137 983 1202 condemnavi:
1011 1137 1171 1220 reliquum
1199 1137 1352 1204 indicium
1378 1137 1449 1206 iant·
1463 1157 1528 1202 non

208 1237 248 1301 de
270 1255 341 1300 mea
362 1235 443 1311 tide,
466 1253 549 1319 quae
570 1238 735 1317 perspecta
756 1237 819 1307 est,
840 1251 899 1296 neo
919 1229 959 1294 de
981 1232 1074 1296 istius
1095 1231 1176 1307 vita,
1199 1251 1281 1316 qrrae
1303 1232 1449 1299 damnata
1470 1237 1528 1306 est,

208 1332 264 1396 sed
285 1331 324 1396 de
345 1330 502 1394 iudicibus
523 1333 565 1405 et,
585 1345 658 1390 vere
680 1331 716 1389 nt
737 1324 849 1403 diram,
872 1326 912 1391 de
935 1331 967 1388 te
986 1324 1128 1390 futurum
1149 1332 1207 1390 eat·
1238 1327 1280 1390 nt
1301 1343 1368 1409 qun
1389 1331 1528 1410 tempore

205 1426 349 1490 futurum
371 1427 440 1488 estt
468 1421 551 1505 (nam
573 1419 606 1484 id
636 1419 771 1483 maxima
799 1418 1031 1503 providendum
1060 1425 1124 1495 θείς
1152 1419 1268 1486 etenim
1287 1441 1361 1486 oum
1380 1418 1528 1484 omuibus

207 1521 242 1586 iu
261 1520 367 1596 rebus,
390 1525 457 1580 tum
479 1518 513 1580 in
534 1535 568 1578 re
589 1513 900 1620 publiea(permagni
922 1513 1072 1577 momenti
1093 1521 1143 1600 est
1157 1513 1239 1577 ratio
1254 1519 1350 1596 atque
1363 1510 1566 1580 iuoliuatioro
1614 1489 1698 1574 fi}

208 1595 424 1768 temporum32l
445 1628 560 1693 nempe
591 1628 649 1683 eo,
678 1627 750 1672 oum
777 1608 913 1692 populus
941 1607 1101 1670 Romanus
1128 1607 1215 1674 aliud
1242 1626 1343 1690 genus
1364 1606 1528 1671 hominum
1648 1624 1656 1648 1

208 1717 304 1792 atque
326 1707 392 1772 aliu
448 1703 593 1768 ordinem
614 1701 655 1766 ad
677 1721 728 1764 res
748 1700 934 1766 iudicandas
955 1701 1105 1785 requirit:
1127 1721 1241 1785 nempe
1263 1701 1334 1784 loge
1347 1700 1387 1766 do
1401 1699 1528 1765 iudiciis

208 1799 430 1882 iudicibusque
454 1799 545 1862 noris
565 1794 780 1879 promulgata,
807 1815 902 1878 quam
923 1815 990 1861 uon
1010 1796 1036 1860 is
1058 1797 1284 1880 promulgavit,
1316 1816 1379 1878 quo
1400 1797 1528 1858 nomine

208 1895 416 1981 proscriptam
436 1892 560 1968 ridetis,
585 1890 640 1954 sed
661 1888 714 1952 hio
735 1909 818 1965 reus,
838 1889 908 1966 hio,
928 1891 1074 1972 inquam,
1095 1911 1153 1956 sua
1174 1911 1231 1974 spe
1252 1898 1346 1973 atque
1368 1888 1528 1972 opinione,

209 2009 303 2074 quam
325 1987 365 2051 de
387 1987 479 2050 robis
499 1985 604 2060 habet,
626 1983 730 2066 legem
743 1983 830 2048 illam
844 1983 1042 2049 scribendam
1058 1983 1384 2071 promulgandamque
1398 1983 1566 2048 emerito

210 2079 281 2146 t78.
303 2084 413 2164 Itaque
435 2099 506 2142 oum
528 2079 629 2164 primo
651 2096 744 2160 agere
766 2078 943 2160 coepimus,
965 2079 1019 2142 lox
1039 2099 1104 2152 nou
1126 2083 1193 2144 erat
1212 2076 1428 2160 promulgata:
1458 2095 1529 2140 oum

209 2181 270 2245 iste
291 2184 397 2241 vestra
419 2173 587 2238 severitate
600 2178 763 2255 permotus
778 2171 876 2234 multa
890 2172 981 2256 signa
994 2171 1134 2247 dederat,
1157 2191 1252 2255 quam
1266 2172 1307 2235 ob
1321 2190 1388 2239 rom
1398 2189 1531 2252 respon·

209 2290 302 2338 surus
323 2289 389 2333 non
409 2266 586 2341 videretur,
615 2265 732 2330 mentio
761 2265 799 2328 de
822 2265 892 2348 lege
916 2267 1003 2330 nulla
1023 2267 1128 2332 fiebat
1170 2269 1380 2349 Posteaquam
1400 2263 1460 2328 isto
1481 2284 1531 2328 re-

210 2364 309 2430 creari
331 2370 364 2428 et
385 2362 562 2426 confirmari
583 2361 669 2424 visus
692 2367 755 2434 est,
777 2359 830 2422 lex
851 2363 955 2424 statim
975 2361 1174 2445 promulgata
1194 2367 1266 2434 est.¹
1294 2358 1352 2423 Cui
1373 2359 1436 2442 legi
1457 2379 1530 2424 oum

209 2467 314 2525 rastra
336 2456 472 2539 dignitas
493 2455 698 2519 vehementer
717 2452 909 2530 adversetur,
930 2457 1020 2519 istius
1041 2474 1113 2539 spes
1134 2453 1214 2518 tarra
1232 2460 1267 2518 et
1282 2453 1417 2536 insignis
1430 2453 1566 2537 impu-so

208 2555 317 2622 dantia
346 2552 482 2617 maxime
511 2550 708 2631 suffragatur.
759 2549 817 2612 llio
844 2549 871 2612 si
906 2549 983 2632 quid
1011 2551 1070 2614 erit
1096 2550 1296 2617 commatum
1322 2569 1343 2612 a
1369 2567 1530 2632 quoquam

206 2657 367 2722 vestrum,
397 2644 483 2730 quod
513 2641 777 2727 reprehendatur,
810 2651 866 2708 aut
890 2645 1027 2727 populus
1054 2646 1213 2708 Romanus
1240 2643 1393 2708 iudicabit
1422 2643 1462 2706 de
1491 2662 1530 2706 eo

206 2744 354 2818 homine,
383 2759 478 2825 quem
498 2740 560 2804 iam
581 2743 655 2802 ante
676 2737 803 2802 iudiciis
825 2737 990 2822 indignum
1012 2739 1152 2824 putarit,
1185 2745 1240 2803 aut
1258 2739 1298 2814 ii,
1327 2738 1382 2819 qui
1402 2744 1531 2822 propter

207 2839 414 2908 offensionem
443 2832 630 2898 iudiciorum
658 2831 697 2895 de
729 2832 888 2896 veteribus
918 2833 1072 2898 iudicibus
1100 2832 1171 2916 lege
1198 2851 1282 2899 nora
1308 2832 1383 2898 nori
1410 2831 1530 2898 iudioes

210 2941 302 3000 amnt
324 2928 496 2995 constituti.
529 2927 627 2991 Lxx.
650 2921 722 2989 479.
743 2926 821 2992 Mihi
842 2947 946 3012 porro,
967 2935 1001 2992 ut
1015 2948 1074 3011 ego
1087 2948 1153 2992 non
1168 2927 1282 3005 dicam,
1303 2929 1375 3013 quis
1389 2929 1566 2996 oraniurntt

206 3027 388 3095 mortalium
420 3043 487 3086 non
518 3021 682 3102 intelligit,
715 3041 810 3105 quam
843 3021 937 3104 longe
968 3022 1116 3106 progredi
1145 3023 1187 3087 sit
1213 3024 1364 3088 neeesse?
1415 3024 1528 3089 Potoro

207 3125 318 3196 silere,
347 3117 519 3182 Hortensii
551 3123 662 3199 potero
690 3115 906 3190 dissimulare,
933 3137 1004 3180 enm
1032 3123 1154 3182 tantum
1181 3137 1233 3182 res
1260 3117 1387 3203 publiea
1414 3118 1528 3182 vulnus

208 3215 382 3298 acceperit,
399 3218 451 3302 qut
478 3209 618 3296 expilata
642 3210 818 3293 provincia,
850 3210 956 3273 vexati
983 3211 1077 3285 snei,
1110 3210 1143 3275 di
1171 3212 1363 3278 immortates
1392 3211 1529 3295 spoliati,

208 3311 292 3373 eires
306 3306 439 3370 Romani
461 3303 592 3369 cruciati
614 3309 646 3365 et
665 3289 919 3400 necati)impune
937 3324 988 3367 me
1001 3302 1194 3404 aetore(esse
1207 3291 1401 3395 videantur}
1416 3311 1528 3388 potero

209 3421 267 3486 ego
289 3401 350 3465 hoo
373 3419 453 3462 onus
474 3405 594 3462 tanturn
616 3402 672 3459 aut
691 3396 724 3458 in
744 3396 805 3460 hoo
826 3397 945 3460 iudicio
967 3397 1125 3481 deponere
1146 3406 1202 3464 aut
1221 3401 1336 3466 tacitus
1352 3399 1566 3464 sustineretao

207 3500 278 3562 Non
299 3491 449 3576 agitanda
469 3511 521 3555 res
544 3490 622 3553 erit‘t
645 3510 709 3553 uon
730 3491 763 3552 in
784 3489 923 3554 medium
943 3491 1154 3574 proferendas
1176 3511 1241 3556 non
1263 3491 1375 3575 populi
1395 3491 1530 3556 Romani

207 3589 287 3656 lidos
308 3587 526 3671 imploranda?
548 3604 613 3648 non
633 3604 754 3659 omnes,
777 3586 831 3668 qui
854 3591 942 3650 tanto
964 3606 999 3650 se
1020 3586 1138 3652 scelere
1159 3586 1403 3661 obstnnxenrnt,
1423 3593 1461 3650 ut
1475 3593 1530 3650 aut

208 3684 303 3752 fidem
325 3699 415 3746 suam
437 3680 593 3765 eorrumpi
614 3685 797 3763 paterentur
811 3687 865 3745 ant
877 3680 1029 3745 tudinium
1044 3687 1290 3765 corrumperent,
1311 3679 1346 3742 in
1360 3679 1529 3742 disonmen

208 3787 264 3846 aut
284 3777 432 3842 irrdioium
456 3773 611 3840 vocandi?
655 3768 726 3836 tet).
755 3773 892 3849 Quaeret
918 3773 1034 3857 aliquis
1064 3774 1213 3838 tortasse:
1244 3780 1408 3864 unumne
1433 3772 1530 3855 igitur

208 3875 363 3949 laborem,
392 3875 494 3934 tantas
519 3867 698 3934 inimicitias
726 3874 773 3932 tot
800 3868 964 3932 hominnm
994 3876 1197 3953 suscepturus
1223 3871 1281 3933 est
1324 3871 1395 3932 Non
1424 3866 1566 3934 sudore

208 3968 337 4054 quidem
357 3955 485 4029 hercule
506 3962 573 4054 ullj
595 3981 700 4045 neque
721 3961 898 4025 voluntate:
927 3960 982 4025 sed
1011 3982 1076 4025 uon
1104 3963 1187 4028 idem
1217 3962 1292 4026 lieet
1316 3961 1412 4037 milri,
1442 3960 1528 4044 quod

271 4153 480 4218 aputanti.—
498 4147 523 4202 i.
543 4147 815 4198 ioorrottonemdett.
834 4147 906 4196 0.-
925 4147 1266 4211 t.prrontaocroeon.—
1285 4145 1527 4200 temtantes

208 4232 237 4282 0.
252 4257 280 4268 -
294 4231 320 4280 7.
334 4227 446 4291 perfeeto
462 4225 539 4288 tgna.
553 4235 640 4274 -neo
656 4222 746 4274 tens:
764 4224 946 4286 remunerat
963 4236 1042 4284 neqrte
1058 4224 1088 4276 de
1103 4224 1133 4276 0.
1147 4223 1212 4276 -8.
1224 4223 1484 4287 samantneme.
1498 4249 1526 4260 -

208 4309 233 4358 9.
251 4305 315 4370 aaa]
333 4309 386 4355 tarn
401 4303 480 4364 lagg.
498 4301 606 4365 praeter
621 4300 663 4350 29.
678 4326 706 4336 -
719 4299 759 4349 ta.
777 4310 862 4360 aanor
878 4311 909 4349 eo
925 4299 977 4362 tene
992 4299 1057 4352 dett
1076 4300 1105 4350 0.
1120 4327 1147 4338 -
1161 4299 1201 4352 ts.
1213 4301 1348 4352 motrom.
1359 4299 1438 4364 ngas.
1450 4298 1530 4364 (wita

208 4379 265 4434 reli.
282 4379 373 4444 Lagg.)
393 4403 423 4438 -‚
439 4389 488 4439 qao
504 4375 541 4427 Ra
559 4374 652 4437 (ttadv.
670 4387 697 4439 p,
716 4374 797 4436 taor:
815 4374 885 4424 outo
900 4373 965 4425 dett.
984 4376 1013 4427 0.
1033 4397 1061 4414 -
1079 4376 1175 4427 omnint
1190 4375 1268 4439 mi.
1283 4399 1310 4414 —-
1330 4373 1370 4426 tt.
1384 4375 1530 4438 menn

208 4459 238 4510 n.
253 4481 279 4496 -··
294 4455 336 4508 Π.
354 4451 515 4517 moran
530 4451 576 4514 st,
595 4451 673 4516 ngas,
691 4448 748 4502 alit:
766 4449 926 4513 mm
936 4450 1024 4513 qubus
1034 4449 1091 4502 rell.
1104 4452 1182 4514 lagg.
1202 4449 1249 4516 [De
1260 4450 1330 4514 igit
1341 4449 1412 4513 apud
1424 4450 1527 4515 Zumpt.

207 4545 235 4598 p.
253 4531 310 4583 993.
329 4532 446 4582 erratum
463 4527 524 4589 est]
544 4551 572 4564 -·
591 4526 632 4578 20.
651 4526 827 4578 adversaretur
843 4524 906 4575 dett.
928 4551 956 4562 -
973 4525 1060 4587 apud.
1077 4527 1108 4576 R.
1126 4551 1154 4564 -
1172 4526 1213 4578 22.
1233 4525 1401 4588 reprom
1415 4524 1446 4574 a.
1459 4549 1487 4560 ··
1499 4524 1530 4576 de

207 4603 464 4660 numeramur.
476 4602 581 4664 hamb„
593 4602 669 4654 dett:
687 4601 919 4652 demdemmostne
929 4601 1006 4652 codd.
1017 4599 1122 4661 lamb,
1134 4601 1167 4650 ot
1179 4601 1209 4660 ²3
1226 4601 1257 4651 rto
1273 4600 1464 4651 eodemnonm
1480 4597 1527 4650 [Δ.

208 4681 293 4734 -sa
307 4684 383 4732 nouo
394 4679 426 4739 0;
445 4683 521 4730 onus
534 4679 564 4730 de
575 4679 652 4742 Lagg.
669 4703 695 4712 —
710 4681 813 4739 putaret
829 4679 864 4738 n;
882 4678 944 4728 hino
960 4678 1030 4728 ooni.
1047 4677 1089 4728 Or.
1102 4677 1127 4728 i.
1140 4681 1257 4739 moror,
1276 4674 1363 4728 Halm:
1378 4675 1486 4738 putarit.
1498 4699 1526 4712 -·

208 4762 254 4810 out
268 4755 296 4821 o]
314 4759 359 4807 ortt
374 4759 398 4806 et
412 4755 438 4804 tt
454 4754 535 4806 aa-
553 4751 594 4804 rt.
612 4752 710 4804 iudiciis
720 4754 797 4816 Lagg.
812 4752 876 4803 dett.
892 4779 919 4790 -
938 4752 979 4802 27.
991 4752 1119 4804 erotema
1134 4778 1162 4788 -
1174 4752 1216 4804 28.
1235 4751 1348 4814 mpttoto
1359 4763 1433 4814 proo.
1450 4749 1487 4800 tta
1498 4746 1528 4799 t:

209 4832 336 4897 murtae
348 4831 494 4894 proruam
510 4828 574 4880 dett.
593 4828 622 4880 0.
642 4827 698 4891 (sed
716 4829 757 4880 est
772 4826 869 4878 deinde
887 4827 913 4878 in
929 4827 950 4878 R
966 4827 1082 4891 emon.)
1102 4853 1129 4864 -
1147 4827 1173 4878 dt
1189 4829 1223 4878 n:
1242 4827 1278 4878 ott
1289 4827 1318 4878 0.
1338 4851 1365 4864 ·-
1383 4823 1531 4876 marrata

209 4911 230 4961 R
246 4920 287 4974 pr.
300 4918 337 4958 m.
354 4933 382 4944 -
400 4907 441 4956 29.
459 4906 551 4968 inpare
565 4906 594 4956 n.
615 4927 642 4940 -
662 4916 701 4953 mo
717 4909 820 4954 oaowre
835 4904 913 4966 regg.
930 4905 1038 4968 praetor
1052 4903 1093 4954 aa.
1108 4927 1136 4940 -
1154 4903 1195 4954 so.
1212 4916 1258 4966 ooo
1272 4902 1318 4953 troo
1333 4900 1370 4952 tta
1386 4898 1468 4963 ngas:
1485 4896 1530 4949 tor

208 4997 254 5048 eqo
270 4982 334 5035 dett.
353 4982 383 5033 0.
398 5003 426 5018 -
440 4981 510 5046 orto]
526 4993 592 5030 uero
607 4981 637 5030 n.
657 4977 703 5042 [sio
718 4992 799 5044 supra
815 4978 888 5030 idern
904 4992 932 5044 p.
950 4977 1010 5040 438,
1029 4978 1069 5029 ⁴³.
1087 4977 1219 5042 monn.)
1231 5002 1261 5015 -
1274 4981 1320 5028 not
1334 4975 1426 5026 uerae
1441 4973 1531 5024 mater

209 5061 288 5122 Lars.
306 5058 336 5109 0.
354 5057 451 5121 (totino
460 5056 501 5120 a.)
514 5081 542 5092 -
556 5055 597 5106 ³2.
615 5054 706 5117 notor.
723 5056 753 5106 n.
768 5081 796 5093 -
809 5053 995 5105 mmeramme
1010 5052 1047 5104 ns
1064 5052 1121 5116 (sed
1131 5054 1152 5104 n
1163 5051 1252 5117 otor.):
1271 5048 1447 5102 otrotaoeriot
1463 5045 1528 5098 dett.

209 5133 336 5186 0.-33.
354 5131 533 5184 mosao
549 5130 613 5181 dett.
632 5129 758 5182 o.-·at.
775 5128 862 5194 ὁρίων]
879 5128 923 5178 titt
939 5124 1106 5180 est-ae.
1125 5140 1150 5178 oa
1167 5140 1221 5178 om.
1238 5123 1412 5191 agra-to.
1431 5125 1530 5188 quun

208 5223 262 5264 our.
280 5210 327 5263 Gi.
348 5235 375 5250 -
393 5207 522 5262 eman.
542 5205 931 5272 -ttemotessettangta
950 5201 1208 5258 —orttttiostdett
1227 5202 1256 5254 0.
