3638 5868
315 421 378 492 300
684 431 727 498 lli
747 431 913 498 VERREM
933 433 1056 502 actuo
1078 435 1261 504 SECUNDA

315 599 452 684 glexisse
473 597 619 674 audient,
639 619 704 664 non
725 609 818 666 erunt
836 609 900 668 tam
921 611 1078 680 amentes,
1099 612 1134 670 ut
1154 627 1299 692 operam,
1321 629 1444 686 curam
1464 613 1634 695 pamniam

313 693 497 778 impendant
524 693 557 757 in
588 713 640 758 eas
669 715 734 770 res,
764 716 843 780 quas
864 698 951 762 robis
974 707 1075 781 gratas
1095 699 1164 764 iore
1185 721 1250 766 non
1271 703 1468 770 arbitrentur.
1511 707 1633 770 xxxl.

314 784 365 852 69.
386 789 455 852 Hoc
475 787 561 862 loco,
584 788 622 864 Q.
646 787 772 864 Catule,
795 797 826 853 te
847 791 990 874 appello:
1013 792 1126 876 loquor
1146 793 1230 858 enim
1245 797 1284 860 de
1302 804 1356 861 tuo
1371 797 1547 864 clarissimo
1561 801 1634 886 pul·

313 883 532 966 cherrimoque
554 890 771 947 monumento:
797 904 861 948 non
882 884 992 950 iudicis
1013 887 1115 952 solum
1136 889 1335 954 severitatem
1356 892 1390 954 in
1411 892 1471 956 boc
1492 893 1631 968 erimine,

276 977 369 1046 ssed
399 997 495 1062 prope
524 976 640 1040 inimici
667 985 761 1062 atque
790 980 978 1044 accusatoris
1005 982 1068 1044 vim
1097 983 1255 1066 suscipere
1285 985 1391 1048 debes.
1414 963 1521 1052 (Tuus
1544 991 1632 1052 enim

142 1147 176 1169 ν
312 1063 496 1152 bonoslillo
524 1071 642 1155 templo
663 1079 789 1136 senatus
811 1073 983 1157 populique
1004 1075 1135 1140 llomani
1157 1074 1325 1153 beneficio,
1345 1069 1401 1161 (tui
1421 1081 1561 1145 nominis·
1577 1102 1631 1146 ae·

92 1172 201 1276 m
311 1175 401 1232 terna
422 1166 572 1230 memoria
592 1165 684 1230 simul
705 1185 776 1230 cum
799 1167 915 1251 templo
938 1167 992 1231 illo
1014 1160 1232 1276 consecratur)
1260 1171 1317 1236 tibi
1337 1172 1416 1238 baec
1437 1194 1510 1238 cura
1532 1177 1630 1240 susci-

107 1277 109 1280 ·
311 1262 442 1346 pianda,
471 1259 528 1324 tibi
548 1259 627 1323 baec
648 1279 747 1342 opera
768 1259 921 1324 sumenda
943 1269 1008 1337 est,
1035 1269 1070 1325 ut
1092 1262 1296 1347 Capitolium,
1325 1268 1481 1350 quemad
1503 1268 1630 1334 modum

311 1356 558 1440 magnificentius
586 1359 634 1416 est
660 1353 852 1429 restitutum,
885 1356 930 1420 sic
957 1357 1113 1440 copiosius
1135 1365 1278 1422 ornatum
1300 1361 1340 1424 sit
1371 1381 1467 1444 quam
1487 1361 1564 1437 luit,
1593 1370 1630 1426 ut

274 1451 366 1518 toilla
387 1451 511 1516 flamma
532 1446 682 1512 divinitus
704 1447 862 1512 exstitisse
884 1448 1043 1524 rideatur,
1064 1470 1129 1514 non
1159 1471 1241 1535 quae
1262 1452 1383 1518 deleret
1403 1455 1486 1520 lovis
1511 1454 1629 1539 Optimi

310 1547 439 1610 Maximi
466 1542 636 1626 templum,
669 1539 726 1606 sed
762 1561 843 1625 quae
871 1544 1060 1626 praeclarius
1087 1546 1403 1632 magnificentiusque
1432 1549 1629 1632 deposceret.

310 1636 361 1702 70.
384 1638 506 1704 Audisti
528 1637 567 1713 Q.
588 1635 757 1700 Minucium
780 1635 900 1710 dicere,
922 1637 1007 1701 domi
1029 1657 1105 1702 suae
1127 1638 1325 1704 deversatum
1347 1661 1417 1706 esse
1437 1643 1629 1708 Antiochum

309 1753 416 1818 regern
446 1731 625 1818 Syracusis:
657 1749 691 1793 se
719 1729 797 1792 illud
826 1731 907 1794 scire
928 1730 967 1794 ad
997 1731 1091 1796 istum
1120 1752 1189 1798 esse
1219 1735 1371 1800 delatum:
1405 1757 1440 1800 se
1462 1738 1541 1800 scire
1562 1755 1629 1800 non

206 1873 210 1882 -
309 1828 483 1892 redditum:
509 1823 623 1890 audisti
644 1830 676 1887 et
695 1823 803 1886 audies
826 1826 910 1888 omni
932 1845 950 1888 e
972 1833 1130 1891 conventu
1151 1829 1348 1912 Syracusano
1370 1829 1425 1913 qui
1447 1829 1491 1894 ita
1513 1829 1626 1904 dicant,

272 1939 379 1988 tosese
400 1919 599 1986 audientibus
622 1916 699 1981 illud
721 1918 786 1980 lori
801 1916 927 2002 Optimo
940 1921 1078 1984 Maximo
1094 1921 1229 1986 dicatum
1248 1943 1317 1987 esse
1332 1923 1371 1986 ab
1385 1943 1461 2006 rege
1474 1923 1627 1988 Antiocho

309 2026 342 2083 et
363 2022 587 2082 consecratum.
631 2013 665 2076 Si
685 2011 783 2076 iudex
804 2032 867 2076 nou
889 2033 976 2078 esses
998 2021 1030 2077 et
1051 2015 1128 2078 baec
1152 2015 1191 2078 ad
1212 2024 1243 2080 te
1264 2016 1367 2081 delata
1387 2038 1438 2082 res
1460 2026 1561 2092 esset,
1594 2025 1626 2081 te

309 2113 505 2197 potissimum
527 2109 589 2172 boc
608 2105 772 2191 persequi,
796 2114 826 2170 te
848 2115 971 2191 petere,
994 2117 1024 2172 te
1046 2129 1139 2192 agere
1161 2117 1330 2193 oporteret.
1363 2110 1469 2186 Quare
1489 2132 1554 2178 non
1567 2111 1627 2174 du·

307 2209 390 2284 bito,
420 2225 483 2290 quo
505 2204 608 2268 animo
630 2201 726 2264 iudex
746 2200 841 2264 buius
863 2201 1002 2266 criminis
1024 2223 1095 2267 esse
1117 2203 1250 2279 debeas,
1277 2205 1333 2288 qui
1354 2207 1440 2288 apud
1461 2207 1556 2270 alium
1577 2207 1627 2269 iu-

308 2302 409 2366 dicem
436 2299 535 2364 rnulto
563 2297 678 2370 acrior,
711 2313 806 2378 quam
833 2315 892 2378 ego
920 2317 1005 2372 sum,
1039 2305 1126 2360 actor
1146 2305 1369 2383 accusatorque
1391 2320 1461 2364 esse
1483 2299 1625 2364 deberes.

270 2395 440 2462 soxxxn.
458 2387 519 2454 it.
547 2390 645 2454 Vobis
674 2396 793 2464 autem,
823 2389 961 2466 iudices,
988 2391 1065 2475 quid
1087 2390 1147 2454 boc
1168 2392 1328 2475 indignius
1350 2400 1404 2456 aut
1424 2393 1501 2478 quid
1521 2396 1625 2458 minus

306 2488 472 2554 serendum
492 2485 591 2548 rideri
612 2485 736 2566 potest‘l
763 2483 919 2548 Verresne
940 2485 1067 2548 babebit
1088 2484 1173 2548 domi
1195 2505 1270 2550 suae
1290 2486 1509 2554 candelabrum
1531 2489 1624 2564 lovis,

307 2606 325 2650 e
346 2581 477 2668 gemmis
497 2597 639 2662 auroque
660 2576 854 2660 perlectum?
877 2581 965 2641 cuius
979 2577 1101 2660 fulgore
1122 2579 1277 2644 collucere
1298 2588 1393 2664 atque
1408 2581 1556 2646 illustrari
1574 2583 1625 2646 lo-

305 2681 354 2744 ris
378 2675 494 2761 Optimi
516 2673 645 2738 Maximi
665 2671 817 2757 templum
838 2672 1019 2755 oportebat,
1041 2672 1072 2735 id
1095 2671 1180 2755 apud
1202 2673 1296 2738 istum
1317 2675 1351 2738 in
1366 2675 1535 2741 eiusmodi
1550 2695 1626 2740 con·

305 2773 397 2839 viriis
424 2769 644 2841 constituetur,
675 2775 757 2850 quae
786 2765 964 2830 domesticis
994 2766 1108 2848 stupris
1136 2765 1324 2850 flagitiisque
1355 2768 1550 2850 flagrabunt?
1586 2769 1624 2832 ln

269 2868 394 2933 stistius
421 2863 543 2928 lenonis
570 2860 743 2944 turpissimi
769 2859 864 2924 domo
886 2858 978 2922 simul
999 2879 1069 2922 cum
1094 2861 1203 2924 ceteris
1224 2858 1406 2926 Chelidonis
1428 2859 1623 2926 hereditariis

306 2958 496 3027 ornamentis
519 2955 665 3039 Capitolii
688 2960 871 3018 ornamenta
891 2955 1068 3036 ponentur?
1101 2951 1185 3030 Quid
1206 2953 1281 3018 huic
1296 2954 1377 3018 sacri
1391 2975 1541 3039 umquam
1554 2955 1622 3020 lore

305 3064 360 3122 aut
387 3051 464 3139 quid
493 3049 633 3134 religiosi
661 3049 760 3114 luisse
789 3046 924 3130 putatis,
953 3046 1008 3130 qui
1029 3066 1113 3110 nunc
1133 3053 1219 3110 tanto
1241 3048 1361 3112 scelere
1383 3068 1418 3112 se
1440 3049 1623 3113 obstrictum

305 3170 376 3216 esse
395 3168 462 3214 non
483 3146 617 3212 sentiat?
645 3145 699 3228 qui
720 3143 754 3206 in
775 3141 926 3205 iudicium
946 3140 1065 3215 veniat,
1087 3140 1140 3203 ubi
1161 3161 1202 3204 ne
1224 3143 1345 3225 precari
1367 3143 1495 3226 quidem
1516 3143 1623 3208 iorem

305 3244 463 3330 Optimum
489 3241 662 3304 Maximum
688 3245 782 3321 atque
808 3235 847 3298 ab
870 3254 907 3298 eo
929 3233 1080 3297 auxilium
1101 3241 1209 3317 petere
1231 3255 1319 3298 more
1340 3235 1479 3300 omnium
1500 3237 1622 3321 possiti

266 3351 323 3404 toa
344 3358 407 3423 quo
429 3337 522 3400 etiam
543 3333 576 3396 di
597 3330 788 3396 immortales
810 3349 868 3393 sua
887 3335 1033 3411 repetunt
1053 3329 1087 3390 in
1108 3349 1146 3392 eo
1171 3328 1302 3403 iudicio,
1335 3327 1420 3412 quod
1440 3329 1622 3395 bominibus

303 3433 343 3500 ad
364 3451 437 3498 suas
459 3449 510 3494 res
531 3427 718 3511 repetendas
733 3431 781 3488 est
795 3423 1006 3488 constitutum.
1039 3423 1188 3487 Miramur
1201 3422 1332 3486 Athenis
1346 3423 1529 3500 Minervam,
1551 3424 1622 3490 Deli

301 3526 496 3611 Apollinem,
516 3523 668 3586 lunonem
684 3520 783 3595 Sami,
804 3519 923 3599 Pergae
940 3516 1088 3589 Dianam,
1110 3515 1224 3580 multos
1238 3523 1401 3600 praeterea
1416 3517 1455 3579 ab
1468 3517 1529 3581 isto
1544 3516 1620 3581 deos

301 3629 367 3686 tota
386 3620 462 3684 Asia
484 3615 678 3699 Graeciaque
700 3613 848 3688 violatos,
877 3609 933 3694 qui
954 3628 973 3670 a
996 3608 1149 3691 Capitolio
1170 3629 1281 3675 manus
1302 3609 1458 3674 abstinere
1479 3631 1544 3674 non
1563 3631 1620 3698 po-

301 3716 417 3780 tuerit?
448 3709 542 3788 Quod
563 3709 674 3794 privati
695 3707 839 3769 homines
861 3703 902 3766 de
924 3703 988 3765 suis
1009 3703 1152 3785 pecuniis
1175 3709 1290 3767 ornant
1311 3705 1514 3788 ornaturique
1536 3711 1618 3780 sunt,

263 3809 334 3873 aoid
358 3809 392 3872 C.
413 3809 527 3871 Verres
549 3803 588 3868 ab
610 3801 735 3886 regibus
757 3799 861 3866 ornari
882 3816 946 3861 non
975 3815 1088 3880 passus
1110 3803 1168 3860 est
1210 3793 1262 3861 72.
1282 3799 1393 3882 ltaque
1415 3798 1476 3862 boc
1497 3799 1617 3864 nefario

301 3903 420 3968 scelere
441 3903 593 3981 concepto
615 3895 695 3960 nibil
723 3902 834 3977 postea
858 3898 925 3955 tota
944 3890 977 3954 in
999 3889 1106 3954 Sicilia
1126 3911 1234 3975 neque
1255 3891 1336 3955 sacri
1356 3911 1461 3976 neque
1481 3894 1618 3977 religiosi

299 3996 390 4061 duxit
411 4014 499 4060 esser
520 3993 563 4056 ita
583 4009 653 4056 sese
674 3990 708 4052 in
729 4007 766 4052 ea
787 3986 944 4072 provincia
963 4004 1021 4069 per
1041 3984 1211 4048 triennium
1232 3986 1345 4068 gessit,
1366 3993 1402 4049 ut
1423 3985 1462 4049 ab
1476 3987 1537 4051 isto
1553 4005 1617 4051 non

364 4256 387 4306 l.
406 4253 507 4304 ecdicio
522 4250 587 4303 act
608 4247 655 4300 bd.
674 4248 689 4300 3
705 4249 793 4299 Pare:
812 4247 920 4298 casdim
936 4246 986 4308 ⁶23
1007 4245 1134 4296 cadim
1149 4243 1214 4295 dett
1233 4245 1262 4296 0.
1283 4271 1310 4282 -
1329 4259 1407 4308 opere
1422 4246 1438 4296 6
1455 4247 1532 4310 lagg.
1550 4245 1614 4297 dett.

299 4359 327 4370 -
345 4332 371 4382 ἱ.
388 4329 523 4392 topmdont
537 4327 567 4378 a.
582 4351 611 4363 -
623 4323 809 4374 arbitrcrestor
820 4322 897 4386 ngas.
912 4347 940 4359 -
953 4322 979 4372 6.
997 4326 1054 4372 tuse
1069 4320 1134 4372 enlm
1149 4319 1226 4370 booos
1240 4319 1339 4380 mosa,
1352 4319 1367 4371 6
1379 4321 1466 4372 Pare:
1484 4323 1541 4370 tous
1550 4322 1616 4372 coins

297 4411 332 4460 sat
347 4406 372 4458 b.
389 4405 432 4455 tllo
448 4406 521 4456 Parr.
538 4402 589 4454 AB
600 4399 669 4464 rges
687 4397 744 4463 (sed
761 4398 805 4450 bic
821 4398 848 4448 tn
863 4396 930 4460 illel3
947 4401 965 4447 t.
984 4401 1019 4446 est
1034 4395 1138 4446 eolasio
1156 4395 1184 4444 to
1199 4394 1316 4446 tttodett.
1330 4395 1359 4445 0.
1372 4421 1399 4433 -
1417 4395 1443 4446 i.
1460 4394 1616 4458 ereptore

296 4487 332 4534 ost
347 4480 391 4532 sus
407 4477 527 4542 omaso.
555 4501 583 4512 -
609 4474 634 4526 8.
659 4486 731 4537 prem
751 4473 786 4522 ed
806 4473 908 4523 modom
922 4468 986 4522 aaa
1002 4469 1017 4522 l
1034 4472 1106 4522 Parr.
1130 4469 1190 4520 cod.
1213 4471 1285 4522 Urs:
1312 4471 1433 4534 quoomdo
1449 4469 1514 4521 dett.
1532 4469 1561 4522 0.
1583 4494 1613 4508 —

296 4557 337 4610 40.
356 4555 465 4606 mittero
479 4553 509 4603 a.
529 4577 557 4588 -
575 4549 615 4600 ta.
633 4547 771 4600 Amadum
786 4548 837 4609 aa,
855 4547 970 4599 spara:
988 4545 1126 4597 litandam
1141 4544 1233 4607 Asnam
1248 4543 1314 4595 dett.
1332 4546 1361 4596 0.
1376 4571 1404 4582 -
1421 4545 1614 4596 Antiocheno·-

294 4633 371 4684 msa
385 4641 435 4681 sess
450 4629 523 4679 Perr.
541 4625 591 4677 AB
604 4623 687 4688 rges:
705 4635 759 4674 om.
777 4622 846 4674 haec
861 4635 904 4672 vv.
922 4619 969 4683 aa,
987 4621 1100 4682 ³Parr.;
1119 4633 1202 4686 repon
1218 4631 1271 4672 om.
1289 4620 1305 4671 i
1322 4621 1400 4684 lagg.
1419 4619 1484 4672 dett.
1502 4621 1571 4686 Ηψ.
1583 4647 1611 4660 -

296 4705 337 4759 tt.
355 4710 379 4756 et
394 4703 505 4756 means
520 4699 589 4751 coni.
606 4699 677 4750 Bake
694 4711 721 4764 p.
733 4697 775 4748 66.
790 4723 818 4734 -
836 4698 903 4748 emet
918 4695 973 4748 aa:
992 4707 1074 4746 oroma
1089 4693 1154 4747 dett.
1175 4721 1202 4732 -
1221 4708 1235 4746 s
1250 4707 1304 4746 om.
1323 4695 1355 4746 Gt
1370 4695 1394 4745 2.
1410 4719 1437 4732 -·
1456 4696 1496 4746 to.
1513 4695 1615 4760 adrepe

295 4783 317 4834 ll
333 4782 361 4831 et
377 4777 510 4845 plerique:
534 4788 553 4826 a
567 4787 626 4840 seps
640 4770 657 4823 λ
673 4771 771 4823 3Perr.
790 4771 826 4823 63
838 4772 916 4838 6360.
940 4798 968 4808 -
992 4770 1033 4821 ti.
1052 4774 1075 4820 ta
1091 4783 1167 4836 egero
1181 4769 1217 4821 aa
1229 4767 1246 4820 λ
1259 4770 1340 4833 egee:
1366 4774 1390 4820 et
1406 4781 1481 4834 egere
1497 4767 1561 4822 dett.
1582 4793 1610 4808 -

294 4853 432 4920 operm
447 4850 525 4916 [gii.
545 4877 572 4888 -
590 4849 631 4901 at.
647 4847 713 4900 lootr
728 4847 776 4910 aa,
795 4848 874 4912 lagg.
892 4859 1003 4899 omues:
1020 4845 1085 4896 Iouis
1101 4845 1192 4907 Ορὶίηιί
1207 4845 1315 4897 iloniost
1331 4844 1361 4895 0.
1381 4869 1408 4880 -
1426 4843 1468 4894 ii.
1485 4843 1613 4896 molarem

295 4937 371 4996 atquo
385 4925 518 4980 {mucii
532 4925 562 4976 a.
582 4950 609 4960 -
628 4923 668 4976 2³.
686 4923 714 4974 is
730 4923 836 4974 eimdem
852 4921 930 4986 ngas.
950 4947 978 4960 -
996 4921 1036 4973 26.
1054 4919 1156 4983 capitoli
1171 4920 1200 4970 a.
1221 4945 1248 4955 -
1266 4921 1307 4972 at.
1324 4919 1399 4983 scisso
1413 4918 1484 4984 relig.
1503 4917 1566 4970 dett.
1579 4920 1609 4972 0.

296 5033 325 5045 -
343 5005 384 5058 28.
401 5005 429 5056 a»
444 5003 471 5054 td
485 5001 606 5054 tacteus
621 5001 699 5064 lagg.
717 5000 823 5065 praeter
838 4997 879 5051 li.
894 5025 922 5036 -
940 4996 980 5050 30.
996 4996 1022 5048 dt
1037 4996 1073 5046 a:
1091 4995 1127 5046 dit
1142 4995 1172 5045 0.
1192 5018 1219 5030 -
1238 4993 1279 5047 34.
1295 4994 1444 5058 repetam
1459 4993 1523 5044 dett.
1536 4994 1566 5045 0.
1580 5019 1608 5032 -·

294 5082 336 5134 36.
353 5078 511 5144 umbrat.
531 5104 560 5116 -
584 5077 614 5128 6.
631 5076 661 5127 R.
681 5101 709 5112 -·
730 5085 884 5138 ooopertus
905 5071 1008 5125 estat:
1031 5083 1059 5134 p.
1077 5069 1271 5134 omcatbagg.
1289 5081 1397 5132 omnos;
1419 5073 1559 5133 moeste.
1578 5071 1608 5122 0.

294 5155 335 5208 ct.
353 5155 378 5220 5.
396 5153 437 5206 96.
457 5179 484 5192 -
503 5151 545 5204 67.
562 5163 613 5204 esso
626 5149 701 5203 coeit
715 5148 780 5201 dett.
798 5149 828 5200 0.
847 5173 875 5184 -
893 5158 925 5199 co
941 5158 995 5199 om.
1012 5143 1078 5198 dett.
1096 5146 1125 5196 0.
