<?xml version="1.0" encoding="UTF-8"?>
<!DOCTYPE html PUBLIC "-//W3C//DTD XHTML 1.0 Transitional//EN"
    "http://www.w3.org/TR/xhtml1/DTD/xhtml1-transitional.dtd">
<html xmlns="http://www.w3.org/1999/xhtml" xml:lang="en" lang="en">
 <head>
  <title>
</title>
<meta http-equiv="Content-Type" content="text/html;charset=utf-8" />
  <meta name='ocr-system' content='tesseract 3.04.00' />
  <meta name='ocr-capabilities' content='ocr_page ocr_carea ocr_par ocr_line ocrx_word'/>
</head>
<body>
  <div class='ocr_page' id='page_1' title='image "./mtulliiciceroni00baitgoog_0447.png"; bbox 0 0 3642 5862; ppageno 0'>
   <div class='ocr_carea' id='block_1_1' title="bbox 430 444 1519 535">
    <p class='ocr_par' dir='ltr' id='par_1_1' title="bbox 430 444 1519 535">
     <span class='ocr_line' id='line_1_1' title="bbox 430 444 1519 535; baseline 0.004 -20"><span class='ocrx_word' id='word_1_1' title='bbox 430 448 498 516; x_wconf 87' lang='lat' dir='ltr'><strong>er.</strong></span> <span class='ocrx_word' id='word_1_2' title='bbox 519 449 557 515; x_wconf 88' lang='lat' dir='ltr'><strong>V.</strong></span> <span class='ocrx_word' id='word_1_3' title='bbox 581 449 654 515; x_wconf 82' lang='lat' dir='ltr'><strong>Gsr.</strong></span> <span class='ocrx_word' id='word_1_4' title='bbox 676 444 986 516; x_wconf 81' lang='lat' dir='ltr'><strong>XLVII—XLVIII.</strong></span> <span class='ocrx_word' id='word_1_5' title='bbox 1013 447 1071 535; x_wconf 67' lang='lat' dir='ltr'><strong>§S-</strong></span> <span class='ocrx_word' id='word_1_6' title='bbox 1093 447 1279 518; x_wconf 70' lang='lat' dir='ltr'><strong>itt-tri.</strong></span> <span class='ocrx_word' id='word_1_7' title='bbox 1462 445 1519 520; x_wconf 77' lang='grc'><strong>424</strong></span> 
     </span>
    </p>
   </div>
   <div class='ocr_carea' id='block_1_2' title="bbox 2 621 1653 2593">
    <p class='ocr_par' dir='ltr' id='par_1_2' title="bbox 7 621 1526 709">
     <span class='ocr_line' id='line_1_2' title="bbox 7 621 1526 709; baseline 0.001 -21"><span class='ocrx_word' id='word_1_8' title='bbox 7 623 21 668; x_wconf 84' lang='lat'><strong>¹</strong></span> <span class='ocrx_word' id='word_1_9' title='bbox 209 622 397 707; x_wconf 88' lang='lat' dir='ltr'><strong>supplicium</strong></span> <span class='ocrx_word' id='word_1_10' title='bbox 419 624 542 687; x_wconf 70' lang='lat' dir='ltr'><strong>sumat?</strong></span> <span class='ocrx_word' id='word_1_11' title='bbox 585 623 655 685; x_wconf 89' lang='lat' dir='ltr'><strong>Non</strong></span> <span class='ocrx_word' id='word_1_12' title='bbox 685 627 733 685; x_wconf 86' lang='lat' dir='ltr'><strong>est</strong></span> <span class='ocrx_word' id='word_1_13' title='bbox 761 621 929 698; x_wconf 85' lang='lat' dir='ltr'><strong>usitatum,</strong></span> <span class='ocrx_word' id='word_1_14' title='bbox 958 639 1023 684; x_wconf 90' lang='lat' dir='ltr'><strong>non</strong></span> <span class='ocrx_word' id='word_1_15' title='bbox 1050 621 1254 686; x_wconf 82' lang='lat' dir='ltr'><strong>senatorium.</strong></span> <span class='ocrx_word' id='word_1_16' title='bbox 1296 624 1345 687; x_wconf 79' lang='lat' dir='ltr'><strong>Ad</strong></span> <span class='ocrx_word' id='word_1_17' title='bbox 1371 626 1526 709; x_wconf 90' lang='lat' dir='ltr'><strong>populum</strong></span> 
     </span>
    </p>

    <p class='ocr_par' dir='ltr' id='par_1_3' title="bbox 7 715 1526 817">
     <span class='ocr_line' id='line_1_3' title="bbox 7 715 1526 817; baseline 0.002 -36"><span class='ocrx_word' id='word_1_18' title='bbox 7 719 19 762; x_wconf 79' lang='lat' dir='ltr'><strong>l</strong></span> <span class='ocrx_word' id='word_1_19' title='bbox 206 718 382 782; x_wconf 82' lang='lat' dir='ltr'><strong>Romanum</strong></span> <span class='ocrx_word' id='word_1_20' title='bbox 403 716 609 800; x_wconf 70' lang='lat' dir='ltr'><strong>confugient?</strong></span> <span class='ocrx_word' id='word_1_21' title='bbox 641 715 755 780; x_wconf 86' lang='lat' dir='ltr'><strong>Facilis</strong></span> <span class='ocrx_word' id='word_1_22' title='bbox 778 721 826 778; x_wconf 89' lang='lat' dir='ltr'><strong>est</strong></span> <span class='ocrx_word' id='word_1_23' title='bbox 840 715 950 817; x_wconf 82' lang='lat' dir='ltr'><strong>populi</strong></span> <span class='ocrx_word' id='word_1_24' title='bbox 964 733 1076 790; x_wconf 81' lang='lat' dir='ltr'><strong>eause3</strong></span> <span class='ocrx_word' id='word_1_25' title='bbox 1097 716 1199 799; x_wconf 81' lang='lat' dir='ltr'><strong>legem</strong></span> <span class='ocrx_word' id='word_1_26' title='bbox 1215 717 1300 780; x_wconf 88' lang='lat' dir='ltr'><strong>enim</strong></span> <span class='ocrx_word' id='word_1_27' title='bbox 1316 737 1350 781; x_wconf 87' lang='lat' dir='ltr'><strong>se</strong></span> <span class='ocrx_word' id='word_1_28' title='bbox 1366 719 1526 784; x_wconf 88' lang='lat' dir='ltr'><strong>sociorum</strong></span> 
     </span>
    </p>

    <p class='ocr_par' dir='ltr' id='par_1_4' title="bbox 7 808 1526 894">
     <span class='ocr_line' id='line_1_4' title="bbox 7 808 1526 894; baseline 0.001 -18"><span class='ocrx_word' id='word_1_29' title='bbox 7 817 18 860; x_wconf 84' lang='lat'><strong>¹</strong></span> <span class='ocrx_word' id='word_1_30' title='bbox 206 830 301 876; x_wconf 84' lang='lat' dir='ltr'><strong>eausa</strong></span> <span class='ocrx_word' id='word_1_31' title='bbox 328 812 458 875; x_wconf 86' lang='lat' dir='ltr'><strong>iussisse</strong></span> <span class='ocrx_word' id='word_1_32' title='bbox 488 817 520 874; x_wconf 90' lang='lat' dir='ltr'><strong>et</strong></span> <span class='ocrx_word' id='word_1_33' title='bbox 542 811 571 876; x_wconf 90' lang='lat' dir='ltr'><strong>ei</strong></span> <span class='ocrx_word' id='word_1_34' title='bbox 593 831 650 875; x_wconf 90' lang='lat' dir='ltr'><strong>ros</strong></span> <span class='ocrx_word' id='word_1_35' title='bbox 678 809 740 893; x_wconf 84' lang='grc'><strong>4334</strong></span> <span class='ocrx_word' id='word_1_36' title='bbox 769 808 916 874; x_wconf 76' lang='lat' dir='ltr'><strong>custodes</strong></span> <span class='ocrx_word' id='word_1_37' title='bbox 944 827 982 872; x_wconf 88' lang='lat' dir='ltr'><strong>ac</strong></span> <span class='ocrx_word' id='word_1_38' title='bbox 1008 809 1149 874; x_wconf 76' lang='lat' dir='ltr'><strong>vindices</strong></span> <span class='ocrx_word' id='word_1_39' title='bbox 1177 811 1401 894; x_wconf 76' lang='lat' dir='ltr'><strong>praeposuisse</strong></span> <span class='ocrx_word' id='word_1_40' title='bbox 1430 813 1526 878; x_wconf 89' lang='lat' dir='ltr'><strong>dicet.</strong></span> 
     </span>
    </p>

    <p class='ocr_par' dir='ltr' id='par_1_5' title="bbox 6 889 1653 992">
     <span class='ocr_line' id='line_1_5' title="bbox 6 889 1653 992; baseline 0.004 -25"><span class='ocrx_word' id='word_1_41' title='bbox 6 911 17 954; x_wconf 74' lang='lat' dir='ltr'><strong>t</strong></span> <span class='ocrx_word' id='word_1_42' title='bbox 186 889 265 984; x_wconf 84' lang='lat' dir='ltr'><strong>(llic</strong></span> <span class='ocrx_word' id='word_1_43' title='bbox 285 904 376 968; x_wconf 90' lang='lat' dir='ltr'><strong>locus</strong></span> <span class='ocrx_word' id='word_1_44' title='bbox 397 905 495 988; x_wconf 76' lang='lat' dir='ltr'><strong>igitur</strong></span> <span class='ocrx_word' id='word_1_45' title='bbox 515 911 682 992; x_wconf 64' lang='lat' dir='ltr'><strong>asienus,</strong></span> <span class='ocrx_word' id='word_1_46' title='bbox 713 923 778 988; x_wconf 86' lang='lat' dir='ltr'><strong>quo</strong></span> <span class='ocrx_word' id='word_1_47' title='bbox 799 902 991 988; x_wconf 77' lang='lat' dir='ltr'><strong>perfugiant,</strong></span> <span class='ocrx_word' id='word_1_48' title='bbox 1019 903 1072 968; x_wconf 89' lang='lat' dir='ltr'><strong>hic</strong></span> <span class='ocrx_word' id='word_1_49' title='bbox 1093 911 1218 986; x_wconf 89' lang='lat' dir='ltr'><strong>portus,</strong></span> <span class='ocrx_word' id='word_1_50' title='bbox 1246 903 1325 974; x_wconf 85' lang='lat' dir='ltr'><strong>lraec</strong></span> <span class='ocrx_word' id='word_1_51' title='bbox 1345 925 1419 984; x_wconf 85' lang='lat' dir='ltr'><strong>arx,</strong></span> <span class='ocrx_word' id='word_1_52' title='bbox 1447 908 1527 973; x_wconf 85' lang='lat' dir='ltr'><strong>haec</strong></span> <span class='ocrx_word' id='word_1_53' title='bbox 1636 929 1653 979; x_wconf 74' lang='lat' dir='ltr'><strong>&#39;i</strong></span> 
     </span>
    </p>

    <p class='ocr_par' dir='ltr' id='par_1_6' title="bbox 6 985 1647 1092">
     <span class='ocr_line' id='line_1_6' title="bbox 6 985 1647 1092; baseline 0.007 -42"><span class='ocrx_word' id='word_1_54' title='bbox 6 1007 17 1050; x_wconf 88' lang='lat' dir='ltr'><strong>r</strong></span> <span class='ocrx_word' id='word_1_55' title='bbox 203 1017 258 1063; x_wconf 80' lang='lat' dir='ltr'><strong>ara</strong></span> <span class='ocrx_word' id='word_1_56' title='bbox 279 985 460 1092; x_wconf 77' lang='lat' dir='ltr'><strong>sociorum)</strong></span> <span class='ocrx_word' id='word_1_57' title='bbox 484 1020 549 1084; x_wconf 77' lang='lat' dir='ltr'><strong>quo</strong></span> <span class='ocrx_word' id='word_1_58' title='bbox 580 999 710 1084; x_wconf 86' lang='lat' dir='ltr'><strong>quidem</strong></span> <span class='ocrx_word' id='word_1_59' title='bbox 739 1019 825 1062; x_wconf 88' lang='lat' dir='ltr'><strong>nunc</strong></span> <span class='ocrx_word' id='word_1_60' title='bbox 852 996 982 1060; x_wconf 80' lang='lat' dir='ltr'><strong>nonita</strong></span> <span class='ocrx_word' id='word_1_61' title='bbox 1004 997 1206 1080; x_wconf 76' lang='lat' dir='ltr'><strong>confugiunt,</strong></span> <span class='ocrx_word' id='word_1_62' title='bbox 1234 1007 1270 1062; x_wconf 91' lang='lat' dir='ltr'><strong>ut</strong></span> <span class='ocrx_word' id='word_1_63' title='bbox 1290 1007 1383 1065; x_wconf 84' lang='lat' dir='ltr'><strong>antea</strong></span> <span class='ocrx_word' id='word_1_64' title='bbox 1404 1002 1439 1065; x_wconf 95' lang='lat' dir='ltr'><strong>in</strong></span> <span class='ocrx_word' id='word_1_65' title='bbox 1459 1001 1550 1068; x_wconf 86' lang='lat' dir='ltr'><strong>suise</strong></span> <span class='ocrx_word' id='word_1_66' title='bbox 1627 989 1647 1014; x_wconf 70' lang='lat'><strong>‘⁴&#39;</strong></span> 
     </span>
    </p>

    <p class='ocr_par' dir='ltr' id='par_1_7' title="bbox 6 1093 1526 1177">
     <span class='ocr_line' id='line_1_7' title="bbox 6 1093 1526 1177; baseline 0.001 -19"><span class='ocrx_word' id='word_1_67' title='bbox 6 1103 15 1144; x_wconf 81' lang='lat' dir='ltr'><strong>t</strong></span> <span class='ocrx_word' id='word_1_68' title='bbox 201 1093 388 1177; x_wconf 88' lang='lat' dir='ltr'><strong>repetundis</strong></span> <span class='ocrx_word' id='word_1_69' title='bbox 410 1094 507 1157; x_wconf 90' lang='lat' dir='ltr'><strong>rebus</strong></span> <span class='ocrx_word' id='word_1_70' title='bbox 529 1093 682 1158; x_wconf 84' lang='lat' dir='ltr'><strong>solebant.</strong></span> <span class='ocrx_word' id='word_1_71' title='bbox 711 1093 782 1156; x_wconf 89' lang='lat' dir='ltr'><strong>Non</strong></span> <span class='ocrx_word' id='word_1_72' title='bbox 802 1111 924 1167; x_wconf 89' lang='lat' dir='ltr'><strong>aurum,</strong></span> <span class='ocrx_word' id='word_1_73' title='bbox 945 1110 1010 1155; x_wconf 94' lang='lat' dir='ltr'><strong>non</strong></span> <span class='ocrx_word' id='word_1_74' title='bbox 1032 1098 1207 1175; x_wconf 82' lang='lat' dir='ltr'><strong>argentum,</strong></span> <span class='ocrx_word' id='word_1_75' title='bbox 1227 1111 1293 1157; x_wconf 92' lang='lat' dir='ltr'><strong>non</strong></span> <span class='ocrx_word' id='word_1_76' title='bbox 1307 1101 1439 1172; x_wconf 87' lang='lat' dir='ltr'><strong>vestem,</strong></span> <span class='ocrx_word' id='word_1_77' title='bbox 1460 1116 1526 1162; x_wconf 89' lang='lat' dir='ltr'><strong>non</strong></span> 
     </span>
    </p>

    <p class='ocr_par' dir='ltr' id='par_1_8' title="bbox 5 1185 1525 1272">
     <span class='ocr_line' id='line_1_8' title="bbox 5 1185 1525 1272; baseline 0.002 -21"><span class='ocrx_word' id='word_1_78' title='bbox 5 1199 15 1241; x_wconf 79' lang='lat'><strong>¹</strong></span> <span class='ocrx_word' id='word_1_79' title='bbox 202 1187 361 1271; x_wconf 85' lang='lat' dir='ltr'><strong>mancipia</strong></span> <span class='ocrx_word' id='word_1_80' title='bbox 381 1195 538 1272; x_wconf 87' lang='lat' dir='ltr'><strong>repetunt,</strong></span> <span class='ocrx_word' id='word_1_81' title='bbox 560 1205 625 1252; x_wconf 91' lang='lat' dir='ltr'><strong>non</strong></span> <span class='ocrx_word' id='word_1_82' title='bbox 640 1193 832 1261; x_wconf 86' lang='lat' dir='ltr'><strong>ornamenta,</strong></span> <span class='ocrx_word' id='word_1_83' title='bbox 855 1205 938 1270; x_wconf 86' lang='lat' dir='ltr'><strong>quae</strong></span> <span class='ocrx_word' id='word_1_84' title='bbox 952 1205 994 1249; x_wconf 82' lang='lat' dir='ltr'><strong>ex</strong></span> <span class='ocrx_word' id='word_1_85' title='bbox 1007 1186 1137 1249; x_wconf 79' lang='lat' dir='ltr'><strong>urbibus</strong></span> <span class='ocrx_word' id='word_1_86' title='bbox 1152 1185 1299 1271; x_wconf 88' lang='lat' dir='ltr'><strong>fanisque</strong></span> <span class='ocrx_word' id='word_1_87' title='bbox 1315 1197 1422 1272; x_wconf 87' lang='lat' dir='ltr'><strong>erepta</strong></span> <span class='ocrx_word' id='word_1_88' title='bbox 1436 1198 1525 1254; x_wconf 82' lang='lat' dir='ltr'><strong>sunts</strong></span> 
     </span>
    </p>

    <p class='ocr_par' dir='ltr' id='par_1_9' title="bbox 5 1280 1527 1365">
     <span class='ocr_line' id='line_1_9' title="bbox 5 1280 1527 1365; baseline 0.002 -19"><span class='ocrx_word' id='word_1_89' title='bbox 5 1295 14 1336; x_wconf 82' lang='grc'><strong>4</strong></span> <span class='ocrx_word' id='word_1_90' title='bbox 202 1289 349 1347; x_wconf 87' lang='lat' dir='ltr'><strong>metuunt</strong></span> <span class='ocrx_word' id='word_1_91' title='bbox 369 1282 516 1347; x_wconf 87' lang='lat' dir='ltr'><strong>homines</strong></span> <span class='ocrx_word' id='word_1_92' title='bbox 538 1280 694 1365; x_wconf 88' lang='lat' dir='ltr'><strong>imperiti,</strong></span> <span class='ocrx_word' id='word_1_93' title='bbox 723 1300 764 1343; x_wconf 87' lang='lat' dir='ltr'><strong>ne</strong></span> <span class='ocrx_word' id='word_1_94' title='bbox 785 1281 848 1344; x_wconf 90' lang='lat' dir='ltr'><strong>iam</strong></span> <span class='ocrx_word' id='word_1_95' title='bbox 869 1281 947 1344; x_wconf 86' lang='lat' dir='ltr'><strong>haec</strong></span> <span class='ocrx_word' id='word_1_96' title='bbox 976 1281 1116 1365; x_wconf 90' lang='lat' dir='ltr'><strong>populus</strong></span> <span class='ocrx_word' id='word_1_97' title='bbox 1137 1281 1297 1346; x_wconf 82' lang='lat' dir='ltr'><strong>Romanus</strong></span> <span class='ocrx_word' id='word_1_98' title='bbox 1320 1286 1473 1348; x_wconf 86' lang='lat' dir='ltr'><strong>concedat</strong></span> <span class='ocrx_word' id='word_1_99' title='bbox 1494 1292 1527 1349; x_wconf 89' lang='lat' dir='ltr'><strong>et</strong></span> 
     </span>
    </p>

    <p class='ocr_par' dir='ltr' id='par_1_10' title="bbox 5 1371 1525 1452">
     <span class='ocr_line' id='line_1_10' title="bbox 5 1371 1525 1452; baseline 0.001 -10"><span class='ocrx_word' id='word_1_100' title='bbox 5 1371 14 1432; x_wconf 76' lang='grc'><strong>’4</strong></span> <span class='ocrx_word' id='word_1_101' title='bbox 202 1379 247 1442; x_wconf 87' lang='lat' dir='ltr'><strong>its</strong></span> <span class='ocrx_word' id='word_1_102' title='bbox 268 1373 336 1440; x_wconf 87' lang='lat' dir='ltr'><strong>lieri</strong></span> <span class='ocrx_word' id='word_1_103' title='bbox 359 1378 445 1442; x_wconf 84' lang='lat' dir='ltr'><strong>velit.</strong></span> <span class='ocrx_word' id='word_1_104' title='bbox 488 1376 628 1439; x_wconf 78' lang='lat' dir='ltr'><strong>Patimur</strong></span> <span class='ocrx_word' id='word_1_105' title='bbox 649 1377 733 1438; x_wconf 88' lang='lat' dir='ltr'><strong>enim</strong></span> <span class='ocrx_word' id='word_1_106' title='bbox 755 1375 870 1439; x_wconf 88' lang='lat' dir='ltr'><strong>multos</strong></span> <span class='ocrx_word' id='word_1_107' title='bbox 894 1376 958 1439; x_wconf 90' lang='lat' dir='ltr'><strong>iam</strong></span> <span class='ocrx_word' id='word_1_108' title='bbox 979 1395 1080 1438; x_wconf 88' lang='lat' dir='ltr'><strong>annos</strong></span> <span class='ocrx_word' id='word_1_109' title='bbox 1102 1382 1134 1438; x_wconf 90' lang='lat' dir='ltr'><strong>et</strong></span> <span class='ocrx_word' id='word_1_110' title='bbox 1154 1375 1301 1452; x_wconf 90' lang='lat' dir='ltr'><strong>silemus,</strong></span> <span class='ocrx_word' id='word_1_111' title='bbox 1326 1397 1397 1441; x_wconf 89' lang='lat' dir='ltr'><strong>cum</strong></span> <span class='ocrx_word' id='word_1_112' title='bbox 1418 1379 1525 1443; x_wconf 87' lang='lat' dir='ltr'><strong>uidea-</strong></span> 
     </span>
    </p>

    <p class='ocr_par' dir='ltr' id='par_1_11' title="bbox 5 1469 1562 1556">
     <span class='ocr_line' id='line_1_11' title="bbox 5 1469 1562 1556; baseline 0.003 -28"><span class='ocrx_word' id='word_1_113' title='bbox 5 1477 12 1528; x_wconf 84' lang='lat' dir='ltr'><strong>t</strong></span> <span class='ocrx_word' id='word_1_114' title='bbox 202 1491 272 1534; x_wconf 90' lang='lat' dir='ltr'><strong>mus</strong></span> <span class='ocrx_word' id='word_1_115' title='bbox 295 1471 336 1536; x_wconf 88' lang='lat' dir='ltr'><strong>ad</strong></span> <span class='ocrx_word' id='word_1_116' title='bbox 358 1489 477 1555; x_wconf 83' lang='lat' dir='ltr'><strong>paucos</strong></span> <span class='ocrx_word' id='word_1_117' title='bbox 498 1469 643 1533; x_wconf 90' lang='lat' dir='ltr'><strong>homines</strong></span> <span class='ocrx_word' id='word_1_118' title='bbox 673 1489 783 1533; x_wconf 90' lang='lat' dir='ltr'><strong>omnes</strong></span> <span class='ocrx_word' id='word_1_119' title='bbox 813 1472 953 1536; x_wconf 89' lang='lat' dir='ltr'><strong>omnium</strong></span> <span class='ocrx_word' id='word_1_120' title='bbox 982 1471 1145 1533; x_wconf 88' lang='lat' dir='ltr'><strong>nationum</strong></span> <span class='ocrx_word' id='word_1_121' title='bbox 1174 1472 1326 1554; x_wconf 91' lang='lat' dir='ltr'><strong>pecunias</strong></span> <span class='ocrx_word' id='word_1_122' title='bbox 1347 1472 1562 1556; x_wconf 72' lang='lat' dir='ltr'><strong>pervenirem</strong></span> 
     </span>
    </p>

    <p class='ocr_par' dir='ltr' id='par_1_12' title="bbox 4 1563 1524 1650">
     <span class='ocr_line' id='line_1_12' title="bbox 4 1563 1524 1650; baseline 0.005 -26"><span class='ocrx_word' id='word_1_123' title='bbox 4 1583 12 1624; x_wconf 88' lang='grc' dir='ltr'>ι</span> <span class='ocrx_word' id='word_1_124' title='bbox 203 1565 298 1643; x_wconf 85' lang='lat' dir='ltr'><strong>Quod</strong></span> <span class='ocrx_word' id='word_1_125' title='bbox 322 1586 359 1630; x_wconf 91' lang='lat' dir='ltr'><strong>eo</strong></span> <span class='ocrx_word' id='word_1_126' title='bbox 382 1567 480 1648; x_wconf 80' lang='lat' dir='ltr'><strong>magis</strong></span> <span class='ocrx_word' id='word_1_127' title='bbox 502 1564 584 1628; x_wconf 88' lang='lat' dir='ltr'><strong>ferre</strong></span> <span class='ocrx_word' id='word_1_128' title='bbox 606 1565 712 1628; x_wconf 87' lang='lat' dir='ltr'><strong>animo</strong></span> <span class='ocrx_word' id='word_1_129' title='bbox 742 1583 845 1647; x_wconf 89' lang='lat' dir='ltr'><strong>aequo</strong></span> <span class='ocrx_word' id='word_1_130' title='bbox 876 1573 908 1628; x_wconf 89' lang='lat' dir='ltr'><strong>et</strong></span> <span class='ocrx_word' id='word_1_131' title='bbox 936 1563 1109 1629; x_wconf 83' lang='lat' dir='ltr'><strong>concedere</strong></span> <span class='ocrx_word' id='word_1_132' title='bbox 1138 1565 1296 1643; x_wconf 86' lang='lat' dir='ltr'><strong>videmur,</strong></span> <span class='ocrx_word' id='word_1_133' title='bbox 1327 1567 1403 1650; x_wconf 89' lang='lat' dir='ltr'><strong>quia</strong></span> <span class='ocrx_word' id='word_1_134' title='bbox 1431 1587 1524 1632; x_wconf 90' lang='lat' dir='ltr'><strong>nemo</strong></span> 
     </span>
    </p>

    <p class='ocr_par' dir='ltr' id='par_1_13' title="bbox 4 1658 1525 1742">
     <span class='ocr_line' id='line_1_13' title="bbox 4 1658 1525 1742; baseline 0.004 -22"><span class='ocrx_word' id='word_1_135' title='bbox 4 1669 10 1720; x_wconf 92' lang='lat' dir='ltr'><strong>t</strong></span> <span class='ocrx_word' id='word_1_136' title='bbox 202 1661 335 1724; x_wconf 88' lang='lat' dir='ltr'><strong>istorum</strong></span> <span class='ocrx_word' id='word_1_137' title='bbox 357 1658 546 1734; x_wconf 88' lang='lat' dir='ltr'><strong>dissimulat,</strong></span> <span class='ocrx_word' id='word_1_138' title='bbox 567 1677 661 1721; x_wconf 91' lang='lat' dir='ltr'><strong>neruo</strong></span> <span class='ocrx_word' id='word_1_139' title='bbox 684 1658 815 1734; x_wconf 85' lang='lat' dir='ltr'><strong>laboret,</strong></span> <span class='ocrx_word' id='word_1_140' title='bbox 837 1668 873 1724; x_wconf 91' lang='lat' dir='ltr'><strong>ut</strong></span> <span class='ocrx_word' id='word_1_141' title='bbox 894 1661 1028 1723; x_wconf 84' lang='lat' dir='ltr'><strong>obscura</strong></span> <span class='ocrx_word' id='word_1_142' title='bbox 1044 1678 1100 1721; x_wconf 85' lang='lat' dir='ltr'><strong>sua</strong></span> <span class='ocrx_word' id='word_1_143' title='bbox 1115 1659 1272 1742; x_wconf 74' lang='lat' dir='ltr'><strong>cupiditas</strong></span> <span class='ocrx_word' id='word_1_144' title='bbox 1287 1680 1358 1724; x_wconf 90' lang='lat' dir='ltr'><strong>esse</strong></span> <span class='ocrx_word' id='word_1_145' title='bbox 1372 1661 1525 1726; x_wconf 86' lang='lat' dir='ltr'><strong>videatur.</strong></span> 
     </span>
    </p>

    <p class='ocr_par' dir='ltr' id='par_1_14' title="bbox 4 1753 1526 1841">
     <span class='ocr_line' id='line_1_14' title="bbox 4 1753 1526 1841; baseline -0.001 -19"><span class='ocrx_word' id='word_1_146' title='bbox 4 1777 10 1822; x_wconf 87' lang='grc' dir='ltr'>ι</span> <span class='ocrx_word' id='word_1_147' title='bbox 202 1753 334 1820; x_wconf 70' lang='grc'><strong>43313</strong></span> <span class='ocrx_word' id='word_1_148' title='bbox 356 1755 434 1818; x_wconf 81' lang='lat' dir='ltr'><strong>urlre</strong></span> <span class='ocrx_word' id='word_1_149' title='bbox 456 1761 564 1816; x_wconf 91' lang='lat' dir='ltr'><strong>nostra</strong></span> <span class='ocrx_word' id='word_1_150' title='bbox 586 1753 914 1839; x_wconf 85' lang='lat' dir='ltr'><strong>pulcherrimaatque</strong></span> <span class='ocrx_word' id='word_1_151' title='bbox 937 1753 1136 1818; x_wconf 86' lang='lat' dir='ltr'><strong>ornatissima</strong></span> <span class='ocrx_word' id='word_1_152' title='bbox 1159 1754 1246 1836; x_wconf 89' lang='lat' dir='ltr'><strong>quod</strong></span> <span class='ocrx_word' id='word_1_153' title='bbox 1269 1755 1409 1838; x_wconf 73' lang='lat' dir='ltr'><strong>signum,</strong></span> <span class='ocrx_word' id='word_1_154' title='bbox 1443 1777 1526 1841; x_wconf 88' lang='lat' dir='ltr'><strong>quae</strong></span> 
     </span>
    </p>

    <p class='ocr_par' dir='ltr' id='par_1_15' title="bbox 2 1848 1525 1933">
     <span class='ocr_line' id='line_1_15' title="bbox 2 1848 1525 1933; baseline 0 -17"><span class='ocrx_word' id='word_1_155' title='bbox 2 1875 7 1916; x_wconf 82' lang='grc' dir='ltr'>ι</span> <span class='ocrx_word' id='word_1_156' title='bbox 202 1850 310 1914; x_wconf 87' lang='lat' dir='ltr'><strong>tabula</strong></span> <span class='ocrx_word' id='word_1_157' title='bbox 331 1850 416 1933; x_wconf 90' lang='lat' dir='ltr'><strong>picta</strong></span> <span class='ocrx_word' id='word_1_158' title='bbox 438 1856 495 1923; x_wconf 88' lang='lat' dir='ltr'><strong>est,</strong></span> <span class='ocrx_word' id='word_1_159' title='bbox 518 1867 599 1932; x_wconf 84' lang='lat' dir='ltr'><strong>qnae</strong></span> <span class='ocrx_word' id='word_1_160' title='bbox 620 1867 685 1911; x_wconf 90' lang='lat' dir='ltr'><strong>non</strong></span> <span class='ocrx_word' id='word_1_161' title='bbox 707 1849 747 1912; x_wconf 87' lang='lat' dir='ltr'><strong>ab</strong></span> <span class='ocrx_word' id='word_1_162' title='bbox 767 1848 913 1912; x_wconf 88' lang='lat' dir='ltr'><strong>hostibus</strong></span> <span class='ocrx_word' id='word_1_163' title='bbox 934 1849 1025 1911; x_wconf 87' lang='lat' dir='ltr'><strong>victis</strong></span> <span class='ocrx_word' id='word_1_164' title='bbox 1048 1854 1139 1931; x_wconf 84' lang='lat' dir='ltr'><strong>capta</strong></span> <span class='ocrx_word' id='word_1_165' title='bbox 1161 1854 1256 1930; x_wconf 86' lang='lat' dir='ltr'><strong>atque</strong></span> <span class='ocrx_word' id='word_1_166' title='bbox 1279 1850 1443 1931; x_wconf 87' lang='lat' dir='ltr'><strong>deportata</strong></span> <span class='ocrx_word' id='word_1_167' title='bbox 1464 1853 1525 1916; x_wconf 81' lang='lat' dir='ltr'><strong>siti</strong></span> 
     </span>
    </p>

    <p class='ocr_par' dir='ltr' id='par_1_16' title="bbox 3 1940 1562 2593">
     <span class='ocr_line' id='line_1_16' title="bbox 3 1940 1562 2028; baseline 0.002 -22"><span class='ocrx_word' id='word_1_168' title='bbox 3 1971 7 2012; x_wconf 71' lang='grc' dir='ltr'>ι</span> <span class='ocrx_word' id='word_1_169' title='bbox 202 1945 243 2006; x_wconf 80' lang='lat' dir='ltr'><strong>st</strong></span> <span class='ocrx_word' id='word_1_170' title='bbox 263 1943 397 2006; x_wconf 90' lang='lat' dir='ltr'><strong>istorum</strong></span> <span class='ocrx_word' id='word_1_171' title='bbox 419 1941 513 2006; x_wconf 85' lang='lat' dir='ltr'><strong>villae</strong></span> <span class='ocrx_word' id='word_1_172' title='bbox 532 1941 689 2004; x_wconf 90' lang='lat' dir='ltr'><strong>sociorum</strong></span> <span class='ocrx_word' id='word_1_173' title='bbox 704 1940 959 2006; x_wconf 87' lang='lat' dir='ltr'><strong>fidelissimomm</strong></span> <span class='ocrx_word' id='word_1_174' title='bbox 975 1941 1119 2024; x_wconf 84' lang='lat' dir='ltr'><strong>plurimis</strong></span> <span class='ocrx_word' id='word_1_175' title='bbox 1134 1948 1165 2004; x_wconf 90' lang='lat' dir='ltr'><strong>et</strong></span> <span class='ocrx_word' id='word_1_176' title='bbox 1179 1942 1398 2024; x_wconf 87' lang='lat' dir='ltr'><strong>pulcherrimis</strong></span> <span class='ocrx_word' id='word_1_177' title='bbox 1414 1945 1525 2028; x_wconf 90' lang='lat' dir='ltr'><strong>spoliis</strong></span> <span class='ocrx_word' id='word_1_178' title='bbox 1534 1960 1562 2009; x_wconf 82' lang='lat' dir='ltr'><strong>te</strong></span> 
     </span>
     <span class='ocr_line' id='line_1_17' title="bbox 203 2036 1526 2121; baseline 0.002 -21"><span class='ocrx_word' id='word_1_179' title='bbox 203 2043 333 2100; x_wconf 85' lang='lat' dir='ltr'><strong>ornatae</strong></span> <span class='ocrx_word' id='word_1_180' title='bbox 355 2037 552 2121; x_wconf 77' lang='lat' dir='ltr'><strong>refertaeque</strong></span> <span class='ocrx_word' id='word_1_181' title='bbox 575 2043 658 2098; x_wconf 89' lang='lat' dir='ltr'><strong>sunt.</strong></span> <span class='ocrx_word' id='word_1_182' title='bbox 701 2036 760 2101; x_wconf 87' lang='lat' dir='ltr'><strong>Ubi</strong></span> <span class='ocrx_word' id='word_1_183' title='bbox 780 2037 932 2120; x_wconf 87' lang='lat' dir='ltr'><strong>pecunias</strong></span> <span class='ocrx_word' id='word_1_184' title='bbox 954 2043 1144 2100; x_wconf 81' lang='lat' dir='ltr'><strong>exterarum·</strong></span> <span class='ocrx_word' id='word_1_185' title='bbox 1163 2037 1328 2101; x_wconf 88' lang='lat' dir='ltr'><strong>nationum</strong></span> <span class='ocrx_word' id='word_1_186' title='bbox 1352 2058 1421 2103; x_wconf 88' lang='lat' dir='ltr'><strong>esse</strong></span> <span class='ocrx_word' id='word_1_187' title='bbox 1443 2039 1526 2103; x_wconf 88' lang='lat' dir='ltr'><strong>arbi·</strong></span> 
     </span>
     <span class='ocr_line' id='line_1_18' title="bbox 202 2131 1524 2218; baseline 0.002 -24"><span class='ocrx_word' id='word_1_188' title='bbox 202 2131 345 2206; x_wconf 88' lang='lat' dir='ltr'><strong>trarnini,</strong></span> <span class='ocrx_word' id='word_1_189' title='bbox 374 2151 456 2215; x_wconf 88' lang='lat' dir='ltr'><strong>quae</strong></span> <span class='ocrx_word' id='word_1_190' title='bbox 478 2149 563 2194; x_wconf 89' lang='lat' dir='ltr'><strong>nunc</strong></span> <span class='ocrx_word' id='word_1_191' title='bbox 585 2149 693 2194; x_wconf 91' lang='lat' dir='ltr'><strong>omnes</strong></span> <span class='ocrx_word' id='word_1_192' title='bbox 716 2140 827 2214; x_wconf 81' lang='lat' dir='ltr'><strong>egent,</strong></span> <span class='ocrx_word' id='word_1_193' title='bbox 850 2151 922 2196; x_wconf 89' lang='lat' dir='ltr'><strong>curn</strong></span> <span class='ocrx_word' id='word_1_194' title='bbox 943 2131 1101 2206; x_wconf 81' lang='lat' dir='ltr'><strong>Athenas,</strong></span> <span class='ocrx_word' id='word_1_195' title='bbox 1132 2132 1335 2214; x_wconf 81' lang='lat' dir='ltr'><strong>Pergamum,</strong></span> <span class='ocrx_word' id='word_1_196' title='bbox 1367 2131 1524 2218; x_wconf 79' lang='lat' dir='ltr'><strong>Cyzicum,</strong></span> 
     </span>
     <span class='ocr_line' id='line_1_19' title="bbox 202 2223 1524 2309; baseline 0.002 -20"><span class='ocrx_word' id='word_1_197' title='bbox 202 2225 354 2302; x_wconf 81' lang='lat' dir='ltr'><strong>Miletum,</strong></span> <span class='ocrx_word' id='word_1_198' title='bbox 378 2225 500 2302; x_wconf 88' lang='lat' dir='ltr'><strong>Chium,</strong></span> <span class='ocrx_word' id='word_1_199' title='bbox 524 2225 652 2288; x_wconf 87' lang='lat' dir='ltr'><strong>Samum</strong></span> <span class='ocrx_word' id='word_1_200' title='bbox 674 2232 835 2309; x_wconf 87' lang='lat' dir='ltr'><strong>totamque</strong></span> <span class='ocrx_word' id='word_1_201' title='bbox 857 2227 973 2301; x_wconf 81' lang='lat' dir='ltr'><strong>Asiam,</strong></span> <span class='ocrx_word' id='word_1_202' title='bbox 995 2223 1162 2300; x_wconf 80' lang='lat' dir='ltr'><strong>Achaiam,</strong></span> <span class='ocrx_word' id='word_1_203' title='bbox 1185 2225 1362 2302; x_wconf 83' lang='lat' dir='ltr'><strong>Graeciam,</strong></span> <span class='ocrx_word' id='word_1_204' title='bbox 1385 2226 1524 2291; x_wconf 85' lang='lat' dir='ltr'><strong>Siciliam</strong></span> 
     </span>
     <span class='ocr_line' id='line_1_20' title="bbox 202 2318 1524 2403; baseline 0.001 -19"><span class='ocrx_word' id='word_1_205' title='bbox 202 2329 267 2384; x_wconf 82' lang='grc'><strong>4333</strong></span> <span class='ocrx_word' id='word_1_206' title='bbox 289 2321 321 2384; x_wconf 85' lang='grc'><strong>43</strong></span> <span class='ocrx_word' id='word_1_207' title='bbox 344 2321 452 2403; x_wconf 78' lang='grc'><strong>333343</strong></span> <span class='ocrx_word' id='word_1_208' title='bbox 474 2320 558 2384; x_wconf 82' lang='lat' dir='ltr'><strong>villis</strong></span> <span class='ocrx_word' id='word_1_209' title='bbox 579 2320 719 2384; x_wconf 89' lang='lat' dir='ltr'><strong>inclusas</strong></span> <span class='ocrx_word' id='word_1_210' title='bbox 740 2340 810 2384; x_wconf 90' lang='lat' dir='ltr'><strong>esse</strong></span> <span class='ocrx_word' id='word_1_211' title='bbox 831 2322 989 2386; x_wconf 70' lang='lat' dir='ltr'><strong>videatis?</strong></span> <span class='ocrx_word' id='word_1_212' title='bbox 1034 2320 1096 2383; x_wconf 89' lang='lat' dir='ltr'><strong>Sed</strong></span> <span class='ocrx_word' id='word_1_213' title='bbox 1117 2318 1213 2395; x_wconf 86' lang='lat' dir='ltr'><strong>haec,</strong></span> <span class='ocrx_word' id='word_1_214' title='bbox 1243 2328 1279 2385; x_wconf 90' lang='lat' dir='ltr'><strong>ut</strong></span> <span class='ocrx_word' id='word_1_215' title='bbox 1300 2319 1390 2396; x_wconf 91' lang='lat' dir='ltr'><strong>dico,</strong></span> <span class='ocrx_word' id='word_1_216' title='bbox 1418 2322 1524 2386; x_wconf 84' lang='lat' dir='ltr'><strong>omnis</strong></span> 
     </span>
     <span class='ocr_line' id='line_1_21' title="bbox 201 2413 1561 2500; baseline 0.004 -23"><span class='ocrx_word' id='word_1_217' title='bbox 201 2415 264 2479; x_wconf 85' lang='lat' dir='ltr'><strong>iarn</strong></span> <span class='ocrx_word' id='word_1_218' title='bbox 286 2413 363 2477; x_wconf 88' lang='lat' dir='ltr'><strong>socii</strong></span> <span class='ocrx_word' id='word_1_219' title='bbox 386 2413 482 2476; x_wconf 87' lang='lat' dir='ltr'><strong>vestri</strong></span> <span class='ocrx_word' id='word_1_220' title='bbox 503 2413 689 2498; x_wconf 85' lang='lat' dir='ltr'><strong>relinquunt</strong></span> <span class='ocrx_word' id='word_1_221' title='bbox 708 2421 741 2477; x_wconf 92' lang='lat' dir='ltr'><strong>et</strong></span> <span class='ocrx_word' id='word_1_222' title='bbox 761 2414 945 2499; x_wconf 71' lang='lat' dir='ltr'><strong>negligunt,</strong></span> <span class='ocrx_word' id='word_1_223' title='bbox 970 2413 1103 2478; x_wconf 90' lang='lat' dir='ltr'><strong>iudices.</strong></span> <span class='ocrx_word' id='word_1_224' title='bbox 1145 2415 1192 2477; x_wconf 89' lang='lat' dir='ltr'><strong>Ne</strong></span> <span class='ocrx_word' id='word_1_225' title='bbox 1213 2415 1341 2497; x_wconf 84' lang='lat' dir='ltr'><strong>publice</strong></span> <span class='ocrx_word' id='word_1_226' title='bbox 1363 2435 1382 2478; x_wconf 88' lang='lat' dir='ltr'><strong>a</strong></span> <span class='ocrx_word' id='word_1_227' title='bbox 1403 2416 1561 2500; x_wconf 75' lang='lat' dir='ltr'><strong>populoso</strong></span> 
     </span>
     <span class='ocr_line' id='line_1_22' title="bbox 200 2505 1524 2593; baseline 0.001 -21"><span class='ocrx_word' id='word_1_228' title='bbox 200 2508 342 2573; x_wconf 83' lang='lat' dir='ltr'><strong>Romano</strong></span> <span class='ocrx_word' id='word_1_229' title='bbox 364 2508 589 2590; x_wconf 89' lang='lat' dir='ltr'><strong>spoliarentur,</strong></span> <span class='ocrx_word' id='word_1_230' title='bbox 620 2505 732 2572; x_wconf 88' lang='lat' dir='ltr'><strong>officiis</strong></span> <span class='ocrx_word' id='word_1_231' title='bbox 764 2528 800 2571; x_wconf 88' lang='lat' dir='ltr'><strong>ac</strong></span> <span class='ocrx_word' id='word_1_232' title='bbox 821 2507 885 2571; x_wconf 89' lang='lat' dir='ltr'><strong>lide</strong></span> <span class='ocrx_word' id='word_1_233' title='bbox 913 2508 1135 2592; x_wconf 89' lang='lat' dir='ltr'><strong>providerunt:</strong></span> <span class='ocrx_word' id='word_1_234' title='bbox 1164 2527 1337 2593; x_wconf 85' lang='lat' dir='ltr'><strong>paucorum</strong></span> <span class='ocrx_word' id='word_1_235' title='bbox 1358 2510 1524 2592; x_wconf 89' lang='lat' dir='ltr'><strong>cupiditati</strong></span> 
     </span>
    </p>
   </div>
   <div class='ocr_carea' id='block_1_3' title="bbox 199 2835 1525 2904">
    <p class='ocr_par' dir='ltr' id='par_1_17' title="bbox 199 2835 1525 2904">
     <span class='ocr_line' id='line_1_23' title="bbox 199 2835 1525 2904; baseline 0.002 -15"><span class='ocrx_word' id='word_1_236' title='bbox 199 2837 324 2889; x_wconf 74' lang='grc'><strong>4433334334</strong></span> <span class='ocrx_word' id='word_1_237' title='bbox 340 2837 404 2890; x_wconf 89' lang='lat' dir='ltr'><strong>deit.</strong></span> <span class='ocrx_word' id='word_1_238' title='bbox 424 2840 452 2889; x_wconf 91' lang='lat'><strong>0.</strong></span> <span class='ocrx_word' id='word_1_239' title='bbox 473 2863 500 2874; x_wconf 91' lang='lat'>-</span> <span class='ocrx_word' id='word_1_240' title='bbox 519 2837 579 2902; x_wconf 81' lang='lat' dir='ltr'><strong>quid</strong></span> <span class='ocrx_word' id='word_1_241' title='bbox 591 2843 619 2888; x_wconf 87' lang='lat' dir='ltr'><strong>ut</strong></span> <span class='ocrx_word' id='word_1_242' title='bbox 635 2837 717 2889; x_wconf 82' lang='grc'><strong>4383</strong></span> <span class='ocrx_word' id='word_1_243' title='bbox 734 2839 757 2889; x_wconf 89' lang='lat' dir='ltr'>V</span> <span class='ocrx_word' id='word_1_244' title='bbox 776 2837 870 2902; x_wconf 84' lang='lat' dir='ltr'><strong>(Madv.</strong></span> <span class='ocrx_word' id='word_1_245' title='bbox 889 2851 916 2904; x_wconf 88' lang='lat' dir='ltr'><strong>p.</strong></span> <span class='ocrx_word' id='word_1_246' title='bbox 930 2836 1014 2902; x_wconf 68' lang='lat' dir='ltr'><strong>rell:</strong></span> <span class='ocrx_word' id='word_1_247' title='bbox 1032 2837 1092 2898; x_wconf 81' lang='lat' dir='ltr'><strong>quid</strong></span> <span class='ocrx_word' id='word_1_248' title='bbox 1108 2837 1138 2887; x_wconf 80' lang='lat' dir='ltr'><strong>sie</strong></span> <span class='ocrx_word' id='word_1_249' title='bbox 1153 2835 1218 2888; x_wconf 84' lang='lat' dir='ltr'><strong>dett.</strong></span> <span class='ocrx_word' id='word_1_250' title='bbox 1237 2837 1271 2899; x_wconf 91' lang='lat'><strong>0;</strong></span> <span class='ocrx_word' id='word_1_251' title='bbox 1290 2837 1343 2900; x_wconf 76' lang='lat' dir='ltr'><strong>potr</strong></span> <span class='ocrx_word' id='word_1_252' title='bbox 1358 2843 1386 2888; x_wconf 86' lang='lat' dir='ltr'><strong>ut</strong></span> <span class='ocrx_word' id='word_1_253' title='bbox 1403 2839 1432 2888; x_wconf 89' lang='lat' dir='ltr'><strong>de</strong></span> <span class='ocrx_word' id='word_1_254' title='bbox 1450 2839 1525 2892; x_wconf 82' lang='lat' dir='ltr'><strong>Verre</strong></span> 
     </span>
    </p>
   </div>
   <div class='ocr_carea' id='block_1_4' title="bbox 143 2912 1526 4031">
    <p class='ocr_par' dir='ltr' id='par_1_18' title="bbox 143 2912 1526 4031">
     <span class='ocr_line' id='line_1_24' title="bbox 199 2912 1522 2980; baseline 0.004 -18"><span class='ocrx_word' id='word_1_255' title='bbox 199 2913 330 2976; x_wconf 80' lang='lat' dir='ltr'><strong>sssptieium</strong></span> <span class='ocrx_word' id='word_1_256' title='bbox 345 2915 376 2965; x_wconf 87' lang='lat' dir='ltr'><strong>V.</strong></span> <span class='ocrx_word' id='word_1_257' title='bbox 397 2912 457 2978; x_wconf 81' lang='grc'><strong>(83.)</strong></span> <span class='ocrx_word' id='word_1_258' title='bbox 484 2913 580 2976; x_wconf 78' lang='lat' dir='ltr'><strong>(Verres</strong></span> <span class='ocrx_word' id='word_1_259' title='bbox 595 2913 742 2977; x_wconf 82' lang='lat' dir='ltr'><strong>supplicissm</strong></span> <span class='ocrx_word' id='word_1_260' title='bbox 758 2914 778 2965; x_wconf 92' lang='grc'><strong>8</strong></span> <span class='ocrx_word' id='word_1_261' title='bbox 796 2926 836 2978; x_wconf 92' lang='lat' dir='ltr'><strong>pr.</strong></span> <span class='ocrx_word' id='word_1_262' title='bbox 855 2915 901 2975; x_wconf 84' lang='lat' dir='ltr'><strong>m.)</strong></span> <span class='ocrx_word' id='word_1_263' title='bbox 921 2940 948 2949; x_wconf 94' lang='lat'><em>-</em></span> <span class='ocrx_word' id='word_1_264' title='bbox 967 2915 991 2963; x_wconf 93' lang='grc'><strong>4.</strong></span> <span class='ocrx_word' id='word_1_265' title='bbox 1010 2918 1093 2964; x_wconf 84' lang='lat' dir='ltr'><strong>sumat</strong></span> <span class='ocrx_word' id='word_1_266' title='bbox 1108 2913 1190 2964; x_wconf 81' lang='lat' dir='ltr'><strong>dett:</strong></span> <span class='ocrx_word' id='word_1_267' title='bbox 1205 2918 1306 2964; x_wconf 77' lang='grc'><strong>3333334</strong></span> <span class='ocrx_word' id='word_1_268' title='bbox 1321 2914 1352 2976; x_wconf 97' lang='lat' dir='ltr'><strong>V,</strong></span> <span class='ocrx_word' id='word_1_269' title='bbox 1371 2913 1415 2964; x_wconf 93' lang='grc'><strong>83.</strong></span> <span class='ocrx_word' id='word_1_270' title='bbox 1435 2912 1522 2980; x_wconf 88' lang='grc'><strong>[8333.</strong></span> 
     </span>
     <span class='ocr_line' id='line_1_25' title="bbox 201 2987 1523 3055; baseline 0.003 -17"><span class='ocrx_word' id='word_1_271' title='bbox 201 2987 301 3039; x_wconf 86' lang='lat' dir='ltr'><strong>hebent</strong></span> <span class='ocrx_word' id='word_1_272' title='bbox 317 2993 442 3039; x_wconf 74' lang='lat' dir='ltr'><strong>summouet</strong></span> <span class='ocrx_word' id='word_1_273' title='bbox 458 2989 622 3055; x_wconf 72' lang='lat' dir='ltr'><strong>praeterii,</strong></span> <span class='ocrx_word' id='word_1_274' title='bbox 641 2991 667 3040; x_wconf 89' lang='lat' dir='ltr'><strong>in</strong></span> <span class='ocrx_word' id='word_1_275' title='bbox 685 3003 738 3054; x_wconf 91' lang='lat' dir='ltr'><strong>qno</strong></span> <span class='ocrx_word' id='word_1_276' title='bbox 755 2991 796 3040; x_wconf 86' lang='lat' dir='ltr'><strong>est</strong></span> <span class='ocrx_word' id='word_1_277' title='bbox 812 2989 939 3053; x_wconf 74' lang='lat' dir='ltr'><strong>summai]</strong></span> <span class='ocrx_word' id='word_1_278' title='bbox 963 2990 1019 3039; x_wconf 82' lang='grc'><strong>833</strong></span> <span class='ocrx_word' id='word_1_279' title='bbox 1031 2989 1091 3039; x_wconf 83' lang='grc'><strong>44334</strong></span> <span class='ocrx_word' id='word_1_280' title='bbox 1102 2990 1129 3039; x_wconf 89' lang='lat' dir='ltr'><strong>h.</strong></span> <span class='ocrx_word' id='word_1_281' title='bbox 1142 2988 1160 3041; x_wconf 94' lang='lat' dir='ltr'><strong>l.</strong></span> <span class='ocrx_word' id='word_1_282' title='bbox 1174 3001 1235 3040; x_wconf 88' lang='lat' dir='ltr'><strong>cum</strong></span> <span class='ocrx_word' id='word_1_283' title='bbox 1247 2991 1367 3053; x_wconf 87' lang='lat' dir='ltr'><strong>Zumptlo</strong></span> <span class='ocrx_word' id='word_1_284' title='bbox 1378 2987 1523 3054; x_wconf 75' lang='lat' dir='ltr'><strong>inlelligere</strong></span> 
     </span>
     <span class='ocr_line' id='line_1_26' title="bbox 202 3065 1525 3131; baseline 0.002 -16"><span class='ocrx_word' id='word_1_285' title='bbox 202 3069 327 3116; x_wconf 70' lang='grc'><strong>33343333</strong></span> <span class='ocrx_word' id='word_1_286' title='bbox 343 3077 376 3115; x_wconf 88' lang='lat' dir='ltr'><strong>ex</strong></span> <span class='ocrx_word' id='word_1_287' title='bbox 393 3079 435 3126; x_wconf 89' lang='lat' dir='ltr'><strong>eo,</strong></span> <span class='ocrx_word' id='word_1_288' title='bbox 454 3066 525 3129; x_wconf 90' lang='lat' dir='ltr'><strong>quod</strong></span> <span class='ocrx_word' id='word_1_289' title='bbox 541 3066 679 3131; x_wconf 85' lang='lat' dir='ltr'><strong>praecedit</strong></span> <span class='ocrx_word' id='word_1_290' title='bbox 694 3067 728 3116; x_wconf 86' lang='lat' dir='ltr'><strong>ud</strong></span> <span class='ocrx_word' id='word_1_291' title='bbox 738 3070 863 3124; x_wconf 71' lang='grc'><strong>33334333</strong></span> <span class='ocrx_word' id='word_1_292' title='bbox 881 3077 943 3115; x_wconf 85' lang='lat' dir='ltr'><strong>nam</strong></span> <span class='ocrx_word' id='word_1_293' title='bbox 955 3077 1008 3115; x_wconf 91' lang='lat' dir='ltr'><strong>non</strong></span> <span class='ocrx_word' id='word_1_294' title='bbox 1019 3067 1165 3126; x_wconf 88' lang='lat' dir='ltr'><strong>senatores,</strong></span> <span class='ocrx_word' id='word_1_295' title='bbox 1183 3065 1232 3116; x_wconf 89' lang='lat' dir='ltr'><strong>sed</strong></span> <span class='ocrx_word' id='word_1_296' title='bbox 1243 3066 1327 3115; x_wconf 85' lang='lat' dir='ltr'><strong>toturn</strong></span> <span class='ocrx_word' id='word_1_297' title='bbox 1339 3067 1415 3128; x_wconf 84' lang='lat' dir='ltr'><strong>quasi</strong></span> <span class='ocrx_word' id='word_1_298' title='bbox 1427 3078 1525 3130; x_wconf 86' lang='lat' dir='ltr'><strong>corpus</strong></span> 
     </span>
     <span class='ocr_line' id='line_1_27' title="bbox 201 3137 1526 3204; baseline 0 -13"><span class='ocrx_word' id='word_1_299' title='bbox 201 3141 356 3192; x_wconf 84' lang='lat' dir='ltr'><strong>senatorum</strong></span> <span class='ocrx_word' id='word_1_300' title='bbox 373 3137 530 3204; x_wconf 88' lang='lat' dir='ltr'><strong>supplicium</strong></span> <span class='ocrx_word' id='word_1_301' title='bbox 547 3139 669 3190; x_wconf 84' lang='lat' dir='ltr'><strong>decernit</strong></span> <span class='ocrx_word' id='word_1_302' title='bbox 684 3153 715 3190; x_wconf 86' lang='lat' dir='ltr'><strong>ac</strong></span> <span class='ocrx_word' id='word_1_303' title='bbox 732 3141 820 3190; x_wconf 87' lang='lat' dir='ltr'><strong>sumit.</strong></span> <span class='ocrx_word' id='word_1_304' title='bbox 849 3140 874 3189; x_wconf 80' lang='lat' dir='ltr'><strong>st</strong></span> <span class='ocrx_word' id='word_1_305' title='bbox 891 3143 989 3188; x_wconf 81' lang='lat' dir='ltr'><strong>sumunt</strong></span> <span class='ocrx_word' id='word_1_306' title='bbox 1012 3139 1156 3190; x_wconf 80' lang='lat' dir='ltr'><strong>defendere</strong></span> <span class='ocrx_word' id='word_1_307' title='bbox 1174 3139 1251 3200; x_wconf 88' lang='lat' dir='ltr'><strong>velis,</strong></span> <span class='ocrx_word' id='word_1_308' title='bbox 1275 3141 1335 3190; x_wconf 86' lang='lat' dir='ltr'><strong>socii</strong></span> <span class='ocrx_word' id='word_1_309' title='bbox 1351 3143 1413 3191; x_wconf 88' lang='lat' dir='ltr'><strong>sunt</strong></span> <span class='ocrx_word' id='word_1_310' title='bbox 1429 3139 1526 3191; x_wconf 77' lang='lat' dir='ltr'><strong>intelli-</strong></span> 
     </span>
     <span class='ocr_line' id='line_1_28' title="bbox 200 3212 1524 3280; baseline 0.002 -15"><span class='ocrx_word' id='word_1_311' title='bbox 200 3215 293 3280; x_wconf 78' lang='lat' dir='ltr'><strong>gendi,</strong></span> <span class='ocrx_word' id='word_1_312' title='bbox 313 3215 358 3278; x_wconf 86' lang='lat' dir='ltr'><strong>qui</strong></span> <span class='ocrx_word' id='word_1_313' title='bbox 372 3227 420 3278; x_wconf 85' lang='lat' dir='ltr'><strong>per</strong></span> <span class='ocrx_word' id='word_1_314' title='bbox 435 3219 548 3264; x_wconf 78' lang='lat' dir='ltr'><strong>secutum</strong></span> <span class='ocrx_word' id='word_1_315' title='bbox 565 3213 724 3279; x_wconf 88' lang='lat' dir='ltr'><strong>supplicium</strong></span> <span class='ocrx_word' id='word_1_316' title='bbox 741 3215 877 3272; x_wconf 79' lang='lat' dir='ltr'><strong>sumentes</strong></span> <span class='ocrx_word' id='word_1_317' title='bbox 895 3212 928 3263; x_wconf 92' lang='lat' dir='ltr'><strong>de</strong></span> <span class='ocrx_word' id='word_1_318' title='bbox 945 3213 1028 3264; x_wconf 89' lang='lat' dir='ltr'><strong>Verre</strong></span> <span class='ocrx_word' id='word_1_319' title='bbox 1045 3215 1094 3278; x_wconf 89' lang='lat' dir='ltr'><strong>ipsi</strong></span> <span class='ocrx_word' id='word_1_320' title='bbox 1112 3225 1218 3264; x_wconf 91' lang='lat' dir='ltr'><strong>sumere</strong></span> <span class='ocrx_word' id='word_1_321' title='bbox 1236 3213 1372 3276; x_wconf 88' lang='lat' dir='ltr'><strong>dicuntur,</strong></span> <span class='ocrx_word' id='word_1_322' title='bbox 1393 3217 1461 3267; x_wconf 86' lang='lat' dir='ltr'><strong>sicut</strong></span> <span class='ocrx_word' id='word_1_323' title='bbox 1478 3229 1524 3267; x_wconf 87' lang='lat' dir='ltr'><strong>ac-</strong></span> 
     </span>
     <span class='ocr_line' id='line_1_29' title="bbox 201 3287 1525 3353; baseline 0.003 -13"><span class='ocrx_word' id='word_1_324' title='bbox 201 3292 306 3341; x_wconf 87' lang='lat' dir='ltr'><strong>cusator</strong></span> <span class='ocrx_word' id='word_1_325' title='bbox 321 3300 394 3338; x_wconf 78' lang='lat' dir='ltr'><strong>rerem</strong></span> <span class='ocrx_word' id='word_1_326' title='bbox 411 3291 576 3340; x_wconf 76' lang='lat' dir='ltr'><strong>coudeuoure</strong></span> <span class='ocrx_word' id='word_1_327' title='bbox 592 3289 696 3352; x_wconf 88' lang='lat' dir='ltr'><strong>dicitur,</strong></span> <span class='ocrx_word' id='word_1_328' title='bbox 715 3291 759 3353; x_wconf 91' lang='lat' dir='ltr'><strong>qni</strong></span> <span class='ocrx_word' id='word_1_329' title='bbox 774 3303 821 3352; x_wconf 85' lang='lat' dir='ltr'><strong>per</strong></span> <span class='ocrx_word' id='word_1_330' title='bbox 836 3289 928 3338; x_wconf 86' lang='lat' dir='ltr'><strong>iudices</strong></span> <span class='ocrx_word' id='word_1_331' title='bbox 944 3287 1060 3339; x_wconf 85' lang='lat' dir='ltr'><strong>damnet.</strong></span> <span class='ocrx_word' id='word_1_332' title='bbox 1081 3317 1108 3325; x_wconf 92' lang='lat'>—</span> <span class='ocrx_word' id='word_1_333' title='bbox 1126 3303 1176 3340; x_wconf 85' lang='grc'><strong>333</strong></span> <span class='ocrx_word' id='word_1_334' title='bbox 1193 3294 1335 3340; x_wconf 68' lang='lat' dir='ltr'><strong>epotum</strong></span> <span class='ocrx_word' id='word_1_335' title='bbox 1350 3291 1401 3352; x_wconf 85' lang='grc'><strong>83;</strong></span> <span class='ocrx_word' id='word_1_336' title='bbox 1424 3306 1475 3342; x_wconf 83' lang='lat' dir='ltr'><strong>nou</strong></span> <span class='ocrx_word' id='word_1_337' title='bbox 1490 3299 1525 3344; x_wconf 87' lang='lat' dir='ltr'><strong>est</strong></span> 
     </span>
     <span class='ocr_line' id='line_1_30' title="bbox 199 3362 1525 3429; baseline 0.001 -13"><span class='ocrx_word' id='word_1_338' title='bbox 199 3365 353 3416; x_wconf 71' lang='grc'><strong>3333434433</strong></span> <span class='ocrx_word' id='word_1_339' title='bbox 368 3363 399 3416; x_wconf 88' lang='lat' dir='ltr'><strong>V.</strong></span> <span class='ocrx_word' id='word_1_340' title='bbox 418 3365 479 3429; x_wconf 78' lang='lat' dir='ltr'><strong>(lis.)</strong></span> <span class='ocrx_word' id='word_1_341' title='bbox 498 3391 526 3401; x_wconf 92' lang='lat'><em>-</em></span> <span class='ocrx_word' id='word_1_342' title='bbox 544 3365 568 3414; x_wconf 78' lang='grc'><strong>8.</strong></span> <span class='ocrx_word' id='word_1_343' title='bbox 585 3365 672 3428; x_wconf 80' lang='lat' dir='ltr'><strong>popuii</strong></span> <span class='ocrx_word' id='word_1_344' title='bbox 688 3378 767 3415; x_wconf 84' lang='lat' dir='ltr'><strong>causo</strong></span> <span class='ocrx_word' id='word_1_345' title='bbox 782 3364 818 3414; x_wconf 90' lang='grc'><strong>83</strong></span> <span class='ocrx_word' id='word_1_346' title='bbox 836 3362 864 3413; x_wconf 77' lang='lat' dir='ltr'><strong>l:</strong></span> <span class='ocrx_word' id='word_1_347' title='bbox 882 3377 960 3414; x_wconf 76' lang='lat' dir='ltr'><strong>cosso</strong></span> <span class='ocrx_word' id='word_1_348' title='bbox 978 3365 1013 3414; x_wconf 87' lang='lat' dir='ltr'><strong>.P.</strong></span> <span class='ocrx_word' id='word_1_349' title='bbox 1031 3365 1061 3414; x_wconf 89' lang='grc'><strong>8.</strong></span> <span class='ocrx_word' id='word_1_350' title='bbox 1078 3365 1113 3424; x_wconf 86' lang='lat' dir='ltr'><strong>V;</strong></span> <span class='ocrx_word' id='word_1_351' title='bbox 1132 3377 1210 3414; x_wconf 76' lang='lat' dir='ltr'><strong>cusos</strong></span> <span class='ocrx_word' id='word_1_352' title='bbox 1223 3364 1310 3428; x_wconf 83' lang='lat' dir='ltr'><strong>populi</strong></span> <span class='ocrx_word' id='word_1_353' title='bbox 1325 3363 1390 3416; x_wconf 90' lang='lat' dir='ltr'><strong>dett.</strong></span> <span class='ocrx_word' id='word_1_354' title='bbox 1409 3366 1437 3416; x_wconf 91' lang='lat'><strong>0.</strong></span> <span class='ocrx_word' id='word_1_355' title='bbox 1453 3393 1480 3403; x_wconf 89' lang='lat'><em>-</em></span> <span class='ocrx_word' id='word_1_356' title='bbox 1499 3380 1525 3418; x_wconf 88' lang='lat' dir='ltr'><strong>se</strong></span> 
     </span>
     <span class='ocr_line' id='line_1_31' title="bbox 200 3437 1522 3505; baseline -0.001 -13"><span class='ocrx_word' id='word_1_357' title='bbox 200 3453 254 3492; x_wconf 89' lang='lat' dir='ltr'><strong>om.</strong></span> <span class='ocrx_word' id='word_1_358' title='bbox 273 3439 337 3490; x_wconf 87' lang='lat' dir='ltr'><strong>deit.</strong></span> <span class='ocrx_word' id='word_1_359' title='bbox 359 3466 386 3475; x_wconf 93' lang='lat'>-</span> <span class='ocrx_word' id='word_1_360' title='bbox 405 3439 429 3490; x_wconf 93' lang='grc'><strong>3.</strong></span> <span class='ocrx_word' id='word_1_361' title='bbox 448 3441 470 3490; x_wconf 89' lang='lat' dir='ltr'><strong>ei</strong></span> <span class='ocrx_word' id='word_1_362' title='bbox 486 3453 529 3493; x_wconf 87' lang='lat' dir='ltr'><strong>uos</strong></span> <span class='ocrx_word' id='word_1_363' title='bbox 545 3439 601 3504; x_wconf 78' lang='lat' dir='ltr'><strong>ispe]</strong></span> <span class='ocrx_word' id='word_1_364' title='bbox 624 3442 676 3490; x_wconf 82' lang='grc'><strong>3433</strong></span> <span class='ocrx_word' id='word_1_365' title='bbox 691 3441 751 3505; x_wconf 80' lang='lat' dir='ltr'><strong>lepis</strong></span> <span class='ocrx_word' id='word_1_366' title='bbox 770 3439 807 3490; x_wconf 91' lang='grc'><strong>83</strong></span> <span class='ocrx_word' id='word_1_367' title='bbox 824 3439 902 3496; x_wconf 85' lang='lat' dir='ltr'><strong>deil.;</strong></span> <span class='ocrx_word' id='word_1_368' title='bbox 929 3439 981 3490; x_wconf 85' lang='lat' dir='ltr'><strong>eius</strong></span> <span class='ocrx_word' id='word_1_369' title='bbox 1003 3437 1068 3501; x_wconf 84' lang='grc'><strong>(3433</strong></span> <span class='ocrx_word' id='word_1_370' title='bbox 1086 3439 1152 3503; x_wconf 80' lang='lat' dir='ltr'><strong>lepis)</strong></span> <span class='ocrx_word' id='word_1_371' title='bbox 1176 3439 1211 3500; x_wconf 83' lang='lat' dir='ltr'><strong>V;</strong></span> <span class='ocrx_word' id='word_1_372' title='bbox 1237 3452 1281 3490; x_wconf 89' lang='lat' dir='ltr'><strong>oos</strong></span> <span class='ocrx_word' id='word_1_373' title='bbox 1296 3439 1349 3490; x_wconf 81' lang='grc'><strong>4433</strong></span> <span class='ocrx_word' id='word_1_374' title='bbox 1364 3442 1424 3505; x_wconf 77' lang='lat' dir='ltr'><strong>lepis</strong></span> <span class='ocrx_word' id='word_1_375' title='bbox 1444 3438 1460 3491; x_wconf 85' lang='grc' dir='ltr'><strong><em>λ</em></strong></span> <span class='ocrx_word' id='word_1_376' title='bbox 1478 3441 1522 3505; x_wconf 71' lang='grc'><strong>(4)(</strong></span> 
     </span>
     <span class='ocr_line' id='line_1_32' title="bbox 199 3514 1522 3580; baseline 0 -12"><span class='ocrx_word' id='word_1_377' title='bbox 199 3530 242 3568; x_wconf 83' lang='grc'><strong>333</strong></span> <span class='ocrx_word' id='word_1_378' title='bbox 258 3517 311 3567; x_wconf 74' lang='lat' dir='ltr'><strong>eires</strong></span> <span class='ocrx_word' id='word_1_379' title='bbox 327 3515 390 3579; x_wconf 84' lang='lat' dir='ltr'><strong>lepes</strong></span> <span class='ocrx_word' id='word_1_380' title='bbox 406 3515 474 3579; x_wconf 74' lang='lat' dir='ltr'><strong>Lgi&#39;i</strong></span> <span class='ocrx_word' id='word_1_381' title='bbox 484 3515 530 3576; x_wconf 76' lang='lat'><strong>293</strong></span> <span class='ocrx_word' id='word_1_382' title='bbox 555 3515 590 3566; x_wconf 80' lang='lat' dir='ltr'><strong>eis</strong></span> <span class='ocrx_word' id='word_1_383' title='bbox 606 3515 654 3579; x_wconf 81' lang='lat' dir='ltr'><strong>ispi</strong></span> <span class='ocrx_word' id='word_1_384' title='bbox 670 3516 748 3579; x_wconf 89' lang='grc'><strong>8333.</strong></span> <span class='ocrx_word' id='word_1_385' title='bbox 767 3514 900 3580; x_wconf 83' lang='lat' dir='ltr'><strong>plerique3</strong></span> <span class='ocrx_word' id='word_1_386' title='bbox 923 3527 967 3564; x_wconf 88' lang='lat' dir='ltr'><strong>uos</strong></span> <span class='ocrx_word' id='word_1_387' title='bbox 984 3515 1006 3564; x_wconf 84' lang='lat' dir='ltr'><strong>ui</strong></span> <span class='ocrx_word' id='word_1_388' title='bbox 1022 3514 1069 3578; x_wconf 78' lang='grc'><strong>4334</strong></span> <span class='ocrx_word' id='word_1_389' title='bbox 1085 3515 1184 3565; x_wconf 87' lang='lat' dir='ltr'><strong>Victor.</strong></span> <span class='ocrx_word' id='word_1_390' title='bbox 1203 3515 1232 3565; x_wconf 88' lang='lat'><strong>0.</strong></span> <span class='ocrx_word' id='word_1_391' title='bbox 1252 3543 1279 3551; x_wconf 95' lang='lat'><em>-</em></span> <span class='ocrx_word' id='word_1_392' title='bbox 1298 3527 1330 3566; x_wconf 90' lang='lat' dir='ltr'><strong>uc</strong></span> <span class='ocrx_word' id='word_1_393' title='bbox 1344 3515 1452 3566; x_wconf 81' lang='lat' dir='ltr'><strong>uindices</strong></span> <span class='ocrx_word' id='word_1_394' title='bbox 1469 3528 1522 3568; x_wconf 90' lang='lat' dir='ltr'><strong>om.</strong></span> 
     </span>
     <span class='ocr_line' id='line_1_33' title="bbox 201 3588 1525 3657; baseline -0.002 -12"><span class='ocrx_word' id='word_1_395' title='bbox 201 3595 279 3655; x_wconf 88' lang='grc'><strong>8333.</strong></span> <span class='ocrx_word' id='word_1_396' title='bbox 299 3594 406 3657; x_wconf 82' lang='lat' dir='ltr'><strong>praeter</strong></span> <span class='ocrx_word' id='word_1_397' title='bbox 421 3591 463 3642; x_wconf 76' lang='lat' dir='ltr'><strong>rs.</strong></span> <span class='ocrx_word' id='word_1_398' title='bbox 482 3591 700 3654; x_wconf 86' lang='lat' dir='ltr'><strong>-praeposuisse</strong></span> <span class='ocrx_word' id='word_1_399' title='bbox 719 3590 742 3640; x_wconf 89' lang='lat' dir='ltr'>V</span> <span class='ocrx_word' id='word_1_400' title='bbox 759 3591 833 3654; x_wconf 79' lang='grc'><strong>(83),</strong></span> <span class='ocrx_word' id='word_1_401' title='bbox 858 3589 938 3640; x_wconf 81' lang='lat' dir='ltr'><strong>dett:</strong></span> <span class='ocrx_word' id='word_1_402' title='bbox 963 3589 1117 3653; x_wconf 78' lang='lat' dir='ltr'><strong>proposuisse</strong></span> <span class='ocrx_word' id='word_1_403' title='bbox 1133 3588 1179 3640; x_wconf 90' lang='grc'><strong>83.</strong></span> <span class='ocrx_word' id='word_1_404' title='bbox 1200 3617 1227 3627; x_wconf 92' lang='grc'><strong>-</strong></span> <span class='ocrx_word' id='word_1_405' title='bbox 1246 3589 1305 3639; x_wconf 86' lang='lat' dir='ltr'><strong>dicit</strong></span> <span class='ocrx_word' id='word_1_406' title='bbox 1321 3589 1399 3653; x_wconf 91' lang='grc'><strong>8333.</strong></span> <span class='ocrx_word' id='word_1_407' title='bbox 1418 3594 1525 3655; x_wconf 86' lang='lat' dir='ltr'><strong>praeter</strong></span> 
     </span>
     <span class='ocr_line' id='line_1_34' title="bbox 199 3663 1526 3731; baseline -0.002 -11"><span class='ocrx_word' id='word_1_408' title='bbox 199 3669 232 3721; x_wconf 73' lang='grc'><strong>48</strong></span> <span class='ocrx_word' id='word_1_409' title='bbox 243 3666 284 3719; x_wconf 81' lang='grc'><strong>44.</strong></span> <span class='ocrx_word' id='word_1_410' title='bbox 305 3693 332 3702; x_wconf 94' lang='grc'>-</span> <span class='ocrx_word' id='word_1_411' title='bbox 352 3666 377 3719; x_wconf 84' lang='lat' dir='ltr'><strong>l.</strong></span> <span class='ocrx_word' id='word_1_412' title='bbox 396 3666 421 3715; x_wconf 84' lang='lat' dir='ltr'><strong>isi</strong></span> <span class='ocrx_word' id='word_1_413' title='bbox 437 3666 506 3715; x_wconf 86' lang='lat' dir='ltr'><strong>iocus</strong></span> <span class='ocrx_word' id='word_1_414' title='bbox 520 3666 551 3716; x_wconf 95' lang='lat' dir='ltr'><strong>V.</strong></span> <span class='ocrx_word' id='word_1_415' title='bbox 568 3691 595 3701; x_wconf 90' lang='lat'><em>-</em></span> <span class='ocrx_word' id='word_1_416' title='bbox 609 3665 687 3730; x_wconf 81' lang='lat' dir='ltr'><strong>ipitur</strong></span> <span class='ocrx_word' id='word_1_417' title='bbox 703 3670 738 3716; x_wconf 90' lang='lat' dir='ltr'><strong>est</strong></span> <span class='ocrx_word' id='word_1_418' title='bbox 753 3667 773 3715; x_wconf 95' lang='grc'><strong>8</strong></span> <span class='ocrx_word' id='word_1_419' title='bbox 791 3665 823 3714; x_wconf 86' lang='lat' dir='ltr'><strong>Gi</strong></span> <span class='ocrx_word' id='word_1_420' title='bbox 843 3665 878 3714; x_wconf 94' lang='lat' dir='ltr'><strong>V:</strong></span> <span class='ocrx_word' id='word_1_421' title='bbox 897 3677 956 3731; x_wconf 83' lang='lat' dir='ltr'><strong>erpo</strong></span> <span class='ocrx_word' id='word_1_422' title='bbox 971 3670 1007 3717; x_wconf 86' lang='lat' dir='ltr'><strong>est</strong></span> <span class='ocrx_word' id='word_1_423' title='bbox 1022 3667 1059 3715; x_wconf 79' lang='lat' dir='ltr'><strong>Gr</strong></span> <span class='ocrx_word' id='word_1_424' title='bbox 1076 3663 1139 3726; x_wconf 86' lang='lat' dir='ltr'><strong>Ld.;</strong></span> <span class='ocrx_word' id='word_1_425' title='bbox 1157 3670 1192 3717; x_wconf 87' lang='lat' dir='ltr'><strong>est</strong></span> <span class='ocrx_word' id='word_1_426' title='bbox 1207 3665 1287 3730; x_wconf 79' lang='lat' dir='ltr'><strong>ipttus·</strong></span> <span class='ocrx_word' id='word_1_427' title='bbox 1302 3665 1367 3716; x_wconf 88' lang='lat' dir='ltr'><strong>deti.</strong></span> <span class='ocrx_word' id='word_1_428' title='bbox 1385 3668 1414 3717; x_wconf 91' lang='lat'><strong>0.</strong></span> <span class='ocrx_word' id='word_1_429' title='bbox 1429 3695 1456 3704; x_wconf 91' lang='lat'>-</span> <span class='ocrx_word' id='word_1_430' title='bbox 1466 3681 1526 3730; x_wconf 84' lang='lat' dir='ltr'><strong>per·</strong></span> 
     </span>
     <span class='ocr_line' id='line_1_35' title="bbox 199 3739 1523 3809; baseline 0.002 -18"><span class='ocrx_word' id='word_1_431' title='bbox 199 3744 295 3809; x_wconf 75' lang='lat' dir='ltr'><strong>supieut</strong></span> <span class='ocrx_word' id='word_1_432' title='bbox 310 3742 343 3792; x_wconf 97' lang='lat' dir='ltr'><strong>V.</strong></span> <span class='ocrx_word' id='word_1_433' title='bbox 364 3741 425 3805; x_wconf 81' lang='lat' dir='ltr'><strong>(tir.)</strong></span> <span class='ocrx_word' id='word_1_434' title='bbox 441 3768 468 3777; x_wconf 93' lang='lat'><em>-</em></span> <span class='ocrx_word' id='word_1_435' title='bbox 486 3739 547 3791; x_wconf 76' lang='lat' dir='ltr'><strong>hoec</strong></span> <span class='ocrx_word' id='word_1_436' title='bbox 562 3754 614 3792; x_wconf 86' lang='lat' dir='ltr'><strong>ursc</strong></span> <span class='ocrx_word' id='word_1_437' title='bbox 631 3753 683 3791; x_wconf 91' lang='lat' dir='ltr'><strong>om.</strong></span> <span class='ocrx_word' id='word_1_438' title='bbox 701 3740 752 3800; x_wconf 88' lang='grc'><strong>83;</strong></span> <span class='ocrx_word' id='word_1_439' title='bbox 770 3741 831 3790; x_wconf 82' lang='lat' dir='ltr'><strong>iaec</strong></span> <span class='ocrx_word' id='word_1_440' title='bbox 847 3753 890 3790; x_wconf 87' lang='lat' dir='ltr'><strong>ors</strong></span> <span class='ocrx_word' id='word_1_441' title='bbox 905 3741 936 3793; x_wconf 94' lang='lat' dir='ltr'><strong>V.</strong></span> <span class='ocrx_word' id='word_1_442' title='bbox 957 3768 984 3779; x_wconf 90' lang='lat'>-</span> <span class='ocrx_word' id='word_1_443' title='bbox 1004 3741 1028 3791; x_wconf 82' lang='lat'><strong>6.</strong></span> <span class='ocrx_word' id='word_1_444' title='bbox 1045 3741 1186 3804; x_wconf 74' lang='lat' dir='ltr'><strong>repetundis</strong></span> <span class='ocrx_word' id='word_1_445' title='bbox 1200 3739 1224 3791; x_wconf 93' lang='lat' dir='ltr'><strong>V</strong></span> <span class='ocrx_word' id='word_1_446' title='bbox 1240 3742 1290 3792; x_wconf 85' lang='lat' dir='ltr'><strong>Gt:</strong></span> <span class='ocrx_word' id='word_1_447' title='bbox 1307 3740 1444 3804; x_wconf 78' lang='lat' dir='ltr'><strong>repetendis</strong></span> <span class='ocrx_word' id='word_1_448' title='bbox 1460 3743 1523 3794; x_wconf 86' lang='lat' dir='ltr'><strong>cett.</strong></span> 
     </span>
     <span class='ocr_line' id='line_1_36' title="bbox 200 3814 1525 3881; baseline -0.002 -11"><span class='ocrx_word' id='word_1_449' title='bbox 200 3818 229 3870; x_wconf 94' lang='lat'><strong>0.</strong></span> <span class='ocrx_word' id='word_1_450' title='bbox 250 3845 277 3856; x_wconf 92' lang='lat'>-</span> <span class='ocrx_word' id='word_1_451' title='bbox 295 3830 346 3868; x_wconf 83' lang='grc'><strong>333</strong></span> <span class='ocrx_word' id='word_1_452' title='bbox 362 3829 465 3880; x_wconf 73' lang='lat' dir='ltr'><strong>eumen,</strong></span> <span class='ocrx_word' id='word_1_453' title='bbox 482 3829 533 3866; x_wconf 86' lang='grc'><strong>333</strong></span> <span class='ocrx_word' id='word_1_454' title='bbox 549 3828 606 3881; x_wconf 73' lang='lat' dir='ltr'><strong>usp.</strong></span> <span class='ocrx_word' id='word_1_455' title='bbox 624 3815 647 3864; x_wconf 96' lang='lat' dir='ltr'><strong>V</strong></span> <span class='ocrx_word' id='word_1_456' title='bbox 663 3816 746 3879; x_wconf 74' lang='lat' dir='ltr'><strong>Lpiii:</strong></span> <span class='ocrx_word' id='word_1_457' title='bbox 764 3829 815 3864; x_wconf 83' lang='grc'><strong>333</strong></span> <span class='ocrx_word' id='word_1_458' title='bbox 831 3827 899 3880; x_wconf 73' lang='lat' dir='ltr'><strong>erp,</strong></span> <span class='ocrx_word' id='word_1_459' title='bbox 916 3829 966 3866; x_wconf 88' lang='grc'><strong>333</strong></span> <span class='ocrx_word' id='word_1_460' title='bbox 983 3829 1040 3868; x_wconf 82' lang='lat' dir='ltr'><strong>our.</strong></span> <span class='ocrx_word' id='word_1_461' title='bbox 1059 3815 1115 3868; x_wconf 91' lang='lat' dir='ltr'><strong>rell.</strong></span> <span class='ocrx_word' id='word_1_462' title='bbox 1135 3817 1164 3867; x_wconf 93' lang='lat'><strong>0.</strong></span> <span class='ocrx_word' id='word_1_463' title='bbox 1185 3842 1212 3853; x_wconf 91' lang='lat'>-</span> <span class='ocrx_word' id='word_1_464' title='bbox 1231 3815 1255 3868; x_wconf 84' lang='lat'><strong>8.</strong></span> <span class='ocrx_word' id='word_1_465' title='bbox 1273 3819 1368 3866; x_wconf 79' lang='lat' dir='ltr'><strong>metuet</strong></span> <span class='ocrx_word' id='word_1_466' title='bbox 1382 3814 1414 3867; x_wconf 92' lang='lat' dir='ltr'><strong>V.</strong></span> <span class='ocrx_word' id='word_1_467' title='bbox 1434 3843 1461 3854; x_wconf 92' lang='lat'><em>-</em></span> <span class='ocrx_word' id='word_1_468' title='bbox 1479 3817 1525 3868; x_wconf 78' lang='lat' dir='ltr'><strong>lsoc</strong></span> 
     </span>
     <span class='ocr_line' id='line_1_37' title="bbox 143 3889 1525 3958; baseline 0.001 -20"><span class='ocrx_word' id='word_1_469' title='bbox 143 3929 150 3938; x_wconf 86' lang='lat'><strong>.</strong></span> <span class='ocrx_word' id='word_1_470' title='bbox 200 3893 245 3944; x_wconf 77' lang='grc'><strong>63.</strong></span> <span class='ocrx_word' id='word_1_471' title='bbox 271 3891 389 3958; x_wconf 89' lang='grc'><strong>(3338.)</strong></span> <span class='ocrx_word' id='word_1_472' title='bbox 409 3918 437 3928; x_wconf 94' lang='lat'>-</span> <span class='ocrx_word' id='word_1_473' title='bbox 456 3892 481 3943; x_wconf 83' lang='lat' dir='ltr'><strong>P.</strong></span> <span class='ocrx_word' id='word_1_474' title='bbox 497 3891 527 3944; x_wconf 92' lang='grc'><strong>8.</strong></span> <span class='ocrx_word' id='word_1_475' title='bbox 547 3891 601 3955; x_wconf 76' lang='lat' dir='ltr'><strong>(slei</strong></span> <span class='ocrx_word' id='word_1_476' title='bbox 619 3889 701 3942; x_wconf 86' lang='lat' dir='ltr'><strong>hehet</strong></span> <span class='ocrx_word' id='word_1_477' title='bbox 716 3890 747 3953; x_wconf 94' lang='lat' dir='ltr'><strong>V,</strong></span> <span class='ocrx_word' id='word_1_478' title='bbox 766 3903 818 3942; x_wconf 88' lang='lat' dir='ltr'><strong>orn.</strong></span> <span class='ocrx_word' id='word_1_479' title='bbox 838 3891 929 3943; x_wconf 77' lang='lat' dir='ltr'><strong>Maius.</strong></span> <span class='ocrx_word' id='word_1_480' title='bbox 949 3918 978 3930; x_wconf 91' lang='lat'><em>-</em></span> <span class='ocrx_word' id='word_1_481' title='bbox 997 3890 1022 3944; x_wconf 81' lang='lat'><strong>9.</strong></span> <span class='ocrx_word' id='word_1_482' title='bbox 1040 3891 1085 3957; x_wconf 86' lang='lat' dir='ltr'><strong>ito]</strong></span> <span class='ocrx_word' id='word_1_483' title='bbox 1106 3893 1159 3941; x_wconf 87' lang='lat' dir='ltr'><strong>tum</strong></span> <span class='ocrx_word' id='word_1_484' title='bbox 1181 3889 1243 3942; x_wconf 94' lang='lat' dir='ltr'><strong>edd.</strong></span> <span class='ocrx_word' id='word_1_485' title='bbox 1264 3892 1328 3942; x_wconf 82' lang='lat' dir='ltr'><strong>vett.</strong></span> <span class='ocrx_word' id='word_1_486' title='bbox 1348 3917 1376 3926; x_wconf 94' lang='lat'>-</span> <span class='ocrx_word' id='word_1_487' title='bbox 1392 3891 1451 3941; x_wconf 84' lang='lat' dir='ltr'><strong>velit</strong></span> <span class='ocrx_word' id='word_1_488' title='bbox 1469 3893 1525 3957; x_wconf 72' lang='lat' dir='ltr'><strong>pieri</strong></span> 
     </span>
     <span class='ocr_line' id='line_1_38' title="bbox 199 3965 1522 4031; baseline -0.001 -13"><span class='ocrx_word' id='word_1_489' title='bbox 199 3969 231 4020; x_wconf 90' lang='lat' dir='ltr'><strong>V.</strong></span> <span class='ocrx_word' id='word_1_490' title='bbox 251 3993 278 4006; x_wconf 90' lang='lat'><strong>·-</strong></span> <span class='ocrx_word' id='word_1_491' title='bbox 298 3966 389 4018; x_wconf 82' lang='lat' dir='ltr'><strong>multos</strong></span> <span class='ocrx_word' id='word_1_492' title='bbox 407 3967 460 4018; x_wconf 85' lang='lat' dir='ltr'><strong>ium</strong></span> <span class='ocrx_word' id='word_1_493' title='bbox 481 3965 558 4018; x_wconf 84' lang='grc'><strong>4483</strong></span> <span class='ocrx_word' id='word_1_494' title='bbox 574 3965 657 4031; x_wconf 63' lang='lat' dir='ltr'><strong>Lare:</strong></span> <span class='ocrx_word' id='word_1_495' title='bbox 683 3967 737 4017; x_wconf 82' lang='lat' dir='ltr'><strong>ium</strong></span> <span class='ocrx_word' id='word_1_496' title='bbox 751 3967 842 4018; x_wconf 78' lang='grc'><strong>3334433</strong></span> <span class='ocrx_word' id='word_1_497' title='bbox 858 3965 922 4018; x_wconf 88' lang='lat' dir='ltr'><strong>dett.</strong></span> <span class='ocrx_word' id='word_1_498' title='bbox 941 3969 970 4020; x_wconf 92' lang='grc'><strong>0.</strong></span> <span class='ocrx_word' id='word_1_499' title='bbox 990 3994 1018 4003; x_wconf 92' lang='grc'><strong>-</strong></span> <span class='ocrx_word' id='word_1_500' title='bbox 1036 3979 1116 4017; x_wconf 79' lang='lat' dir='ltr'><strong>aenos</strong></span> <span class='ocrx_word' id='word_1_501' title='bbox 1137 3979 1191 4018; x_wconf 91' lang='lat' dir='ltr'><strong>om.</strong></span> <span class='ocrx_word' id='word_1_502' title='bbox 1209 3967 1287 4031; x_wconf 92' lang='grc'><strong>8333.</strong></span> <span class='ocrx_word' id='word_1_503' title='bbox 1310 3978 1414 4017; x_wconf 88' lang='lat' dir='ltr'><strong>omnes.</strong></span> <span class='ocrx_word' id='word_1_504' title='bbox 1435 3993 1463 4004; x_wconf 92' lang='lat'>-</span> <span class='ocrx_word' id='word_1_505' title='bbox 1482 3967 1522 4020; x_wconf 84' lang='grc'><strong>44.</strong></span> 
     </span>
    </p>
   </div>
   <div class='ocr_carea' id='block_1_5' title="bbox 150 4039 1525 4240">
    <p class='ocr_par' dir='ltr' id='par_1_19' title="bbox 150 4039 1525 4240">
     <span class='ocr_line' id='line_1_39' title="bbox 199 4039 1525 4108; baseline -0.002 -13"><span class='ocrx_word' id='word_1_506' title='bbox 199 4043 308 4095; x_wconf 69' lang='lat' dir='ltr'><strong>emisse</strong></span> <span class='ocrx_word' id='word_1_507' title='bbox 324 4055 378 4094; x_wconf 92' lang='lat' dir='ltr'><strong>om.</strong></span> <span class='ocrx_word' id='word_1_508' title='bbox 396 4043 465 4108; x_wconf 72' lang='grc'><strong>8339</strong></span> <span class='ocrx_word' id='word_1_509' title='bbox 481 4043 518 4094; x_wconf 81' lang='lat' dir='ltr'><strong>st.</strong></span> <span class='ocrx_word' id='word_1_510' title='bbox 539 4067 568 4078; x_wconf 91' lang='lat'><em>—</em></span> <span class='ocrx_word' id='word_1_511' title='bbox 586 4055 669 4094; x_wconf 76' lang='grc'><strong>333333</strong></span> <span class='ocrx_word' id='word_1_512' title='bbox 685 4055 739 4093; x_wconf 88' lang='lat' dir='ltr'><strong>om.</strong></span> <span class='ocrx_word' id='word_1_513' title='bbox 756 4041 801 4092; x_wconf 89' lang='grc'><strong>83.</strong></span> <span class='ocrx_word' id='word_1_514' title='bbox 822 4041 911 4108; x_wconf 89' lang='lat' dir='ltr'><strong>(habet</strong></span> <span class='ocrx_word' id='word_1_515' title='bbox 927 4043 950 4092; x_wconf 94' lang='lat' dir='ltr'><strong>V</strong></span> <span class='ocrx_word' id='word_1_516' title='bbox 966 4043 1045 4093; x_wconf 85' lang='lat' dir='ltr'><strong>elium</strong></span> <span class='ocrx_word' id='word_1_517' title='bbox 1062 4044 1131 4094; x_wconf 87' lang='lat' dir='ltr'><strong>teste</strong></span> <span class='ocrx_word' id='word_1_518' title='bbox 1147 4040 1201 4104; x_wconf 78' lang='lat' dir='ltr'><strong>Er.)</strong></span> <span class='ocrx_word' id='word_1_519' title='bbox 1215 4069 1242 4078; x_wconf 91' lang='lat'><em>-</em></span> <span class='ocrx_word' id='word_1_520' title='bbox 1252 4042 1384 4106; x_wconf 82' lang='lat' dir='ltr'><strong>peruenire</strong></span> <span class='ocrx_word' id='word_1_521' title='bbox 1399 4039 1450 4092; x_wconf 74' lang='lat' dir='ltr'><strong>lii:</strong></span> <span class='ocrx_word' id='word_1_522' title='bbox 1465 4055 1525 4105; x_wconf 87' lang='lat' dir='ltr'><strong>per·</strong></span> 
     </span>
     <span class='ocr_line' id='line_1_40' title="bbox 150 4107 1524 4240; baseline 0 -13"><span class='ocrx_word' id='word_1_523' title='bbox 150 4145 153 4150; x_wconf 73' lang='grc'><strong>’</strong></span> <span class='ocrx_word' id='word_1_524' title='bbox 198 4176 291 4227; x_wconf 72' lang='lat' dir='ltr'><strong>mou</strong></span> <span class='ocrx_word' id='word_1_525' title='bbox 307 4173 365 4227; x_wconf 75' lang='grc'><strong>33.</strong></span> <span class='ocrx_word' id='word_1_526' title='bbox 383 4176 412 4226; x_wconf 85' lang='grc'><strong>3</strong></span> <span class='ocrx_word' id='word_1_527' title='bbox 429 4176 450 4226; x_wconf 90' lang='grc'><strong>3</strong></span> <span class='ocrx_word' id='word_1_528' title='bbox 467 4174 573 4228; x_wconf 73' lang='lat' dir='ltr'><strong>adoriar</strong></span> <span class='ocrx_word' id='word_1_529' title='bbox 588 4187 627 4237; x_wconf 78' lang='grc'><strong>3,</strong></span> <span class='ocrx_word' id='word_1_530' title='bbox 646 4175 672 4226; x_wconf 84' lang='grc'><strong>3</strong></span> <span class='ocrx_word' id='word_1_531' title='bbox 689 4173 725 4225; x_wconf 84' lang='lat' dir='ltr'><strong>co</strong></span> <span class='ocrx_word' id='word_1_532' title='bbox 742 4175 796 4232; x_wconf 73' lang='grc'><strong>33</strong></span> <span class='ocrx_word' id='word_1_533' title='bbox 820 4174 847 4224; x_wconf 82' lang='grc'><strong>3</strong></span> <span class='ocrx_word' id='word_1_534' title='bbox 863 4175 886 4224; x_wconf 90' lang='lat' dir='ltr'>v</span> <span class='ocrx_word' id='word_1_535' title='bbox 902 4176 956 4226; x_wconf 74' lang='lat' dir='ltr'><strong>ess:</strong></span> <span class='ocrx_word' id='word_1_536' title='bbox 982 4107 1370 4236; x_wconf 59' lang='lat' dir='ltr'><strong>rsrrsmssri‘frmi&#39;rsurs.</strong></span> <span class='ocrx_word' id='word_1_537' title='bbox 1399 4171 1524 4240; x_wconf 71' lang='lat' dir='ltr'><strong>[appares</strong></span> 
     </span>
    </p>
   </div>
   <div class='ocr_carea' id='block_1_6' title="bbox 195 4247 1524 5246">
    <p class='ocr_par' dir='ltr' id='par_1_20' title="bbox 195 4247 1524 5246">
     <span class='ocr_line' id='line_1_41' title="bbox 200 4247 1524 4316; baseline -0.002 -14"><span class='ocrx_word' id='word_1_538' title='bbox 200 4263 233 4302; x_wconf 81' lang='lat' dir='ltr'><strong>es</strong></span> <span class='ocrx_word' id='word_1_539' title='bbox 247 4252 310 4302; x_wconf 86' lang='lat' dir='ltr'><strong>uitio</strong></span> <span class='ocrx_word' id='word_1_540' title='bbox 326 4252 354 4302; x_wconf 87' lang='lat' dir='ltr'><strong>in</strong></span> <span class='ocrx_word' id='word_1_541' title='bbox 371 4251 392 4303; x_wconf 93' lang='grc'><strong>8</strong></span> <span class='ocrx_word' id='word_1_542' title='bbox 405 4252 570 4315; x_wconf 76' lang='lat' dir='ltr'><strong>peuertrese,</strong></span> <span class='ocrx_word' id='word_1_543' title='bbox 588 4251 615 4302; x_wconf 90' lang='lat' dir='ltr'><strong>in</strong></span> <span class='ocrx_word' id='word_1_544' title='bbox 632 4251 688 4302; x_wconf 87' lang='lat' dir='ltr'><strong>eius</strong></span> <span class='ocrx_word' id='word_1_545' title='bbox 705 4263 813 4316; x_wconf 86' lang='lat' dir='ltr'><strong>quoque</strong></span> <span class='ocrx_word' id='word_1_546' title='bbox 830 4250 975 4314; x_wconf 80' lang='lat' dir='ltr'><strong>archetypo</strong></span> <span class='ocrx_word' id='word_1_547' title='bbox 988 4250 1129 4312; x_wconf 76' lang='lat' dir='ltr'><strong>peremisse</strong></span> <span class='ocrx_word' id='word_1_548' title='bbox 1140 4247 1241 4313; x_wconf 81' lang='lat' dir='ltr'><strong>luisse]</strong></span> <span class='ocrx_word' id='word_1_549' title='bbox 1253 4275 1281 4286; x_wconf 97' lang='lat'>-</span> <span class='ocrx_word' id='word_1_550' title='bbox 1295 4250 1335 4299; x_wconf 91' lang='grc'><strong>44.</strong></span> <span class='ocrx_word' id='word_1_551' title='bbox 1348 4260 1428 4312; x_wconf 80' lang='lat' dir='ltr'><strong>seque</strong></span> <span class='ocrx_word' id='word_1_552' title='bbox 1439 4251 1524 4310; x_wconf 78' lang='grc'><strong>334333</strong></span> 
     </span>
     <span class='ocr_line' id='line_1_42' title="bbox 199 4322 1521 4400; baseline -0.002 -22"><span class='ocrx_word' id='word_1_553' title='bbox 199 4325 264 4378; x_wconf 87' lang='lat' dir='ltr'><strong>deit.</strong></span> <span class='ocrx_word' id='word_1_554' title='bbox 283 4326 312 4377; x_wconf 91' lang='lat'><strong>0.</strong></span> <span class='ocrx_word' id='word_1_555' title='bbox 325 4353 361 4400; x_wconf 40' lang='lat'><strong>¹-</strong></span> <span class='ocrx_word' id='word_1_556' title='bbox 378 4333 402 4378; x_wconf 89' lang='lat' dir='ltr'><strong>et</strong></span> <span class='ocrx_word' id='word_1_557' title='bbox 424 4327 461 4379; x_wconf 85' lang='grc'><strong>83</strong></span> <span class='ocrx_word' id='word_1_558' title='bbox 479 4328 501 4378; x_wconf 94' lang='lat' dir='ltr'><strong>V</strong></span> <span class='ocrx_word' id='word_1_559' title='bbox 517 4327 599 4392; x_wconf 72' lang='lat' dir='ltr'><strong>Lgiit</strong></span> <span class='ocrx_word' id='word_1_560' title='bbox 621 4333 696 4390; x_wconf 82' lang='lat' dir='ltr'><strong>utque</strong></span> <span class='ocrx_word' id='word_1_561' title='bbox 718 4324 774 4377; x_wconf 92' lang='lat' dir='ltr'><strong>rell.</strong></span> <span class='ocrx_word' id='word_1_562' title='bbox 793 4327 822 4376; x_wconf 95' lang='grc'><strong>0.</strong></span> <span class='ocrx_word' id='word_1_563' title='bbox 842 4352 871 4364; x_wconf 90' lang='grc'>-</span> <span class='ocrx_word' id='word_1_564' title='bbox 890 4325 930 4376; x_wconf 70' lang='lat' dir='ltr'><strong>ii.</strong></span> <span class='ocrx_word' id='word_1_565' title='bbox 953 4324 1070 4375; x_wconf 74' lang='grc'><strong>34343333</strong></span> <span class='ocrx_word' id='word_1_566' title='bbox 1091 4323 1253 4375; x_wconf 65' lang='grc'><strong>3433334333</strong></span> <span class='ocrx_word' id='word_1_567' title='bbox 1274 4335 1345 4374; x_wconf 73' lang='lat' dir='ltr'><strong>steno</strong></span> <span class='ocrx_word' id='word_1_568' title='bbox 1361 4322 1474 4374; x_wconf 72' lang='lat' dir='ltr'><strong>doloret</strong></span> <span class='ocrx_word' id='word_1_569' title='bbox 1489 4325 1521 4376; x_wconf 88' lang='lat' dir='ltr'><strong>V.</strong></span> 
     </span>
     <span class='ocr_line' id='line_1_43' title="bbox 201 4397 1523 4466; baseline 0 -16"><span class='ocrx_word' id='word_1_570' title='bbox 201 4401 262 4466; x_wconf 81' lang='lat' dir='ltr'><strong>(tir.)</strong></span> <span class='ocrx_word' id='word_1_571' title='bbox 282 4427 309 4438; x_wconf 96' lang='lat'>-</span> <span class='ocrx_word' id='word_1_572' title='bbox 327 4401 442 4452; x_wconf 75' lang='lat' dir='ltr'><strong>uideutw</strong></span> <span class='ocrx_word' id='word_1_573' title='bbox 458 4401 481 4451; x_wconf 97' lang='lat' dir='ltr'><strong>V</strong></span> <span class='ocrx_word' id='word_1_574' title='bbox 504 4403 541 4464; x_wconf 85' lang='grc'><strong>(34</strong></span> <span class='ocrx_word' id='word_1_575' title='bbox 556 4402 672 4452; x_wconf 87' lang='lat' dir='ltr'><strong>lirunnio</strong></span> <span class='ocrx_word' id='word_1_576' title='bbox 688 4400 808 4462; x_wconf 81' lang='lat' dir='ltr'><strong>videtur,</strong></span> <span class='ocrx_word' id='word_1_577' title='bbox 832 4412 884 4450; x_wconf 89' lang='lat' dir='ltr'><strong>non</strong></span> <span class='ocrx_word' id='word_1_578' title='bbox 900 4399 1048 4464; x_wconf 83' lang='lat' dir='ltr'><strong>uideumrsr).</strong></span> <span class='ocrx_word' id='word_1_579' title='bbox 1069 4425 1097 4436; x_wconf 89' lang='lat'><strong>-·</strong></span> <span class='ocrx_word' id='word_1_580' title='bbox 1116 4399 1156 4450; x_wconf 85' lang='lat' dir='ltr'><strong>ta.</strong></span> <span class='ocrx_word' id='word_1_581' title='bbox 1171 4398 1326 4462; x_wconf 61' lang='lat' dir='ltr'><strong>psorem</strong></span> <span class='ocrx_word' id='word_1_582' title='bbox 1341 4398 1376 4459; x_wconf 91' lang='lat' dir='ltr'><strong>V,</strong></span> <span class='ocrx_word' id='word_1_583' title='bbox 1395 4397 1444 4448; x_wconf 92' lang='lat' dir='ltr'><strong>sed</strong></span> <span class='ocrx_word' id='word_1_584' title='bbox 1461 4411 1523 4450; x_wconf 84' lang='lat' dir='ltr'><strong>rnox</strong></span> 
     </span>
     <span class='ocr_line' id='line_1_44' title="bbox 195 4470 1521 4540; baseline -0.001 -14"><span class='ocrx_word' id='word_1_585' title='bbox 195 4475 377 4540; x_wconf 67' lang='grc'><strong>3343433433.</strong></span> <span class='ocrx_word' id='word_1_586' title='bbox 397 4503 425 4514; x_wconf 93' lang='grc'>-</span> <span class='ocrx_word' id='word_1_587' title='bbox 444 4476 485 4529; x_wconf 90' lang='grc'><strong>44.</strong></span> <span class='ocrx_word' id='word_1_588' title='bbox 513 4477 645 4539; x_wconf 79' lang='lat' dir='ltr'><strong>deportata</strong></span> <span class='ocrx_word' id='word_1_589' title='bbox 666 4477 715 4528; x_wconf 78' lang='lat' dir='ltr'><strong>lli:</strong></span> <span class='ocrx_word' id='word_1_590' title='bbox 742 4477 877 4539; x_wconf 81' lang='lat' dir='ltr'><strong>adportato</strong></span> <span class='ocrx_word' id='word_1_591' title='bbox 892 4475 929 4534; x_wconf 92' lang='lat' dir='ltr'><strong>V,</strong></span> <span class='ocrx_word' id='word_1_592' title='bbox 953 4475 1018 4527; x_wconf 86' lang='lat' dir='ltr'><strong>dett.</strong></span> <span class='ocrx_word' id='word_1_593' title='bbox 1037 4477 1069 4536; x_wconf 86' lang='lat'><strong>0;</strong></span> <span class='ocrx_word' id='word_1_594' title='bbox 1096 4479 1227 4538; x_wconf 83' lang='lat' dir='ltr'><strong>asportato</strong></span> <span class='ocrx_word' id='word_1_595' title='bbox 1247 4470 1325 4536; x_wconf 87' lang='grc'><strong>8344.</strong></span> <span class='ocrx_word' id='word_1_596' title='bbox 1345 4497 1375 4511; x_wconf 92' lang='grc'>-</span> <span class='ocrx_word' id='word_1_597' title='bbox 1394 4473 1433 4524; x_wconf 84' lang='lat' dir='ltr'><strong>te.</strong></span> <span class='ocrx_word' id='word_1_598' title='bbox 1455 4473 1521 4538; x_wconf 65' lang='lat' dir='ltr'><strong>fidei.</strong></span> 
     </span>
     <span class='ocr_line' id='line_1_45' title="bbox 197 4547 1519 4620; baseline -0.002 -19"><span class='ocrx_word' id='word_1_599' title='bbox 197 4552 323 4602; x_wconf 75' lang='lat' dir='ltr'><strong>suetonius</strong></span> <span class='ocrx_word' id='word_1_600' title='bbox 338 4551 416 4615; x_wconf 73' lang='lat' dir='ltr'><strong>Lgii.</strong></span> <span class='ocrx_word' id='word_1_601' title='bbox 436 4551 596 4613; x_wconf 79' lang='lat' dir='ltr'><strong>-plurimis</strong></span> <span class='ocrx_word' id='word_1_602' title='bbox 617 4552 653 4603; x_wconf 89' lang='grc'><strong>83</strong></span> <span class='ocrx_word' id='word_1_603' title='bbox 670 4551 706 4600; x_wconf 94' lang='lat' dir='ltr'><strong>V:</strong></span> <span class='ocrx_word' id='word_1_604' title='bbox 729 4555 753 4602; x_wconf 84' lang='lat' dir='ltr'><strong>et</strong></span> <span class='ocrx_word' id='word_1_605' title='bbox 764 4551 881 4614; x_wconf 80' lang='lat' dir='ltr'><strong>plurirrris</strong></span> <span class='ocrx_word' id='word_1_606' title='bbox 902 4549 965 4602; x_wconf 90' lang='lat' dir='ltr'><strong>dett.</strong></span> <span class='ocrx_word' id='word_1_607' title='bbox 985 4552 1014 4602; x_wconf 92' lang='lat'><strong>0.</strong></span> <span class='ocrx_word' id='word_1_608' title='bbox 1039 4550 1171 4620; x_wconf 75' lang='lat' dir='ltr'><strong>(piissimis</strong></span> <span class='ocrx_word' id='word_1_609' title='bbox 1191 4553 1214 4600; x_wconf 88' lang='lat' dir='ltr'><strong>et</strong></span> <span class='ocrx_word' id='word_1_610' title='bbox 1232 4547 1413 4611; x_wconf 71' lang='lat' dir='ltr'><strong>pacemne</strong></span> <span class='ocrx_word' id='word_1_611' title='bbox 1434 4549 1474 4612; x_wconf 88' lang='grc'><strong>8.)</strong></span> <span class='ocrx_word' id='word_1_612' title='bbox 1492 4573 1519 4586; x_wconf 92' lang='grc'>-</span> 
     </span>
     <span class='ocr_line' id='line_1_46' title="bbox 198 4621 1523 4705; baseline -0.005 -27"><span class='ocrx_word' id='word_1_613' title='bbox 198 4627 240 4705; x_wconf 58' lang='grc'><strong>4-44.</strong></span> <span class='ocrx_word' id='word_1_614' title='bbox 257 4626 400 4689; x_wconf 68' lang='lat' dir='ltr'><strong>refermus</strong></span> <span class='ocrx_word' id='word_1_615' title='bbox 414 4627 446 4678; x_wconf 96' lang='lat' dir='ltr'><strong>V.</strong></span> <span class='ocrx_word' id='word_1_616' title='bbox 466 4626 527 4692; x_wconf 79' lang='lat' dir='ltr'><strong>ilis.)</strong></span> <span class='ocrx_word' id='word_1_617' title='bbox 547 4653 574 4664; x_wconf 91' lang='lat'><em>-</em></span> <span class='ocrx_word' id='word_1_618' title='bbox 594 4628 634 4678; x_wconf 85' lang='grc'><strong>44.</strong></span> <span class='ocrx_word' id='word_1_619' title='bbox 652 4641 718 4692; x_wconf 79' lang='lat' dir='ltr'><strong>quus</strong></span> <span class='ocrx_word' id='word_1_620' title='bbox 734 4629 755 4679; x_wconf 95' lang='grc'><strong>8</strong></span> <span class='ocrx_word' id='word_1_621' title='bbox 770 4628 792 4677; x_wconf 94' lang='lat' dir='ltr'><strong>V</strong></span> <span class='ocrx_word' id='word_1_622' title='bbox 805 4629 837 4678; x_wconf 84' lang='lat' dir='ltr'><strong>Gt</strong></span> <span class='ocrx_word' id='word_1_623' title='bbox 851 4627 881 4676; x_wconf 79' lang='lat'><strong>2:</strong></span> <span class='ocrx_word' id='word_1_624' title='bbox 900 4640 951 4690; x_wconf 82' lang='grc'><strong>333</strong></span> <span class='ocrx_word' id='word_1_625' title='bbox 967 4623 996 4688; x_wconf 72' lang='grc' dir='ltr'><strong>λς</strong></span> <span class='ocrx_word' id='word_1_626' title='bbox 1015 4638 1063 4688; x_wconf 80' lang='lat' dir='ltr'><strong>que</strong></span> <span class='ocrx_word' id='word_1_627' title='bbox 1079 4626 1141 4685; x_wconf 82' lang='lat' dir='ltr'><strong>Ld.;</strong></span> <span class='ocrx_word' id='word_1_628' title='bbox 1160 4623 1248 4689; x_wconf 73' lang='lat' dir='ltr'><strong>potius</strong></span> <span class='ocrx_word' id='word_1_629' title='bbox 1263 4622 1329 4674; x_wconf 88' lang='lat' dir='ltr'><strong>dett.</strong></span> <span class='ocrx_word' id='word_1_630' title='bbox 1347 4621 1376 4673; x_wconf 89' lang='lat'><strong>0.</strong></span> <span class='ocrx_word' id='word_1_631' title='bbox 1395 4623 1424 4686; x_wconf 91' lang='grc'><strong>(8</strong></span> <span class='ocrx_word' id='word_1_632' title='bbox 1440 4621 1523 4673; x_wconf 87' lang='lat' dir='ltr'><strong>habet</strong></span> 
     </span>
     <span class='ocr_line' id='line_1_47' title="bbox 198 4705 1522 4775; baseline -0.005 -14"><span class='ocrx_word' id='word_1_633' title='bbox 198 4725 233 4774; x_wconf 80' lang='grc'><strong>3.,</strong></span> <span class='ocrx_word' id='word_1_634' title='bbox 251 4710 268 4761; x_wconf 88' lang='grc'><strong>4.</strong></span> <span class='ocrx_word' id='word_1_635' title='bbox 287 4724 312 4762; x_wconf 91' lang='lat' dir='ltr'><strong>e.</strong></span> <span class='ocrx_word' id='word_1_636' title='bbox 331 4724 377 4773; x_wconf 78' lang='lat' dir='ltr'><strong>que</strong></span> <span class='ocrx_word' id='word_1_637' title='bbox 394 4723 462 4762; x_wconf 88' lang='lat' dir='ltr'><strong>corr.</strong></span> <span class='ocrx_word' id='word_1_638' title='bbox 480 4711 507 4762; x_wconf 90' lang='lat' dir='ltr'><strong>in</strong></span> <span class='ocrx_word' id='word_1_639' title='bbox 524 4712 606 4774; x_wconf 77' lang='lat' dir='ltr'><strong>quoe.)</strong></span> <span class='ocrx_word' id='word_1_640' title='bbox 622 4739 649 4750; x_wconf 91' lang='lat'>-</span> <span class='ocrx_word' id='word_1_641' title='bbox 668 4711 709 4763; x_wconf 85' lang='grc'><strong>48.</strong></span> <span class='ocrx_word' id='word_1_642' title='bbox 728 4711 805 4763; x_wconf 76' lang='lat' dir='ltr'><strong>ctiori</strong></span> <span class='ocrx_word' id='word_1_643' title='bbox 821 4712 915 4761; x_wconf 78' lang='grc'><strong>834333</strong></span> <span class='ocrx_word' id='word_1_644' title='bbox 930 4711 1008 4775; x_wconf 90' lang='grc'><strong>8333.</strong></span> <span class='ocrx_word' id='word_1_645' title='bbox 1027 4712 1134 4775; x_wconf 87' lang='lat' dir='ltr'><strong>praeter</strong></span> <span class='ocrx_word' id='word_1_646' title='bbox 1150 4709 1190 4762; x_wconf 77' lang='lat' dir='ltr'><strong>la.</strong></span> <span class='ocrx_word' id='word_1_647' title='bbox 1210 4709 1270 4770; x_wconf 88' lang='grc'><strong>(333</strong></span> <span class='ocrx_word' id='word_1_648' title='bbox 1287 4705 1342 4768; x_wconf 89' lang='grc'><strong>83.)</strong></span> <span class='ocrx_word' id='word_1_649' title='bbox 1356 4732 1383 4742; x_wconf 97' lang='grc'>-</span> <span class='ocrx_word' id='word_1_650' title='bbox 1396 4709 1522 4767; x_wconf 74' lang='lat' dir='ltr'><strong>mirusque</strong></span> 
     </span>
     <span class='ocr_line' id='line_1_48' title="bbox 198 4781 1521 4850; baseline -0.008 -12"><span class='ocrx_word' id='word_1_651' title='bbox 198 4786 234 4838; x_wconf 89' lang='grc'><strong>83</strong></span> <span class='ocrx_word' id='word_1_652' title='bbox 257 4785 314 4850; x_wconf 87' lang='lat' dir='ltr'><strong>(sed</strong></span> <span class='ocrx_word' id='word_1_653' title='bbox 331 4787 368 4837; x_wconf 74' lang='lat' dir='ltr'><strong>Gr</strong></span> <span class='ocrx_word' id='word_1_654' title='bbox 385 4787 482 4850; x_wconf 77' lang='lat' dir='ltr'><strong>toiosulz</strong></span> <span class='ocrx_word' id='word_1_655' title='bbox 507 4793 585 4838; x_wconf 87' lang='lat' dir='ltr'><strong>totum</strong></span> <span class='ocrx_word' id='word_1_656' title='bbox 601 4789 705 4850; x_wconf 80' lang='grc'><strong>4334333</strong></span> <span class='ocrx_word' id='word_1_657' title='bbox 720 4787 755 4849; x_wconf 88' lang='lat' dir='ltr'><strong>V,</strong></span> <span class='ocrx_word' id='word_1_658' title='bbox 778 4786 843 4837; x_wconf 87' lang='lat' dir='ltr'><strong>dett.</strong></span> <span class='ocrx_word' id='word_1_659' title='bbox 863 4787 892 4836; x_wconf 92' lang='lat'><strong>0.</strong></span> <span class='ocrx_word' id='word_1_660' title='bbox 914 4813 940 4824; x_wconf 90' lang='lat'><em>-</em></span> <span class='ocrx_word' id='word_1_661' title='bbox 959 4787 1045 4837; x_wconf 76' lang='lat' dir='ltr'><strong>seem</strong></span> <span class='ocrx_word' id='word_1_662' title='bbox 1061 4797 1114 4837; x_wconf 91' lang='lat' dir='ltr'><strong>om.</strong></span> <span class='ocrx_word' id='word_1_663' title='bbox 1132 4785 1164 4835; x_wconf 96' lang='lat' dir='ltr'><strong>V.</strong></span> <span class='ocrx_word' id='word_1_664' title='bbox 1194 4785 1269 4848; x_wconf 86' lang='lat' dir='ltr'><strong>[Sunt</strong></span> <span class='ocrx_word' id='word_1_665' title='bbox 1284 4782 1346 4847; x_wconf 86' lang='lat' dir='ltr'><strong>posi</strong></span> <span class='ocrx_word' id='word_1_666' title='bbox 1361 4785 1439 4830; x_wconf 74' lang='grc'><strong>434333</strong></span> <span class='ocrx_word' id='word_1_667' title='bbox 1455 4781 1482 4830; x_wconf 90' lang='lat' dir='ltr'><strong>in</strong></span> <span class='ocrx_word' id='word_1_668' title='bbox 1498 4781 1521 4830; x_wconf 98' lang='lat' dir='ltr'><strong>V</strong></span> 
     </span>
     <span class='ocr_line' id='line_1_49' title="bbox 199 4855 1521 4934; baseline -0.006 -14"><span class='ocrx_word' id='word_1_669' title='bbox 199 4871 267 4922; x_wconf 88' lang='lat' dir='ltr'><strong>duee</strong></span> <span class='ocrx_word' id='word_1_670' title='bbox 279 4869 380 4921; x_wconf 86' lang='lat' dir='ltr'><strong>litterae</strong></span> <span class='ocrx_word' id='word_1_671' title='bbox 391 4855 432 4933; x_wconf 63' lang='lat'><strong>11,</strong></span> <span class='ocrx_word' id='word_1_672' title='bbox 451 4873 481 4922; x_wconf 93' lang='lat' dir='ltr'><strong>ut</strong></span> <span class='ocrx_word' id='word_1_673' title='bbox 496 4872 611 4922; x_wconf 88' lang='lat' dir='ltr'><strong>Brunnio</strong></span> <span class='ocrx_word' id='word_1_674' title='bbox 627 4870 745 4934; x_wconf 86' lang='lat' dir='ltr'><strong>videtur,</strong></span> <span class='ocrx_word' id='word_1_675' title='bbox 769 4873 798 4922; x_wconf 89' lang='lat' dir='ltr'><strong>ut</strong></span> <span class='ocrx_word' id='word_1_676' title='bbox 815 4869 986 4922; x_wconf 78' lang='lat' dir='ltr'><strong>scribendum</strong></span> <span class='ocrx_word' id='word_1_677' title='bbox 1004 4882 1064 4921; x_wconf 89' lang='lat' dir='ltr'><strong>esse</strong></span> <span class='ocrx_word' id='word_1_678' title='bbox 1087 4868 1223 4920; x_wconf 84' lang='lat' dir='ltr'><strong>rideatur:</strong></span> <span class='ocrx_word' id='word_1_679' title='bbox 1247 4871 1325 4916; x_wconf 83' lang='lat' dir='ltr'><strong>totum</strong></span> <span class='ocrx_word' id='word_1_680' title='bbox 1345 4863 1431 4914; x_wconf 76' lang='lat' dir='ltr'><strong>Asiorn</strong></span> <span class='ocrx_word' id='word_1_681' title='bbox 1450 4864 1521 4914; x_wconf 80' lang='lat' dir='ltr'><strong>deni-</strong></span> 
     </span>
     <span class='ocr_line' id='line_1_50' title="bbox 198 4937 1521 5013; baseline -0.007 -17"><span class='ocrx_word' id='word_1_682' title='bbox 198 4959 245 5009; x_wconf 80' lang='grc'><strong>333</strong></span> <span class='ocrx_word' id='word_1_683' title='bbox 262 4949 313 4998; x_wconf 89' lang='lat' dir='ltr'><strong>cet.</strong></span> <span class='ocrx_word' id='word_1_684' title='bbox 333 4946 425 5012; x_wconf 76' lang='grc'><strong>44333.)</strong></span> <span class='ocrx_word' id='word_1_685' title='bbox 445 4973 471 4984; x_wconf 90' lang='grc'>-</span> <span class='ocrx_word' id='word_1_686' title='bbox 495 4947 536 4997; x_wconf 85' lang='grc'><strong>49.</strong></span> <span class='ocrx_word' id='word_1_687' title='bbox 555 4955 607 4998; x_wconf 89' lang='lat' dir='ltr'><strong>tum</strong></span> <span class='ocrx_word' id='word_1_688' title='bbox 622 4948 660 4998; x_wconf 90' lang='grc'><strong>83</strong></span> <span class='ocrx_word' id='word_1_689' title='bbox 675 4948 699 4997; x_wconf 94' lang='lat' dir='ltr'><strong>V</strong></span> <span class='ocrx_word' id='word_1_690' title='bbox 716 4947 793 5013; x_wconf 77' lang='grc'><strong>(83,);</strong></span> <span class='ocrx_word' id='word_1_691' title='bbox 816 4948 870 4997; x_wconf 84' lang='lat' dir='ltr'><strong>ium</strong></span> <span class='ocrx_word' id='word_1_692' title='bbox 886 4945 950 4996; x_wconf 86' lang='lat' dir='ltr'><strong>deit.</strong></span> <span class='ocrx_word' id='word_1_693' title='bbox 970 4947 999 4996; x_wconf 92' lang='lat'><strong>0.</strong></span> <span class='ocrx_word' id='word_1_694' title='bbox 1020 4971 1047 4981; x_wconf 91' lang='lat'><em>-</em></span> <span class='ocrx_word' id='word_1_695' title='bbox 1065 4945 1162 4995; x_wconf 82' lang='lat' dir='ltr'><strong>incluso</strong></span> <span class='ocrx_word' id='word_1_696' title='bbox 1177 4943 1200 4994; x_wconf 95' lang='lat' dir='ltr'><strong>V</strong></span> <span class='ocrx_word' id='word_1_697' title='bbox 1218 4942 1288 5007; x_wconf 81' lang='grc'><strong>(83),</strong></span> <span class='ocrx_word' id='word_1_698' title='bbox 1309 4939 1382 4989; x_wconf 82' lang='lat' dir='ltr'><strong>recte</strong></span> <span class='ocrx_word' id='word_1_699' title='bbox 1400 4940 1429 4988; x_wconf 89' lang='lat' dir='ltr'><strong>ut</strong></span> <span class='ocrx_word' id='word_1_700' title='bbox 1444 4937 1521 4989; x_wconf 81' lang='lat' dir='ltr'><strong>ride-</strong></span> 
     </span>
     <span class='ocr_line' id='line_1_51' title="bbox 199 5013 1520 5089; baseline -0.005 -17"><span class='ocrx_word' id='word_1_701' title='bbox 199 5024 250 5072; x_wconf 87' lang='lat' dir='ltr'><strong>tur.</strong></span> <span class='ocrx_word' id='word_1_702' title='bbox 272 5049 299 5059; x_wconf 93' lang='lat'>-</span> <span class='ocrx_word' id='word_1_703' title='bbox 316 5023 432 5072; x_wconf 76' lang='grc'><strong>34433433·</strong></span> <span class='ocrx_word' id='word_1_704' title='bbox 448 5024 467 5074; x_wconf 91' lang='grc'><strong>8</strong></span> <span class='ocrx_word' id='word_1_705' title='bbox 485 5037 526 5089; x_wconf 92' lang='lat' dir='ltr'><strong>pr.</strong></span> <span class='ocrx_word' id='word_1_706' title='bbox 545 5036 598 5084; x_wconf 89' lang='lat' dir='ltr'><strong>m.;</strong></span> <span class='ocrx_word' id='word_1_707' title='bbox 624 5023 710 5073; x_wconf 84' lang='lat' dir='ltr'><strong>uidetis</strong></span> <span class='ocrx_word' id='word_1_708' title='bbox 732 5025 809 5086; x_wconf 90' lang='grc'><strong>8333.</strong></span> <span class='ocrx_word' id='word_1_709' title='bbox 829 5021 893 5074; x_wconf 85' lang='lat' dir='ltr'><strong>deii.</strong></span> <span class='ocrx_word' id='word_1_710' title='bbox 913 5049 941 5058; x_wconf 96' lang='lat'>-</span> <span class='ocrx_word' id='word_1_711' title='bbox 959 5021 1000 5071; x_wconf 76' lang='grc'><strong>84.</strong></span> <span class='ocrx_word' id='word_1_712' title='bbox 1018 5021 1087 5072; x_wconf 82' lang='lat' dir='ltr'><strong>solist</strong></span> <span class='ocrx_word' id='word_1_713' title='bbox 1109 5019 1163 5083; x_wconf 82' lang='grc'><strong>(343)</strong></span> <span class='ocrx_word' id='word_1_714' title='bbox 1185 5021 1262 5070; x_wconf 64' lang='lat' dir='ltr'><strong>usu-i</strong></span> <span class='ocrx_word' id='word_1_715' title='bbox 1278 5021 1311 5073; x_wconf 86' lang='lat' dir='ltr'><strong>V.</strong></span> <span class='ocrx_word' id='word_1_716' title='bbox 1330 5041 1358 5053; x_wconf 89' lang='lat'><em>-</em></span> <span class='ocrx_word' id='word_1_717' title='bbox 1376 5015 1482 5066; x_wconf 70' lang='lat' dir='ltr'><strong>relicum</strong></span> <span class='ocrx_word' id='word_1_718' title='bbox 1496 5013 1520 5064; x_wconf 88' lang='lat' dir='ltr'><strong>V</strong></span> 
     </span>
     <span class='ocr_line' id='line_1_52' title="bbox 200 5089 1517 5166; baseline -0.017 -6"><span class='ocrx_word' id='word_1_719' title='bbox 200 5095 277 5160; x_wconf 85' lang='lat' dir='ltr'><strong>(lir.);</strong></span> <span class='ocrx_word' id='word_1_720' title='bbox 298 5097 439 5161; x_wconf 68' lang='lat' dir='ltr'><strong>mitreum</strong></span> <span class='ocrx_word' id='word_1_721' title='bbox 454 5101 475 5151; x_wconf 95' lang='grc'><strong>8</strong></span> <span class='ocrx_word' id='word_1_722' title='bbox 491 5112 532 5166; x_wconf 91' lang='lat' dir='ltr'><strong>pr.</strong></span> <span class='ocrx_word' id='word_1_723' title='bbox 551 5113 588 5151; x_wconf 86' lang='lat' dir='ltr'><strong>sn.</strong></span> <span class='ocrx_word' id='word_1_724' title='bbox 607 5125 637 5138; x_wconf 95' lang='lat'>-</span> <span class='ocrx_word' id='word_1_725' title='bbox 654 5105 747 5151; x_wconf 82' lang='lat' dir='ltr'><strong>stom</strong></span> <span class='ocrx_word' id='word_1_726' title='bbox 765 5099 844 5163; x_wconf 76' lang='grc'><strong>8389.</strong></span> <span class='ocrx_word' id='word_1_727' title='bbox 865 5125 892 5136; x_wconf 93' lang='grc'>-</span> <span class='ocrx_word' id='word_1_728' title='bbox 910 5097 1041 5165; x_wconf 81' lang='lat' dir='ltr'><strong>uepleprsot</strong></span> <span class='ocrx_word' id='word_1_729' title='bbox 1056 5095 1077 5146; x_wconf 95' lang='grc'><strong>8</strong></span> <span class='ocrx_word' id='word_1_730' title='bbox 1096 5095 1125 5148; x_wconf 94' lang='lat' dir='ltr'><strong>V.</strong></span> <span class='ocrx_word' id='word_1_731' title='bbox 1145 5121 1173 5132; x_wconf 90' lang='lat'>-</span> <span class='ocrx_word' id='word_1_732' title='bbox 1190 5107 1222 5146; x_wconf 82' lang='lat' dir='ltr'><strong>ee</strong></span> <span class='ocrx_word' id='word_1_733' title='bbox 1237 5096 1304 5148; x_wconf 83' lang='lat' dir='ltr'><strong>enim</strong></span> <span class='ocrx_word' id='word_1_734' title='bbox 1322 5091 1418 5160; x_wconf 78' lang='lat' dir='ltr'><strong>poetice</strong></span> <span class='ocrx_word' id='word_1_735' title='bbox 1438 5089 1469 5140; x_wconf 89' lang='lat' dir='ltr'><strong>V.</strong></span> <span class='ocrx_word' id='word_1_736' title='bbox 1489 5113 1517 5128; x_wconf 83' lang='lat'><em>-</em></span> 
     </span>
     <span class='ocr_line' id='line_1_53' title="bbox 199 5171 1256 5246; baseline -0.002 -20"><span class='ocrx_word' id='word_1_737' title='bbox 199 5183 217 5226; x_wconf 82' lang='grc'><strong>3</strong></span> <span class='ocrx_word' id='word_1_738' title='bbox 228 5177 347 5238; x_wconf 78' lang='lat' dir='ltr'><strong>praetore</strong></span> <span class='ocrx_word' id='word_1_739' title='bbox 361 5171 393 5226; x_wconf 91' lang='lat' dir='ltr'><strong>V.</strong></span> <span class='ocrx_word' id='word_1_740' title='bbox 412 5201 440 5212; x_wconf 94' lang='lat'>-</span> <span class='ocrx_word' id='word_1_741' title='bbox 458 5174 499 5232; x_wconf 76' lang='lat' dir='ltr'><strong>it.</strong></span> <span class='ocrx_word' id='word_1_742' title='bbox 518 5175 598 5245; x_wconf 74' lang='grc'><strong>3))433</strong></span> <span class='ocrx_word' id='word_1_743' title='bbox 614 5175 644 5234; x_wconf 83' lang='lat' dir='ltr'><strong>V.</strong></span> <span class='ocrx_word' id='word_1_744' title='bbox 664 5203 692 5214; x_wconf 84' lang='lat'><strong>-</strong></span> <span class='ocrx_word' id='word_1_745' title='bbox 709 5175 844 5246; x_wconf 71' lang='grc'><strong>33443343</strong></span> <span class='ocrx_word' id='word_1_746' title='bbox 859 5173 890 5231; x_wconf 86' lang='lat' dir='ltr'><strong>V.</strong></span> <span class='ocrx_word' id='word_1_747' title='bbox 1247 5189 1256 5208; x_wconf 85' lang='lat'><strong>·</strong></span> 
     </span>
    </p>
   </div>
   <div class='ocr_carea' id='block_1_7' title="bbox 0 0 1826 5862">
    <p class='ocr_par' dir='ltr' id='par_1_21' title="bbox 0 0 1826 5862">
     <span class='ocr_line' id='line_1_54' title="bbox 0 0 1826 5862; baseline 0 2"><span class='ocrx_word' id='word_1_748' title='bbox 0 0 1826 5862; x_wconf 95' lang='lat' dir='ltr'><strong> </strong></span> 
     </span>
    </p>
   </div>
  </div>
 </body>
</html>
