3638 5868
441 427 512 494 cn,
533 427 588 491 ru.
617 427 691 492 cn.
713 424 1028 492 cxxv-cxxvi.
1058 419 1114 508 43.
1136 417 1326 488 irc-irs.
1482 413 1545 484 seo

222 597 455 662 Halesinorum.
477 595 534 661 Cui
548 597 714 678 pecuniam
729 595 834 659 datam
848 595 944 658 dieit‘l
965 594 1034 669 nic,
1049 593 1100 658 dic
1113 593 1207 658 etiam
1221 592 1352 658 clarius:
1367 592 1544 663 Voncnrro,

222 694 433 766 Tmincnrnr,
458 693 594 755 4444444.
636 690 777 753 LXXVI.
805 688 891 764 Quid
913 695 978 764 est,
999 690 1134 754 Verres?
1161 709 1202 752 ne
1223 689 1311 752 illam
1333 684 1462 770 quidem
1483 684 1541 748 tibi

222 785 440 850 defensionem
466 785 622 866 reliquam
653 782 774 857 fecisti,
805 784 968 867 mancipes
995 785 1030 846 in
1060 784 1130 847 istis
1158 784 1252 846 rebus
1280 800 1351 845 esse
1379 777 1543 844 versatos?

220 881 380 963 mancipes
399 879 590 944 frumentum
610 877 824 962 improbasse?
854 876 1015 958 mancipes
1037 877 1139 958 pretio
1162 896 1234 941 eum
1256 872 1434 939 civitatibus
1457 869 1542 932 deci·

221 973 306 1036 disse
333 979 365 1036 et
392 974 520 1036 eosdem
550 973 607 1035 obs
634 980 667 1035 te
688 971 813 1034 illarum
839 971 1000 1034 civitatum
1027 969 1155 1034 nomine
1185 970 1337 1052 pecunias
1367 963 1570 1038 abstulisses

222 1066 337 1130 deinde
356 1065 445 1148 ipsos
466 1067 527 1130 sibi
548 1066 740 1130 frumentum
762 1065 927 1137 coitmisse,
948 1063 1029 1126 nihil
1049 1063 1129 1126 baec
1143 1062 1184 1126 ad
1198 1069 1229 1126 te
1242 1061 1424 1145 pertineret
1452 1056 1546 1130 ldala,

222 1161 415 1236 mehercule,
444 1181 481 1226 ac
502 1161 617 1224 misera
638 1159 784 1224 defensio
805 1165 982 1242 praetorem
1006 1156 1068 1221 boc
1090 1157 1217 1231 dicere,
1250 1158 1334 1239 «Ego
1355 1155 1547 1218 frumentum

221 1275 327 1338 neque
354 1255 459 1337 attigi,
480 1275 587 1338 neque
617 1253 767 1336 adspexi:
804 1249 1001 1333 mancipibus
1028 1259 1218 1333 potestatem
1248 1249 1400 1334 probandi
1428 1245 1548 1325 impro-

219 1349 382 1431 bandique
404 1348 551 1431 permisi:
574 1349 733 1430 mancipes
756 1367 775 1409 a
797 1344 976 1410 civitatibus
996 1344 1149 1426 pecunias
1171 1349 1388 1408 extorserunt:
1410 1357 1469 1421 ago
1491 1355 1548 1400 au·

220 1452 294 1515 tem,
317 1459 413 1525 quam
433 1443 599 1527 pecuniam
620 1440 747 1525 populis
772 1439 848 1504 dare
870 1438 983 1511 debui,
1005 1438 1201 1520 mancipibus
1223 1437 1325 1500 dedis
1372 1422 1584 1504 ttofiiaian

221 1545 269 1602 est
289 1537 368 1624 4349
391 1537 538 1618 quidem,
566 1544 602 1599 ut
624 1535 708 1610 dixi,
732 1534 891 1607 defensio,
913 1553 950 1596 ac
970 1533 1078 1615 potins
1100 1532 1225 1614 perdita
1244 1531 1453 1594 maximorum
1475 1548 1548 1612 pec-
1631 1513 1708 1616 Ab·

222 1640 379 1704 cetorum,
407 1629 502 1694 buius
523 1637 628 1694 autem
653 1637 684 1693 et
705 1627 880 1712 iniquitatis
904 1634 937 1690 et
957 1626 1092 1689 inertiae
1115 1625 1289 1699 confessio,
1318 1643 1383 1688 non
1404 1622 1547 1687 defensio

222 1713 380 1881 oriminis)
403 1723 459 1787 sed
480 1731 585 1786 tamen
606 1723 666 1787 lrac
688 1724 759 1807 ipsa
779 1723 847 1796 tibi,
869 1723 897 1784 si
919 1722 966 1785 uti
989 1721 1109 1802 cupias,
1130 1740 1195 1784 non
1216 1720 1304 1783 licet:
1326 1725 1412 1782 vetat
1426 1725 1458 1782 te
1473 1717 1549 1782 Vol·
1731 1765 1755 1837 s

222 1819 333 1891 catius,
370 1837 430 1882 uae
453 1823 643 1900 tuorumque
665 1817 808 1894 deliciae,
830 1814 1022 1878 mentionem
1045 1814 1198 1898 mancipis
1218 1814 1333 1878 facere.
1376 1811 1550 1878 Timarcbi-
1682 1787 1720 1894 l,

222 1912 278 1976 des
300 1919 416 1986 autem,
439 1911 597 2002 columen*
605 1912 744 2001 familiae
766 1919 897 1985 vestrae,
919 1910 1035 1992 premit
1054 1908 1161 1973 fauces
1184 1908 1378 1972 defensionis
1393 1914 1476 1980 tuae,
1498 1903 1549 1967 cui
1558 1917 1586 1964 in
1638 1958 1640 1967 ,
1689 1931 1717 2006 έ

222 2005 316 2070 simul
338 2011 370 2068 et
383 2004 527 2069 Volcatio
548 2005 685 2088 pecunia
706 2025 724 2068 a
746 2005 872 2068 civitate
895 2011 1062 2068 numerata
1082 2011 1140 2066 cst
1170 2005 1236 2067 lam
1258 2023 1333 2067 vero
1354 2002 1456 2066 scriba
1476 2009 1550 2065 tuus

222 2098 318 2163 anulo
346 2117 443 2162 aureo
473 2119 547 2172 suo,
580 2119 674 2182 quem
704 2119 745 2162 cx
773 2097 824 2160 bis
849 2097 944 2160 rebus
973 2098 1111 2172 invenit,
1140 2099 1201 2162 ista
1223 2104 1254 2162 te
1274 2097 1397 2160 ratiorm
1417 2095 1463 2159 uti
1484 2113 1550 2158 non

223 2195 316 2256 sinet.
361 2192 447 2267 Quid
468 2193 565 2276 igitur
586 2199 636 2256 cst
656 2192 829 2276 reliquum,
857 2191 919 2255 nisi
941 2192 988 2254 uti
1010 2191 1130 2256 fateare
1151 2200 1183 2255 te
1205 2194 1334 2256 Romam
1359 2190 1550 2254 frumentum

222 2292 362 2368 emptum
384 2286 561 2351 Siculorum
592 2288 728 2370 pecunia
754 2286 894 2360 misisse,
924 2285 1081 2369 publicam
1111 2288 1278 2370 pecuniam
1307 2285 1435 2348 domum
1463 2290 1551 2347 tuam

222 2379 437 2444 convertisset
481 2380 728 2445 Ooonsuetudo
755 2380 921 2465 peccandi,
949 2385 1100 2463 quantam
1125 2380 1222 2443 babes
1243 2379 1471 2443 iucunditatem
1491 2377 1587 2441 im-so

220 2473 329 2557 probis
351 2481 383 2537 et
403 2475 585 2552 audacibus,
608 2497 679 2539 oum
699 2495 805 2558 poena
818 2473 919 2538 abfuit
934 2483 966 2537 et
979 2474 1109 2537 licentia
1122 2481 1292 2538 consecuta
1306 2473 1369 2537 estl
1400 2467 1472 2535 477.
1486 2471 1550 2534 Iste

221 2569 255 2630 in
276 2565 338 2630 boc
360 2586 476 2648 genere
497 2568 664 2652 peculatus
685 2589 752 2632 non
773 2590 857 2632 nunc
878 2568 1014 2650 primum
1037 2569 1214 2646 invenitur,
1240 2568 1298 2632 sed
1318 2587 1403 2632 nunc
1423 2565 1551 2630 demum

221 2668 358 2726 tenetur.
412 2661 557 2726 Vidimus
589 2663 664 2726 huic
695 2663 735 2726 ab
767 2663 889 2727 aerario
921 2663 1090 2745 pecuniam
1121 2663 1279 2726 numerari
1313 2661 1475 2746 quaestori
1509 2658 1550 2724 ad

221 2761 381 2838 sumptum
402 2755 561 2819 exercitus
584 2738 795 2820 consularis(
808 2756 944 2820 vidimus
965 2758 1074 2841 paucis
1101 2765 1174 2841 post
1194 2758 1355 2821 mensibus
1377 2764 1410 2820 et
1430 2753 1551 2818 exerci-

220 2855 287 2912 tum
309 2855 342 2912 et
362 2849 524 2913 consulem
552 2850 741 2951 spol-imum)
776 2849 835 2913 Illa
863 2850 966 2914 omnis
992 2851 1127 2934 pecunia
1154 2850 1248 2914 latuit
1274 2852 1308 2915 in
1335 2851 1390 2940 illa
1416 2850 1643 2952 ealigiuesed.
1679 2842 1712 2932 l¹3
1721 2851 1805 2951 VJ?

220 2962 257 3008 ac
280 2942 436 3018 tenebris,
466 2961 549 3027 quae
575 2951 674 3008 totam
701 2943 948 3028 rempublicam
975 2954 1042 3009 turn
1070 2951 1271 3029 occuparant.
1313 2947 1430 3010 Iterum
1452 2945 1552 3028 gessit
1767 2936 1782 2964 '²

221 3035 445 3101 hereditoriam
475 3045 695 3121 quaesturam,
723 3057 793 3100 cum
824 3057 844 3100 a
869 3037 1033 3102 Dolabella
1059 3057 1205 3121 magnam
1231 3041 1398 3122 pecuniam
1427 3039 1550 3120 avertit,

222 3132 279 3194 sed
308 3133 377 3196 eiua
406 3133 562 3196 rationem
591 3153 663 3194 oum
696 3132 898 3195 damnatione
925 3131 1110 3194 Dolabellae
1138 3133 1330 3216 permiscuit.
1378 3132 1551 3196 Commissa

222 3232 272 3289 est
292 3225 427 3308 pecunia
449 3232 535 3287 tanta
556 3225 710 3307 praetori:
742 3243 808 3286 non
834 3224 997 3306 reperietis
1025 3223 1187 3290 bominem
1218 3226 1328 3290 timide
1352 3246 1413 3289 nec
1438 3225 1552 3288 leviter

221 3318 300 3382 baec
327 3318 560 3401 improbissima
586 3318 674 3382 lucra
695 3318 913 3399 ligurientem3
942 3317 1093 3382 devorare
1115 3339 1240 3382 omnem
1262 3320 1427 3403 pecuniam
1448 3317 1590 3403 publi-ao

223 3432 292 3478 carn
313 3431 379 3475 non
400 3411 566 3474 dubitarit
609 3413 657 3476 lta
679 3411 779 3492 serpit
799 3410 879 3473 illud
902 3411 1032 3476 insitum
1053 3415 1087 3477 in
1109 3420 1222 3477 natura
1243 3413 1360 3476 malum
1382 3419 1551 3476 consuctu-

222 3506 297 3569 dinc
319 3504 472 3590 peccandi
494 3504 608 3578 libera,
635 3504 731 3568 finem
753 3504 905 3569 audaciae
927 3512 963 3569 ut
984 3513 1122 3570 statuere
1144 3508 1213 3589 ipse
1235 3525 1302 3570 non
1323 3506 1433 3588 possit
1478 3498 1550 3569 478.

223 3601 363 3662 Tenetur
391 3597 488 3680 igitur
513 3598 702 3682 aliquando,
739 3607 771 3662 ct
798 3599 833 3662 in
859 3601 953 3666 rebus
982 3623 1055 3665 cum
1082 3601 1246 3677 maximis,
1278 3607 1346 3664 tum
1375 3598 1550 3666 manifestis

288 3926 312 3976 4.
326 3925 365 3976 dic
376 3923 460 3976 semel
472 3923 645 3987 habentvrp.
659 3924 693 3976 ct.
704 3925 729 3989 5.
740 3927 797 3976 400.
808 3926 864 3976 497.
885 3925 989 3990 [noctu
1008 3925 1086 3978 abest
1095 3925 1208 3978 alterum
1220 3928 1259 3978 444
1271 3928 1377 3979 etiams
1390 3927 1458 3991 4344
1470 3930 1498 3979 44
1507 3928 1549 3990 49,

222 4002 256 4054 ds
273 4014 325 4066 qua
342 3997 373 4052 re
384 4002 411 4051 Ζ.
427 4000 518 4065 tecet]
534 4027 561 4038 -
580 4001 604 4051 4.
623 4001 755 4065 naevio]
771 4001 855 4052 uicino
870 4001 955 4065 4344;
974 4002 1085 4054 4444443
1101 4001 1152 4053 alii.
1168 4029 1195 4040 -
1214 4002 1259 4052 tibi
1274 4004 1374 4066 puidam
1388 4001 1465 4066 4344.
1481 4031 1508 4041 -
1524 4004 1550 4054 44.

221 4077 309 4140 capaci
319 4076 357 4135 V;
375 4077 473 4138 inspersi
484 4075 553 4140 4344
564 4078 595 4128 N.
615 4076 683 4128 used
700 4075 784 4128 levius
795 4089 855 4127 roc.
869 4077 920 4128 hoc
931 4076 988 4128 loeo
1001 4080 1112 4143 aptius».
1126 4079 1171 4129 Os.
1183 4079 1204 4128 4.
1221 4077 1304 4142 idque
1317 4080 1456 4142 praeterea
1467 4091 1551 4130 anno⁴

221 4153 371 4204 minationis
382 4151 466 4216 ligura
483 4152 510 4204 in
527 4151 636 4217 paribus
650 4151 780 4203 membris
797 4153 966 4204 usitatissima
984 4153 1196 4205 commendatur.
1208 4179 1236 4192 ·-
1255 4153 1279 4204 9.
1294 4155 1461 4216 musonii
1478 4157 1549 4219 (lin).

224 4253 252 4265 -
271 4228 312 4277 40.
328 4227 399 4278 mato
415 4231 450 4278 est
464 4251 480 4264 -
495 4252 511 4266 ·
527 4227 639 4278 4444444444
655 4226 689 4278 i:
712 4227 785 4278 malo
807 4233 843 4278 set
857 4227 920 4278 boec
935 4228 1046 4290 quidem,
1069 4234 1098 4278 444
1118 4229 1185 4288 dici,
1209 4241 1240 4278 oc
1252 4232 1336 4290 potius
1349 4230 1449 4291 perdito
1464 4232 1552 4281 massi·

221 4313 321 4351 moneo
334 4305 503 4363 3444444444,
523 4303 596 4352 butus
606 4307 691 4352 444444
701 4302 875 4364 minutatum
891 4302 998 4353 44444444
1007 4303 1157 4367 confessione
1168 4302 1322 4368 (confession.
1335 4305 1365 4369 1²)
1381 4305 1488 4369 44444444
1498 4307 1552 4359 cri·

222 4376 296 4428 4444444
312 4375 377 4434 VF3
393 4377 465 4426 maio
479 4381 515 4426 est
531 4377 606 4436 iaec,
625 4381 653 4427 ot
668 4377 736 4438 dici,
763 4377 868 4441 defendo
884 4379 957 4428 crin.
977 4376 1054 4428 codd.
1074 4377 1154 4437 dett.;
1175 4379 1246 4428 moto
1260 4385 1296 4429 est
1311 4379 1371 4430 boec
1390 4381 1501 4443 4444444,
1523 4383 1553 4430 et

223 4451 291 4511 dici,
311 4449 351 4515 [oc
364 4452 448 4512 potios
460 4451 571 4516 perdito]
588 4452 694 4515 44444444
710 4454 782 4503 cnm.
796 4453 826 4504 0.
840 4478 869 4489 -
889 4452 929 4504 43.
948 4458 1031 4504 tomes
1047 4465 1102 4504 om.
1120 4453 1213 4505 liuius.
1233 4453 1284 4518 [est
1298 4455 1325 4505 in
1336 4455 1358 4504 V
1369 4457 1437 4507 teste
1454 4456 1508 4519 Be]
1522 4481 1550 4494 -

224 4525 265 4578 44.
277 4526 410 4588 mancipiis
419 4527 451 4577 V.
464 4528 524 4589 (Br.)
537 4553 563 4564 -·
582 4528 623 4578 40.
636 4528 804 4578 comibus
815 4528 845 4578 V.
860 4555 887 4566 -
906 4529 986 4578 assV.
999 4555 1024 4564 -
1039 4529 1080 4578 ii.
1099 4529 1249 4580 44444444
1264 4531 1279 4580 7
1297 4531 1391 4595 44334
1409 4533 1503 4584 modo
1519 4533 1549 4583 0.

225 4629 252 4640 -
264 4602 310 4667 iis]
326 4603 348 4654 is
365 4603 390 4666 (i.
404 4615 428 4654 e.
441 4602 479 4663 iis)
491 4603 522 4653 V.
533 4631 560 4640 -
578 4603 619 4654 44.
631 4604 735 4654 44444444
750 4604 799 4654 sias·
813 4604 883 4654 otV.
898 4627 925 4640 -
945 4604 986 4654 40.
1002 4604 1136 4666 pecuniam
1150 4605 1206 4654 mia.
1219 4605 1242 4654 V
1254 4606 1304 4667 (444
1316 4607 1450 4668 ommium
1461 4609 1487 4658 tn
1498 4606 1552 4658 flue

222 4677 372 4740 versast-
383 4679 516 4740 pecaniam
533 4691 585 4728 om.
599 4677 677 4742 4344.
693 4707 721 4716 -
739 4679 781 4729 40.
800 4679 916 4730 evertisse
933 4680 961 4728 L.
977 4705 1006 4716 -
1024 4679 1051 4726 44
1066 4680 1142 4740 supr.
1156 4678 1221 4730 dett.
1236 4679 1264 4730 0.
1279 4707 1306 4718 -
1324 4682 1366 4732 44.
1382 4695 1490 4744 possiam
1504 4683 1553 4744 4444

221 4756 243 4805 A
254 4753 275 4804 B
294 4753 328 4817 tp.
340 4752 387 4817 m.)
400 4753 422 4803 V
439 4753 535 4817 [onum
553 4767 585 4804 err
601 4753 814 4815 POENAAFVIT,
833 4757 863 4804 ut
874 4754 957 4804 edidit
972 4753 1076 4818 bamb]
1087 4769 1093 4810 ;
1109 4767 1193 4816 nossa
1203 4755 1285 4818 444444
1296 4756 1364 4820 4349
1376 4756 1417 4808 44.
1433 4779 1460 4792 -
1479 4757 1550 4806 tices·

222 4829 286 4880 44444
301 4829 331 4879 V.
352 4855 380 4866 -
398 4829 439 4880 43.
456 4829 566 4879 cidem
581 4827 660 4893 4344.
680 4857 708 4866 -
726 4828 768 4880 44.
785 4841 862 4879 mm.
878 4835 935 4892 post
948 4829 1039 4891 paucis
1055 4827 1133 4892 4344.
1149 4855 1177 4866 -
1195 4831 1235 4880 44.
1255 4831 1340 4880 munic
1357 4831 1419 4894 (om.
1434 4831 1551 4894 44444444)

224 4904 302 4968 4344.
312 4929 339 4941 -
352 4904 392 4955 40.
405 4910 559 4967 moram
568 4903 638 4968 4344
647 4919 688 4966 φτ
707 4909 890 4968 occupaverant
901 4905 1013 4968 4349ος
1031 4911 1199 4968 occupaverat
1214 4904 1270 4956 rell.
1283 4931 1312 4942 -
1330 4907 1371 4956 47.
1385 4919 1442 4956 csso
1452 4919 1470 4955 c
1482 4903 1551 4969 4344

223 4981 262 5031 N:
281 4992 300 5030 o
310 4991 363 5028 om.
377 4982 422 5030 ctt.
435 4980 470 5038 0,
489 4979 699 5044 interpunctione
711 4981 751 5032 sic
764 4982 878 5030 mutate:
898 4985 1058 5042 pessimam
1073 4995 1131 5031 cum
1146 4981 1294 5032 Dolabella:
1310 4993 1432 5045 mapsam
1447 4993 1507 5044 sqq.
1521 5007 1549 5018 -

224 5052 501 5117 sermocinium.
526 5079 555 5092 -
580 5055 677 5112 ianm.
697 5053 773 5118 4344.
795 5081 822 5092 ·-
850 5055 890 5104 04.
909 5055 1032 5106 44444444
1047 5061 1076 5106 ut
1092 5054 1179 5120 Lglt:
1202 5061 1230 5106 444
1247 5056 1307 5106 aad,
1326 5053 1383 5106 rell.
1402 5056 1432 5106 0.
1453 5079 1480 5092 -
1499 5057 1551 5120 ipss

111 5171 114 5180 .
221 5127 267 5179 4444
283 5129 349 5180 dett.
367 5128 397 5178 0.
418 5156 447 5167 -
465 5127 505 5180 33.
523 5141 581 5180 com
595 5128 745 5195 4494349ε
764 5143 841 5195 qoam
856 5127 937 5196 4344;
956 5133 1009 5185 tum
1026 5129 1091 5184 dett.
1110 5131 1139 5187 0.
1160 5155 1188 5168 -·
1207 5131 1339 5186 omisso
1355 5127 1433 5201 4344.
