3684 5862
617 433 1133 523 cn.1x-x1.§§.si-se
1513 416 1534 488 1

223 615 296 680 illos
319 615 548 691 obtineremus;
577 635 683 698 neque
711 613 776 678 illis
804 631 955 696 umquem
977 612 1052 676 sotis
1073 610 1135 674 fuit
1155 608 1235 674 illud
1257 606 1415 680 obtinere,
1446 599 1534 687 quod

221 709 349 792 probari
373 710 518 773 omnibus
540 716 666 792 posset:
688 709 733 772 ita
754 709 822 772 sine
843 707 961 772 iniuria
982 705 1155 790 potentiam
1177 704 1280 770 levem
1294 709 1390 786 etque
1405 700 1534 781 inopem

222 823 292 867 esse
313 804 510 870 arbitrantur.
554 805 594 866 X.
622 805 740 867 Verum
766 802 917 886 quoniam
938 801 996 864 tibi
1017 801 1113 864 instat
1133 798 1340 873 Hortensius,
1368 800 1405 858 ut
1427 813 1479 856 eas
1501 790 1534 853 in

222 897 405 975 consilinm;
427 918 510 961 ame
524 899 680 983 postulat,
703 918 744 961 ne
758 897 893 962 dicendo
908 903 1033 978 tempus
1048 896 1226 970 absumam;
1249 892 1407 977 queritur,
1428 887 1535 970 priore

222 998 356 1078 petrono
370 1013 497 1058 causam
510 995 700 1058 defendente
714 1011 888 1078 numquam
909 990 1050 1075 perorari
1064 990 1224 1073 potuisse:
1246 1008 1311 1052 non
1326 987 1428 1070 patior
1442 985 1535 1048 istam
1559 1003 1574 1053 1

221 1105 347 1150 manere
369 1090 600 1172 suspicionem,
629 1106 689 1151 nos
711 1107 776 1150 rem
797 1087 930 1150 iudicari
952 1085 1055 1158 nolle,
1088 1105 1147 1148 nec
1169 1083 1250 1146 illud
1271 1079 1349 1146 mibi
1371 1076 1535 1160 arrogabo,

220 1200 270 1244 me
292 1201 386 1264 posse
408 1201 534 1246 causam
556 1182 754 1245 commodius
776 1182 1008 1255 demonstrare,
1030 1199 1124 1264 quam
1139 1186 1232 1242 antee
1247 1179 1463 1242 demonstrate
1476 1171 1536 1246 sit;

219 1295 324 1359 neque
353 1284 458 1340 mmen
480 1285 543 1340 tom
566 1277 664 1339 multa
685 1276 781 1340 verba
806 1277 935 1351 inciam,
964 1285 1132 1360 propterca
1155 1275 1242 1358 quod
1264 1279 1296 1336 et
1317 1271 1355 1336 ab
1378 1269 1451 1342 illo,
1480 1266 1535 1350 qui

219 1377 287 1433 tum
309 1371 406 1446 dixit,
428 1371 597 1436 informate
618 1371 682 1434 iam
704 1377 885 1446 causaest,
907 1378 939 1434 et
960 1391 978 1434 a
1000 1390 1068 1445 me,
1091 1370 1146 1453 qui
1166 1388 1271 1453 neque
1286 1364 1466 1448 excogitare
1481 1380 1537 1424 ne·

219 1485 282 1550 que
303 1467 509 1549 pronuntiare
531 1465 631 1528 multe
652 1482 799 1547 possum,
828 1465 966 1529 brevitas
988 1465 1183 1549 postulatur,
1207 1482 1288 1547 quae
1310 1459 1454 1522 mihimet
1474 1453 1536 1538 ipsi
1546 1475 1573 1524 1ο

218 1563 411 1628 amicissime
439 1569 495 1624 est.
539 1557 590 1622 35.
619 1561 761 1634 Faciem,
792 1561 878 1643 quod
909 1568 940 1625 te
967 1579 1061 1644 seepe
1083 1558 1289 1624 animadverti
1310 1555 1427 1629 iacere,
1455 1551 1538 1614 Hor·

218 1657 317 1721 tensi:
346 1664 447 1719 totam
474 1675 588 1718 causae
618 1673 707 1717 mese
735 1655 906 1718 dictionem
936 1663 1036 1719 certas
1058 1657 1092 1718 in
1114 1661 1220 1738 portes
1243 1652 1390 1718 dividem-
1433 1649 1480 1710 Tu
1503 1645 1537 1710 id

219 1771 344 1834 semper
369 1751 465 1824 lacis,
496 1750 571 1833 quia
604 1767 729 1832 semper
755 1755 863 1831 potes;
893 1768 950 1832 ego
972 1751 1006 1813 in
1026 1750 1086 1813 bac
1109 1769 1203 1812 causa
1224 1747 1337 1810 faciam
1359 1751 1536 1828 propterea,

219 1845 307 1928 quod
328 1846 362 1907 in
383 1844 443 1908 bac
469 1844 580 1908 videor
600 1862 696 1926 posse
717 1843 829 1906 facere.
860 1843 955 1919 Quod
977 1845 1034 1907 tibi
1055 1851 1169 1908 nature
1183 1843 1253 1916 dat,
1276 1848 1312 1904 ut
1327 1859 1451 1922 semper
1462 1857 1537 1922 pos-

219 1939 281 2012 sis,
303 1939 335 2000 id
358 1938 435 2001 mibi
457 1957 553 2002 cause
574 1937 734 2012 concedit,
757 1946 792 2001 ut
813 1939 908 2002 bodie
929 1939 1060 2021 possim.
1100 1939 1209 2002 Certos
1231 1935 1309 1998 mibi
1331 1931 1408 1997 lines
1429 1931 1536 1996 termi—
1546 1949 1573 2000 11

220 2052 343 2116 nosque
373 2034 580 2107 constituam,
607 2040 696 2094 extra
724 2053 804 2116 quos
835 2035 942 2118 egredi
964 2054 1029 2097 non
1050 2034 1187 2117 possim,
1215 2032 1242 2096 si
1264 2030 1400 2095 maxime
1422 2026 1535 2092 velimt

219 2133 256 2190 ut
277 2135 309 2190 et
330 2127 406 2190 mibi
428 2129 469 2191 sit
483 2127 700 2212 propositum,
722 2127 762 2190 de
779 2147 843 2211 quo
860 2128 981 2203 dicem,
1004 2136 1035 2191 et
1049 2127 1238 2192 Hortensius
1251 2125 1367 2189 babeat
1382 2120 1536 2204 exposite,

219 2224 258 2287 ad
281 2242 362 2306 quae
384 2224 589 2305 respondeat,
613 2230 644 2284 et
665 2230 714 2298 tu,
738 2224 772 2286 C.
788 2223 914 2307 Aquili,
936 2224 999 2286 iam
1014 2230 1088 2287 ante
1102 2223 1209 2285 animo
1223 2219 1408 2304 prospicere
1422 2213 1536 2299 possis,

218 2318 334 2401 quibus
356 2318 395 2379 de
417 2317 511 2380 rebus
533 2317 697 2380 auditurus
720 2319 774 2380 sis.
816 2315 868 2379 36.
890 2319 1061 2400 Negamus,
1085 2325 1115 2379 te
1135 2316 1220 2379 bono
1233 2317 1266 2378 P.
1283 2309 1439 2389 Quinctii,
1463 2308 1536 2372 Sex.

217 2412 330 2486 Naevi,
353 2411 534 2495 possedisse
556 2432 597 2474 ex
619 2413 724 2476 edicto
748 2411 913 2494 praetoris.
950 2413 986 2475 ln
1008 2432 1046 2476 eo
1070 2412 1201 2495 sponsio
1222 2411 1306 2474 facta
1328 2414 1385 2472 est
1422 2405 1574 2470 Osten-so

216 2508 288 2570 dam
316 2507 469 2590 primum,
498 2526 625 2570 causam
646 2527 712 2570 non
733 2506 851 2581 fuisse,
881 2527 937 2570 cur
958 2527 976 2570 a
997 2512 1142 2591 praetore
1170 2505 1363 2588 postulares,
1396 2509 1432 2564 ut
1452 2496 1537 2564 bone

215 2603 249 2664 Ρ.
272 2601 413 2677 Quinctii
443 2602 640 2684 possideres3
674 2601 806 2675 deinde,
838 2621 879 2664 ex
906 2601 1011 2665 edicto
1041 2609 1072 2664 te
1101 2601 1266 2684 possidere
1287 2619 1352 2662 non
1374 2595 1536 2681 potuisses

215 2704 394 2780 postremo,
416 2715 481 2758 non
503 2696 694 2778 possedisse.
732 2695 876 2771 Quaeso,
901 2696 934 2760 C.
956 2697 1065 2781 Aquili
1086 2716 1226 2780 vosque,
1249 2694 1306 2779 qui
1321 2693 1397 2757 estis
1412 2693 1446 2754 in
1461 2710 1537 2756 oon·

216 2790 305 2864 silio,
334 2796 386 2864 ut,
416 2790 493 2873 quid
520 2789 681 2873 pollicitus
711 2789 788 2864 sim,
819 2791 988 2874 diligenter
1008 2791 1180 2855 memoriae
1202 2789 1367 2858 mandetis.
1409 2785 1536 2850 Etenim

215 2903 281 2948 rem
309 2882 434 2946 facilius
463 2891 562 2947 totam
583 2884 762 2966 accipietis,
792 2885 818 2948 si
840 2886 919 2950 baec
940 2886 1163 2962 memineritis,
1192 2893 1225 2947 et
1245 2903 1296 2946 me
1317 2881 1410 2948 facilc
1432 2885 1573 2944 vestrate

216 2976 449 3042 existimatione
476 2979 682 3053 revocabitis,
709 2979 737 3042 si
766 2981 935 3044 extrahes
957 2981 1116 3045 cancellos
1138 2979 1245 3064 egredi
1267 2978 1424 3052 conabor,
1453 2992 1535 3058 quos

215 3073 292 3136 mihi
304 3073 374 3155 ipse
388 3072 592 3138 circumdedi.
613 3077 702 3158 Nego
715 3075 816 3139 fuisse
831 3097 973 3152 causam,
997 3097 1053 3141 cur
1065 3077 1257 3160 postularet;
1278 3093 1361 3158 nego
1376 3091 1417 3134 ex
1431 3069 1535 3132 edicto

215 3166 379 3251 possidere
401 3169 561 3250 potuisse;
583 3189 664 3252 nego
685 3171 877 3252 possedisse.
911 3172 996 3235 Haec
1018 3173 1079 3235 tria
1101 3191 1172 3234 cum
1194 3171 1352 3243 docuero,
1374 3181 1536 3249 peroraro.

180 3288 183 3302 ·
299 3263 356 3324 XI.
383 3259 433 3324 37.
460 3264 531 3325 Non
552 3263 613 3327 fuit
634 3283 744 3340 causa,
774 3285 831 3328 cur
851 3266 1039 3348 postulares.
1084 3267 1147 3342 Qui
1168 3266 1230 3328 boc
1252 3262 1387 3345 intelligi
1409 3259 1536 3344 potesti

216 3357 301 3432 Quia
323 3357 396 3419 Sex.
411 3356 531 3420 Naevio
552 3377 657 3441 neque
681 3379 721 3422 ex
742 3360 903 3423 societatis
926 3361 1049 3424 ratione
1071 3380 1178 3444 neque
1199 3356 1347 3442 priuatim
1361 3353 1574 3439 quidquamtt

209 3451 326 3530 debuit
348 3450 526 3526 Quinctius.
562 3451 642 3527 Quis
662 3452 737 3517 huic
758 3454 805 3517 rei
827 3455 917 3518 testis
939 3458 1009 3518 esti
1046 3456 1149 3530 idem,
1173 3456 1227 3538 qui
1241 3451 1411 3517 acerrimus
1426 3448 1537 3512 adver·

214 3545 329 3608 sarius.
361 3547 398 3607 in
420 3545 502 3608 banc
524 3565 590 3610 rem
613 3554 660 3623 te,
683 3555 730 3623 te,
753 3549 898 3632 inquam,
920 3557 1048 3624 testem,
1070 3549 1186 3625 Naevi,
1207 3547 1323 3612 citabo.
1365 3547 1491 3608 Annum
1505 3548 1538 3608 et

216 3659 255 3704 eo
277 3638 396 3703 diutius
418 3647 491 3722 post
513 3647 646 3704 mortem
670 3642 702 3705 C.
720 3642 861 3718 Quinctii
881 3644 943 3708 tuit
963 3645 997 3708 in
1012 3645 1114 3708 Gallie
1128 3651 1231 3708 tecum
1247 3641 1342 3707 simul
1358 3639 1536 3717 Quinctius.

214 3735 315 3806 Doce,
348 3740 379 3794 te
407 3734 528 3817 petisse
557 3735 596 3798 ab
623 3756 662 3798 co
691 3737 782 3802 istem
810 3739 919 3802 nescio
944 3760 1039 3823 quam
1068 3737 1330 3803 innumerabilem
1352 3734 1535 3820 pecuniam3

215 3828 308 3899 doce,
330 3827 504 3911 aliquando
526 3831 718 3894 mentionem
740 3831 870 3908 fecisse,
892 3833 1012 3897 dixisse
1034 3833 1162 3896 deberi:
1184 3833 1332 3896 debuisse
1355 3829 1573 3894 concedamet

215 3916 266 3982 38.
288 3921 423 3984 Moritur
444 3922 478 3985 C.
501 3922 685 4001 Quinctius,
719 3927 774 4011 qui
797 3927 881 4013 tibi,
898 3933 935 3989 ut
961 3928 1023 4002 eis,
1054 3927 1147 3990 certis
1175 3925 1356 3990 nominibus
1385 3924 1535 4008 grandem
1635 3974 1638 3986 .

215 4015 382 4098 pecuniam
404 4015 524 4080 debuit.
556 4019 656 4082 Heres
679 4020 749 4083 eius
770 4022 803 4083 P.
820 4020 987 4096 Quinctius
1009 4022 1043 4084 in
1059 4021 1192 4086 Gallium
1214 4021 1254 4084 ad
1276 4028 1307 4084 te
1329 4020 1434 4104 ipsum
1449 4020 1537 4082 venit

279 4261 302 4310 1.
319 4273 433 4322 coquom
448 4259 499 4310 illis
514 4272 529 4310 e
547 4261 574 4310 et
589 4261 619 4311 A.
640 4287 668 4298 -
694 4262 719 4312 1.
742 4262 821 4324 possit
837 4275 853 4312 e
870 4265 898 4313 et
913 4263 943 4313 A.
964 4289 990 4300 -
1018 4262 1042 4313 3.
1059 4275 1137 4326 secte
1154 4262 1232 4314 tacite
1249 4259 1363 4313 iilotztus
1380 4261 1423 4313 ed.
1442 4260 1485 4314 olt.
1506 4287 1534 4299 -

214 4337 238 4387 8.
251 4339 305 4386 tom
320 4348 374 4388 om.
387 4335 413 4386 k.
431 4333 519 4386 blelim
530 4333 626 4387 abesse
643 4341 734 4388 umes.
749 4363 777 4373 -
796 4338 869 4400 ooocli
887 4338 949 4399 quic
959 4351 984 4388 e.
999 4364 1027 4373 -
1046 4338 1070 4388 s.
1084 4342 1138 4388 tien
1147 4337 1223 4388 BGK
1236 4337 1350 4402 praetor
1360 4337 1394 4401 el:
1413 4343 1471 4388 onte
1483 4351 1497 4388 e
1509 4339 1537 4396 et

206 4409 302 4490 Atio·
317 4438 344 4448 -
360 4409 858 4474 iomicsonsotcBGdhkmetV.-
873 4412 1113 4476 1113111111.-
1129 4412 1534 4477 13.ᾳυίαεσηψσνροιοεοω.1.

216 4512 244 4523 -
263 4484 303 4536 11.
321 4487 365 4536 dot
380 4483 575 4549 ·--ooscedit]
591 4487 701 4536 concedit
798 4489 842 4538 dat
858 4489 892 4548 L,
911 4486 1125 4542 datu-dotti.
1141 4515 1168 4526 ·-
1188 4489 1228 4539 ti.
1246 4493 1269 4540 st
1283 4492 1344 4540 ente
1360 4503 1386 4540 v.
1403 4489 1465 4540 miti
1480 4501 1534 4539 om.

213 4562 239 4612 1.
254 4585 283 4596 -
303 4561 342 4610 ts.
360 4561 500 4624 smpicsrs
515 4561 541 4610 1.
562 4587 589 4596 -
615 4561 654 4611 19.
672 4561 799 4626 Negamus
815 4563 876 4628 cet]
908 4564 947 4615 Cl.
965 4565 1040 4617 Mart.
1059 4565 1124 4629 Cap.
1143 4563 1177 4615 de
1194 4563 1262 4616 rhet.
1279 4578 1306 4629 p.
1325 4563 1382 4616 131.
1402 4566 1484 4630 Cepp.
1505 4591 1532 4598 -

213 4637 273 4687 sse.
291 4635 382 4685 Notati
397 4633 496 4697 bcdi,
515 4635 586 4686 secti
604 4637 695 4687 Naristi
711 4639 736 4688 1.
751 4665 779 4676 -
797 4638 838 4690 11.
856 4640 885 4689 is
896 4637 932 4704 so]
949 4641 977 4688 ic
992 4653 1024 4690 sc
1038 4639 1115 4690 serbo
1131 4641 1159 4690 i..
1178 4638 1219 4704 (eo
1235 4652 1268 4691 ex
1284 4639 1436 4701 codicibus,
1459 4638 1536 4692 veroa

214 4725 247 4763 ex
264 4710 434 4774 coniectum.)
453 4737 481 4748 —
499 4713 605 4776 spendo]
622 4715 747 4777 responsio
763 4715 789 4764 1.
804 4741 830 4750 -
850 4715 890 4765 11.
910 4720 933 4765 tc
949 4728 1002 4766 om.
1021 4717 1083 4766 km.
1099 4742 1127 4753 -
1144 4716 1185 4766 13.
1202 4729 1253 4766 soc
1269 4729 1323 4767 om.
1336 4717 1362 4770 1.
1377 4741 1404 4753 -
1423 4717 1464 4767 13.
1482 4727 1537 4765 reru

213 4790 292 4836 totum
307 4785 406 4848 sucilim
418 4787 543 4850 accipistis
557 4788 584 4838 1.
601 4815 627 4826 -
646 4790 687 4840 11.
705 4790 757 4852 lpse
771 4791 833 4840 mibi
849 4791 879 4851 1,
897 4791 958 4841 mibi
972 4793 1022 4854 ipsi
1038 4792 1093 4842 eet
1102 4794 1133 4842 A.
1148 4817 1177 4827 -
1195 4793 1234 4844 18.
1250 4806 1374 4855 peroraro
1391 4789 1448 4841 okl
1465 4791 1492 4841 et
1502 4791 1533 4850 V,

213 4863 277 4913 item
289 4873 343 4926 mg.
362 4860 387 4911 i:
402 4861 527 4924 perorabo
543 4863 656 4917 1130.
676 4863 741 4917 illud
758 4865 921 4917 divinaret-at
933 4865 1042 4920 Orellius
1059 4865 1117 4918 coli.
1137 4867 1213 4919 Verr.
1227 4869 1251 4930 3,
1270 4868 1311 4927 ts,
1330 4867 1385 4919 131.
1411 4867 1449 4918 Ci.
1468 4865 1533 4918 intra

214 4939 238 5002 5.
258 4937 298 4988 er.
322 4949 372 5003 pro
389 4936 508 4988 cruentis
531 4939 554 5003 s.
574 4940 597 4990 e.
617 4953 665 5005 pro
684 4939 771 4992 cneio
789 4942 813 5006 5.
831 4943 872 4992 το.
892 4968 920 4978 -
939 4942 979 4992 so.
996 4943 1165 5006 cosinensi
1183 4945 1211 4994 es
1227 4957 1280 5008 mg.
1299 4943 1325 4997 e.
1340 4970 1368 4982 -
1386 4943 1426 4994 ao.
1443 4942 1535 5004 peuc-
1570 4927 1578 4954 '

212 5020 266 5064 tren
282 5026 306 5063 e.
322 5039 349 5050 ·-
368 5012 408 5062 31.
427 5013 456 5062 Iu
471 5013 536 5063 boec
550 5026 604 5064 reru
618 5017 706 5066 licum
722 5015 806 5068 tribus
818 5016 1023 5068 oxoniensibus:
1042 5018 1069 5068 is
1079 5019 1126 5069 boc
1136 5031 1165 5068 re
1175 5018 1250 5072 113
1261 5019 1290 5068 O.
1310 5018 1349 5070 ct.
1362 5017 1386 5080 ἓ.
1399 5017 1439 5068 13.
1457 5017 1532 5068 verr.

212 5092 308 5141 Aecus.
321 5089 345 5150 l,
359 5087 400 5149 11,
414 5087 455 5138 36.
474 5090 501 5139 et
517 5093 673 5154 praesertim
690 5094 715 5153 1,
733 5091 775 5152 so,
794 5090 850 5143 116.
871 5118 899 5127 -
917 5097 940 5144 te
956 5091 1039 5144 semel
1057 5092 1183 5144 exhibent
1199 5091 1338 5144 ebcdet
1346 5090 1442 5142 kima
1459 5093 1487 5142 et
1501 5095 1531 5146 Α.

215 5191 242 5204 -
263 5169 322 5218 ose
336 5161 514 5220 Bcdehin.
534 5189 561 5202 -
583 5165 624 5217 33.
641 5166 723 5235 colb]
740 5167 813 5222 rectis
829 5179 882 5230 ms.
901 5165 927 5220 e.
944 5167 1003 5224 Vid.
1021 5167 1056 5222 ad
1072 5168 1162 5222 llorst·
1180 5168 1245 5237 Epp.
1264 5168 1289 5229 1,
1308 5167 1332 5229 1,
1351 5166 1408 5220 113.
