3642 5868
508 421 640 488 nan.
670 419 1013 490 omnum-nn.
1039 417 1267 506 sese-n.
1534 417 1590 486 444

270 591 391 674 inquiet
411 589 542 675 alipris,
564 590 692 657 donavit
711 592 828 678 populo
843 592 1037 678 Syracusano
1052 593 1139 660 illam
1152 593 1371 658 hereditatem.
1385 623 1428 640 -
1448 591 1596 667 Primum

271 686 298 748 si
319 685 352 748 id
373 682 514 750 confiteri
533 686 643 762 velim,
665 694 771 752 tamen
792 689 887 752 istum
909 689 1123 752 condemnetis
1144 707 1274 752 necesse
1297 694 1361 750 est:
1383 707 1488 772 neque
1511 687 1595 750 enim

270 780 457 860 permissum
478 786 539 855 est,
559 787 596 843 ut
616 782 744 865 impune
765 783 858 846 nohis
878 783 985 858 liceat,
1007 782 1093 867 quod
1107 783 1199 846 alicui
1215 783 1436 868 eripuerimus‚
1458 781 1491 845 id
1505 781 1596 846 alteri

271 870 406 937 tradere.
437 876 553 938 Verum
575 894 617 936 ex
637 876 697 940 ista
717 877 879 960 reperietis
899 877 1071 941 hereditate
1093 877 1186 940 istum
1201 877 1243 940 ita
1256 875 1454 960 praedatum,
1475 882 1511 938 ut
1523 895 1595 958 per-

269 987 367 1050 pauca
389 968 506 1033 occulte
527 969 653 1033 iecerit:
675 971 826 1054 populum
850 967 1003 1056 [quidem]
1027 971 1255 1055 Syracusanum
1276 971 1310 1034 in
1325 971 1493 1036 maximam
1515 970 1619 1033 invi-t

271 1060 354 1124 diam
377 1081 434 1126 sua
454 1062 594 1138 4444444444,
624 1063 728 1127 alieno
750 1066 890 1149 praemio
911 1067 1111 1151 pervenisse:
1140 1085 1255 1149 paucos
1278 1066 1506 1150 Syracusanos,
1529 1085 1594 1140 eos,

269 1153 324 1237 qui
346 1175 381 1217 se
402 1175 486 1219 nunc
506 1156 631 1240 publice
652 1158 840 1224 laudationis
862 1181 954 1224 causa
975 1161 1099 1225 venisse
1123 1158 1243 1236 dicunt,
1273 1167 1305 1224 ei
1331 1166 1407 1224 tunc
1426 1159 1593 1244 participes

268 1247 403 1331 praedae
434 1249 531 1315 fuisse
560 1258 592 1314 et
618 1271 701 1314 nunc
729 1272 793 1316 non
822 1252 863 1318 ad
885 1255 974 1318 istius
995 1254 1222 1329 laudationem,
1257 1254 1313 1318 sed
1335 1255 1376 1318 ad
1398 1273 1594 1318 communem

268 1343 367 1408 litium
389 1347 639 1411 aestimationem
660 1348 797 1412 venisse.
839 1349 1049 1432 Posteaquam
1071 1348 1234 1412 damnatus
1249 1344 1528 1424 estabsens,<nou
1544 1367 1594 1410 so-

267 1437 331 1502 lum
355 1440 441 1503 illius
462 1440 647 1506 hereditatis
643 1439 665 1598 l
694 1442 734 1505 de
766 1461 829 1528 qua
850 1442 1080 1525 ambigebatur,
1111 1463 1193 1526 quae
1215 1451 1282 1508 erat
1303 1441 1363 1506 HS
1385 1443 1508 1515 tricies,
1521 1440 1632 1506 (sedeo

267 1534 405 1597 omnium
425 1535 643 1626 bonorum)pa
657 1557 803 1600 emotum
832 1536 932 1619 ipsius
953 1535 1109 1612 Heraclii,
1127 1531 1227 1624 (Qu,
1241 1558 1306 1601 non
1328 1539 1430 1601 minor
1451 1543 1518 1601 erat
1538 1557 1593 1619 pe·
1659 1547 1730 1624 ,rq-

266 1619 569 1711 cuniaipalaestrae
587 1630 852 1712 Syraciisanorum
854 1623 872 1726 )
888 1630 949 1709 hoc
944 1639 1017 1710 ..951
1037 1631 1438 1720 Syracusanis,(possessio
1452 1631 1604 1716 traditur.)
1706 1634 1729 1710 5

266 1716 333 1805 toi
341 1720 430 1809 Qec
452 1729 501 1785 est
521 1724 582 1810 ister
602 1715 904 1807 praeturatinripis
925 1726 1149 1800 hereditatem,
1173 1745 1254 1809 quae
1276 1733 1407 1792 venerat
1427 1745 1446 1789 a
1466 1725 1594 1810 propin-

267 1835 347 1898 quo,
368 1824 499 1880 venerat
518 1824 722 1893 testamento,
739 1826 880 1883 'venerat
899 1819 1039 1902 legibus;
1068 1839 1150 1903 quae
1171 1819 1255 1884 bona
1276 1819 1320 1897 is,
1349 1821 1404 1904 qui
1425 1826 1594 1884 testamen-

266 1916 332 1972 tum
359 1908 490 1984 feceret,
508 1914 512 1920 ’
527 1910 600 1974 hnic
628 1911 773 1977 heraclio
801 1919 873 1976 ante
902 1913 1080 1996 aliquanto,
1110 1933 1205 1997 (4444444
1230 1920 1278 1977 est
1298 1921 1456 1990 mortuus,
1490 1915 1594 1978 omnia
1603 1926 1631 1972 tu

266 2004 384 2066 utenda
412 2023 449 2067 ac
475 2005 670 2088 possidenda
696 2007 884 2082 tradideret3
914 2009 1002 2072 cuius
1032 2006 1233 2082 hereditatis,
1263 2029 1333 2072 cum
1354 2007 1409 2072 iile
1432 2009 1593 2093 aliquanto

235 2100 241 2111 '
266 2105 338 2161 ante
366 2105 398 2161 te
428 2107 604 2183 praetorem
626 2110 710 2164 esset
730 2109 885 2175 mortuus,
915 2101 1127 2165 controversia
1146 2101 1250 2166 iuerat
1270 2101 1372 2176 nulia,
1401 2103 1593 2166 mentionem

264 2192 381 2256 iecerat
401 2213 506 2257 nemo.
548 2195 635 2257 xlx.
657 2197 774 2260 Verum
796 2203 879 2258 esto:
910 2196 996 2279 eripe
1017 2193 1225 2258 hereditatem
1246 2195 1447 2280 propinquis,
1477 2196 1519 2260 da
1539 2216 1594 2280 pa-

265 2286 428 2364 laestritis,
458 2288 610 2373 praedare
637 2289 671 2352 in
698 2289 788 2354 bonis
819 2289 931 2352 alienis
958 2288 1087 2353 nomine
1115 2289 1263 2364 civitatis,
1294 2296 1399 2354 everte
1421 2290 1524 2373 leges,
1547 2296 1594 2352 te·

265 2387 431 2455 stamenta,
453 2382 628 2447 voluntates
653 2391 860 2458 mortuorum,
891 2383 959 2446 iura
982 2384 1144 2448 vivorums
1176 2403 1252 2448 num
1278 2383 1373 2446 etiam
1396 2385 1503 2468 patriis
1529 2383 1631 2450 Ide-so

264 2474 393 2537 ruolium
422 2476 515 2540 bonis
544 2477 709 2542 exbrrbare
736 2478 899 2561 oportuit?
945 2477 1008 2554 Qui
1039 2477 1169 2542 simulac
1190 2477 1343 2562 profugit,
1375 2499 1470 2560 quam
1490 2480 1593 2564 impu-

265 2567 391 2643 denter,
423 2589 516 2654 quam
544 2571 664 2655 palam,
698 2592 793 2657 quam
818 2571 947 2646 acerbe,
980 2571 1013 2635 di
1039 2571 1249 2648 immortales,
1281 2571 1337 2634 illa
1364 2571 1448 2636 bona
1473 2572 1594 2656 direpta

265 2663 354 2726 eunti
377 2683 469 2747 qnam
491 2665 546 2728 illa
567 2684 618 2727 res
640 2665 821 2730 calamitosa
842 2666 1005 2740 Heraclio,
1036 2673 1226 2749 quaestuosa
1248 2665 1354 2740 Verri,
1378 2667 1476 2749 turpis
1500 2666 1593 2748 Syra·

256 2758 403 2832 oceanis,
424 2759 604 2824 miseranda
625 2760 770 2822 omnibus
792 2759 969 2825 videbatur!
1002 2762 1082 2824 Nam
1101 2760 1181 2824 illud
1196 2760 1326 2843 quidem
1341 2761 1445 2824 statim
1460 2766 1592 2830 curatur,

262 2858 297 2914 ut
317 2852 473 2935 quidquid
495 2853 604 2916 caelati
626 2853 747 2936 argenti
769 2854 829 2917 iuit
849 2857 884 2918 in
905 2855 969 2918 illis
990 2854 1082 2918 bonis
1113 2853 1153 2916 ad
1175 2855 1270 2918 istum
1292 2853 1465 2928 deferatur,
1501 2851 1630 2936 quid-as

262 2944 340 3029 quid
363 2945 595 3010 Corinthiorum
615 2967 776 3023 rasorum,
799 2949 954 3031 stragulae
977 2950 1082 3014 restis.
1122 2947 1209 3012 Haec
1230 2968 1324 3013 nemo
1340 2947 1501 3012 dubitabat
1515 2946 1590 3030 quin

261 3059 325 3103 non
354 3040 447 3105 modo
478 3063 519 3105 ex
539 3042 595 3106 illa
616 3042 709 3106 domo
732 3049 820 3126 capta
841 3051 873 3107 et
893 3063 1060 3126 oppressa,
1089 3061 1198 3106 verum
1221 3061 1262 3106 ex
1282 3050 1349 3106 tota
1368 3041 1530 3126 provincia
1551 3039 1591 3103 ad

262 3135 354 3199 istum
376 3138 561 3220 comportari
582 3157 712 3200 necesse
735 3143 829 3200 esset.
861 3137 1018 3220 Maneipia
1039 3155 1120 3220 quae
1142 3136 1242 3200 voluit
1262 3135 1410 3212 abduxit,
1433 3134 1497 3198 alia
1511 3133 1591 3198 divi·

261 3230 321 3293 sitz
345 3229 446 3294 auctio
467 3230 548 3294 facta
569 3238 633 3305 est,
655 3231 689 3294 in
711 3252 775 3315 qua
796 3231 907 3294 cohors
928 3231 1018 3294 istius
1039 3231 1154 3294 invicta
1175 3230 1333 3296 dominata
1355 3237 1412 3293 est.
1455 3224 1506 3289 47.
1528 3229 1591 3291 Ve—

259 3345 329 3387 rum
345 3323 430 3386 >iilud
452 3331 501 3386 est
520 3325 734 3408 praeclarum:
757 3324 961 3408 Syracusani,
984 3325 1039 3408 qui
1057 3323 1258 3410 praefuerant
1270 3323 1321 3387 his
1335 3323 1474 3388 Heraclii
1488 3325 1628 3398 boniaco

260 3418 356 3482 verbo
379 3417 577 3499 redigendis,
600 3438 634 3480 re
658 3418 869 3503 dissipandis,
891 3417 1068 3483 reddebant
1090 3438 1198 3482 eorum
1220 3418 1416 3500 negotiorum
1437 3417 1590 3482 rationem

260 3511 293 3574 in
315 3501 620 3599 senatuz(dicehant
641 3512 828 3596 scyphorum
851 3513 938 3596 paria
958 3511 1132 3595 complura,
1160 3510 1491 3594 hycfflasergenteas,
1518 3531 1591 3594 pre·
1692 3575 1719 3599 a,

259 3605 373 3669 tiosam
394 3611 513 3694 vestem
535 3605 721 3687 stragulam,
743 3605 841 3668 multa
862 3605 1019 3698 mancipia
1038 3605 1175 3689 pretiosa
1189 3606 1280 3668 Verri
1302 3601 1486 3701 dQse}
1506 3604 1591 3667 dice-
1654 3596 1746 3672 ’γ’

259 3700 351 3774 bant,
382 3705 536 3782 quantum
563 3699 678 3782 cuique
707 3701 775 3762 eius
803 3701 891 3763 iussu
919 3719 1118 3764 nummorum
1146 3707 1229 3762 esset
1257 3698 1372 3764 datum.
1417 3699 1591 3764 Gemebant

261 3795 461 3879 Syracusani,
492 3794 549 3857 sed
577 3801 680 3857 tamen
708 3794 918 3878 patiebantur.
961 3794 1102 3878 Repente
1125 3793 1273 3856 recitatur
1291 3813 1356 3856 uno
1378 3794 1506 3856 nomine
1529 3791 1628 3862 fise

261 3907 319 3952 cce
348 3889 435 3952 milia
464 3889 551 3952 iussu
580 3889 732 3973 praetoris
762 3889 834 3952 data
856 3907 937 3950 esse.
980 3887 1029 3949 Fit
1050 3888 1204 3951 maximus
1227 3886 1344 3950 elamor
1364 3887 1505 3950 omnium
1525 3905 1589 3948 non
1662 3881 1664 3883 ’

260 3982 354 4046 modo
376 3983 485 4067 optimi
508 3983 662 4066 cuiusque
684 4003 789 4066 neque
812 4003 937 4056 eorum,
960 3979 1072 4066 prihus
1092 3979 1254 4063 indignum
1270 4001 1393 4065 semper
1406 3981 1509 4044 visum
1523 3987 1590 4043 erat

1675 1752 1745 1823 Α

325 4311 348 4361 4.
365 4309 447 4374 iacuit
464 4309 511 4372 434
528 4307 562 4360 ta
578 4321 605 4373 p.
623 4319 660 4358 m.
686 4305 787 4358 Eadem
805 4307 944 4360 diversitos
961 4307 1109 4373 scripturae
1127 4310 1169 4358 cst
1185 4305 1219 4358 ed
1237 4307 1352 4356 Herenn.
1371 4305 1403 4356 44.
1423 4303 1447 4370 5.
1461 4303 1521 4366 dh,
1542 4303 1589 4356 ubi

258 4385 377 4438 similiter
393 4397 541 4452 pronomen
558 4384 683 4447 quispiam
701 4385 742 4436 est
758 4383 886 4434 additum.
907 4411 935 4421 -
960 4383 984 4435 4.
1003 4384 1079 4434 istum
1094 4384 1131 4434 ito
1147 4381 1216 4446 ngts
1234 4395 1260 4448 p.
1278 4396 1329 4433 m.:
1348 4381 1387 4432 ito
1402 4383 1476 4432 44444444
1493 4384 1538 4433 ott.
1557 4383 1587 4432 0.

260 4487 287 4502 -
306 4463 331 4513 a.
349 4462 448 4524 4444444444
465 4473 519 4511 om.
537 4459 607 4523 Lete
624 4472 651 4523 p.
664 4472 701 4510 m.
722 4483 749 4495 -
769 4460 794 4510 4.
812 4473 880 4509 oenc
896 4472 921 4509 se
938 4459 1074 4522 4349413.
1095 4485 1123 4494 -
1141 4457 1165 4508 8.
1183 4459 1226 4507 sed
1242 4457 1429 4509 od--oeuisse
1446 4469 1499 4508 om.
1519 4455 1588 4521 Lgtt

256 4551 283 4603 p.
297 4551 333 4588 m.
352 4539 383 4589 N.
403 4561 431 4572 —
451 4536 490 4586 40.
509 4535 560 4586 Hs.
579 4533 636 4601 Q
652 4534 721 4598 4344
737 4547 764 4600 p.
778 4546 831 4594 m.;
849 4535 899 4584 HS.
919 4533 977 4585 000
992 4534 1053 4586 ΡΜ.
1068 4561 1094 4572 -
1115 4535 1156 4586 45.
1173 4533 1268 4598 feceret
1284 4533 1318 4594 n,
1336 4533 1414 4584 Arus.
1427 4533 1461 4583 444.
1481 4546 1505 4597 p.
1519 4533 1586 4582 265:

256 4613 368 4676 feceruut
383 4611 453 4674 ugit
470 4621 497 4674 p.
511 4623 563 4669 m.;
580 4611 638 4673 fecit
654 4612 700 4662 cit.
715 4611 744 4660 0.
764 4635 792 4644 -
811 4609 852 4660 46.
871 4615 930 4660 uate
946 4609 1007 4672 utiq.
1021 4608 1090 4672 4344
1101 4607 1179 4673 vulgo
1191 4622 1196 4658 :
1215 4609 1275 4670 utiq,
1295 4613 1354 4658 444444
1364 4605 1433 4670 ngas
1441 4607 1491 4655 ΑΒ
1509 4607 1586 4656 drus.

257 4687 355 4746 444443
373 4687 504 4748 4444444444
520 4698 574 4735 om.
588 4685 636 4737 dit.
656 4711 685 4722 -
703 4687 746 4736 ut.
763 4685 807 4747 poi
823 4683 892 4748 4344
908 4683 1004 4747 44444304
1023 4699 1070 4747 oue
1088 4698 1110 4736 s.
1123 4698 1188 4747 444444
1204 4685 1293 4735 ott·
1313 4682 1353 4734 ei.
1371 4685 1426 4734 iam
1441 4681 1503 4731 444444
1519 4680 1588 4745 4344

257 4775 284 4827 p.
304 4773 341 4811 m.
361 4785 388 4798 —
408 4763 449 4812 25.
467 4758 516 4812 Atii
534 4760 710 4824 distinguunt:
737 4760 881 4823 desectum·
904 4758 1168 4822 quidquid-uestis,
1187 4760 1247 4810 hoec
1263 4771 1323 4823 sqq.
1344 4781 1373 4796 -
1391 4757 1432 4806 28.
1450 4756 1588 4817 mancipio

258 4838 286 4887 F.
307 4863 334 4874 -
352 4836 466 4887 volueret
482 4835 549 4899 4344
568 4849 595 4900 p.
613 4849 650 4888 m.
671 4863 698 4872 -
721 4836 762 4888 34.
784 4849 814 4886 re
830 4835 978 4897 dissipandis
995 4833 1063 4898 egee
1081 4847 1107 4900 p.
1123 4848 1177 4885 m:
1198 4847 1227 4886 re
1243 4832 1414 4896 44444444ιί4444
1437 4829 1467 4893 [s.
1486 4829 1588 4890 dispar-

259 4910 354 4971 tiendis)
373 4912 418 4960 ctt.
437 4911 465 4960 0.
486 4936 513 4946 -
533 4911 573 4962 32.
591 4911 732 4974 corepioriu
748 4913 854 4974 Agroet.
874 4923 899 4974 p.
918 4911 992 4961 2267.
1012 4935 1040 4946 -
1058 4911 1184 4973 pretiosos
1199 4909 1268 4974 4344
1285 4909 1346 4960 Fbt.
1367 4932 1395 4942 -
1413 4903 1454 4955 33.
1473 4903 1588 4968 sti-epulo

260 4985 395 5050 4349444.
416 5013 443 5024 —-
461 4987 541 5036 44444444
557 4998 612 5038 om.
626 4985 693 5050 4342
705 5000 746 5051 pr.
759 4999 807 5045 m.;
825 4987 931 5036 muitum
947 4985 1008 5037 Fit.
1026 4987 1059 5036 ht
1075 4983 1108 5034 ci.
1127 4985 1150 5049 g.
1170 4985 1210 5036 35.
1230 5009 1256 5020 -
1276 4985 1338 5034 dato
1353 4993 1403 5034 esse
1421 4979 1493 5030 Verri
1508 4979 1536 5028 F.
1557 5003 1584 5015 -

260 5061 300 5111 344.
318 5062 425 5112 recitem
440 5061 518 5125 egea.
538 5087 566 5098 —
585 5061 625 5112 36.
644 5061 703 5112 000
717 5061 788 5110 mitia
805 5059 873 5125 ngss
890 5074 916 5124 p.
931 5072 966 5110 m.
985 5060 1042 5123 Μφ
1061 5061 1087 5110 et
1104 5059 1142 5111 sic
1159 5059 1184 5125 5.
1202 5059 1258 5121 m.;
1278 5057 1337 5110 000
1351 5053 1535 5120 quinquaqinta
1549 5068 1584 5106 m.

259 5136 281 5188 N
299 5137 326 5187 ct
342 5136 380 5188 sic
398 5135 421 5200 ἓ.
435 5137 476 5188 td.
489 5163 516 5174 -
535 5137 597 5188 dato
612 5149 661 5187 esse
678 5135 747 5201 4344
763 5148 790 5201 p.
804 5148 857 5196 m.;
875 5136 938 5186 doto
953 5136 998 5186 eti.
1017 5135 1047 5185 0.
