3642 5868
485 412 554 477 Lrn.
575 412 615 478 11.
645 411 719 478 Gur.
740 411 946 478 LIX—LXI.
972 407 1029 496 35.
1052 405 1239 477 tlt-tto.
1456 406 1512 477 224

197 587 342 646 senatum
363 581 519 658 adierunt,
540 585 634 648 toties
655 583 715 648 hac
735 584 901 649 memoria:
923 589 1028 646 tomen
1049 581 1180 646 huiusce
1201 580 1276 646 novi
1297 580 1446 666 postulati
1466 604 1520 667 ge·

197 695 257 740 nus
279 685 373 760 atque
395 679 583 764 principium
605 687 658 742 tua
677 685 824 763 praetura
845 677 959 741 attulit.
1002 673 1074 740 447.
1104 676 1189 752 Quid
1211 677 1297 741 enim
1319 684 1382 741 iam
1403 697 1519 744 norum

196 792 261 836 non
284 773 385 836 solum
406 794 458 849 re,
486 774 542 838 sed
564 794 680 857 genere
702 776 770 860 ipso
792 772 995 856 postulandi?
1038 773 1117 835 Nam
1139 779 1262 849 cetera,
1288 792 1369 856 quae
1392 776 1518 837 suntin

197 866 298 931 isdem
319 869 484 953 postulatis
507 869 546 932 de
568 870 691 932 iniuriis
713 869 795 942 tuis,
818 875 891 932 sunt
912 888 1010 943 nova,
1032 865 1089 930 sed
1110 873 1216 930 tamen
1237 887 1301 930 non
1322 886 1405 933 novo
1426 869 1518 934 modo

198 961 403 1044 postulantur.
445 964 568 1045 Rogant
591 971 623 1026 et
644 970 734 1028 orant
756 963 853 1026 Siculi
881 969 985 1046 patres
1015 961 1222 1046 conscriptos,
1242 968 1279 1024 ut
1300 966 1397 1027 nostri
1420 967 1543 1048 magi-o

198 1064 312 1120 stratus
337 1056 467 1140 posthoc
496 1057 642 1121 decumas
668 1058 738 1140 lege
764 1057 934 1120 Hieronica
960 1056 1115 1132 vendant3
1137 1087 1179 1102 -
1201 1063 1235 1118 tu
1261 1057 1379 1139 primus
1410 1067 1518 1124 contra

198 1150 402 1215 vendideras:
432 1152 542 1229 audio;
564 1185 606 1199 -
626 1173 667 1216 ne
689 1154 721 1216 in
749 1152 860 1216 cellam
890 1151 974 1235 quod
996 1152 1169 1234 imperatur
1190 1151 1372 1228 aestiment3
1394 1152 1516 1218 —hoc

199 1267 325 1332 quoque
345 1255 474 1330 propter
494 1255 564 1311 tuos
588 1256 692 1311 ternos
716 1246 861 1310 denarios
883 1265 967 1309 nunc
987 1246 1121 1329 primurn
1134 1235 1402 1327 postulatur2'sed
1417 1268 1516 1331 genus

198 1343 301 1426 ipsum
322 1341 499 1424 postulandi
521 1361 585 1403 non
607 1349 656 1404 est
675 1362 807 1418 novum;
830 1373 872 1388 -
893 1361 934 1404 ne
956 1341 1095 1404 absentis
1123 1359 1239 1402 nomen
1268 1339 1451 1422 recipiatur;
1474 1373 1515 1390 -

199 1454 240 1498 ex
263 1433 386 1498 Sthenii
412 1434 587 1499 calamitate
609 1443 642 1499 et
663 1443 716 1500 trra
745 1444 853 1499 natum
883 1444 932 1499 est
959 1437 1086 1500 iniuria.
1131 1434 1242 1498 Cetera
1271 1454 1335 1498 non
1366 1437 1511 1523 colligam
1529 1459 1557 1506 to

199 1539 272 1593 sunt
293 1530 397 1593 omnia
419 1529 593 1593 Siculorum
613 1529 771 1614 postulate
792 1530 859 1593 eius
881 1529 982 1604 modi,
1004 1537 1039 1593 ut
1060 1529 1191 1593 crimina
1212 1528 1343 1592 collecta
1365 1530 1398 1592 in
1419 1551 1516 1597 unum

199 1645 288 1688 reum
309 1631 341 1687 te
363 1641 433 1686 esse
455 1623 637 1699 videantur,
666 1644 746 1707 quae
774 1630 880 1687 tamen
902 1625 1008 1687 omnia
1028 1643 1125 1688 novas
1148 1625 1277 1688 iniurias
1299 1623 1433 1701 habent,
1462 1627 1518 1690 sed

199 1717 443 1804 postulationum
465 1716 614 1783 formulas
634 1720 775 1782 usitatas.
811 1713 883 1780 448.
905 1718 973 1781 Hoc
994 1719 1185 1803 postulatum
1208 1719 1247 1782 de
1270 1720 1380 1784 statuis
1402 1720 1518 1786 ridicu·

201 1813 266 1876 lum
288 1831 358 1875 esse
379 1811 524 1876 videatur
545 1813 591 1888 ei,
614 1814 756 1897 quirem
778 1813 1030 1896 sententiamque
1052 1833 1116 1877 non
1138 1813 1316 1896 perspiciat.
1359 1815 1523 1880 Postulant

202 1909 303 1982 enim,
331 1925 411 1981 non,
439 1909 549 1971 utine
572 1914 723 1990 cogantur
745 1914 894 1971 statuere.
939 1907 1023 1983 Quid
1052 1909 1169 1991 igitur?
1200 1909 1333 1992 utipsis
1355 1930 1396 1974 ne
1418 1910 1560 1979 licentra

202 1999 287 2078 Quid
310 2009 358 2066 est
378 2001 458 2065 lrocl
493 2003 578 2066 Petis
600 2022 619 2066 a
640 2023 701 2076 mc,
724 2000 808 2084 quod
830 2003 864 2064 in
885 2009 939 2065 tua
959 2008 1114 2087 potestate
1137 2009 1201 2077 est,
1228 2008 1264 2066 ut
1285 2001 1318 2065 id
1340 2004 1397 2068 tibi
1418 2004 1523 2070 secere

201 2117 241 2159 nc
263 2094 378 2159 liceat‘l
410 2104 483 2181 pete
512 2098 631 2181 potins,
660 2117 700 2161 nc
731 2097 801 2180 quis
831 2103 864 2160 te
885 2098 1019 2161 invitum
1048 2096 1191 2180 polliceri
1222 2102 1276 2162 aut
1296 2097 1401 2162 iacere
1423 2109 1523 2184 cogat.

201 2189 287 2254 Nihil
309 2208 416 2273 egero,
445 2192 565 2274 inquit;
594 2190 755 2272 negabunt
784 2192 999 2254 enimomnes
1030 2211 1064 2254 se
1087 2193 1247 2274 coegisse:
1276 2191 1302 2254 si
1324 2213 1375 2255 me
1405 2193 1525 2259 salsum

203 2303 274 2350 esse
295 2286 353 2362 vis,
375 2284 453 2349 mihi
475 2287 601 2369 impone
624 2286 714 2350 istam
737 2285 810 2361 vim,
832 2292 867 2349 ut
888 2287 1016 2349 omnino
1032 2284 1110 2349 milri
1125 2304 1165 2349 ne
1179 2284 1274 2350 liceat
1287 2285 1440 2370 polliceri.
1475 2289 1525 2350 Ex

204 2387 257 2444 tua
277 2386 422 2464 praetura
443 2379 578 2464 primum
604 2379 683 2442 haec
712 2386 761 2443 est
788 2386 861 2443 nata
885 2377 1071 2462 postulatio;
1100 2398 1163 2462 qua
1193 2401 1263 2444 cum
1291 2386 1438 2457 utuntur,
1465 2381 1563 2452 hecto

203 2475 382 2558 significant
403 2481 498 2558 atque
520 2474 600 2538 adeo
622 2481 729 2558 aperte
752 2472 939 2548 ostendunt,
969 2493 1040 2536 sese
1063 2472 1103 2538 ad
1125 2478 1242 2537 statuas
1269 2479 1338 2537 tuas
1359 2475 1525 2557 pecuniam

203 2575 287 2631 metu
309 2588 346 2632 ac
370 2568 453 2634 malo
482 2576 605 2634 coactos
639 2569 843 2632 invitissimos
872 2568 1053 2631 contulisse.
1096 2562 1168 2630 449.
1197 2567 1301 2644 Quid‘l
1332 2569 1359 2632 si
1379 2569 1439 2634 hoc
1461 2589 1525 2635 non

203 2662 324 2738 dicant,
349 2664 407 2726 tihi
428 2683 491 2727 non
514 2683 645 2728 necesse
668 2665 708 2727 sit
728 2665 789 2747 ipsi
810 2663 844 2728 id
866 2663 1030 2738 confiteri?
1058 2661 1138 2726 Vide
1160 2670 1193 2727 et
1211 2661 1364 2747 perspice,
1387 2683 1450 2747 qua
1471 2665 1526 2729 de-

201 2756 346 2823 fensione
370 2760 413 2822 sis
434 2777 566 2821 usurus:
590 2760 653 2824 iam
675 2759 833 2842 intelliges
854 2759 914 2822 hoc
936 2758 994 2821 tihi
1016 2757 1056 2821 de
1078 2759 1188 2822 statuis
1210 2757 1421 2823 confitendum
1443 2780 1524 2824 esse.

203 2854 283 2917 Llll.
306 2853 385 2918 llilri
407 2855 490 2916 enim
512 2855 710 2917 renuntiatur
731 2855 775 2917 ita
797 2853 944 2918 constitui
967 2873 985 2915 a
1007 2853 1069 2915 tuis
1090 2853 1246 2936 patronis,
1274 2851 1454 2916 hominibus
1476 2855 1563 2926 iu-‚s
1628 2847 1659 2924 ζ’

204 2951 351 3033 geniosis,
374 2967 499 3012 causam
520 2955 604 3012 tuam
627 2954 659 3012 et
680 2969 734 3012 eos
756 2949 800 3010 ita
821 2947 876 3010 abs
898 2953 930 3009 te
952 2947 1073 3009 institui
1096 2954 1127 3011 et
1142 2947 1261 3010 doceri:
1283 2941 1467 3031 utquisque
1482 2964 1524 3010 ex

203 3042 363 3129 provincia
383 3041 491 3105 Sicilia
513 3043 637 3124 gravior
655 3042 750 3106 homo
771 3050 866 3124 atque
886 3039 1050 3104 honestior
1070 3041 1284 3105 testimonium
1305 3041 1523 3108 vehementius

203 3136 336 3212 dixerit,
365 3137 458 3199 sicuti
480 3131 578 3199 Siculi
606 3136 696 3199 multi
721 3136 861 3220 primarii
883 3135 941 3199 viri
963 3134 1061 3198 multa
1083 3135 1246 3210 dixerunt,
1276 3144 1308 3199 te
1330 3137 1435 3202 'statim
1463 3138 1524 3203 hoc

204 3229 273 3296 istis
295 3231 358 3294 tuis
381 3228 600 3293 defensoribus
623 3230 742 3294 diceret
767 3230 932 3292 «inimicus
955 3236 1003 3291 est
1023 3237 1197 3313 propterea,
1220 3229 1305 3312 quod
1327 3240 1431 3295 mator
1444 3241 1521 3297 esto

203 3325 313 3409 ltaque
333 3342 397 3388 uno
418 3343 550 3407 genere,
577 3325 704 3408 opinor,
733 3323 987 3387 circumscribere
1017 3323 1142 3388 habetis
1162 3325 1196 3386 in
1218 3323 1322 3388 animo
1344 3345 1443 3410 genus
1463 3328 1561 3398 hocce

205 3427 377 3493 aratorum,
410 3417 494 3500 quod
524 3437 577 3481 eos
602 3417 726 3481 infenso
754 3419 859 3482 animo
881 3425 974 3501 atquc
995 3417 1124 3482 inimico
1145 3418 1272 3483 venisse
1293 3416 1421 3497 dicatis,
1450 3423 1525 3506 quia

205 3511 300 3576 fuerit
327 3513 361 3575 in
389 3509 528 3574 decumis
558 3513 617 3575 iste
646 3511 872 3576 vehementior.
926 3514 1009 3595 Ergo
1038 3520 1176 3578 aratores
1211 3513 1331 3575 inimici
1357 3534 1467 3580 omnes
1494 3523 1526 3580 et

205 3605 376 3672 adversarii
398 3614 487 3669 sunt:
509 3625 603 3669 nemo
625 3625 734 3670 eorum
755 3614 813 3681 est,
835 3607 913 3691 quin
934 3607 1054 3690 perisse
1076 3615 1108 3672 te
1131 3606 1245 3692 cupiat.
1268 3595 1416 3673 (Omnino
1436 3629 1527 3695 prae-

206 3701 289 3764 clare
310 3707 342 3764 te
363 3699 480 3775 habes,
509 3721 579 3764 cum
601 3701 628 3764 is
650 3701 727 3766 ordo
749 3708 844 3785 atque
867 3700 900 3764 id
925 3701 1089 3765 hominum
1119 3699 1347 3784 genus,)quod
1376 3705 1527 3788 optimum
1597 3778 1614 3803 ὁ

205 3803 299 3882 atquc
320 3795 578 3861 honestissimum
601 3804 663 3871 est,
691 3817 710 3860 a
731 3817 794 3880 quo
814 3816 878 3860 uno
901 3802 933 3859 et
961 3815 1083 3860 summa
1103 3816 1154 3860 res
1181 3793 1308 3879 publica
1328 3802 1361 3859 et
1380 3795 1436 3861 illa
1455 3819 1568 3883 pro-os
1616 3760 1656 3840 ἶ

205 3890 310 3954 vincia
331 3891 468 3955 maxime
490 3892 677 3965 continetur,
685 3883 757 3972 (tibi
780 3899 829 3954 est
850 3879 1128 3960 inimicissimum.)
1143 3886 1215 3953 tto.
1230 3891 1348 3954 Verum
1360 3900 1443 3956 estot
1465 3893 1528 3957 alio

205 3983 275 4051 loco
297 3986 337 4049 de
360 3992 517 4050 aratorum
539 3988 644 4050 animo
667 3993 699 4049 et
716 3976 841 4050 iniuriis
855 3983 980 4048 videro:
1003 4005 1097 4061 nunc,
1119 3984 1204 4069 quod
1219 3983 1297 4050 mihi
1311 3984 1367 4048 abs
1381 3992 1413 4049 te
1429 3986 1529 4061 datur,

206 4079 239 4143 id
260 4080 391 4164 accipio,
414 4099 468 4143 eos
490 4079 548 4143 tibi
563 4101 634 4144 esse
647 4079 892 4144 inimicissimos.
924 4080 1044 4164 Nempe
1058 4081 1103 4143 ita
1118 4080 1208 4155 dicis,
1229 4085 1357 4163 propter
1371 4077 1529 4144 decumas.

207 4173 361 4250 Concedo,
384 4195 448 4239 non
470 4195 597 4260 quaero,
620 4175 687 4240 iure
709 4194 750 4238 en
772 4175 887 4238 iniuria
909 4174 973 4237 sint
993 4173 1123 4238 inimici.
1167 4171 1252 4250 Quid
1276 4192 1351 4256 ergo
1371 4173 1445 4238 illae
1467 4173 1529 4239 sibi
1590 4213 1592 4217 ι

272 4387 296 4440 4.
314 4402 364 4439 oon
381 4401 435 4440 om.
454 4388 532 4440 codd.
550 4388 645 4455 pleriq.
670 4416 698 4424 —
720 4403 784 4440 noco
804 4401 858 4439 om.
882 4387 959 4453 ugia.
984 4415 1011 4425 -
1038 4389 1063 4439 t.
1084 4387 1214 4451 postulant
1237 4401 1276 4450 φ;
1295 4387 1432 4450 postotoot.
1450 4388 1529 4440 sedit

206 4462 285 4528 4442.
303 4491 330 4501 -
349 4464 373 4514 9.
391 4465 472 4527 ipsum
490 4463 516 4515 l:
535 4465 602 4516 istud
618 4467 664 4516 ctt.
684 4467 713 4515 0.
728 4493 756 4502 -
769 4465 808 4516 42.
827 4477 898 4514 reum
914 4470 939 4515 to
954 4465 1016 4528 ng.
1035 4475 1129 4515 omnes
1146 4463 1245 4515 ABG:
1264 4469 1287 4514 ta
1301 4475 1373 4512 roten
1389 4462 1437 4515 dtt.
1456 4467 1485 4518 0.
1500 4491 1528 4504 -

207 4538 248 4590 44.
273 4539 365 4589 dom.
384 4540 465 4591 Prisc.
483 4540 514 4589 ll.
533 4553 560 4604 p.
580 4538 635 4591 447.
657 4567 685 4578 -
702 4540 819 4602 repleat
840 4540 922 4590 Prisc.
943 4566 970 4575 -
994 4541 1035 4590 45.
1058 4541 1097 4590 ott
1113 4537 1181 4604 Lgli
1199 4541 1271 4590 Grut.
1292 4539 1331 4603 (ex
1350 4539 1415 4601 litt:
1437 4548 1466 4593 ot
1482 4546 1529 4598 ctt.

207 4614 236 4664 0.
258 4639 285 4650 -
304 4614 344 4664 46.
363 4617 398 4665 ost
413 4615 466 4682 hoc]
484 4616 549 4666 enim
566 4613 634 4679 ogit
651 4629 678 4680 p.
697 4626 733 4666 ru.
755 4641 782 4652 -
802 4615 843 4664 44.
861 4627 892 4664 oc
908 4613 982 4664 liceat
998 4613 1026 4666 l:
1045 4629 1096 4665 eoo
1112 4615 1185 4664 444444
1200 4611 1248 4663 (444.
1269 4637 1296 4650 -
1315 4611 1355 4664 49.
1373 4627 1446 4679 sporo
1462 4620 1530 4684 igit

206 4689 253 4741 ΑΒ
266 4687 325 4740 cod.
338 4689 405 4742 Urs:
423 4703 469 4754 eqo
478 4703 541 4754 roeo
553 4690 621 4754 rges
632 4703 659 4756 p.
673 4703 721 4752 rn.;
739 4703 801 4755 repo
813 4691 831 4741 l'
843 4691 876 4751 N;
896 4703 955 4754 erpo
972 4689 1021 4740 dtt.
1030 4716 1057 4727 -
1076 4693 1169 4754 nequet
1178 4687 1259 4739 (444-
1273 4688 1315 4739 49.
1327 4701 1359 4740 ea
1369 4688 1400 4741 l:
1418 4707 1469 4744 ooo
1480 4694 1528 4748 (444

209 4789 236 4801 -
247 4765 288 4815 44.
306 4767 369 4814 eota
385 4769 420 4814 ast
435 4763 495 4816 haec
511 4764 559 4815 dtt.
572 4766 636 4816 0.-
648 4766 690 4818 24.
709 4769 765 4816 tatus
782 4764 850 4831 1.ng
862 4779 899 4828 cp:
919 4777 973 4816 om.
992 4766 1070 4816 444-
1082 4764 1124 4816 23.
1141 4764 1202 4828 tpsis
1217 4762 1298 4814 dtt.-
1310 4761 1352 4815 24.
1368 4765 1423 4817 tom
1440 4768 1529 4821 codd:

206 4851 268 4888 acm
284 4840 312 4889 L.
331 4837 404 4891 4494.
423 4840 452 4891 0.
468 4866 495 4875 -
514 4839 557 4889 tibi
574 4851 628 4890 om.
642 4838 711 4904 4342
728 4852 755 4905 p.
769 4854 805 4892 m.
816 4867 844 4879 -
862 4841 903 4891 26.
920 4841 959 4890 ito
974 4852 1016 4893 eos
1032 4840 1079 4892 dtt.
1098 4841 1127 4892 0.
1141 4867 1169 4877 -
1181 4839 1223 4891 28.
1241 4839 1308 4890 otest
1322 4839 1391 4904 4342
1408 4855 1434 4907 p.
1448 4856 1484 4896 nr.
1500 4869 1528 4882 ··

207 4915 285 4966 Stmtlt
301 4926 354 4965 om.
367 4913 436 4979 Lgli
447 4929 473 4980 p.
486 4927 556 4966 444·-
575 4915 616 4967 32.
635 4920 658 4966 at
674 4917 731 4967 odo.
746 4921 803 4967 root
813 4913 881 4980 ugia
892 4929 929 4978 φτ
949 4920 972 4966 at
988 4917 1130 4967 4444444444
1146 4916 1215 4981 4429
1226 4917 1293 4976 ΑΒ;
1311 4915 1453 4966 omenes
1469 4916 1529 4979 dtt.;

207 4989 302 5040 44444444
318 5003 410 5052 mom,
427 5003 510 5042 onom
526 4991 666 5042 4444444444
682 4990 761 5042 codd.
779 4993 851 5042 Part.
870 4989 934 5044 Lall.
947 4991 976 5042 0.
997 4991 1064 5043 Vide
1080 4993 1183 5057 Zumpt.
1205 5017 1233 5028 —
1251 4990 1292 5042 93.
1314 4995 1350 5042 aat
1365 5003 1451 5042 eoram
1462 4993 1531 5058 Lgts

208 5067 236 5116 et
251 5064 328 5117 idtt.
342 5089 370 5104 ·-
390 5064 622 5130 4444444342.-
636 5065 827 5132 8l.tdtom.q.
840 5065 935 5118 codd:
952 5067 980 5117 44
994 5081 1020 5132 q.
1034 5067 1058 5118 4.
1072 5067 1101 5119 0.
1116 5094 1143 5105 -
1156 5057 1528 5130 atfrsspoattcongsnan:

209 5139 370 5204 4444449444
386 5141 432 5194 ott.
450 5141 480 5194 0.
495 5165 523 5178 -·
541 5141 582 5194 98.
599 5141 638 5193 itu
654 5139 723 5207 dicte]
739 5141 766 5193 ts
782 5143 820 5194 ott
835 5139 904 5206 igit
920 5153 948 5208 p.
965 5153 1003 5194 m.
1018 5161 1045 5182 ···
1064 5140 1106 5194 39.
1122 5141 1183 5196 illae
1198 5137 1528 5207 modulamur.
