<?xml version="1.0" encoding="UTF-8"?>
<!DOCTYPE html PUBLIC "-//W3C//DTD XHTML 1.0 Transitional//EN"
    "http://www.w3.org/TR/xhtml1/DTD/xhtml1-transitional.dtd">
<html xmlns="http://www.w3.org/1999/xhtml" xml:lang="en" lang="en">
 <head>
  <title>
</title>
<meta http-equiv="Content-Type" content="text/html;charset=utf-8" />
  <meta name='ocr-system' content='tesseract 3.04.00' />
  <meta name='ocr-capabilities' content='ocr_page ocr_carea ocr_par ocr_line ocrx_word'/>
</head>
<body>
  <div class='ocr_page' id='page_1' title='image "./mtulliiciceroni00baitgoog_0159.png"; bbox 0 0 3648 5888; ppageno 0'>
   <div class='ocr_carea' id='block_1_1' title="bbox 673 697 1083 923">
    <p class='ocr_par' dir='ltr' id='par_1_1' title="bbox 673 697 1083 923">
     <span class='ocr_line' id='line_1_1' title="bbox 673 697 1083 806; baseline 0 -26"><span class='ocrx_word' id='word_1_1' title='bbox 673 697 1083 806; x_wconf 73' lang='lat' dir='ltr'><strong>(malarteianbunss</strong></span> 
     </span>
     <span class='ocr_line' id='line_1_2' title="bbox 868 873 902 923; baseline 0 0"><span class='ocrx_word' id='word_1_2' title='bbox 868 873 902 923; x_wconf 81' lang='grc'><strong>114</strong></span> 
     </span>
    </p>
   </div>
   <div class='ocr_carea' id='block_1_2' title="bbox 528 998 1237 1244">
    <p class='ocr_par' dir='ltr' id='par_1_2' title="bbox 528 998 1237 1244">
     <span class='ocr_line' id='line_1_3' title="bbox 528 998 1237 1109; baseline -0.001 -13"><span class='ocrx_word' id='word_1_3' title='bbox 528 998 1237 1109; x_wconf 66' lang='lat' dir='ltr'><strong>mmmmmmm</strong></span> 
     </span>
     <span class='ocr_line' id='line_1_4' title="bbox 751 1190 1026 1244; baseline -0.007 0"><span class='ocrx_word' id='word_1_4' title='bbox 751 1191 863 1244; x_wconf 80' lang='lat' dir='ltr'>LIBER</span> <span class='ocrx_word' id='word_1_5' title='bbox 884 1190 1026 1244; x_wconf 79' lang='lat' dir='ltr'><strong>Pultttts</strong></span> 
     </span>
    </p>
   </div>
   <div class='ocr_carea' id='block_1_3' title="bbox 144 1327 1127 1532">
    <p class='ocr_par' dir='ltr' id='par_1_3' title="bbox 144 1327 1127 1532">
     <span class='ocr_line' id='line_1_5' title="bbox 144 1327 908 1459; baseline -0.012 -23"><span class='ocrx_word' id='word_1_6' title='bbox 144 1354 215 1459; x_wconf 50' lang='lat' dir='ltr'><strong>hi.</strong></span> <span class='ocrx_word' id='word_1_7' title='bbox 231 1339 369 1442; x_wconf 49' lang='lat' dir='ltr'><em>huc-I</em></span> <span class='ocrx_word' id='word_1_8' title='bbox 868 1327 908 1376; x_wconf 68' lang='lat' dir='ltr'><strong>DE</strong></span> 
     </span>
     <span class='ocr_line' id='line_1_6' title="bbox 644 1464 1127 1532; baseline -0.004 -3"><span class='ocrx_word' id='word_1_9' title='bbox 644 1465 898 1532; x_wconf 83' lang='lat' dir='ltr'><strong>nusnsuns</strong></span> <span class='ocrx_word' id='word_1_10' title='bbox 929 1464 1127 1530; x_wconf 82' lang='lat' dir='ltr'><strong>unesus.</strong></span> 
     </span>
    </p>
   </div>
   <div class='ocr_carea' id='block_1_4' title="bbox 148 1771 1552 2746">
    <p class='ocr_par' dir='ltr' id='par_1_4' title="bbox 148 1771 1552 2746">
     <span class='ocr_line' id='line_1_7' title="bbox 287 1771 1550 1842; baseline -0.006 -8"><span class='ocrx_word' id='word_1_11' title='bbox 287 1783 360 1834; x_wconf 85' lang='lat' dir='ltr'><strong>llaec</strong></span> <span class='ocrx_word' id='word_1_12' title='bbox 380 1779 465 1831; x_wconf 88' lang='lat' dir='ltr'><strong>oralto</strong></span> <span class='ocrx_word' id='word_1_13' title='bbox 481 1777 591 1838; x_wconf 83' lang='lat' dir='ltr'><strong>iisdem,</strong></span> <span class='ocrx_word' id='word_1_14' title='bbox 617 1776 715 1842; x_wconf 89' lang='lat' dir='ltr'><strong>quibus</strong></span> <span class='ocrx_word' id='word_1_15' title='bbox 731 1777 866 1841; x_wconf 85' lang='lat' dir='ltr'><strong>superior,</strong></span> <span class='ocrx_word' id='word_1_16' title='bbox 884 1773 1033 1827; x_wconf 83' lang='lat' dir='ltr'><strong>continetur</strong></span> <span class='ocrx_word' id='word_1_17' title='bbox 1050 1771 1197 1824; x_wconf 85' lang='lat' dir='ltr'><strong>codicibus.</strong></span> <span class='ocrx_word' id='word_1_18' title='bbox 1225 1773 1258 1824; x_wconf 79' lang='lat' dir='ltr'><strong>ct</strong></span> <span class='ocrx_word' id='word_1_19' title='bbox 1279 1771 1417 1838; x_wconf 70' lang='grc'><strong>44444143.</strong></span> <span class='ocrx_word' id='word_1_20' title='bbox 1436 1773 1493 1826; x_wconf 83' lang='lat' dir='ltr'><strong>tos.</strong></span> <span class='ocrx_word' id='word_1_21' title='bbox 1512 1775 1550 1827; x_wconf 79' lang='grc'><strong>(14</strong></span> 
     </span>
     <span class='ocr_line' id='line_1_8' title="bbox 222 1847 1549 1920; baseline -0.01 -9"><span class='ocrx_word' id='word_1_22' title='bbox 222 1858 269 1911; x_wconf 81' lang='grc'><strong>441.</strong></span> <span class='ocrx_word' id='word_1_23' title='bbox 287 1873 314 1920; x_wconf 81' lang='grc' dir='ltr'><strong>ς.</strong></span> <span class='ocrx_word' id='word_1_24' title='bbox 332 1856 357 1920; x_wconf 73' lang='lat'><strong>5.</strong></span> <span class='ocrx_word' id='word_1_25' title='bbox 376 1855 433 1906; x_wconf 90' lang='grc'><strong>414.</strong></span> <span class='ocrx_word' id='word_1_26' title='bbox 457 1852 499 1904; x_wconf 79' lang='lat' dir='ltr'><strong>sd</strong></span> <span class='ocrx_word' id='word_1_27' title='bbox 516 1865 575 1916; x_wconf 90' lang='lat' dir='ltr'><strong>cap.</strong></span> <span class='ocrx_word' id='word_1_28' title='bbox 593 1851 669 1902; x_wconf 73' lang='lat' dir='ltr'><strong>XVII.</strong></span> <span class='ocrx_word' id='word_1_29' title='bbox 688 1853 915 1903; x_wconf 75' lang='lat' dir='ltr'><strong>commemoratur</strong></span> <span class='ocrx_word' id='word_1_30' title='bbox 931 1849 1108 1914; x_wconf 71' lang='lat' dir='ltr'><strong>fragmentum</strong></span> <span class='ocrx_word' id='word_1_31' title='bbox 1124 1848 1279 1912; x_wconf 82' lang='lat' dir='ltr'><strong>Palinspscsti</strong></span> <span class='ocrx_word' id='word_1_32' title='bbox 1297 1848 1455 1898; x_wconf 75' lang='lat' dir='ltr'><strong>lmaiiteasis</strong></span> <span class='ocrx_word' id='word_1_33' title='bbox 1471 1847 1549 1914; x_wconf 65' lang='grc'><strong>4144.),</strong></span> 
     </span>
     <span class='ocr_line' id='line_1_9' title="bbox 222 1923 1549 1998; baseline -0.006 -14"><span class='ocrx_word' id='word_1_34' title='bbox 222 1931 294 1998; x_wconf 90' lang='lat' dir='ltr'><strong>quod</strong></span> <span class='ocrx_word' id='word_1_35' title='bbox 316 1929 408 1994; x_wconf 85' lang='lat' dir='ltr'><strong>incipit</strong></span> <span class='ocrx_word' id='word_1_36' title='bbox 428 1941 443 1978; x_wconf 96' lang='lat' dir='ltr'><strong>a</strong></span> <span class='ocrx_word' id='word_1_37' title='bbox 460 1926 551 1978; x_wconf 88' lang='lat' dir='ltr'><strong>verbis</strong></span> <span class='ocrx_word' id='word_1_38' title='bbox 569 1963 576 1977; x_wconf 97' lang='lat'><strong>.</strong></span> <span class='ocrx_word' id='word_1_39' title='bbox 591 1965 598 1976; x_wconf 95' lang='lat'><strong>.</strong></span> <span class='ocrx_word' id='word_1_40' title='bbox 613 1963 620 1978; x_wconf 90' lang='lat'><strong>.</strong></span> <span class='ocrx_word' id='word_1_41' title='bbox 638 1939 685 1990; x_wconf 82' lang='lat' dir='ltr'><strong>qais</strong></span> <span class='ocrx_word' id='word_1_42' title='bbox 700 1927 748 1976; x_wconf 82' lang='lat' dir='ltr'><strong>iter</strong></span> <span class='ocrx_word' id='word_1_43' title='bbox 762 1926 836 1989; x_wconf 71' lang='grc'><strong>44444,</strong></span> <span class='ocrx_word' id='word_1_44' title='bbox 864 1924 961 1975; x_wconf 79' lang='lat' dir='ltr'><strong>desinit</strong></span> <span class='ocrx_word' id='word_1_45' title='bbox 981 1925 1009 1974; x_wconf 95' lang='lat' dir='ltr'><strong>in</strong></span> <span class='ocrx_word' id='word_1_46' title='bbox 1025 1923 1132 1976; x_wconf 86' lang='lat' dir='ltr'><strong>verbis:</strong></span> <span class='ocrx_word' id='word_1_47' title='bbox 1158 1925 1375 1988; x_wconf 76' lang='lat' dir='ltr'><strong>conparticipem</strong></span> <span class='ocrx_word' id='word_1_48' title='bbox 1391 1923 1418 1975; x_wconf 80' lang='lat' dir='ltr'><strong>G.</strong></span> <span class='ocrx_word' id='word_1_49' title='bbox 1433 1925 1487 1975; x_wconf 87' lang='lat' dir='ltr'><strong>Ver.</strong></span> <span class='ocrx_word' id='word_1_50' title='bbox 1515 1926 1549 1976; x_wconf 89' lang='grc'><strong>44.</strong></span> 
     </span>
     <span class='ocr_line' id='line_1_10' title="bbox 221 1998 1550 2072; baseline -0.005 -14"><span class='ocrx_word' id='word_1_51' title='bbox 221 2011 336 2072; x_wconf 85' lang='lat' dir='ltr'><strong>Peyron.</strong></span> <span class='ocrx_word' id='word_1_52' title='bbox 355 2003 477 2068; x_wconf 81' lang='lat' dir='ltr'><strong>iragmm.</strong></span> <span class='ocrx_word' id='word_1_53' title='bbox 495 2017 522 2068; x_wconf 89' lang='lat' dir='ltr'><strong>p.</strong></span> <span class='ocrx_word' id='word_1_54' title='bbox 541 2002 599 2053; x_wconf 83' lang='grc'><strong>444.</strong></span> <span class='ocrx_word' id='word_1_55' title='bbox 624 2027 651 2038; x_wconf 92' lang='grc'><strong>-</strong></span> <span class='ocrx_word' id='word_1_56' title='bbox 677 1999 744 2065; x_wconf 66' lang='lat' dir='ltr'><strong>Ag.</strong></span> <span class='ocrx_word' id='word_1_57' title='bbox 763 2001 819 2052; x_wconf 81' lang='grc'><strong>404.</strong></span> <span class='ocrx_word' id='word_1_58' title='bbox 846 2000 974 2063; x_wconf 90' lang='lat' dir='ltr'><strong>incipiunt</strong></span> <span class='ocrx_word' id='word_1_59' title='bbox 996 1998 1141 2062; x_wconf 80' lang='lat' dir='ltr'><strong>fragmenta</strong></span> <span class='ocrx_word' id='word_1_60' title='bbox 1164 1998 1316 2062; x_wconf 71' lang='lat' dir='ltr'><strong>Palimpsesti</strong></span> <span class='ocrx_word' id='word_1_61' title='bbox 1335 2000 1448 2050; x_wconf 84' lang='lat' dir='ltr'><strong>Vaticani</strong></span> <span class='ocrx_word' id='word_1_62' title='bbox 1464 1999 1550 2064; x_wconf 62' lang='lat' dir='ltr'><strong>(Via</strong></span> 
     </span>
     <span class='ocr_line' id='line_1_11' title="bbox 221 2073 1552 2143; baseline -0.005 -11"><span class='ocrx_word' id='word_1_63' title='bbox 221 2081 290 2134; x_wconf 83' lang='lat' dir='ltr'><strong>blato</strong></span> <span class='ocrx_word' id='word_1_64' title='bbox 308 2079 386 2130; x_wconf 89' lang='lat' dir='ltr'><strong>edita.</strong></span> <span class='ocrx_word' id='word_1_65' title='bbox 414 2079 551 2143; x_wconf 69' lang='lat' dir='ltr'><strong>(auctores</strong></span> <span class='ocrx_word' id='word_1_66' title='bbox 568 2075 644 2127; x_wconf 89' lang='grc'><strong>41444.</strong></span> <span class='ocrx_word' id='word_1_67' title='bbox 663 2089 679 2126; x_wconf 87' lang='grc'><strong>4</strong></span> <span class='ocrx_word' id='word_1_68' title='bbox 695 2075 763 2126; x_wconf 89' lang='lat' dir='ltr'><strong>Vatt.</strong></span> <span class='ocrx_word' id='word_1_69' title='bbox 783 2074 862 2127; x_wconf 91' lang='lat' dir='ltr'><strong>codd.</strong></span> <span class='ocrx_word' id='word_1_70' title='bbox 880 2077 955 2126; x_wconf 87' lang='lat' dir='ltr'><strong>Tom.</strong></span> <span class='ocrx_word' id='word_1_71' title='bbox 974 2075 1005 2124; x_wconf 92' lang='grc'><strong>11.</strong></span> <span class='ocrx_word' id='word_1_72' title='bbox 1024 2085 1051 2137; x_wconf 88' lang='lat' dir='ltr'><strong>p.</strong></span> <span class='ocrx_word' id='word_1_73' title='bbox 1070 2073 1118 2124; x_wconf 84' lang='grc'><strong>390</strong></span> <span class='ocrx_word' id='word_1_74' title='bbox 1129 2085 1190 2138; x_wconf 90' lang='lat' dir='ltr'><strong>sqq.</strong></span> <span class='ocrx_word' id='word_1_75' title='bbox 1208 2075 1308 2126; x_wconf 86' lang='grc'><strong>1444444</strong></span> <span class='ocrx_word' id='word_1_76' title='bbox 1320 2074 1404 2140; x_wconf 84' lang='grc'><strong>4848.)</strong></span> <span class='ocrx_word' id='word_1_77' title='bbox 1429 2075 1495 2125; x_wconf 88' lang='lat' dir='ltr'><strong>Sunt</strong></span> <span class='ocrx_word' id='word_1_78' title='bbox 1506 2087 1552 2125; x_wconf 91' lang='lat' dir='ltr'><strong>au-</strong></span> 
     </span>
     <span class='ocr_line' id='line_1_12' title="bbox 221 2147 1552 2218; baseline -0.005 -10"><span class='ocrx_word' id='word_1_79' title='bbox 221 2159 279 2208; x_wconf 90' lang='lat' dir='ltr'><strong>tem</strong></span> <span class='ocrx_word' id='word_1_80' title='bbox 294 2156 378 2206; x_wconf 85' lang='lat' dir='ltr'><strong>haec:</strong></span> <span class='ocrx_word' id='word_1_81' title='bbox 396 2154 420 2218; x_wconf 89' lang='grc'><strong>4)</strong></span> <span class='ocrx_word' id='word_1_82' title='bbox 437 2154 462 2218; x_wconf 73' lang='lat'><strong>5.</strong></span> <span class='ocrx_word' id='word_1_83' title='bbox 475 2154 532 2204; x_wconf 87' lang='lat' dir='ltr'><strong>tos.</strong></span> <span class='ocrx_word' id='word_1_84' title='bbox 551 2153 621 2202; x_wconf 83' lang='lat' dir='ltr'><strong>docet</strong></span> <span class='ocrx_word' id='word_1_85' title='bbox 635 2151 757 2210; x_wconf 80' lang='lat' dir='ltr'><strong>bominem</strong></span> <span class='ocrx_word' id='word_1_86' title='bbox 775 2175 803 2188; x_wconf 86' lang='lat'><em>-</em></span> <span class='ocrx_word' id='word_1_87' title='bbox 822 2151 847 2214; x_wconf 70' lang='grc'><strong>5.</strong></span> <span class='ocrx_word' id='word_1_88' title='bbox 860 2149 918 2202; x_wconf 90' lang='grc'><strong>444.</strong></span> <span class='ocrx_word' id='word_1_89' title='bbox 935 2149 1031 2200; x_wconf 87' lang='lat' dir='ltr'><strong>asitata</strong></span> <span class='ocrx_word' id='word_1_90' title='bbox 1046 2149 1115 2200; x_wconf 81' lang='grc'><strong>44444.</strong></span> <span class='ocrx_word' id='word_1_91' title='bbox 1149 2149 1173 2211; x_wconf 83' lang='grc'><strong>4)</strong></span> <span class='ocrx_word' id='word_1_92' title='bbox 1191 2147 1216 2212; x_wconf 73' lang='lat' dir='ltr'><strong>fi.</strong></span> <span class='ocrx_word' id='word_1_93' title='bbox 1234 2148 1291 2198; x_wconf 90' lang='grc'><strong>449.</strong></span> <span class='ocrx_word' id='word_1_94' title='bbox 1308 2149 1467 2211; x_wconf 58' lang='lat' dir='ltr'><strong>videbam</strong></span> <span class='ocrx_word' id='word_1_95' title='bbox 1485 2150 1552 2212; x_wconf 83' lang='lat' dir='ltr'><strong>qaod</strong></span> 
     </span>
     <span class='ocr_line' id='line_1_13' title="bbox 224 2221 1552 2294; baseline -0.005 -13"><span class='ocrx_word' id='word_1_96' title='bbox 224 2255 252 2268; x_wconf 89' lang='lat'><em>-</em></span> <span class='ocrx_word' id='word_1_97' title='bbox 272 2229 296 2294; x_wconf 70' lang='lat' dir='ltr'><strong>S.</strong></span> <span class='ocrx_word' id='word_1_98' title='bbox 315 2229 372 2282; x_wconf 88' lang='grc'><strong>439.</strong></span> <span class='ocrx_word' id='word_1_99' title='bbox 398 2229 533 2280; x_wconf 75' lang='grc'><strong>4444444444.</strong></span> <span class='ocrx_word' id='word_1_100' title='bbox 567 2226 591 2289; x_wconf 91' lang='grc'><strong>3)</strong></span> <span class='ocrx_word' id='word_1_101' title='bbox 613 2225 638 2290; x_wconf 71' lang='lat' dir='ltr'><strong>s.</strong></span> <span class='ocrx_word' id='word_1_102' title='bbox 657 2226 713 2276; x_wconf 80' lang='grc'><strong>437.</strong></span> <span class='ocrx_word' id='word_1_103' title='bbox 735 2226 803 2276; x_wconf 80' lang='lat' dir='ltr'><strong>Vertit</strong></span> <span class='ocrx_word' id='word_1_104' title='bbox 819 2226 854 2276; x_wconf 91' lang='lat' dir='ltr'><strong>ad</strong></span> <span class='ocrx_word' id='word_1_105' title='bbox 870 2225 912 2278; x_wconf 81' lang='lat' dir='ltr'><strong>ct.</strong></span> <span class='ocrx_word' id='word_1_106' title='bbox 933 2251 960 2262; x_wconf 92' lang='lat'><em>-</em></span> <span class='ocrx_word' id='word_1_107' title='bbox 985 2223 1010 2288; x_wconf 69' lang='lat'><strong>5.</strong></span> <span class='ocrx_word' id='word_1_108' title='bbox 1029 2223 1085 2276; x_wconf 91' lang='grc'><strong>439.</strong></span> <span class='ocrx_word' id='word_1_109' title='bbox 1110 2236 1161 2274; x_wconf 83' lang='lat' dir='ltr'><strong>sese</strong></span> <span class='ocrx_word' id='word_1_110' title='bbox 1182 2223 1287 2286; x_wconf 72' lang='lat' dir='ltr'><strong>defero.</strong></span> <span class='ocrx_word' id='word_1_111' title='bbox 1321 2222 1346 2288; x_wconf 88' lang='grc'><strong>4)</strong></span> <span class='ocrx_word' id='word_1_112' title='bbox 1364 2223 1388 2288; x_wconf 70' lang='lat' dir='ltr'><strong>fi.</strong></span> <span class='ocrx_word' id='word_1_113' title='bbox 1407 2221 1464 2276; x_wconf 87' lang='grc'><strong>444.</strong></span> <span class='ocrx_word' id='word_1_114' title='bbox 1482 2223 1552 2274; x_wconf 74' lang='lat' dir='ltr'><strong>boob</strong></span> 
     </span>
     <span class='ocr_line' id='line_1_14' title="bbox 219 2298 1552 2369; baseline -0.005 -13"><span class='ocrx_word' id='word_1_115' title='bbox 219 2304 354 2369; x_wconf 79' lang='lat' dir='ltr'><strong>praedicta</strong></span> <span class='ocrx_word' id='word_1_116' title='bbox 373 2331 401 2340; x_wconf 97' lang='lat'>—</span> <span class='ocrx_word' id='word_1_117' title='bbox 427 2304 451 2368; x_wconf 74' lang='lat'><strong>5.</strong></span> <span class='ocrx_word' id='word_1_118' title='bbox 471 2302 527 2354; x_wconf 90' lang='grc'><strong>448.</strong></span> <span class='ocrx_word' id='word_1_119' title='bbox 553 2300 762 2352; x_wconf 65' lang='lat' dir='ltr'><strong>attentionem</strong></span> <span class='ocrx_word' id='word_1_120' title='bbox 783 2313 850 2352; x_wconf 85' lang='lat' dir='ltr'><strong>coa.</strong></span> <span class='ocrx_word' id='word_1_121' title='bbox 866 2337 893 2351; x_wconf 95' lang='lat'><strong>..</strong></span> <span class='ocrx_word' id='word_1_122' title='bbox 936 2299 960 2364; x_wconf 83' lang='grc'><strong>4)</strong></span> <span class='ocrx_word' id='word_1_123' title='bbox 984 2299 1008 2364; x_wconf 72' lang='lat'><strong>5.</strong></span> <span class='ocrx_word' id='word_1_124' title='bbox 1027 2299 1083 2351; x_wconf 81' lang='grc'><strong>440.</strong></span> <span class='ocrx_word' id='word_1_125' title='bbox 1102 2299 1202 2350; x_wconf 83' lang='grc'><strong>4444444</strong></span> <span class='ocrx_word' id='word_1_126' title='bbox 1214 2299 1340 2362; x_wconf 77' lang='lat' dir='ltr'><strong>praedam</strong></span> <span class='ocrx_word' id='word_1_127' title='bbox 1358 2325 1386 2336; x_wconf 89' lang='lat'><strong>·-</strong></span> <span class='ocrx_word' id='word_1_128' title='bbox 1404 2298 1429 2364; x_wconf 66' lang='lat'><strong>3.</strong></span> <span class='ocrx_word' id='word_1_129' title='bbox 1448 2298 1505 2350; x_wconf 82' lang='grc'><strong>4443.</strong></span> <span class='ocrx_word' id='word_1_130' title='bbox 1524 2303 1552 2350; x_wconf 88' lang='lat' dir='ltr'><strong>at</strong></span> 
     </span>
     <span class='ocr_line' id='line_1_15' title="bbox 222 2374 1551 2443; baseline -0.007 -10"><span class='ocrx_word' id='word_1_131' title='bbox 222 2382 331 2433; x_wconf 78' lang='lat' dir='ltr'><strong>illoram</strong></span> <span class='ocrx_word' id='word_1_132' title='bbox 366 2381 389 2443; x_wconf 82' lang='grc'><strong>6)</strong></span> <span class='ocrx_word' id='word_1_133' title='bbox 413 2381 443 2442; x_wconf 85' lang='lat'><strong>0.</strong></span> <span class='ocrx_word' id='word_1_134' title='bbox 462 2379 576 2430; x_wconf 68' lang='lat' dir='ltr'><strong>italiam</strong></span> <span class='ocrx_word' id='word_1_135' title='bbox 593 2402 621 2413; x_wconf 90' lang='lat'>—</span> <span class='ocrx_word' id='word_1_136' title='bbox 640 2375 844 2427; x_wconf 70' lang='lat' dir='ltr'><strong>subsoniebotar.</strong></span> <span class='ocrx_word' id='word_1_137' title='bbox 879 2374 927 2428; x_wconf 86' lang='lat' dir='ltr'><strong>Ubi</strong></span> <span class='ocrx_word' id='word_1_138' title='bbox 947 2375 1030 2426; x_wconf 85' lang='lat' dir='ltr'><strong>blaius</strong></span> <span class='ocrx_word' id='word_1_139' title='bbox 1054 2375 1176 2426; x_wconf 81' lang='lat' dir='ltr'><strong>editionis</strong></span> <span class='ocrx_word' id='word_1_140' title='bbox 1201 2375 1348 2441; x_wconf 82' lang='lat' dir='ltr'><strong>scripturae</strong></span> <span class='ocrx_word' id='word_1_141' title='bbox 1366 2374 1551 2424; x_wconf 84' lang='lat' dir='ltr'><strong>auctoritatem</strong></span> 
     </span>
     <span class='ocr_line' id='line_1_16' title="bbox 223 2449 1552 2516; baseline -0.008 -7"><span class='ocrx_word' id='word_1_142' title='bbox 223 2455 322 2509; x_wconf 89' lang='lat' dir='ltr'><strong>codicis</strong></span> <span class='ocrx_word' id='word_1_143' title='bbox 338 2467 392 2505; x_wconf 90' lang='lat' dir='ltr'><strong>non</strong></span> <span class='ocrx_word' id='word_1_144' title='bbox 409 2453 506 2504; x_wconf 86' lang='lat' dir='ltr'><strong>diserte</strong></span> <span class='ocrx_word' id='word_1_145' title='bbox 524 2452 676 2516; x_wconf 78' lang='lat' dir='ltr'><strong>adscripsit,</strong></span> <span class='ocrx_word' id='word_1_146' title='bbox 697 2451 773 2516; x_wconf 76' lang='lat' dir='ltr'><strong>signo</strong></span> <span class='ocrx_word' id='word_1_147' title='bbox 789 2453 827 2502; x_wconf 82' lang='lat' dir='ltr'><strong>eV</strong></span> <span class='ocrx_word' id='word_1_148' title='bbox 841 2451 867 2514; x_wconf 89' lang='lat' dir='ltr'><strong>(i.</strong></span> <span class='ocrx_word' id='word_1_149' title='bbox 887 2464 912 2501; x_wconf 93' lang='lat' dir='ltr'><strong>e.</strong></span> <span class='ocrx_word' id='word_1_150' title='bbox 931 2450 1011 2502; x_wconf 90' lang='lat' dir='ltr'><strong>editio</strong></span> <span class='ocrx_word' id='word_1_151' title='bbox 1027 2449 1161 2514; x_wconf 82' lang='lat' dir='ltr'><strong>Vaticana)</strong></span> <span class='ocrx_word' id='word_1_152' title='bbox 1178 2450 1221 2501; x_wconf 86' lang='lat' dir='ltr'><strong>usi</strong></span> <span class='ocrx_word' id='word_1_153' title='bbox 1237 2461 1340 2501; x_wconf 88' lang='lat' dir='ltr'><strong>sumus.</strong></span> <span class='ocrx_word' id='word_1_154' title='bbox 1374 2450 1442 2500; x_wconf 84' lang='lat' dir='ltr'><strong>Nam</strong></span> <span class='ocrx_word' id='word_1_155' title='bbox 1458 2461 1552 2512; x_wconf 92' lang='lat' dir='ltr'><strong>quam-</strong></span> 
     </span>
     <span class='ocr_line' id='line_1_17' title="bbox 222 2522 1550 2596; baseline -0.005 -14"><span class='ocrx_word' id='word_1_156' title='bbox 222 2541 302 2596; x_wconf 91' lang='lat' dir='ltr'><strong>quem</strong></span> <span class='ocrx_word' id='word_1_157' title='bbox 323 2529 405 2581; x_wconf 87' lang='grc'><strong>114444</strong></span> <span class='ocrx_word' id='word_1_158' title='bbox 427 2541 488 2580; x_wconf 85' lang='grc'><strong>4444</strong></span> <span class='ocrx_word' id='word_1_159' title='bbox 510 2541 569 2579; x_wconf 88' lang='lat' dir='ltr'><strong>rem</strong></span> <span class='ocrx_word' id='word_1_160' title='bbox 590 2527 730 2591; x_wconf 79' lang='lat' dir='ltr'><strong>diligenter</strong></span> <span class='ocrx_word' id='word_1_161' title='bbox 750 2528 836 2592; x_wconf 77' lang='lat' dir='ltr'><strong>egisse</strong></span> <span class='ocrx_word' id='word_1_162' title='bbox 856 2530 1037 2591; x_wconf 88' lang='lat' dir='ltr'><strong>cunctumque</strong></span> <span class='ocrx_word' id='word_1_163' title='bbox 1054 2525 1176 2578; x_wconf 89' lang='lat' dir='ltr'><strong>codicem</strong></span> <span class='ocrx_word' id='word_1_164' title='bbox 1191 2527 1219 2576; x_wconf 92' lang='lat' dir='ltr'><strong>in</strong></span> <span class='ocrx_word' id='word_1_165' title='bbox 1242 2524 1397 2576; x_wconf 84' lang='lat' dir='ltr'><strong>adversaria</strong></span> <span class='ocrx_word' id='word_1_166' title='bbox 1416 2522 1550 2576; x_wconf 86' lang='lat' dir='ltr'><strong>rettulisse</strong></span> 
     </span>
     <span class='ocr_line' id='line_1_18' title="bbox 148 2595 1550 2670; baseline -0.004 -12"><span class='ocrx_word' id='word_1_167' title='bbox 148 2595 153 2607; x_wconf 87' lang='lat'>&#39;</span> <span class='ocrx_word' id='word_1_168' title='bbox 222 2606 345 2670; x_wconf 75' lang='lat' dir='ltr'><strong>typisque</strong></span> <span class='ocrx_word' id='word_1_169' title='bbox 362 2602 498 2656; x_wconf 87' lang='lat' dir='ltr'><strong>edendnm</strong></span> <span class='ocrx_word' id='word_1_170' title='bbox 511 2615 620 2654; x_wconf 85' lang='lat' dir='ltr'><strong>curasse</strong></span> <span class='ocrx_word' id='word_1_171' title='bbox 632 2603 712 2665; x_wconf 87' lang='lat' dir='ltr'><strong>dicit,</strong></span> <span class='ocrx_word' id='word_1_172' title='bbox 731 2604 820 2654; x_wconf 90' lang='lat' dir='ltr'><strong>tamen</strong></span> <span class='ocrx_word' id='word_1_173' title='bbox 837 2600 972 2653; x_wconf 91' lang='lat' dir='ltr'><strong>interdum</strong></span> <span class='ocrx_word' id='word_1_174' title='bbox 988 2599 1046 2652; x_wconf 90' lang='lat' dir='ltr'><strong>iure</strong></span> <span class='ocrx_word' id='word_1_175' title='bbox 1057 2600 1171 2652; x_wconf 88' lang='lat' dir='ltr'><strong>dubitari</strong></span> <span class='ocrx_word' id='word_1_176' title='bbox 1182 2600 1297 2663; x_wconf 87' lang='lat' dir='ltr'><strong>videtur,</strong></span> <span class='ocrx_word' id='word_1_177' title='bbox 1315 2600 1414 2652; x_wconf 87' lang='lat' dir='ltr'><strong>satisne</strong></span> <span class='ocrx_word' id='word_1_178' title='bbox 1425 2601 1550 2652; x_wconf 85' lang='lat' dir='ltr'><strong>accurate</strong></span> 
     </span>
     <span class='ocr_line' id='line_1_19' title="bbox 221 2675 1451 2746; baseline -0.005 -13"><span class='ocrx_word' id='word_1_179' title='bbox 221 2680 319 2734; x_wconf 87' lang='lat' dir='ltr'><strong>codicis</strong></span> <span class='ocrx_word' id='word_1_180' title='bbox 330 2679 530 2746; x_wconf 80' lang='lat' dir='ltr'><strong>scripturamin</strong></span> <span class='ocrx_word' id='word_1_181' title='bbox 541 2679 657 2732; x_wconf 88' lang='lat' dir='ltr'><strong>editione</strong></span> <span class='ocrx_word' id='word_1_182' title='bbox 674 2677 844 2745; x_wconf 86' lang='lat' dir='ltr'><strong>expresserit.</strong></span> <span class='ocrx_word' id='word_1_183' title='bbox 864 2703 891 2715; x_wconf 95' lang='lat'><em>-</em></span> <span class='ocrx_word' id='word_1_184' title='bbox 912 2676 1051 2728; x_wconf 78' lang='lat' dir='ltr'><strong>Scholiasta</strong></span> <span class='ocrx_word' id='word_1_185' title='bbox 1067 2676 1243 2728; x_wconf 76' lang='lat' dir='ltr'><strong>Grmcaiaaas</strong></span> <span class='ocrx_word' id='word_1_186' title='bbox 1258 2676 1357 2728; x_wconf 90' lang='lat' dir='ltr'><strong>desinit</strong></span> <span class='ocrx_word' id='word_1_187' title='bbox 1373 2675 1397 2742; x_wconf 72' lang='lat' dir='ltr'><strong>S.</strong></span> <span class='ocrx_word' id='word_1_188' title='bbox 1410 2675 1451 2728; x_wconf 86' lang='grc'><strong>64.</strong></span> 
     </span>
    </p>
   </div>
   <div class='ocr_carea' id='block_1_5' title="bbox 219 2905 1789 4617">
    <p class='ocr_par' dir='ltr' id='par_1_5' title="bbox 219 2905 1789 3770">
     <span class='ocr_line' id='line_1_20' title="bbox 303 2905 1789 3063; baseline -0.002 -72"><span class='ocrx_word' id='word_1_189' title='bbox 303 2927 328 2991; x_wconf 91' lang='grc'><strong>1.</strong></span> <span class='ocrx_word' id='word_1_190' title='bbox 351 2905 396 3012; x_wconf 82' lang='grc'><strong>4.(</strong></span> <span class='ocrx_word' id='word_1_191' title='bbox 402 2927 567 2989; x_wconf 89' lang='lat' dir='ltr'><strong>Neminem</strong></span> <span class='ocrx_word' id='word_1_192' title='bbox 589 2929 728 2988; x_wconf 86' lang='lat' dir='ltr'><strong>vestrum</strong></span> <span class='ocrx_word' id='word_1_193' title='bbox 750 2922 897 3006; x_wconf 78' lang='lat' dir='ltr'><strong>ignorare</strong></span> <span class='ocrx_word' id='word_1_194' title='bbox 919 2924 1072 3000; x_wconf 84' lang='lat' dir='ltr'><strong>arbitror,</strong></span> <span class='ocrx_word' id='word_1_195' title='bbox 1103 2923 1245 3002; x_wconf 90' lang='lat' dir='ltr'><strong>iudices,</strong></span> <span class='ocrx_word' id='word_1_196' title='bbox 1266 2924 1352 3006; x_wconf 84' lang='lat' dir='ltr'><strong>bunc</strong></span> <span class='ocrx_word' id='word_1_197' title='bbox 1373 2941 1432 3008; x_wconf 90' lang='lat' dir='ltr'><strong>per</strong></span> <span class='ocrx_word' id='word_1_198' title='bbox 1451 2922 1550 2988; x_wconf 88' lang='lat' dir='ltr'><strong>hosce</strong></span> <span class='ocrx_word' id='word_1_199' title='bbox 1631 2939 1730 3063; x_wconf 31' lang='lat' dir='ltr'><strong>A&amp;</strong></span> <span class='ocrx_word' id='word_1_200' title='bbox 1752 2953 1789 3052; x_wconf 50' lang='lat' dir='ltr'><strong>&gt;p</strong></span> 
     </span>
     <span class='ocr_line' id='line_1_21' title="bbox 220 3018 1729 3112; baseline -0.005 -23"><span class='ocrx_word' id='word_1_201' title='bbox 220 3026 290 3089; x_wconf 89' lang='lat' dir='ltr'><strong>dies</strong></span> <span class='ocrx_word' id='word_1_202' title='bbox 320 3041 501 3086; x_wconf 89' lang='lat' dir='ltr'><strong>sermonem</strong></span> <span class='ocrx_word' id='word_1_203' title='bbox 529 3019 615 3103; x_wconf 73' lang='lat' dir='ltr'><strong>vulgi</strong></span> <span class='ocrx_word' id='word_1_204' title='bbox 646 3027 742 3112; x_wconf 80' lang='lat' dir='ltr'><strong>atque</strong></span> <span class='ocrx_word' id='word_1_205' title='bbox 763 3019 848 3108; x_wconf 65' lang='grc'><strong>14444</strong></span> <span class='ocrx_word' id='word_1_206' title='bbox 868 3018 1053 3103; x_wconf 88' lang='lat' dir='ltr'><strong>opinionem</strong></span> <span class='ocrx_word' id='word_1_207' title='bbox 1074 3018 1187 3103; x_wconf 92' lang='lat' dir='ltr'><strong>populi</strong></span> <span class='ocrx_word' id='word_1_208' title='bbox 1208 3020 1343 3083; x_wconf 84' lang='lat' dir='ltr'><strong>Romani</strong></span> <span class='ocrx_word' id='word_1_209' title='bbox 1365 3018 1483 3095; x_wconf 89' lang='grc'><strong>4444444,</strong></span> <span class='ocrx_word' id='word_1_210' title='bbox 1516 3019 1550 3083; x_wconf 84' lang='lat' dir='ltr'><strong>G.</strong></span> <span class='ocrx_word' id='word_1_211' title='bbox 1726 3041 1729 3050; x_wconf 68' lang='grc'>’</span> 
     </span>
     <span class='ocr_line' id='line_1_22' title="bbox 219 3085 1552 3198; baseline -0.005 -15"><span class='ocrx_word' id='word_1_212' title='bbox 219 3120 350 3183; x_wconf 87' lang='lat' dir='ltr'><strong>Verrem</strong></span> <span class='ocrx_word' id='word_1_213' title='bbox 371 3115 471 3179; x_wconf 90' lang='lat' dir='ltr'><strong>altera</strong></span> <span class='ocrx_word' id='word_1_214' title='bbox 492 3115 618 3178; x_wconf 89' lang='lat' dir='ltr'><strong>actione</strong></span> <span class='ocrx_word' id='word_1_215' title='bbox 641 3133 869 3195; x_wconf 90' lang='lat' dir='ltr'><strong>responsurum</strong></span> <span class='ocrx_word' id='word_1_216' title='bbox 889 3132 955 3176; x_wconf 91' lang='lat' dir='ltr'><strong>non</strong></span> <span class='ocrx_word' id='word_1_217' title='bbox 977 3085 1175 3198; x_wconf 86' lang='lat' dir='ltr'><strong>esse)nequo</strong></span> <span class='ocrx_word' id='word_1_218' title='bbox 1197 3115 1238 3176; x_wconf 90' lang='lat' dir='ltr'><strong>ad</strong></span> <span class='ocrx_word' id='word_1_219' title='bbox 1256 3113 1409 3177; x_wconf 88' lang='lat' dir='ltr'><strong>iudicium</strong></span> <span class='ocrx_word' id='word_1_220' title='bbox 1424 3113 1552 3178; x_wconf 81' lang='lat' dir='ltr'><strong>adiutu-</strong></span> 
     </span>
     <span class='ocr_line' id='line_1_23' title="bbox 219 3207 1553 3292; baseline -0.004 -14"><span class='ocrx_word' id='word_1_221' title='bbox 219 3235 300 3279; x_wconf 90' lang='lat' dir='ltr'><strong>rum.</strong></span> <span class='ocrx_word' id='word_1_222' title='bbox 345 3212 436 3289; x_wconf 89' lang='lat' dir='ltr'><strong>Quae</strong></span> <span class='ocrx_word' id='word_1_223' title='bbox 458 3209 542 3272; x_wconf 88' lang='grc'><strong>44444</strong></span> <span class='ocrx_word' id='word_1_224' title='bbox 562 3228 628 3272; x_wconf 90' lang='grc'><strong>444</strong></span> <span class='ocrx_word' id='word_1_225' title='bbox 649 3207 768 3271; x_wconf 88' lang='grc'><strong>44144444</strong></span> <span class='ocrx_word' id='word_1_226' title='bbox 791 3207 895 3270; x_wconf 90' lang='lat' dir='ltr'><strong>solum</strong></span> <span class='ocrx_word' id='word_1_227' title='bbox 918 3214 1092 3282; x_wconf 88' lang='lat' dir='ltr'><strong>emanarat,</strong></span> <span class='ocrx_word' id='word_1_228' title='bbox 1116 3208 1202 3292; x_wconf 94' lang='lat' dir='ltr'><strong>quod</strong></span> <span class='ocrx_word' id='word_1_229' title='bbox 1224 3209 1285 3273; x_wconf 87' lang='lat' dir='ltr'><strong>iste</strong></span> <span class='ocrx_word' id='word_1_230' title='bbox 1300 3215 1384 3272; x_wconf 91' lang='lat' dir='ltr'><strong>certo</strong></span> <span class='ocrx_word' id='word_1_231' title='bbox 1398 3214 1553 3273; x_wconf 88' lang='lat' dir='ltr'><strong>statuerat</strong></span> 
     </span>
     <span class='ocr_line' id='line_1_24' title="bbox 219 3302 1589 3387; baseline -0.005 -15"><span class='ocrx_word' id='word_1_232' title='bbox 219 3329 256 3373; x_wconf 90' lang='lat' dir='ltr'><strong>ac</strong></span> <span class='ocrx_word' id='word_1_233' title='bbox 287 3306 516 3371; x_wconf 83' lang='lat' dir='ltr'><strong>deliberaverat</strong></span> <span class='ocrx_word' id='word_1_234' title='bbox 543 3322 609 3365; x_wconf 93' lang='lat' dir='ltr'><strong>non</strong></span> <span class='ocrx_word' id='word_1_235' title='bbox 637 3304 765 3378; x_wconf 87' lang='lat' dir='ltr'><strong>adesse,</strong></span> <span class='ocrx_word' id='word_1_236' title='bbox 794 3322 906 3366; x_wconf 88' lang='lat' dir='ltr'><strong>verum</strong></span> <span class='ocrx_word' id='word_1_237' title='bbox 929 3302 1025 3364; x_wconf 92' lang='lat' dir='ltr'><strong>etiam</strong></span> <span class='ocrx_word' id='word_1_238' title='bbox 1047 3303 1134 3385; x_wconf 91' lang='lat' dir='ltr'><strong>quod</strong></span> <span class='ocrx_word' id='word_1_239' title='bbox 1155 3323 1250 3366; x_wconf 94' lang='lat' dir='ltr'><strong>nemo</strong></span> <span class='ocrx_word' id='word_1_240' title='bbox 1271 3321 1465 3387; x_wconf 89' lang='lat' dir='ltr'><strong>quemquam</strong></span> <span class='ocrx_word' id='word_1_241' title='bbox 1487 3310 1589 3377; x_wconf 61' lang='lat' dir='ltr'><strong>tam,</strong></span> 
     </span>
     <span class='ocr_line' id='line_1_25' title="bbox 220 3397 1551 3481; baseline -0.006 -14"><span class='ocrx_word' id='word_1_242' title='bbox 220 3403 392 3476; x_wconf 88' lang='lat' dir='ltr'><strong>audacem,</strong></span> <span class='ocrx_word' id='word_1_243' title='bbox 425 3407 490 3461; x_wconf 88' lang='lat' dir='ltr'><strong>tum</strong></span> <span class='ocrx_word' id='word_1_244' title='bbox 520 3402 692 3470; x_wconf 87' lang='lat' dir='ltr'><strong>amentem,</strong></span> <span class='ocrx_word' id='word_1_245' title='bbox 725 3403 789 3461; x_wconf 90' lang='lat' dir='ltr'><strong>tam</strong></span> <span class='ocrx_word' id='word_1_246' title='bbox 819 3397 1035 3481; x_wconf 87' lang='lat' dir='ltr'><strong>impudentem</strong></span> <span class='ocrx_word' id='word_1_247' title='bbox 1056 3397 1125 3460; x_wconf 88' lang='grc'><strong>4444</strong></span> <span class='ocrx_word' id='word_1_248' title='bbox 1147 3398 1375 3472; x_wconf 83' lang='lat' dir='ltr'><strong>arbitrabatur,</strong></span> <span class='ocrx_word' id='word_1_249' title='bbox 1409 3397 1551 3481; x_wconf 84' lang='lat' dir='ltr'><strong>quitum</strong></span> 
     </span>
     <span class='ocr_line' id='line_1_26' title="bbox 220 3490 1552 3575; baseline -0.005 -15"><span class='ocrx_word' id='word_1_250' title='bbox 220 3495 350 3560; x_wconf 86' lang='grc'><strong>44444444</strong></span> <span class='ocrx_word' id='word_1_251' title='bbox 373 3490 574 3566; x_wconf 90' lang='lat' dir='ltr'><strong>criminibus,</strong></span> <span class='ocrx_word' id='word_1_252' title='bbox 596 3499 662 3554; x_wconf 90' lang='lat' dir='ltr'><strong>tam</strong></span> <span class='ocrx_word' id='word_1_253' title='bbox 684 3491 792 3554; x_wconf 88' lang='lat' dir='ltr'><strong>multis</strong></span> <span class='ocrx_word' id='word_1_254' title='bbox 816 3492 949 3555; x_wconf 90' lang='lat' dir='ltr'><strong>testibus</strong></span> <span class='ocrx_word' id='word_1_255' title='bbox 975 3491 1139 3555; x_wconf 88' lang='lat' dir='ltr'><strong>convictus</strong></span> <span class='ocrx_word' id='word_1_256' title='bbox 1161 3511 1218 3554; x_wconf 91' lang='lat' dir='ltr'><strong>ora</strong></span> <span class='ocrx_word' id='word_1_257' title='bbox 1231 3491 1373 3557; x_wconf 89' lang='lat' dir='ltr'><strong>iudicum</strong></span> <span class='ocrx_word' id='word_1_258' title='bbox 1387 3491 1552 3575; x_wconf 85' lang='lat' dir='ltr'><strong>adspicere</strong></span> 
     </span>
     <span class='ocr_line' id='line_1_27' title="bbox 219 3580 1552 3669; baseline -0.004 -15"><span class='ocrx_word' id='word_1_259' title='bbox 219 3597 275 3655; x_wconf 88' lang='lat' dir='ltr'><strong>aut</strong></span> <span class='ocrx_word' id='word_1_260' title='bbox 303 3608 340 3652; x_wconf 92' lang='grc'><strong>44</strong></span> <span class='ocrx_word' id='word_1_261' title='bbox 369 3605 462 3652; x_wconf 91' lang='lat' dir='ltr'><strong>suum</strong></span> <span class='ocrx_word' id='word_1_262' title='bbox 490 3585 612 3669; x_wconf 92' lang='lat' dir='ltr'><strong>populo</strong></span> <span class='ocrx_word' id='word_1_263' title='bbox 639 3587 783 3649; x_wconf 84' lang='lat' dir='ltr'><strong>Romano</strong></span> <span class='ocrx_word' id='word_1_264' title='bbox 814 3585 982 3649; x_wconf 88' lang='lat' dir='ltr'><strong>ostendere</strong></span> <span class='ocrx_word' id='word_1_265' title='bbox 1005 3585 1145 3648; x_wconf 88' lang='grc'><strong>44414444.</strong></span> <span class='ocrx_word' id='word_1_266' title='bbox 1189 3580 1552 3661; x_wconf 61' lang='lat' dir='ltr'><strong>aestimatores,</strong></span> 
     </span>
     <span class='ocr_line' id='line_1_28' title="bbox 220 3678 1551 3770; baseline -0.003 -23"><span class='ocrx_word' id='word_1_267' title='bbox 220 3685 276 3770; x_wconf 91' lang='lat' dir='ltr'><strong>qui</strong></span> <span class='ocrx_word' id='word_1_268' title='bbox 299 3683 360 3746; x_wconf 84' lang='lat' dir='ltr'><strong>suit</strong></span> <span class='ocrx_word' id='word_1_269' title='bbox 382 3700 524 3765; x_wconf 88' lang='lat' dir='ltr'><strong>semper,</strong></span> <span class='ocrx_word' id='word_1_270' title='bbox 546 3687 582 3744; x_wconf 93' lang='lat' dir='ltr'><strong>ut</strong></span> <span class='ocrx_word' id='word_1_271' title='bbox 603 3680 643 3744; x_wconf 94' lang='grc'><strong>441</strong></span> <span class='ocrx_word' id='word_1_272' title='bbox 665 3680 847 3744; x_wconf 88' lang='lat' dir='ltr'><strong>audendum</strong></span> <span class='ocrx_word' id='word_1_273' title='bbox 869 3681 1047 3764; x_wconf 90' lang='lat' dir='ltr'><strong>proiectus,</strong></span> <span class='ocrx_word' id='word_1_274' title='bbox 1071 3679 1116 3744; x_wconf 87' lang='lat' dir='ltr'><strong>sic</strong></span> <span class='ocrx_word' id='word_1_275' title='bbox 1137 3687 1266 3763; x_wconf 89' lang='lat' dir='ltr'><strong>paratus</strong></span> <span class='ocrx_word' id='word_1_276' title='bbox 1288 3681 1328 3742; x_wconf 92' lang='lat' dir='ltr'><strong>ad</strong></span> <span class='ocrx_word' id='word_1_277' title='bbox 1348 3678 1551 3744; x_wconf 89' lang='lat' dir='ltr'><strong>audiendum.</strong></span> 
     </span>
    </p>

    <p class='ocr_par' dir='ltr' id='par_1_6' title="bbox 219 3774 1589 3860">
     <span class='ocr_line' id='line_1_29' title="bbox 219 3774 1589 3860; baseline 0 -17"><span class='ocrx_word' id='word_1_278' title='bbox 219 3781 351 3842; x_wconf 89' lang='lat' dir='ltr'><strong>Praesto</strong></span> <span class='ocrx_word' id='word_1_279' title='bbox 374 3784 439 3851; x_wconf 88' lang='grc'><strong>444,</strong></span> <span class='ocrx_word' id='word_1_280' title='bbox 461 3775 649 3859; x_wconf 88' lang='lat' dir='ltr'><strong>respondet,</strong></span> <span class='ocrx_word' id='word_1_281' title='bbox 672 3774 863 3840; x_wconf 84' lang='lat' dir='ltr'><strong>defenditur.</strong></span> <span class='ocrx_word' id='word_1_282' title='bbox 896 3777 943 3838; x_wconf 89' lang='lat' dir='ltr'><strong>Ne</strong></span> <span class='ocrx_word' id='word_1_283' title='bbox 963 3775 1026 3840; x_wconf 91' lang='lat' dir='ltr'><strong>hoc</strong></span> <span class='ocrx_word' id='word_1_284' title='bbox 1049 3775 1180 3859; x_wconf 89' lang='lat' dir='ltr'><strong>quidem</strong></span> <span class='ocrx_word' id='word_1_285' title='bbox 1195 3775 1255 3839; x_wconf 89' lang='lat' dir='ltr'><strong>sibi</strong></span> <span class='ocrx_word' id='word_1_286' title='bbox 1270 3774 1386 3860; x_wconf 90' lang='lat' dir='ltr'><strong>reliqui</strong></span> <span class='ocrx_word' id='word_1_287' title='bbox 1400 3775 1486 3851; x_wconf 88' lang='grc'><strong>44444,</strong></span> <span class='ocrx_word' id='word_1_288' title='bbox 1506 3781 1552 3852; x_wconf 88' lang='lat' dir='ltr'><strong>ut,</strong></span> <span class='ocrx_word' id='word_1_289' title='bbox 1561 3797 1589 3845; x_wconf 91' lang='grc'><strong>44</strong></span> 
     </span>
    </p>

    <p class='ocr_par' dir='ltr' id='par_1_7' title="bbox 219 3869 1552 4050">
     <span class='ocr_line' id='line_1_30' title="bbox 221 3869 1552 3953; baseline -0.001 -16"><span class='ocrx_word' id='word_1_290' title='bbox 221 3874 255 3937; x_wconf 91' lang='lat' dir='ltr'><strong>in</strong></span> <span class='ocrx_word' id='word_1_291' title='bbox 276 3871 371 3936; x_wconf 87' lang='lat' dir='ltr'><strong>rebus</strong></span> <span class='ocrx_word' id='word_1_292' title='bbox 394 3869 587 3953; x_wconf 88' lang='lat' dir='ltr'><strong>turpissimis</strong></span> <span class='ocrx_word' id='word_1_293' title='bbox 609 3891 682 3936; x_wconf 90' lang='lat' dir='ltr'><strong>cum</strong></span> <span class='ocrx_word' id='word_1_294' title='bbox 703 3870 872 3935; x_wconf 87' lang='grc'><strong>4444444444</strong></span> <span class='ocrx_word' id='word_1_295' title='bbox 892 3877 1054 3945; x_wconf 88' lang='lat' dir='ltr'><strong>teneatur,</strong></span> <span class='ocrx_word' id='word_1_296' title='bbox 1077 3869 1105 3934; x_wconf 90' lang='lat' dir='ltr'><strong>si</strong></span> <span class='ocrx_word' id='word_1_297' title='bbox 1127 3871 1259 3935; x_wconf 85' lang='lat' dir='ltr'><strong>reticeat</strong></span> <span class='ocrx_word' id='word_1_298' title='bbox 1280 3871 1425 3947; x_wconf 83' lang='grc'><strong>44414444,</strong></span> <span class='ocrx_word' id='word_1_299' title='bbox 1446 3879 1552 3937; x_wconf 88' lang='lat' dir='ltr'><strong>tamen</strong></span> 
     </span>
     <span class='ocr_line' id='line_1_31' title="bbox 219 3950 1551 4050; baseline -0.002 -19"><span class='ocrx_word' id='word_1_300' title='bbox 219 3963 439 4050; x_wconf 86' lang='lat' dir='ltr'><strong>impudentiae</strong></span> <span class='ocrx_word' id='word_1_301' title='bbox 460 3984 537 4029; x_wconf 90' lang='lat' dir='ltr'><strong>auae</strong></span> <span class='ocrx_word' id='word_1_302' title='bbox 558 3965 732 4048; x_wconf 89' lang='lat' dir='ltr'><strong>pudentem</strong></span> <span class='ocrx_word' id='word_1_303' title='bbox 755 3965 877 4028; x_wconf 89' lang='lat' dir='ltr'><strong>exitum</strong></span> <span class='ocrx_word' id='word_1_304' title='bbox 901 3963 1064 4050; x_wconf 89' lang='lat' dir='ltr'><strong>quaesisse</strong></span> <span class='ocrx_word' id='word_1_305' title='bbox 1086 3964 1241 4029; x_wconf 87' lang='lat' dir='ltr'><strong>videatur.</strong></span> <span class='ocrx_word' id='word_1_306' title='bbox 1255 3950 1397 4048; x_wconf 86' lang='lat' dir='ltr'><strong>(Patior,</strong></span> <span class='ocrx_word' id='word_1_307' title='bbox 1418 3964 1551 4041; x_wconf 88' lang='lat' dir='ltr'><strong>iudices,</strong></span> 
     </span>
    </p>

    <p class='ocr_par' dir='ltr' id='par_1_8' title="bbox 222 4049 1718 4242">
     <span class='ocr_line' id='line_1_32' title="bbox 222 4049 1718 4142; baseline 0.002 -16"><span class='ocrx_word' id='word_1_308' title='bbox 222 4068 255 4126; x_wconf 89' lang='lat' dir='ltr'><strong>et</strong></span> <span class='ocrx_word' id='word_1_309' title='bbox 281 4079 347 4124; x_wconf 91' lang='lat' dir='ltr'><strong>non</strong></span> <span class='ocrx_word' id='word_1_310' title='bbox 376 4058 510 4122; x_wconf 89' lang='lat' dir='ltr'><strong>moleste</strong></span> <span class='ocrx_word' id='word_1_311' title='bbox 540 4059 609 4123; x_wconf 94' lang='grc'><strong>4444</strong></span> <span class='ocrx_word' id='word_1_312' title='bbox 630 4079 692 4142; x_wconf 65' lang='lat' dir='ltr'><strong>me</strong></span> <span class='ocrx_word' id='word_1_313' title='bbox 703 4058 823 4123; x_wconf 91' lang='lat' dir='ltr'><strong>laboris</strong></span> <span class='ocrx_word' id='word_1_314' title='bbox 844 4059 925 4133; x_wconf 91' lang='lat' dir='ltr'><strong>mei,</strong></span> <span class='ocrx_word' id='word_1_315' title='bbox 952 4079 1009 4123; x_wconf 81' lang='lat' dir='ltr'><strong>vos</strong></span> <span class='ocrx_word' id='word_1_316' title='bbox 1032 4059 1157 4123; x_wconf 83' lang='lat' dir='ltr'><strong>virtutis</strong></span> <span class='ocrx_word' id='word_1_317' title='bbox 1178 4067 1302 4125; x_wconf 83' lang='lat' dir='ltr'><strong>vestrae</strong></span> <span class='ocrx_word' id='word_1_318' title='bbox 1322 4059 1459 4124; x_wconf 83' lang='lat' dir='ltr'><strong>fructum</strong></span> <span class='ocrx_word' id='word_1_319' title='bbox 1482 4080 1552 4124; x_wconf 90' lang='lat' dir='ltr'><strong>esse</strong></span> <span class='ocrx_word' id='word_1_320' title='bbox 1633 4049 1718 4129; x_wconf 35' lang='lat'><strong>*2²⁴</strong></span> 
     </span>
     <span class='ocr_line' id='line_1_33' title="bbox 223 4145 1552 4242; baseline 0.001 -23"><span class='ocrx_word' id='word_1_321' title='bbox 223 4155 372 4242; x_wconf 72' lang='lat' dir='ltr'><strong>laturos.)</strong></span> <span class='ocrx_word' id='word_1_322' title='bbox 397 4155 478 4216; x_wconf 91' lang='lat' dir='ltr'><strong>Nam</strong></span> <span class='ocrx_word' id='word_1_323' title='bbox 500 4153 527 4217; x_wconf 89' lang='lat' dir='ltr'><strong>si</strong></span> <span class='ocrx_word' id='word_1_324' title='bbox 549 4154 610 4217; x_wconf 88' lang='lat' dir='ltr'><strong>iate</strong></span> <span class='ocrx_word' id='word_1_325' title='bbox 632 4154 665 4216; x_wconf 93' lang='lat' dir='ltr'><strong>id</strong></span> <span class='ocrx_word' id='word_1_326' title='bbox 687 4153 831 4228; x_wconf 88' lang='grc'><strong>44444444,</strong></span> <span class='ocrx_word' id='word_1_327' title='bbox 862 4145 1060 4239; x_wconf 70' lang='lat' dir='ltr'><strong>quod&#39;pr&#39;ius</strong></span> <span class='ocrx_word' id='word_1_328' title='bbox 1082 4161 1252 4231; x_wconf 87' lang='lat' dir='ltr'><strong>statuerat,</strong></span> <span class='ocrx_word' id='word_1_329' title='bbox 1273 4161 1396 4218; x_wconf 89' lang='lat' dir='ltr'><strong>utnon</strong></span> <span class='ocrx_word' id='word_1_330' title='bbox 1417 4156 1552 4231; x_wconf 87' lang='lat' dir='ltr'><strong>adesset,</strong></span> 
     </span>
    </p>

    <p class='ocr_par' dir='ltr' id='par_1_9' title="bbox 222 4238 1710 4617">
     <span class='ocr_line' id='line_1_34' title="bbox 222 4238 1589 4334; baseline 0 -20"><span class='ocrx_word' id='word_1_331' title='bbox 222 4238 327 4314; x_wconf 81' lang='lat' dir='ltr'><strong>minus</strong></span> <span class='ocrx_word' id='word_1_332' title='bbox 350 4248 536 4333; x_wconf 88' lang='lat' dir='ltr'><strong>eliquanto,</strong></span> <span class='ocrx_word' id='word_1_333' title='bbox 559 4268 655 4333; x_wconf 70' lang='grc'><strong>444444</strong></span> <span class='ocrx_word' id='word_1_334' title='bbox 670 4249 749 4313; x_wconf 90' lang='lat' dir='ltr'><strong>mihi</strong></span> <span class='ocrx_word' id='word_1_335' title='bbox 764 4269 845 4332; x_wconf 93' lang='lat' dir='ltr'><strong>opus</strong></span> <span class='ocrx_word' id='word_1_336' title='bbox 861 4255 964 4326; x_wconf 89' lang='grc'><strong>44444,</strong></span> <span class='ocrx_word' id='word_1_337' title='bbox 986 4256 1248 4334; x_wconf 76' lang='lat' dir='ltr'><strong>cognosceretur,</strong></span> <span class='ocrx_word' id='word_1_338' title='bbox 1272 4249 1351 4334; x_wconf 82' lang='lat' dir='ltr'><strong>quid</strong></span> <span class='ocrx_word' id='word_1_339' title='bbox 1366 4269 1426 4333; x_wconf 78' lang='lat' dir='ltr'><strong>ego</strong></span> <span class='ocrx_word' id='word_1_340' title='bbox 1444 4250 1478 4313; x_wconf 93' lang='lat' dir='ltr'><strong>in</strong></span> <span class='ocrx_word' id='word_1_341' title='bbox 1491 4250 1589 4316; x_wconf 86' lang='grc'><strong>144444</strong></span> 
     </span>
     <span class='ocr_line' id='line_1_35' title="bbox 223 4342 1702 4434; baseline 0.001 -27"><span class='ocrx_word' id='word_1_342' title='bbox 223 4343 424 4408; x_wconf 89' lang='lat' dir='ltr'><strong>accusatione</strong></span> <span class='ocrx_word' id='word_1_343' title='bbox 454 4342 667 4434; x_wconf 78' lang='lat' dir='ltr'><strong>comparanda</strong></span> <span class='ocrx_word' id='word_1_344' title='bbox 689 4342 975 4427; x_wconf 78' lang='lat' dir='ltr'><strong>constituendaque</strong></span> <span class='ocrx_word' id='word_1_345' title='bbox 1001 4343 1231 4414; x_wconf 88' lang='lat' dir='ltr'><strong>elaborassem:</strong></span> <span class='ocrx_word' id='word_1_346' title='bbox 1258 4351 1364 4408; x_wconf 82' lang='lat' dir='ltr'><strong>vestm</strong></span> <span class='ocrx_word' id='word_1_347' title='bbox 1384 4344 1460 4409; x_wconf 75' lang='lat' dir='ltr'><strong>vero</strong></span> <span class='ocrx_word' id='word_1_348' title='bbox 1482 4343 1552 4408; x_wconf 89' lang='lat' dir='ltr'><strong>laus</strong></span> <span class='ocrx_word' id='word_1_349' title='bbox 1687 4403 1702 4428; x_wconf 67' lang='grc'><strong>,</strong></span> 
     </span>
     <span class='ocr_line' id='line_1_36' title="bbox 222 4433 1710 4541; baseline 0 -39"><span class='ocrx_word' id='word_1_350' title='bbox 222 4437 327 4528; x_wconf 82' lang='lat' dir='ltr'><strong>tenuis</strong></span> <span class='ocrx_word' id='word_1_351' title='bbox 349 4437 444 4521; x_wconf 91' lang='lat' dir='ltr'><strong>plane</strong></span> <span class='ocrx_word' id='word_1_352' title='bbox 466 4445 563 4523; x_wconf 90' lang='lat' dir='ltr'><strong>atqua</strong></span> <span class='ocrx_word' id='word_1_353' title='bbox 586 4437 737 4512; x_wconf 90' lang='lat' dir='ltr'><strong>obscura,</strong></span> <span class='ocrx_word' id='word_1_354' title='bbox 765 4436 906 4511; x_wconf 90' lang='lat' dir='ltr'><strong>iudices,</strong></span> <span class='ocrx_word' id='word_1_355' title='bbox 937 4444 1029 4500; x_wconf 89' lang='lat' dir='ltr'><strong>esset.</strong></span> <span class='ocrx_word' id='word_1_356' title='bbox 1073 4433 1103 4499; x_wconf 83' lang='lat'><strong>3.</strong></span> <span class='ocrx_word' id='word_1_357' title='bbox 1124 4439 1237 4522; x_wconf 88' lang='lat' dir='ltr'><strong>Neque</strong></span> <span class='ocrx_word' id='word_1_358' title='bbox 1257 4434 1320 4501; x_wconf 91' lang='lat' dir='ltr'><strong>boc</strong></span> <span class='ocrx_word' id='word_1_359' title='bbox 1341 4456 1361 4500; x_wconf 90' lang='lat' dir='ltr'><strong>a</strong></span> <span class='ocrx_word' id='word_1_360' title='bbox 1381 4438 1472 4502; x_wconf 87' lang='lat' dir='ltr'><strong>vobis</strong></span> <span class='ocrx_word' id='word_1_361' title='bbox 1494 4457 1553 4522; x_wconf 92' lang='lat' dir='ltr'><strong>po·</strong></span> <span class='ocrx_word' id='word_1_362' title='bbox 1692 4473 1710 4541; x_wconf 70' lang='lat'>3</span> 
     </span>
     <span class='ocr_line' id='line_1_37' title="bbox 222 4523 1686 4617; baseline -0.001 -20"><span class='ocrx_word' id='word_1_363' title='bbox 222 4523 318 4617; x_wconf 86' lang='lat' dir='ltr'><strong>pulus</strong></span> <span class='ocrx_word' id='word_1_364' title='bbox 339 4533 502 4596; x_wconf 85' lang='lat' dir='ltr'><strong>Romanus</strong></span> <span class='ocrx_word' id='word_1_365' title='bbox 525 4538 817 4615; x_wconf 76' lang='lat' dir='ltr'><strong>exspectatusque</strong></span> <span class='ocrx_word' id='word_1_366' title='bbox 839 4549 878 4594; x_wconf 90' lang='grc'><strong>44</strong></span> <span class='ocrx_word' id='word_1_367' title='bbox 900 4536 1007 4614; x_wconf 90' lang='lat' dir='ltr'><strong>potest</strong></span> <span class='ocrx_word' id='word_1_368' title='bbox 1027 4550 1096 4595; x_wconf 89' lang='lat' dir='ltr'><strong>ease</strong></span> <span class='ocrx_word' id='word_1_369' title='bbox 1111 4537 1297 4608; x_wconf 87' lang='lat' dir='ltr'><strong>contentus,</strong></span> <span class='ocrx_word' id='word_1_370' title='bbox 1319 4532 1347 4596; x_wconf 90' lang='lat' dir='ltr'><strong>si</strong></span> <span class='ocrx_word' id='word_1_371' title='bbox 1361 4531 1554 4596; x_wconf 89' lang='lat' dir='ltr'><strong>condemna·</strong></span> <span class='ocrx_word' id='word_1_372' title='bbox 1682 4531 1686 4545; x_wconf 86' lang='grc'><strong>“</strong></span> 
     </span>
    </p>
   </div>
   <div class='ocr_carea' id='block_1_6' title="bbox 221 4790 1553 5238">
    <p class='ocr_par' dir='ltr' id='par_1_10' title="bbox 221 4790 1553 5238">
     <span class='ocr_line' id='line_1_38' title="bbox 287 4790 1550 4856; baseline 0.001 -13"><span class='ocrx_word' id='word_1_373' title='bbox 287 4793 312 4843; x_wconf 90' lang='lat' dir='ltr'><strong>t.</strong></span> <span class='ocrx_word' id='word_1_374' title='bbox 330 4791 591 4856; x_wconf 58' lang='lat' dir='ltr'><strong>Nestorem-satiare</strong></span> <span class='ocrx_word' id='word_1_375' title='bbox 613 4791 778 4854; x_wconf 65' lang='grc'><strong>0444444114.</strong></span> <span class='ocrx_word' id='word_1_376' title='bbox 797 4792 827 4851; x_wconf 89' lang='grc'><strong>4,</strong></span> <span class='ocrx_word' id='word_1_377' title='bbox 851 4792 909 4844; x_wconf 90' lang='grc'><strong>449.</strong></span> <span class='ocrx_word' id='word_1_378' title='bbox 933 4818 961 4830; x_wconf 89' lang='grc'><strong>-</strong></span> <span class='ocrx_word' id='word_1_379' title='bbox 985 4790 1010 4844; x_wconf 89' lang='grc'><strong>4.</strong></span> <span class='ocrx_word' id='word_1_380' title='bbox 1028 4798 1093 4845; x_wconf 84' lang='lat' dir='ltr'><strong>aeris</strong></span> <span class='ocrx_word' id='word_1_381' title='bbox 1114 4792 1192 4844; x_wconf 88' lang='lat' dir='ltr'><strong>codd.</strong></span> <span class='ocrx_word' id='word_1_382' title='bbox 1211 4794 1245 4844; x_wconf 90' lang='lat' dir='ltr'><strong>S:</strong></span> <span class='ocrx_word' id='word_1_383' title='bbox 1269 4798 1336 4845; x_wconf 84' lang='lat' dir='ltr'><strong>certo</strong></span> <span class='ocrx_word' id='word_1_384' title='bbox 1352 4793 1421 4846; x_wconf 90' lang='lat' dir='ltr'><strong>conl.</strong></span> <span class='ocrx_word' id='word_1_385' title='bbox 1439 4793 1501 4845; x_wconf 87' lang='lat' dir='ltr'><strong>Ern.</strong></span> <span class='ocrx_word' id='word_1_386' title='bbox 1521 4819 1550 4832; x_wconf 94' lang='lat'><em>-</em></span> 
     </span>
     <span class='ocr_line' id='line_1_39' title="bbox 221 4865 1550 4934; baseline -0.002 -13"><span class='ocrx_word' id='word_1_387' title='bbox 221 4870 246 4921; x_wconf 91' lang='lat' dir='ltr'><strong>&#39;l.</strong></span> <span class='ocrx_word' id='word_1_388' title='bbox 266 4865 372 4931; x_wconf 78' lang='lat' dir='ltr'><strong>testibus]</strong></span> <span class='ocrx_word' id='word_1_389' title='bbox 389 4866 512 4918; x_wconf 79' lang='lat' dir='ltr'><strong>iudicibus</strong></span> <span class='ocrx_word' id='word_1_390' title='bbox 529 4868 560 4918; x_wconf 85' lang='lat' dir='ltr'><strong>st</strong></span> <span class='ocrx_word' id='word_1_391' title='bbox 574 4869 599 4918; x_wconf 88' lang='grc'><strong>4.</strong></span> <span class='ocrx_word' id='word_1_392' title='bbox 619 4895 647 4904; x_wconf 98' lang='grc'>-</span> <span class='ocrx_word' id='word_1_393' title='bbox 665 4869 792 4920; x_wconf 81' lang='grc'><strong>4444444444</strong></span> <span class='ocrx_word' id='word_1_394' title='bbox 807 4868 840 4920; x_wconf 87' lang='lat' dir='ltr'><strong>ct</strong></span> <span class='ocrx_word' id='word_1_395' title='bbox 853 4866 894 4920; x_wconf 79' lang='grc'><strong>44</strong></span> <span class='ocrx_word' id='word_1_396' title='bbox 910 4870 947 4933; x_wconf 77' lang='lat' dir='ltr'><strong>Lg</strong></span> <span class='ocrx_word' id='word_1_397' title='bbox 958 4869 998 4920; x_wconf 86' lang='grc'><strong>49.</strong></span> <span class='ocrx_word' id='word_1_398' title='bbox 1018 4871 1044 4919; x_wconf 84' lang='lat' dir='ltr'><strong>S.</strong></span> <span class='ocrx_word' id='word_1_399' title='bbox 1062 4869 1144 4921; x_wconf 87' lang='lat' dir='ltr'><strong>Prisc.</strong></span> <span class='ocrx_word' id='word_1_400' title='bbox 1157 4871 1189 4921; x_wconf 89' lang='lat'><strong>11.</strong></span> <span class='ocrx_word' id='word_1_401' title='bbox 1206 4882 1235 4934; x_wconf 90' lang='lat' dir='ltr'><strong>p.</strong></span> <span class='ocrx_word' id='word_1_402' title='bbox 1247 4869 1312 4922; x_wconf 74' lang='lat' dir='ltr'><strong>tsi:</strong></span> <span class='ocrx_word' id='word_1_403' title='bbox 1330 4869 1423 4920; x_wconf 81' lang='lat' dir='ltr'><strong>scietas</strong></span> <span class='ocrx_word' id='word_1_404' title='bbox 1438 4868 1494 4932; x_wconf 67' lang='lat' dir='ltr'><strong>gii)</strong></span> <span class='ocrx_word' id='word_1_405' title='bbox 1501 4866 1550 4919; x_wconf 89' lang='grc'><strong>4144.</strong></span> 
     </span>
     <span class='ocr_line' id='line_1_40' title="bbox 223 4939 1549 5008; baseline -0.003 -12"><span class='ocrx_word' id='word_1_406' title='bbox 223 4971 251 4982; x_wconf 92' lang='lat'>-</span> <span class='ocrx_word' id='word_1_407' title='bbox 270 4944 295 4996; x_wconf 86' lang='lat'><strong>8.</strong></span> <span class='ocrx_word' id='word_1_408' title='bbox 314 4948 349 4994; x_wconf 87' lang='lat' dir='ltr'><strong>sst</strong></span> <span class='ocrx_word' id='word_1_409' title='bbox 365 4941 431 4994; x_wconf 80' lang='grc'><strong>44444</strong></span> <span class='ocrx_word' id='word_1_410' title='bbox 446 4941 512 4992; x_wconf 84' lang='lat' dir='ltr'><strong>idem</strong></span> <span class='ocrx_word' id='word_1_411' title='bbox 528 4942 596 5005; x_wconf 67' lang='lat'><strong>[18²9</strong></span> <span class='ocrx_word' id='word_1_412' title='bbox 611 4943 659 4994; x_wconf 85' lang='grc'><strong>4144.</strong></span> <span class='ocrx_word' id='word_1_413' title='bbox 674 4967 702 4980; x_wconf 89' lang='grc'><strong>-</strong></span> <span class='ocrx_word' id='word_1_414' title='bbox 722 4943 746 4994; x_wconf 92' lang='grc'><strong>9.</strong></span> <span class='ocrx_word' id='word_1_415' title='bbox 761 4943 1060 5008; x_wconf 56' lang='lat' dir='ltr'><strong>permiscuisset).</strong></span> <span class='ocrx_word' id='word_1_416' title='bbox 1087 4946 1121 4996; x_wconf 76' lang='lat' dir='ltr'><strong>nt</strong></span> <span class='ocrx_word' id='word_1_417' title='bbox 1137 4946 1246 4997; x_wconf 88' lang='lat' dir='ltr'><strong>tuentur</strong></span> <span class='ocrx_word' id='word_1_418' title='bbox 1261 4944 1309 4996; x_wconf 90' lang='lat' dir='ltr'><strong>dtt.</strong></span> <span class='ocrx_word' id='word_1_419' title='bbox 1327 4944 1410 4996; x_wconf 89' lang='lat' dir='ltr'><strong>Prisc.</strong></span> <span class='ocrx_word' id='word_1_420' title='bbox 1422 4940 1440 4993; x_wconf 94' lang='lat' dir='ltr'><strong>l.</strong></span> <span class='ocrx_word' id='word_1_421' title='bbox 1453 4939 1471 4994; x_wconf 90' lang='lat'><strong>1.</strong></span> <span class='ocrx_word' id='word_1_422' title='bbox 1483 4942 1509 4992; x_wconf 88' lang='lat' dir='ltr'><strong>S.</strong></span> <span class='ocrx_word' id='word_1_423' title='bbox 1521 4967 1549 4978; x_wconf 89' lang='lat'><em>-</em></span> 
     </span>
     <span class='ocr_line' id='line_1_41' title="bbox 222 5016 1552 5084; baseline -0.002 -14"><span class='ocrx_word' id='word_1_424' title='bbox 222 5020 262 5070; x_wconf 89' lang='lat' dir='ltr'><strong>to.</strong></span> <span class='ocrx_word' id='word_1_425' title='bbox 278 5022 381 5082; x_wconf 70' lang='lat' dir='ltr'><strong>praedo</strong></span> <span class='ocrx_word' id='word_1_426' title='bbox 396 5043 411 5055; x_wconf 96' lang='lat'><em>-</em></span> <span class='ocrx_word' id='word_1_427' title='bbox 422 5043 437 5055; x_wconf 96' lang='lat'>-</span> <span class='ocrx_word' id='word_1_428' title='bbox 453 5016 593 5079; x_wconf 76' lang='lat' dir='ltr'><strong>dasmdiair</strong></span> <span class='ocrx_word' id='word_1_429' title='bbox 607 5018 685 5070; x_wconf 78' lang='lat' dir='ltr'><strong>Aras.</strong></span> <span class='ocrx_word' id='word_1_430' title='bbox 703 5019 737 5070; x_wconf 88' lang='grc'><strong>11.</strong></span> <span class='ocrx_word' id='word_1_431' title='bbox 755 5031 783 5083; x_wconf 91' lang='lat' dir='ltr'><strong>p.</strong></span> <span class='ocrx_word' id='word_1_432' title='bbox 796 5018 854 5070; x_wconf 79' lang='grc'><strong>443.</strong></span> <span class='ocrx_word' id='word_1_433' title='bbox 871 5019 901 5069; x_wconf 90' lang='lat'><strong>1..</strong></span> <span class='ocrx_word' id='word_1_434' title='bbox 920 5044 948 5055; x_wconf 89' lang='lat'><em>-</em></span> <span class='ocrx_word' id='word_1_435' title='bbox 965 5019 1027 5082; x_wconf 78' lang='lat' dir='ltr'><strong>saait</strong></span> <span class='ocrx_word' id='word_1_436' title='bbox 1043 5019 1097 5070; x_wconf 71' lang='grc'><strong>4134</strong></span> <span class='ocrx_word' id='word_1_437' title='bbox 1114 5021 1172 5084; x_wconf 71' lang='lat' dir='ltr'><strong>lectt</strong></span> <span class='ocrx_word' id='word_1_438' title='bbox 1188 5019 1301 5084; x_wconf 79' lang='grc' dir='ltr'><strong>ς(4)4144.</strong></span> <span class='ocrx_word' id='word_1_439' title='bbox 1316 5047 1344 5058; x_wconf 89' lang='grc'>-</span> <span class='ocrx_word' id='word_1_440' title='bbox 1363 5019 1404 5070; x_wconf 86' lang='grc'><strong>44.</strong></span> <span class='ocrx_word' id='word_1_441' title='bbox 1419 5017 1552 5081; x_wconf 66' lang='lat' dir='ltr'><strong>podem</strong></span> 
     </span>
     <span class='ocr_line' id='line_1_42' title="bbox 221 5090 1553 5158; baseline 0 -13"><span class='ocrx_word' id='word_1_442' title='bbox 221 5119 263 5133; x_wconf 93' lang='lat'><strong>--</strong></span> <span class='ocrx_word' id='word_1_443' title='bbox 277 5093 395 5145; x_wconf 75' lang='grc'><strong>44444444</strong></span> <span class='ocrx_word' id='word_1_444' title='bbox 418 5090 512 5143; x_wconf 87' lang='lat' dir='ltr'><strong>claud.</strong></span> <span class='ocrx_word' id='word_1_445' title='bbox 536 5091 644 5144; x_wconf 84' lang='lat' dir='ltr'><strong>sacerd.</strong></span> <span class='ocrx_word' id='word_1_446' title='bbox 667 5104 696 5156; x_wconf 92' lang='lat' dir='ltr'><strong>p.</strong></span> <span class='ocrx_word' id='word_1_447' title='bbox 714 5091 755 5143; x_wconf 81' lang='grc'><strong>43.</strong></span> <span class='ocrx_word' id='word_1_448' title='bbox 775 5117 804 5129; x_wconf 84' lang='grc'><strong>-</strong></span> <span class='ocrx_word' id='word_1_449' title='bbox 824 5093 913 5155; x_wconf 85' lang='lat' dir='ltr'><strong>patior</strong></span> <span class='ocrx_word' id='word_1_450' title='bbox 927 5117 968 5131; x_wconf 93' lang='lat'><strong>·-</strong></span> <span class='ocrx_word' id='word_1_451' title='bbox 983 5093 1080 5146; x_wconf 82' lang='lat' dir='ltr'><strong>latarm</strong></span> <span class='ocrx_word' id='word_1_452' title='bbox 1102 5097 1181 5146; x_wconf 72' lang='lat' dir='ltr'><strong>brus.</strong></span> <span class='ocrx_word' id='word_1_453' title='bbox 1199 5095 1233 5147; x_wconf 88' lang='grc'><strong>11.</strong></span> <span class='ocrx_word' id='word_1_454' title='bbox 1251 5106 1279 5158; x_wconf 89' lang='lat' dir='ltr'><strong>p.</strong></span> <span class='ocrx_word' id='word_1_455' title='bbox 1297 5091 1356 5146; x_wconf 85' lang='grc'><strong>4444.</strong></span> <span class='ocrx_word' id='word_1_456' title='bbox 1376 5115 1404 5130; x_wconf 93' lang='grc'><strong>-</strong></span> <span class='ocrx_word' id='word_1_457' title='bbox 1423 5090 1464 5145; x_wconf 89' lang='grc'><strong>44.</strong></span> <span class='ocrx_word' id='word_1_458' title='bbox 1480 5092 1553 5156; x_wconf 77' lang='lat' dir='ltr'><strong>ptiar</strong></span> 
     </span>
     <span class='ocr_line' id='line_1_43' title="bbox 222 5166 1355 5238; baseline 0.002 -18"><span class='ocrx_word' id='word_1_459' title='bbox 222 5169 329 5234; x_wconf 62' lang='lat' dir='ltr'><strong>ctae:</strong></span> <span class='ocrx_word' id='word_1_460' title='bbox 343 5169 443 5235; x_wconf 76' lang='lat' dir='ltr'><strong>prisma</strong></span> <span class='ocrx_word' id='word_1_461' title='bbox 457 5166 522 5232; x_wconf 81' lang='lat' dir='ltr'><strong>bd.;</strong></span> <span class='ocrx_word' id='word_1_462' title='bbox 538 5168 624 5236; x_wconf 73' lang='lat' dir='ltr'><strong>primo</strong></span> <span class='ocrx_word' id='word_1_463' title='bbox 641 5167 689 5224; x_wconf 90' lang='grc'><strong>4144.</strong></span> <span class='ocrx_word' id='word_1_464' title='bbox 708 5169 738 5222; x_wconf 91' lang='grc'><strong>0.</strong></span> <span class='ocrx_word' id='word_1_465' title='bbox 758 5195 786 5206; x_wconf 99' lang='grc'><strong>-</strong></span> <span class='ocrx_word' id='word_1_466' title='bbox 804 5169 846 5224; x_wconf 85' lang='grc'><strong>44.</strong></span> <span class='ocrx_word' id='word_1_467' title='bbox 863 5181 943 5238; x_wconf 66' lang='lat' dir='ltr'><strong>aspie</strong></span> <span class='ocrx_word' id='word_1_468' title='bbox 959 5166 1060 5233; x_wconf 62' lang='lat' dir='ltr'><strong>asts:</strong></span> <span class='ocrx_word' id='word_1_469' title='bbox 1080 5183 1160 5236; x_wconf 82' lang='lat' dir='ltr'><strong>saque</strong></span> <span class='ocrx_word' id='word_1_470' title='bbox 1175 5169 1243 5222; x_wconf 78' lang='grc'><strong>44444</strong></span> <span class='ocrx_word' id='word_1_471' title='bbox 1257 5168 1306 5222; x_wconf 85' lang='grc'><strong>4144.</strong></span> <span class='ocrx_word' id='word_1_472' title='bbox 1325 5169 1355 5221; x_wconf 88' lang='lat'><strong>0.</strong></span> 
     </span>
    </p>
   </div>
   <div class='ocr_carea' id='block_1_7' title="bbox 0 0 1828 5888">
    <p class='ocr_par' dir='ltr' id='par_1_11' title="bbox 0 0 1828 5888">
     <span class='ocr_line' id='line_1_44' title="bbox 0 0 1828 5888; baseline 0 1"><span class='ocrx_word' id='word_1_473' title='bbox 0 0 1828 5888; x_wconf 95' lang='lat' dir='ltr'><strong> </strong></span> 
     </span>
    </p>
   </div>
  </div>
 </body>
</html>
