3684 5862
559 471 632 536 cri».
653 469 914 535 xxm-xxv.
940 465 996 552 ss.
1018 463 1173 534 u-ra.
1489 462 1525 534 as

210 653 320 724 testes,
343 643 400 728 qui
414 643 495 708 haec
509 641 625 706 dicant.
655 641 788 716 Verum,
811 639 941 724 opinor,
963 638 1151 715 viderimus,
1167 659 1239 703 eum
1256 638 1404 702 dixerint.
1426 639 1528 704 Unum

209 748 316 806 tamen
335 738 398 803 boo
420 739 575 821 cogitent,
597 737 642 800 ita
663 755 697 798 se
719 755 829 819 graves
852 755 921 798 esse
943 740 994 809 ut,
1017 733 1044 798 si
1066 735 1231 798 veritatem
1252 734 1362 798 volent
1381 732 1529 808 retinere,

209 836 395 920 gravitatem
415 833 541 918 possint
562 831 721 906 obtinere,
743 831 770 894 si
793 849 862 894 eam
884 828 1061 912 negligere,
1083 829 1129 892 ita
1149 829 1236 892 leves
1260 828 1339 904 sint,
1361 833 1398 890 ut
1420 846 1530 890 omues

208 929 404 1013 intelligant,
437 945 503 993 non
525 926 564 992 ad
588 925 796 990 obtinendum
818 921 1035 997 mendacium,
1058 920 1114 984 sed
1137 922 1177 984 ad
1199 942 1309 986 rerum
1331 921 1530 1006 probandum

210 1024 427 1089 auctoritatem
449 1023 610 1087 adiuvare.
643 1020 757 1083 xxiv:
780 1015 830 1080 76.
852 1018 919 1099 Ego
941 1015 1020 1079 haec
1043 1015 1106 1079 duo
1124 1025 1264 1100 quaero:
1287 1018 1439 1101 primum,
1467 1030 1567 1100 quas
1620 1059 1650 1068 -

209 1121 331 1184 rationo
351 1119 490 1183 Naevius
512 1122 694 1200 susceptum
715 1114 879 1197 negotium
897 1130 962 1175 non
977 1111 1179 1193 transegerit,
1200 1110 1262 1174 boc
1278 1117 1342 1186 est,
1365 1130 1422 1174 eur
1435 1111 1530 1185 bona,

209 1234 291 1298 quae
314 1233 354 1277 ex
377 1213 480 1277 edicto
503 1209 704 1296 possidebat,
726 1227 792 1274 non
811 1206 1005 1281 vendiderit3
1027 1204 1162 1280 deinde,
1184 1225 1242 1269 our
1262 1212 1373 1270 extet
1394 1206 1531 1270 credito-

209 1309 295 1373 ribus
317 1308 398 1372 alius
420 1307 460 1372 ad
483 1307 575 1371 istam
595 1304 752 1368 rationem
774 1322 867 1364 nemo
890 1299 1074 1374 accesserit,
1096 1305 1132 1361 ut
1152 1301 1332 1364 necessario
1348 1299 1529 1377 confiteare,

208 1423 313 1488 neque
335 1411 399 1468 tam
423 1401 626 1465 temerarium
649 1416 842 1481 quemquam
863 1395 979 1468 baisse,
1002 1412 1106 1477 neque
1120 1400 1152 1456 te
1168 1395 1273 1477 ipsum
1288 1395 1338 1471 id,
1361 1398 1448 1482 quod
1463 1404 1529 1460 tur-

208 1500 338 1583 pissime
359 1498 570 1579 suscepisses,
593 1510 795 1575 perseverare
811 1498 842 1553 et
856 1489 1029 1571 transigere
1044 1490 1197 1571 potuisse.
1226 1490 1328 1566 Quid,
1351 1493 1378 1554 si
1399 1498 1434 1553 tu
1448 1491 1528 1574 ipse,
1538 1503 1566 1550 to

209 1595 281 1658 Sex.
304 1595 422 1666 Naevi,
452 1587 606 1660 statuisti,
639 1587 723 1648 bona
752 1586 785 1647 Ρ.
808 1581 948 1658 Quinctii
979 1603 1019 1645 ex
1049 1581 1153 1645 edicto
1175 1602 1324 1666 possessa
1345 1605 1410 1649 non
1433 1588 1528 1649 esset

208 1687 348 1771 Opinor,
381 1693 471 1748 tuum
499 1679 734 1754 testimonium,
767 1678 852 1762 quod
884 1679 917 1741 in
939 1677 1099 1740 alienare
1121 1677 1191 1740 lere
1214 1685 1315 1753 esset,
1349 1678 1381 1742 id
1403 1679 1437 1741 in
1458 1687 1528 1754 tua,

208 1783 360 1866 quoniam
383 1785 494 1842 contra
515 1784 545 1839 te
569 1781 633 1848 est,
656 1773 874 1856 gravissimum
890 1772 983 1834 debet
998 1791 1078 1836 esse.
1107 1772 1220 1835 Emisti
1234 1773 1319 1835 bona
1334 1775 1407 1836 Sex.
1422 1773 1527 1836 Alfeni

206 1879 242 1939 L.
266 1874 355 1937 Sulla
377 1872 532 1935 dictatore
546 1869 713 1934 vendente.
747 1867 875 1930 Sooium
890 1867 947 1929 tibi
968 1867 1001 1928 in
1016 1866 1066 1929 bis
1079 1866 1174 1930 bonis
1190 1865 1317 1932 edidisti
1333 1868 1527 1944 Quinctium.

206 1969 301 2034 Plura
322 1987 389 2030 non
411 1965 493 2028 dico.
538 1965 615 2028 Cum
644 1984 681 2027 eo
704 1970 739 2026 tu
761 1961 970 2025 voluntariam
992 1960 1177 2024 societatem
1200 1960 1323 2036 coibas,
1352 1961 1407 2046 qui
1435 1968 1467 2024 te
1493 1962 1564 2023 inte

207 2060 400 2126 hereditaria
422 2060 570 2124 societate
592 2057 765 2133 fraudaret,
796 2065 827 2119 et
848 2077 920 2119 eum
942 2054 1061 2118 iudicio
1085 2062 1141 2118 tuo
1163 2055 1410 2140 comprobabas,
1433 2075 1528 2140 quem

209 2156 379 2241 spoliatum
401 2155 484 2218 lama
504 2153 703 2236 fortunisque
727 2151 873 2214 omuibus
895 2149 1112 2213 arbitrabare?
1692 2166 1704 2246 Ἰι

294 2247 344 2314 77.
373 2245 560 2314 Diffidebam
582 2246 776 2322 mehercule,
807 2246 840 2309 G.
861 2243 988 2329 Aquili,
1018 2244 1094 2306 satis
1120 2245 1227 2308 animo
1251 2253 1337 2311 certo
1361 2253 1394 2310 et
1414 2243 1528 2310 confir·
1686 2237 1696 2256 ”

208 2354 292 2412 mato
314 2366 364 2409 me
385 2364 481 2428 posse
503 2343 536 2405 iu
558 2341 617 2405 bae
639 2361 734 2405 causa
757 2340 939 2404 consistere.
977 2338 1028 2401 Sic
1050 2337 1245 2420 cogitabam:
1268 2349 1466 2405 cumcontra
1480 2340 1528 2403 di·

207 2451 314 2508 currus
329 2446 412 2504 esset
428 2437 618 2500 Hortensius
634 2444 752 2500 etcum
766 2455 817 2498 me
832 2441 916 2498 esset
930 2438 1048 2496 attente
1063 2433 1228 2497 auditurus
1244 2436 1425 2520 Philippus,
1448 2435 1565 2512 forato

206 2539 255 2602 uti
276 2533 440 2619 permultis
461 2533 495 2595 in
516 2531 611 2595 rebus
633 2531 746 2593 timore
768 2529 959 2613 prolaberer.
994 2527 1143 2591 Dicebam
1164 2529 1239 2594 huic
1262 2531 1301 2607 Q.
1323 2533 1450 2608 Roscio,
1473 2551 1528 2594 cu-

208 2633 257 2694 ius
279 2649 368 2693 soror
389 2634 437 2691 est
458 2646 530 2689 curn
552 2627 585 2688 P.
608 2624 776 2700 Quinctio,
806 2643 878 2686 cum
901 2642 920 2686 a
941 2643 991 2685 me
1012 2628 1136 2704 peteret
1158 2630 1190 2687 et
1210 2644 1332 2690 summe
1354 2626 1528 2690 contende-

205 2731 270 2799 ret,
292 2729 328 2786 ut
347 2721 565 2806 propinquum
587 2740 679 2783 suurn
699 2719 918 2793 defenderem,
941 2716 1018 2780 mibi
1033 2715 1221 2802 perdifficile
1236 2739 1305 2786 esse
1322 2730 1433 2786 contra
1447 2721 1527 2786 tales

206 2825 346 2884 oratores
367 2836 433 2880 non
454 2816 550 2879 modo
573 2821 692 2879 tantm
714 2832 841 2879 causam
862 2832 1028 2898 perorare,
1050 2813 1107 2876 sed
1129 2816 1258 2880 omniuo
1273 2817 1405 2881 verbum
1421 2818 1526 2882 iacere

205 2913 321 2980 conari.
366 2911 445 2975 Cum
478 2910 625 2994 cupidius
653 2910 798 2983 instaret,
831 2908 952 2972 bomini
980 2927 1038 2992 pro
1068 2909 1208 2974 amicitia
1236 2910 1423 2978 familiarius
1447 2913 1563 2990 diuiti

203 3007 281 3074 mihi
304 3007 406 3072 videri
429 3027 483 3070 ore
506 3006 676 3069 durissimo
699 3025 786 3080 esse,
808 3005 863 3088 qui
885 3010 1053 3087 praesente
1072 3024 1111 3067 eo
1134 3012 1257 3088 gestum
1279 3025 1372 3090 agero
1395 3029 1526 3073 conare-

204 3111 271 3179 tur3
295 3104 351 3186 qui
373 3121 448 3166 vero
471 3122 543 3164 cum
564 3101 635 3183 ipso
658 3100 900 3175 contenderent,
924 3119 995 3174 eos,
1017 3100 1141 3164 etiamsi
1158 3101 1235 3185 quid
1255 3109 1349 3166 antea
1369 3105 1448 3168 recti
1471 3109 1527 3168 aut

204 3199 329 3262 venusti
350 3197 468 3260 babere
489 3196 549 3260 visi
572 3196 653 3269 sint,
675 3193 709 3257 id
731 3195 892 3270 amittere;
914 3215 954 3256 ne
977 3192 1054 3277 quid
1076 3194 1154 3258 mibi
1177 3196 1334 3260 eiusmodi
1357 3197 1525 3272 accideret,

205 3313 277 3355 cum
299 3298 410 3354 contra
430 3291 526 3355 talem
547 3287 698 3353 artificem
721 3291 863 3353 dicturus
886 3307 1004 3362 essem,
1026 3309 1076 3350 me
1092 3290 1204 3353 vereri.
1248 3291 1347 3356 XXV.
1371 3290 1421 3354 78.
1445 3295 1525 3355 'lum

205 3387 282 3450 mibi
304 3386 438 3449 Roscius
460 3392 492 3448 et
519 3385 581 3448 alia
603 3385 702 3448 multa
723 3381 929 3448 confirmandi
953 3384 1015 3446 mei
1037 3403 1133 3447 causa
1154 3384 1252 3461 dixit,
1277 3393 1315 3448 ut
1334 3387 1562 3462 mehercules

205 3485 234 3547 si
255 3480 336 3544 nibil
358 3478 488 3555 diceret,
511 3465 607 3541 tacito
630 3479 700 3561 ipso
724 3475 829 3544 officio
852 3484 883 3542 et
906 3478 1029 3552 studio,
1052 3477 1140 3562 quod
1154 3479 1292 3544 babebat
1308 3501 1381 3564 erga
1395 3482 1526 3566 propin·

206 3597 305 3662 quum
327 3595 435 3650 suum,
459 3574 604 3658 quemvis
627 3582 857 3638 commoveret:
892 3574 1023 3648 etenim,
1055 3594 1127 3636 cum
1150 3574 1266 3638 artifex
1287 3575 1444 3640 eiusmodi
1467 3577 1527 3652 sit,

204 3681 241 3737 ut
262 3671 349 3736 solus
371 3670 486 3754 dignus
507 3670 652 3735 videatur
666 3691 751 3744 esse,
774 3671 828 3755 qui
845 3671 880 3733 in
894 3689 1009 3734 scaena
1024 3676 1200 3755 spectetur,
1223 3676 1290 3733 tum
1305 3671 1354 3734 vir
1369 3671 1525 3735 eiusmodi

205 3774 269 3843 est,
301 3773 339 3828 ut
366 3765 454 3828 solus
475 3764 589 3848 dignus
610 3763 772 3839 videatur,
803 3765 856 3849 qui
880 3785 918 3828 eo
941 3785 1007 3828 nou
1029 3764 1159 3829 accedat
1179 3785 1237 3840 -3
1266 3785 1376 3828 verum
1404 3771 1524 3844 umen,

269 3927 294 3976 4.
312 3925 357 3974 boc
373 3923 525 3975 ebodei
534 3937 550 3988 g
560 3923 578 3974 b
589 3925 597 3974 i
609 3925 625 3975 4ι
636 3923 672 3975 ln
691 3927 718 3975 et
733 3925 762 3975 Α.
789 3927 939 3976 Pronomen
956 3921 1087 3988 glossema
1104 3922 1188 3973 videri
1205 3935 1284 3988 posse
1302 3926 1405 3976 monuit
1421 3928 1480 3976 Ger.
1499 3928 1523 3978 2.

207 4029 234 4039 -
251 4001 386 4052 videbimus
401 4001 432 4050 Α.
453 4027 480 4038 -
498 4001 523 4050 i.
541 3999 630 4050 aedani
646 4015 674 4060 c,
691 4001 774 4051 ooleot
785 4013 809 4050 e.
827 4027 852 4036 -
872 3999 901 4063 o]
918 4001 994 4050 seit.
1011 4025 1037 4034 -
1056 3998 1081 4049 3.
1099 3999 1223 4063 negligere
1237 4012 1253 4048 a
1268 4000 1295 4050 et
1306 3997 1366 4050 cod.
1380 4003 1524 4053 Garatonii:

204 4079 355 4143 acciperent
371 4075 485 4137 dilm,
503 4077 657 4141 oeglacerint
673 4075 861 4138 Bbceglrn
879 4077 906 4124 et
922 4077 957 4136 Α,
975 4073 1138 4138 receserunt
1154 4073 1236 4136 Ghi,
1254 4074 1377 4140 negligent
1393 4075 1475 4130 Lio.
1495 4103 1525 4115 -

205 4155 230 4204 44.
248 4154 300 4218 Ego
317 4150 386 4216 boec]
403 4151 452 4203 Sed
468 4165 512 4216 ego
529 4151 589 4201 boec
605 4152 635 4214 lr,
652 4153 686 4202 lit
701 4152 761 4201 boec
777 4149 827 4200 bc.
844 4177 870 4186 -
889 4149 914 4200 8.
933 4149 998 4199 olitis
1014 4150 1092 4214 cille
1111 4152 1139 4201 et
1154 4153 1188 4200 A:
1208 4149 1265 4200 citis
1280 4163 1341 4202 cum
1359 4151 1467 4217 reliquis
1485 4165 1529 4204 oo-

206 4228 308 4280 dlelbus
325 4226 408 4281 eso.
431 4227 506 4279 Coui.
525 4225 602 4291 §.aa
624 4254 650 4262 —
670 4226 694 4278 9.
713 4231 766 4276 tom
782 4228 942 4277 nemerim
958 4224 1277 4277 Riibcdeliklmn
1294 4227 1369 4276 eta:
1388 4231 1441 4277 tom
1456 4233 1529 4279 unte

204 4306 303 4356 soriam
319 4315 555 4362 semimarem
572 4307 624 4352 mm
640 4302 800 4353 temerarium
817 4299 901 4353 Leo.
922 4323 949 4337 -
973 4301 1012 4352 tt.
1031 4301 1090 4352 soe.
1110 4313 1163 4351 om.
1181 4301 1208 4351 k.
1229 4325 1256 4337 -
1276 4301 1316 4351 tr.
1334 4303 1429 4354 idom.
1448 4304 1476 4355 L.
1498 4327 1525 4341 -

206 4379 245 4432 44.
263 4377 511 4429 iisBGahlmn
528 4379 556 4428 et
572 4380 604 4428 L:
625 4377 671 4426 iiis
687 4375 844 4440 bodigi,
862 4377 940 4438 tislr,
957 4376 1031 4427 teias
1047 4390 1062 4427 e
1081 4375 1209 4430 attio.
1231 4402 1258 4412 -
1278 4377 1347 4426 4444444
1364 4377 1526 4429 BGbede

205 4455 217 4506 4
225 4469 241 4520 g
252 4455 260 4504 l
271 4453 278 4504 l
290 4467 318 4504 m
329 4467 359 4514 n,
378 4453 480 4504 edidisti
491 4466 514 4503 a.
529 4477 556 4489 -
576 4453 725 4517 Quinctium]
737 4454 764 4502 P.
776 4451 917 4514 Quinctiano
928 4464 980 4515 mg.
995 4449 1021 4506 il.
1033 4479 1060 4489 -
1075 4453 1114 4502 444.
1134 4452 1170 4515 to]
1181 4451 1208 4500 io
1218 4451 1244 4502 ir.
1259 4475 1286 4487 -
1308 4452 1348 4503 46.
1360 4453 1529 4516 44αιιᾶιιιιονιι4

204 4530 230 4580 l.
247 4555 274 4566 -
293 4528 432 4592 aenJcok.
448 4555 475 4566 -
495 4528 534 4578 48.
553 4528 766 4579 ιιιοὴσνιιιΙι.-
785 4525 1420 4591 ttetcommeessetltilabcdighilmn:
1439 4533 1529 4580 etcum

204 4608 266 4656 estet
276 4615 301 4664 e,
313 4607 337 4652 et
346 4615 402 4653 eum
412 4608 471 4653 suet
481 4603 498 4653 lr
510 4604 537 4653 el
547 4601 669 4656 44440.-
681 4603 815 4668 Phiiippus]
826 4605 853 4654 1..
862 4604 987 4666 Philippos
998 4615 1051 4667 mg.
1064 4601 1123 4657 2.-
1136 4604 1177 4653 st.
1189 4604 1227 4652 oti
1237 4603 1321 4653 mobis
1331 4603 1389 4653 lr.-
1402 4604 1443 4654 22.
1455 4603 1528 4668 coac]

205 4677 364 4732 acubili)
376 4692 391 4728 c
403 4678 420 4729 d
432 4677 467 4741 lg
479 4676 539 4729 ilm
552 4693 578 4740 n,
597 4677 747 4744 (emme
758 4679 793 4743 e.)
805 4678 876 4730 unde
889 4677 1064 4730 Guilielmios:
1083 4693 1174 4730 mmo.
1192 4679 1244 4730 Sed
1254 4678 1307 4729 vid.
1321 4678 1396 4730 Hand
1407 4680 1482 4730 Turs.
1494 4680 1526 4729 ll.

205 4769 232 4822 p.
245 4755 302 4805 620.
318 4776 345 4790 -
365 4753 406 4803 23.
422 4755 591 4817 propioqmen
607 4767 680 4804 mom
694 4754 795 4818 Bodg
812 4753 941 4808 stabi:
960 4767 1032 4804 stium
1045 4756 1215 4818 propinquam
1232 4767 1294 4805 cum
1309 4751 1417 4818 reliquis
1428 4753 1528 4805 codici-

205 4830 256 4882 bus
273 4829 302 4879 0.
322 4827 361 4880 Ci.
380 4827 404 4891 5.
415 4828 455 4879 78.
469 4853 496 4867 -
515 4831 556 4880 td.
574 4835 725 4880 concreatur
741 4828 867 4880 Halmius.
883 4857 910 4866 -
928 4829 969 4880 28.
987 4829 1035 4880 slot
1046 4831 1200 4882 Ernestius:
1218 4835 1276 4880 suot
1291 4842 1354 4880 cum
1371 4827 1443 4880 libris
1460 4828 1528 4878 notis

206 4903 331 4956 omnibus
345 4900 460 4956 abio.
481 4929 507 4940 -
526 4905 699 4955 οἰιιιάοηιιποάἰ
715 4907 758 4956 Ba
771 4904 857 4957 dbin
876 4905 903 4954 et
918 4904 953 4965 L,
971 4905 1107 4956 wiuonodi
1123 4909 1152 4969 G,
1170 4905 1336 4956 latomemodi
1351 4905 1376 4954 lr.
1392 4929 1418 4940 -
1442 4902 1482 4953 30.
1500 4908 1529 4953 ot

183 4981 286 5050 ,Bou
303 4979 423 5044 (excepto
434 4979 458 5040 kl
474 4980 500 5028 et
514 4981 552 5030 A:
571 4986 593 5030 ct
609 4982 625 5030 ir
643 4983 670 5030 et
687 4979 770 5035 Lito.
795 4979 854 5031 vid.
866 4978 956 5030 illotzil
973 4983 1094 5033 Prooem.
1114 4983 1156 5034 ed.
1170 4981 1213 5033 alt.
1231 4995 1259 5047 p.
1275 4982 1339 5034 X.-·
1358 4979 1398 5028 34.
1416 4975 1528 5044 meat]

207 5055 336 5107 moes
355 5067 417 5106 eum
439 5055 553 5106 Manutio
570 5055 624 5109 Li.
645 5085 673 5094 -
696 5057 737 5107 32.
755 5057 843 5107 etenim
941 5058 1049 5124 accedet]
1073 5058 1111 5110 Cl.
1131 5057 1235 5120 Quintil.
1254 5059 1317 5108 lust.
1336 5055 1378 5105 Or.
1397 5052 1422 5115 9,
1441 5053 1465 5116 ³,
1484 5052 1523 5104 86.

206 5131 364 5195 augutinus
381 5130 416 5182 de
432 5143 565 5182 consensu
582 5132 677 5196 Evaug.
698 5133 721 5194 4,
735 5133 774 5184 33.
787 5160 814 5169 -
833 5133 971 5184 ioissooodi
982 5133 1026 5203 gir.
1039 5161 1067 5172 -
1086 5134 1126 5186 33.
1147 5133 1173 5186 io
1184 5129 1414 5198 sccemspececor]
1429 5142 1529 5184 semro

207 5207 314 5259 mosot
330 5207 435 5271 Quintil.
455 5234 484 5246 -
502 5205 542 5261 34.
559 5207 673 5262 υίιίοαειιι
691 5209 780 5280 ὤρινε
797 5208 900 5274 Quintil.
