3684 5862
276 359 318 428 21
678 359 830 427 ORATIO
850 358 928 425 PRO
950 359 984 424 Ρ.
1005 355 1198 435 QUINCTIO

276 535 333 611 rit,
356 554 415 618 ego
438 534 611 620 sponsione
631 533 784 598 vicerim?
815 532 918 606 Nihil,
941 531 1064 614 opinor.
1100 530 1332 614 cognoscamus
1348 527 1496 592 edictum.
1533 525 1596 603 er

276 651 320 694 aa
341 648 456 694 ansero
478 649 543 694 uro
559 649 591 692 rs
604 647 834 694 rosssssronass
849 647 1015 692 44444444.
1046 626 1093 689 lle
1114 631 1145 687 te
1166 623 1325 708 loquitari,
1346 622 1461 697 Naevi,
1484 641 1596 707 quem·

277 725 449 790 admodum
471 731 506 789 tu
528 731 631 808 putas.
674 723 729 787 Ais
751 723 835 786 enim
856 729 888 785 te
911 743 952 787 err
974 721 1077 784 edicto
1099 719 1235 784 venisse.
1262 717 1365 793 ·Tibi,
1389 715 1467 802 quid
1487 715 1595 793 iacias,

278 817 401 897 definit,
424 826 455 884 tc
477 819 630 895 instituit,
652 818 709 881 tihi
730 823 900 901 praecepta
920 817 983 879 dat.
1022 815 1087 878 Eos
1108 831 1162 878 rra
1183 833 1319 876 4444444
1340 831 1374 876 us
1393 831 1594 876 4444444444

252 929 350 980 sassa
373 935 547 980 44444444.
583 913 774 990 Quomodo?
807 912 899 989 Qvoo
921 930 1034 976 4444444
1055 929 1157 974 uara
1173 925 1539 982 consecraneorum,
1561 925 1595 971 44

276 1031 387 1075 rsmau
411 1027 620 1086 4444444444
642 1029 726 1084 oron
744 1027 806 1072 non
819 1026 999 1079 44444444,
1021 1025 1053 1070 ro
1069 1023 1211 1070 44444444
1225 1025 1267 1068 44
1283 1023 1445 1069 suesanus
1460 1023 1594 1068 4444444.

276 1105 362 1181 Quid
376 1108 465 1167 tumt
485 1105 654 1178 4444444444,
673 1103 793 1186 iuquit,
809 1120 941 1167 44444444
956 1121 1141 1166 caravanas
1156 1120 1217 1163 non
1230 1118 1361 1164 rnacsr.
1382 1099 1463 1161 Eum
1479 1097 1595 1181 ipsum,

276 1201 331 1285 qui
354 1199 522 1263 fraudandi
545 1217 639 1264 causa
660 1198 778 1272 latitet,
801 1217 874 1260 eum
895 1198 1017 1281 ipsum,
1040 1217 1135 1281 quem
1157 1195 1276 1258 iudicio
1299 1213 1393 1258 nemo
1409 1191 1596 1266 defenderit,

277 1315 349 1357 eum
370 1295 491 1378 ipsum,
524 1294 578 1380 qui
601 1315 671 1358 cum
693 1292 841 1356 omnihus
863 1293 1073 1358 creditoribus
1095 1292 1161 1355 suis
1183 1291 1265 1354 male
1287 1296 1375 1373 agat,
1399 1288 1535 1352 invitum
1556 1286 1596 1350 de

229 1389 407 1472 topraedio
431 1391 555 1454 detrudi
573 1395 667 1454 vetat.
701 1386 752 1450 85.
774 1383 986 1452 Proficiscenti
1002 1387 1060 1450 tibi
1075 1387 1108 1449 iu
1123 1386 1359 1469 possessiouem
1374 1387 1503 1466 praetor
1516 1382 1595 1465 ipse,

277 1484 351 1548 Sex.
372 1485 487 1560 Naevi,
510 1485 614 1570 palam
637 1483 729 1548 dicit:
751 1482 796 1546 ita
816 1482 997 1566 possideto,
1018 1490 1055 1546 ui
1075 1487 1180 1545 tecum
1202 1479 1296 1543 simul
1316 1478 1479 1563 possideat
1496 1476 1597 1553 Quin·

276 1579 374 1657 444444
396 1580 440 1643 ita
460 1581 640 1664 possideto,
662 1586 699 1643 ut
721 1577 873 1654 Quinctio
895 1577 943 1640 vis
965 1597 1005 1640 ne
1028 1573 1186 1640 afferatur.
1231 1573 1315 1649 Quid
1337 1575 1398 1635 tui
1431 1572 1465 1634 id
1487 1591 1597 1655 quem

166 1745 169 1756 ,
276 1674 447 1738 admodum
469 1644 763 1742 observasiiMitto
785 1672 865 1735 illud
888 1671 1007 1746 dicere,
1031 1692 1116 1746 eum,
1138 1671 1193 1754 qui
1217 1689 1281 1733 non
1299 1668 1445 1743 latitarit,
1469 1668 1598 1731 444144-

85 1798 216 1864 π-κ
276 1788 345 1832 mae
368 1768 495 1844 domus,
524 1790 623 1845 uxor,
645 1767 752 1841 liberi,
773 1774 960 1850 procurator
982 1759 1096 1841 esset3)
1113 1787 1201 1840 eum,
1225 1765 1280 1849 qui
1303 1764 1359 1826 tihi
1381 1762 1597 1828 vadimonium

239 1875 341 1928 ltnon
364 1864 573 1939 deseruisset3
594 1863 673 1927 haec
695 1862 803 1928 omnia
824 1862 930 1925 mitto:
953 1861 1033 1924 illud
1056 1859 1143 1934 dico,
1166 1860 1330 1923 dominum
1345 1857 1513 1941 expulsum
1527 1876 1597 1920 esse

276 1960 316 2022 de
344 1959 491 2043 praedio,
519 1958 650 2021 domino
679 1977 698 2021 a
726 1955 848 2022 familia
870 1977 927 2020 sua
949 1976 1060 2020 manus
1083 1956 1194 2020 allatas
1217 1975 1287 2019 esse
1309 1961 1383 2022 aute
1405 1973 1480 2017 suos
1502 1952 1597 2016 Lares

274 2051 455 2118 familiares.
498 2052 567 2116 Hoc
589 2053 661 2116 dico

825 2131 1053 2218 Q..

150 2247 174 2334 lp
359 2253 394 2316 Si
411 2253 484 2338 quis
499 2271 598 2315 uuum
612 2251 752 2336 aliquem
765 2249 898 2314 fundum
913 2249 1025 2334 quavis
1039 2251 1161 2314 ratione
1176 2251 1354 2334 possideat,
1374 2249 1479 2334 ipsum
1493 2255 1598 2314 autem

340 2439 364 2488 4.
382 2436 512 2499 spondens
525 2435 637 2497 44444444]
653 2433 701 2486 «ai.
714 2435 869 2498 sponsionem
883 2437 1000 2488 atenim·
1018 2451 1058 2489 ac
1075 2440 1102 2488 et
1116 2451 1167 2502 mg.
1181 2437 1207 2492 4.
1226 2436 1265 2487 Ci.
1279 2437 1401 2488 Huschke
1413 2434 1487 2487 4441.
1500 2449 1526 2501 p.
1540 2434 1596 2487 ti'i.

276 2541 304 2552 -
322 2514 348 2564 4.
365 2511 463 2562 uenerit
478 2511 532 2562 Ghi
545 2524 559 2561 4
571 2509 607 2560 iri
625 2512 653 2561 44
667 2511 703 2572 Α,
722 2511 784 2561 item
796 2524 849 2576 mg.
864 2511 889 2564 a.
904 2541 931 2550 —
951 2512 975 2564 i.
989 2513 1113 2578 diffinitis.
1130 2541 1156 2550 -
1175 2512 1280 2576 videtur]
1292 2512 1393 2562 indetis.
1409 2539 1437 2550 -
1455 2513 1478 2562 7.
1492 2511 1599 2562 hans·-

274 2602 331 2640 eam
341 2613 355 2624 -
366 2614 381 2624 -
391 2587 456 2650 4444]
473 2601 532 2637 omn
543 2613 579 2624 --
591 2600 648 2636 casn
658 2613 695 2624 --
705 2600 763 2638 cans
778 2587 803 2637 is.
824 2614 851 2623 —
871 2587 895 2638 8.
908 2601 964 2638 4444
980 2589 1075 2649 ipsam,
1095 2601 1167 2650 44444
1183 2589 1274 2638 iudicio
1290 2601 1361 2638 nemo
1373 2586 1422 2650 das.
1441 2585 1598 2650 typographi

275 2675 367 2715 errore
385 2675 438 2713 om.
452 2661 481 2713 0.
504 2689 531 2700 ·-
549 2661 806 2727 dssmdsritiiiotzius
819 2662 870 2725 (ed.
884 2661 954 2726 alt.):
974 2664 1080 2726 (44444444
1093 2664 1184 2724 44844,
1203 2663 1317 2727 &serdot
1328 2661 1412 2716 444.
1429 2688 1454 2698 -
1475 2662 1514 2711 40.
1530 2663 1597 2726 pros.

274 2741 302 2790 in
314 2751 381 2802 poss.
396 2751 439 2800 pr.
457 2739 508 2801 ipse
524 2737 659 2789 ttleaeut
674 2739 699 2788 k.
715 2765 742 2774 -
762 2739 801 2788 44.
815 2739 887 2788 edicit
897 2739 922 2788 ir.
937 2765 966 2776 -
985 2740 1022 2789 ita
1035 2741 1157 2802 possideto
1168 2765 1205 2776 ·-
1215 2739 1343 2801 Quinctius
1355 2750 1406 2787 om.
1420 2737 1445 2786 ir.
1461 2763 1488 2773 -
1508 2737 1548 2788 ta.
1560 2740 1600 2788 ais

274 2831 325 2866 non
342 2815 498 2879 4444444441(
515 2815 543 2866 44
559 2816 591 2877 L,
618 2813 657 2865 isse
675 2828 706 2866 nc
727 2815 860 2877 4444444444·
877 2814 1072 2879 Gahccgn,
1098 2815 1137 2864 ias
1158 2827 1208 2864 non
1225 2810 1441 2877 4444444414(
1459 2814 1532 2862 eth.
1550 2812 1600 2876 (esis

274 2905 307 2941 ne
322 2893 446 2955 afferatur
462 2888 604 2952 Biddhi.)
620 2917 648 2925 —
668 2890 733 2952 (laid
748 2888 794 2940 tes?
810 2891 942 2942 iditavius
959 2891 1153 2956 (4144444444.
1171 2904 1197 2955 p.
1212 2889 1293 2951 test:
1313 2887 1399 2952 Quid?
1415 2887 1597 2944 44444440.

278 2990 305 3001 -
326 2965 365 3015 ts.
382 2979 434 3016 non
450 2978 502 3016 om.
522 2968 543 3018 4
560 2977 622 3016 cum
639 2966 689 3016 444
707 2967 734 3016 44
752 2979 792 3030 ps.
812 2965 829 3016 4.
850 2993 878 3004 -
904 2968 945 3017 44.
964 2980 1014 3018 esse
1029 2967 1160 3028 appulsam
1179 2966 1284 3028 praedic
1302 2965 1351 3015 ak.
1378 2991 1405 3000 -
1433 2963 1473 3013 46.
1491 2963 1597 3028 mnino]

275 3040 343 3090 dcent
367 3053 458 3091 errore
482 3040 672 3106 typographico
695 3039 721 3095 4.
749 3066 776 3077 -
802 3041 888 3091 illatas
905 3055 920 3092 4
938 3044 965 3092 44
981 3046 1011 3092 A.
1032 3068 1060 3079 -
1085 3043 1125 3092 47.
1136 3044 1171 3091 ’44
1189 3057 1214 3106 p.
1233 3042 1273 3092 44.
1293 3053 1321 3090 v.
1339 3040 1363 3090 8.
1382 3040 1433 3090 lico
1450 3040 1503 3089 dico
1522 3037 1598 3079 Η*

274 3117 398 3167 Nasoiam
414 3131 445 3167 oe
460 3117 595 3179 appellasse
612 3116 719 3179 4444444]
744 3116 798 3177 844,
825 3117 874 3168 sed
891 3115 962 3167 nulio
980 3116 1090 3168 lacunae
1107 3117 1194 3180 signo,
1213 3129 1254 3167 m:
1281 3115 1325 3166 hoc
1346 3115 1400 3165 dico
1416 3115 1538 3164 Naevian
1554 3129 1599 3176 ap·

271 3192 389 3256 pellasset
413 3193 460 3257 (44.
480 3192 615 3254 appellasse
634 3193 712 3253 corr.)
731 3191 829 3252 atridem
852 3205 880 3250 e,
907 3205 963 3242 cam
979 3193 1023 3244 ttec
1039 3193 1111 3243 444444
1127 3193 1273 3242 nominans
1289 3192 1436 3254 appellasset
1452 3191 1549 3252 quidem
1565 3192 1596 3254 ir,

275 3269 320 3320 444
344 3268 417 3318 edicti
437 3281 517 3317 annm
533 3281 565 3317 ne
589 3267 735 3330 appellasset
756 3268 854 3329 quidem
874 3267 934 3329 ab,
961 3269 1006 3318 hoo
1027 3269 1099 3319 edam
1119 3281 1197 3317 anum
1219 3280 1251 3317 ns
1273 3266 1321 3332 (me
1337 3268 1365 3330 B)
1384 3265 1529 3330 appellasset
1546 3267 1599 3330 qei-

276 3353 331 3403 dssn
346 3354 365 3403 B
378 3366 393 3402 c
405 3351 423 3402 d
433 3365 451 3417 g
461 3353 478 3402 h
490 3352 512 3414 i,
536 3352 581 3402 444
597 3352 669 3402 edicti
687 3337 742 3403 aad
756 3365 787 3402 ne
803 3352 938 3414 appellasse
954 3353 1052 3414 quiden
1068 3353 1091 3413 4,
1117 3353 1162 3402 444
1178 3352 1250 3402 edicti
1265 3351 1366 3402 minime
1382 3351 1528 3414 appellasset
1546 3351 1600 3414 qai-

275 3430 331 3478 dem
355 3429 392 3491 44,
417 3429 462 3478 noe
484 3430 590 3478 edictam
609 3441 689 3478 naam
709 3442 740 3479 ne
760 3429 906 3493 appellasset
932 3429 1030 3492 quidem
1052 3427 1098 3490 44,
1125 3429 1170 3479 hac
1193 3430 1279 3479 eodem
1300 3442 1378 3478 anam
1398 3442 1430 3478 nc
1451 3429 1598 3490 appellasset

274 3505 372 3567 4444444
393 3519 419 3555 4.
454 3505 530 3555 Τ4444
556 3505 704 3555 4444444444
731 3505 778 3556 his.
809 3516 861 3552 non
888 3504 1071 3567 pervetustum
1099 3506 1125 3554 in
1155 3504 1272 3567 margine
1300 3503 1463 3566 adscriptum
1487 3502 1596 3554 hahuit:

276 3580 339 3630 «iiic
360 3580 387 3630 in
409 3581 514 3630 vetusto
535 3577 679 3645 exemplari
697 3578 750 3630 duo
767 3577 826 3630 tolia
844 3582 918 3629 erant
934 3577 1078 3629 abscissa.»
1114 3580 1195 3631 Deest
1216 3581 1323 3644 praeter
1343 3577 1426 3629 444444
1450 3577 1535 3629 tinalia
1558 3591 1599 3630 se·

275 3653 353 3705 cundi
379 3654 472 3717 4444444
498 3654 604 3704 tertium
629 3653 775 3718 partitionis
801 3654 892 3716 caput,
919 3654 944 3704 in
963 3665 1015 3715 quo
1042 3655 1129 3704 orator
1154 3652 1354 3704 demonstrabat
1379 3655 1505 3706 Naevium
1529 3655 1598 3707 hona

275 3728 385 3790 Quinctii
403 3741 436 3778 ex
453 3727 539 3780 edicto
558 3741 609 3779 non
627 3728 794 3792 possedisse,
822 3739 882 3778 eum
900 3728 1028 3794 principio
1047 3727 1150 3792 epilogi.
1187 3729 1223 3779 Ex
1242 3728 1365 3779 codicum
1387 3728 1471 3782 turbis
1489 3733 1599 3796 apparet

275 3806 354 3856 etiam
380 3803 464 3856 44444
486 3804 540 3854 dieo
563 3807 590 3854 et
610 3804 734 3854 Nanctum
754 3803 928 3854 incertissima
953 3815 1027 3862 esse;
1055 3804 1080 3853 in
1097 3802 1271 3868 sequentihus
1288 3815 1395 3867 quoque
1412 3805 1495 3868 magis
1513 3805 1599 3870 444444

274 3879 455 3930 coniunctivae
472 3879 619 3942 appellasset
637 3874 952 3943 (BGabcdghlkln)
971 3889 1051 3941 quam
1069 3878 1210 3930 infinitivus
1221 3879 1365 3942 appellasse.
1385 3881 1450 3930 Nam
1463 3881 1530 3932 haec
1541 3881 1596 3932 lere

274 3953 388 4005 arbitror
400 3956 519 4019 proxime
531 3955 725 4019 praecessisse:
742 3954 824 4004 Dccni
840 3967 891 4003 non
900 3952 975 4016 sehse
985 3967 1103 4014 cansam,
1122 3971 1168 4006 cnr
1181 3955 1331 4019 postsdarct,
1346 3955 1458 4018 44444444
1469 3957 1534 4017 qaod
1545 3959 1595 4009 cet.

274 4030 312 4082 Ci.
332 4030 357 4094 5.
376 4029 407 4080 et
419 4042 478 4095 sqq.
499 4030 523 4095 5.
537 4029 569 4081 44
586 4041 647 4094 sqq.
667 4055 695 4066 -
716 4030 755 4079 48.
774 4027 854 4080 444444
871 4029 1027 4080 8444444444
1045 4045 1070 4094 4.
1090 4030 1147 4082 340.
1167 4030 1209 4081 ed.
1224 4031 1321 4095 Capp:
1341 4030 1426 4080 Cicero
1440 4044 1488 4092 pro
1500 4033 1598 4093 Quintio

273 4106 414 4156 adversarii
430 4105 594 4170 daliottiooem
610 4117 643 4154 eea
660 4105 774 4169 opinione
789 4105 916 4154 mininam
931 4105 1103 4166 reprehendit:
1120 4107 1145 4156 Si
1163 4107 1207 4171 qui
1225 4132 1240 4143 -
1250 4132 1265 4143 -
1275 4132 1289 4142 -
1306 4104 1454 4169 possidere.
1488 4108 1599 4169 lisponit

273 4179 307 4244 (st
318 4181 391 4243 ponit
407 4183 479 4232 recte
497 4181 550 4232 duo
569 4179 652 4231 Codd.
671 4181 783 4244 Monac.)
802 4181 966 4245 (4444444444
982 4195 1072 4231 suam:
1094 4181 1160 4243 Quid
1179 4184 1233 4243 est,
1258 4181 1354 4244 inquit,
1379 4180 1537 4244 possideret
1558 4183 1599 4232 ni-

272 4257 370 4308 mirum
387 4284 401 4295 -
411 4283 426 4294 -
437 4283 452 4295 ·
468 4257 607 4322 possideri.
641 4257 732 4308 Probat
751 4257 856 4308 Neptem
871 4270 922 4305 non
938 4256 1017 4317 dona,
1039 4257 1081 4308 sed
1095 4258 1228 4320 praedium
1243 4257 1393 4318 possedisse:
1418 4255 1485 4307 Cum
1503 4255 1597 4308 domus

273 4334 344 4392 erat,
370 4333 462 4396 inpete,
489 4335 602 4392 4444444,
624 4334 693 4385 servi
711 4335 737 4384 ia
755 4334 812 4398 4444
829 4330 922 4394 Gallia,
944 4335 1046 4398 privata
1127 4346 1207 4384 ausus
1224 4345 1254 4384 44
1271 4331 1424 4397 4444444444
1450 4337 1474 4382 44
1488 4333 1598 4397 44444444·

273 4406 348 4468 Quod
366 4407 388 4458 si
405 4405 475 4458 hona
489 4410 516 4458 P.
531 4407 628 4468 Quintil
644 4407 810 4472 possideres,
827 4407 950 4469 possidere
966 4421 1049 4458 omnes
1065 4421 1093 4459 ea
1110 4409 1165 4459 iare
1182 4408 1275 4459 444444.
1302 4408 1406 4458 Primus
1422 4407 1494 4458 hunc
1510 4407 1598 4460 iocum

271 4481 356 4534 attulit
373 4485 433 4534 Gar.
445 4485 469 4534 4.
497 4484 607 4534 Ceteros
625 4483 689 4546 tagit
705 4485 816 4549 propter
833 4483 960 4534 mendum
978 4485 1198 4549 typographicam
1214 4485 1241 4534 in
1257 4483 1346 4533 indice
1359 4481 1480 4534 editionis
1492 4485 1598 4550 ceppe-

270 4559 376 4609 ronerii.
411 4556 486 4616 Aliud
503 4571 610 4623 queque
629 4559 806 4621 fragmentum
823 4559 857 4609 ad
875 4573 913 4610 or.
934 4560 1104 4620 Quinctianae
1121 4559 1165 4611 vel
1181 4561 1232 4611 hoc
1250 4557 1387 4625 44444441
1404 4571 1427 4610 c.
1446 4559 1486 4610 27.
1506 4560 1598 4612 reierri

270 4632 339 4686 solet
356 4648 389 4686 ex
406 4633 512 4700 Ulpiano
528 4632 573 4685 lib.
593 4634 633 4685 ee.
651 4634 685 4684 ad
703 4634 825 4686 Edictum
843 4635 867 4700 g.
881 4635 912 4687 i:
932 4637 996 4698 Quid
1012 4637 1045 4687 sit
1060 4641 1143 4688 antem
1157 4634 1258 4685 latitare
1270 4636 1405 4684 4444444444.
1433 4635 1546 4686 Latitare
1558 4637 1599 4687 est

269 4724 332 4771 non,
350 4714 378 4760 at
395 4709 479 4760 044444
496 4711 590 4775 dopna,
609 4712 693 4777 turpis
711 4709 852 4762 occultatio
869 4712 925 4771 sui3
940 4717 1021 4775 polest
1037 4712 1102 4762 enim
1118 4711 1173 4774 qais
1190 4711 1292 4760 latitare
1307 4724 1357 4759 nan
1374 4710 1442 4773 turpi
1458 4711 1488 4760 de
1498 4724 1596 4773 canosa,

268 4785 344 4836 aelnti
361 4785 403 4846 444
420 4785 524 4847 tyranni
539 4785 710 4837 cmdslitatsrn
727 4787 795 4837 timet
811 4792 857 4837 aot
871 4787 923 4836 eim
939 4788 1045 4838 hostiam
1062 4791 1106 4836 ant
1118 4787 1263 4836 domesticas
1279 4786 1414 4837 seditiones.
1441 4787 1493 4836 Sed
1509 4787 1599 4838 inccr-

270 4861 401 4912 tisstmum
418 4873 479 4912 esse
499 4874 551 4911 non
569 4861 649 4912 modo
667 4862 700 4913 ad
718 4861 791 4927 quod
807 4863 885 4914 huius
903 4864 1028 4914 orationis
1045 4863 1136 4928 caput,
1156 4860 1204 4912 scd
1215 4861 1250 4912 ad
1262 4875 1343 4926 quem
1355 4863 1490 4914 Ciceronis
1501 4859 1597 4913 iihrum

268 4936 335 4987 haec
353 4935 469 4987 delinitio
486 4937 633 5002 pertineat,
652 4940 713 5002 post
730 4938 907 4990 Hotomanum
927 4939 969 5002 (ad
981 4952 1004 4989 c.
1019 4938 1069 5000 te.)
1088 4937 1160 4987 recte
1174 4938 1275 4990 rnenuit
1285 4934 1404 4987 Kellerus
1420 4950 1448 5002 p.
1462 4937 1502 4988 es.
1516 4951 1542 4988 n.
1555 4935 1594 4988 44.

271 5038 298 5048 -
316 5011 344 5061 84
361 5013 416 5075 qais
433 5013 492 5064 cod.
506 5014 681 5064 Emmeranus
699 5014 728 5076 E,
741 5013 802 5064 hili.
822 5027 893 5064 nunc
910 5015 1011 5066 Monac.
1030 5013 1085 5070 Lat.
1100 5009 1189 5070 44446.
1208 5011 1266 5067 Sec.
1282 5013 1336 5067 lili.
1352 5011 1402 5078 (E):
1421 5012 1443 5062 st
1460 5013 1520 5080 qnid
1536 5011 1596 5066 cod.

268 5087 369 5148 444444.
387 5085 500 5146 Eiectos.
519 5089 596 5146 Num.
616 5089 672 5144 isc.
693 5089 749 5158 (ii),
768 5089 797 5140 St
813 5090 857 5158 444
873 5090 955 5162 capp.
