3708 5850
547 422 620 488 cn.
643 422 966 490 xxxiv-xxxv.
996 421 1052 508 gg.
1074 420 1243 490 ott-roa.
1492 421 1554 487 ora

231 595 317 660 hisee
338 594 433 658 rebus
455 594 551 658 adimi
572 594 703 659 libertas
725 601 778 658 aut
800 594 909 682 civitas
930 577 1058 702 potest)
1084 613 1149 658 non
1170 593 1368 677 intelligunt,
1397 595 1454 678 qni
1474 593 1553 658 liaeo
1666 675 1673 686 .

233 696 494 763 commemorant,
524 690 549 752 si
571 708 630 772 per
650 687 708 752 has
729 689 867 751 rationes
890 689 1024 753 maiores
1046 687 1141 751 adimi
1164 707 1258 772 posse
1279 689 1463 765 voluerunt,
1490 688 1554 752 alio
1655 755 1662 776 ‚

231 784 327 847 modo
349 784 512 848 noluisset
548 779 619 846 tuo.
642 785 729 858 Nam,
753 790 788 844 ut
808 782 886 845 haec
908 801 949 844 ex
971 783 1040 844 iuro
1062 780 1148 845 civili
1168 781 1342 865 proferunt,
1365 784 1555 847 sieaiierant

230 879 339 951 velim,
355 875 486 964 [quibus
512 878 582 962 lege
612 884 668 940 aut
696 877 860 959 rogatione
889 875 999 938 civitas
1030 883 1084 938 aut
1105 873 1233 938 libertas
1255 873 1448 963 ereptqpit.)
1476 879 1555 941 Nam

231 972 317 1057 quod
338 973 379 1034 ad
401 973 548 1036 exsilium
569 973 691 1045 attinet,
713 970 880 1054 perspicue
900 969 1034 1051 intelligi
1055 975 1169 1052 potest,
1189 969 1284 1053 quale
1306 971 1356 1032 sit.
1397 971 1579 1034 Exsilinmo

231 1069 315 1130 enim
337 1087 402 1130 non
424 1065 613 1148 supplicium
636 1071 697 1138 esi,
720 1062 776 1127 sed
798 1062 977 1146 perfugium
997 1070 1171 1146 portusque
1194 1062 1359 1147 supplioii3
1385 1083 1458 1127 nam
1481 1065 1557 1148 quia

230 1163 343 1227 volunt
364 1181 500 1245 poenam
523 1160 662 1242 aliquam
683 1157 900 1239 subterfugere
924 1165 979 1220 aut
1000 1158 1220 1234 calamitatem,
1243 1177 1282 1220 eo
1302 1157 1404 1222 solum
1419 1164 1556 1234 vertunt,
1639 1202 1643 1212 .

230 1257 291 1320 hoe
314 1265 377 1331 est,
408 1254 516 1318 sedem
538 1272 575 1316 ae
597 1253 701 1317 locum
726 1258 858 1314 mutant.
901 1252 1012 1337 ltaque
1033 1251 1122 1314 nulla
1143 1252 1176 1314 in
1197 1252 1268 1333 lege
1289 1259 1399 1314 nostra
1419 1253 1557 1337 reperie-

230 1357 296 1425 tur,
318 1358 355 1413 ut
375 1350 459 1433 apud
481 1356 601 1412 ceteras
624 1348 783 1420 civitates,
814 1343 1003 1409 maleficium
1026 1345 1126 1409 ullum
1148 1346 1261 1408 exsilio
1285 1365 1354 1409 esse
1376 1346 1556 1422 multatum3

231 1443 287 1507 sed
295 1443 381 1525 soum
402 1442 549 1505 homines
570 1441 713 1514 vincula,
744 1461 837 1505 neces
859 1441 1116 1523 ignominiasque
1137 1441 1253 1514 vitant,
1282 1460 1365 1524 qnae
1387 1447 1461 1502 sunt
1481 1440 1557 1524 legi-
1543 1453 1595 1500 -io

230 1538 290 1600 bus
313 1533 720 1644 constitutae‚)eonfugiunt
742 1537 833 1620 quasi
856 1536 896 1598 ad
918 1555 1003 1597 aram
1025 1535 1059 1596 in
1081 1534 1246 1597 exsiliuma
1269 1535 1324 1618 qui
1340 1535 1366 1597 si
1381 1534 1414 1597 in
1430 1535 1557 1598 civitate
1624 1509 1678 1598 ΛΖ

232 1631 311 1714 legis
340 1651 404 1693 urm
434 1630 540 1692 subire
561 1629 695 1703 vellent,
725 1649 789 1693 non
814 1630 902 1713 prius
925 1629 1081 1691 civitatem
1108 1647 1203 1738 quam
1236 1629 1332 1692 vitam
1361 1627 1556 1692 amitterent.

231 1725 307 1807 quia
327 1723 456 1797 nolunt,
483 1742 547 1785 non
577 1721 774 1785 adimitur”
753 1743 792 1786 ns
815 1723 941 1796 civitas,
973 1722 1028 1785 sed
1051 1722 1133 1785 alr”
1111 1743 1151 1786 us
1175 1722 1366 1808 relinquitur
1386 1729 1481 1807 atque
1503 1724 1559 1788 de·

230 1817 368 1901 ponitur.
406 1818 495 1891 Nam,
518 1837 588 1879 oum
611 1835 651 1880 ex
673 1821 781 1880 nostro
804 1817 873 1878 iure
896 1815 1030 1878 duarum
1054 1817 1217 1880 civitatum
1238 1835 1332 1879 nemo
1355 1836 1424 1880 esse
1446 1819 1557 1900 possit,

230 1919 297 1974 tum
319 1911 474 1974 amittitur
494 1909 573 1974 haee
595 1912 706 1974 civitas
728 1911 881 1995 denique,
910 1930 982 1972 eum
1004 1911 1048 1985 is,
1081 1910 1137 1994 qui
1158 1909 1314 1994 profugit,
1343 1919 1488 1995 receptus
1509 1919 1595 1975 estis

229 2005 264 2068 in
286 2005 444 2079 exsilium,
466 2005 526 2068 hoe
547 2011 606 2079 est,
627 2004 660 2066 in
682 2004 777 2068 aliam
799 2005 968 2069 civitatem.

313 2099 445 2163 XXXV.
472 2092 543 2160 iti.
565 2100 636 2161 Non
658 2117 708 2160 me
730 2091 894 2182 praeterit,
916 2108 1174 2183 recuperatores,
1195 2101 1320 2164 tametsi
1342 2098 1382 2164 de
1403 2099 1466 2164 lroe
1487 2100 1557 2164 iure

231 2194 389 2279 permulta
411 2199 587 2277 praetereo,
609 2198 712 2255 tamen
735 2211 785 2255 me
807 2192 934 2276 longius
956 2213 1026 2258 esse
1040 2194 1236 2278 prolapsum,
1258 2215 1353 2280 mam
1367 2196 1447 2259 ratio
1461 2195 1557 2260 vestri

231 2288 341 2352 iudicii
369 2287 547 2372 postularit.
590 2286 708 2351 Verum
730 2286 763 2349 id
784 2285 858 2361 feei,
888 2308 952 2351 non
976 2308 1040 2372 quo
1061 2308 1118 2352 vos
1145 2288 1227 2354 hanc
1249 2289 1283 2352 in
1304 2289 1364 2353 hae
1385 2308 1481 2354 eausa
1503 2289 1557 2352 de-

229 2381 408 2445 fensionem
429 2381 609 2444 desiderare
632 2380 809 2456 arbitrarer,
832 2380 889 2444 sed
904 2387 940 2443 ut
954 2401 1064 2446 omnes
1078 2382 1292 2465 intelligerent
1305 2403 1364 2446 nee
1377 2383 1557 2466 ademptam
1567 2393 1595 2442 to

230 2476 379 2560 cuiq'uam
401 2475 558 2538 civitatem
588 2493 659 2536 esse
689 2493 792 2558 neque
820 2473 916 2538 adimi
946 2494 1050 2557 posse.
1093 2477 1162 2539 Hoe
1183 2497 1255 2540 oum
1275 2469 1332 2540 eos
1355 2476 1436 2540 soire
1457 2476 1556 2552 volui,

231 2570 346 2653 quibus
369 2568 457 2631 Sulla
478 2567 580 2631 voluit
601 2567 749 2630 iniuriam
770 2566 883 2642 faeere,
906 2574 972 2630 tum
994 2589 1103 2632 omnes
1118 2577 1238 2634 eeteros
1253 2591 1354 2635 novos
1368 2577 1555 2655 ueteresque

230 2665 332 2739 cives;
365 2662 575 2746 nequeenim
606 2661 687 2724 ratio
717 2661 821 2724 ademi
842 2669 964 2746 potest,
995 2684 1067 2739 cur,
1095 2663 1122 2727 si
1144 2665 1292 2748 cuiquam
1313 2685 1396 2728 novo
1418 2663 1479 2728 oivi
1499 2683 1557 2747 po·

230 2760 323 2822 tuerit
344 2756 442 2821 adimi
464 2755 594 2832 civitas,
616 2776 680 2819 non
703 2756 849 2820 omnibus
871 2757 1030 2839 patriciis,
1060 2759 1207 2823 omnibus
1228 2758 1456 2841 antiquissimis
1479 2758 1556 2821 oiri-

228 2851 289 2914 bus
311 2851 421 2934 possit.
470 2845 542 2913 iot.
569 2852 649 2916 Nam
679 2850 720 2912 ad
746 2850 828 2914 lrano
856 2850 985 2934 quidem
1014 2870 1142 2915 oausam
1168 2851 1248 2915 nihil
1275 2852 1337 2915 hoe
1363 2851 1594 2936 pertinuissess

228 2945 366 3029 primum
388 2965 429 3010 ex
452 2963 489 3008 eo
511 2943 646 3027 intelligi
667 2951 782 3027 potest,
804 2943 892 3028 quod
911 2964 969 3008 vos
991 2944 1031 3008 de
1054 2965 1092 3010 ea
1112 2964 1147 3009 re
1169 2946 1309 3010 iudicare
1330 2965 1393 3009 non
1416 2943 1555 3008 dehetis:
1636 3005 1640 3013 .

230 3037 346 3102 deinde
368 3037 453 3122 quod
476 3038 565 3101 Sulla
588 3039 657 3122 ipse
686 3039 730 3102 ita
757 3038 830 3102 tulit
858 3039 897 3102 de
925 3039 1069 3114 civitate,
1095 3046 1222 3104 utnon
1253 3039 1417 3105 sustrderit
1441 3038 1555 3104 horum

295 3254 318 3302 4.
336 3251 401 3302 hisce
416 3251 488 3302 ratus
504 3252 521 3301 ir
538 3253 565 3302 et
580 3250 698 3301 iuntina:
717 3251 836 3302 incestius
853 3253 886 3311 0;
905 3252 1040 3302 strambos
1055 3253 1075 3304 ii
1094 3252 1136 3316 (de
1148 3253 1168 3302 T
1178 3255 1269 3305 tamen
1281 3252 1340 3306 silet
1351 3251 1504 3318 Harlessius]
1517 3257 1553 3315 A;

229 3325 287 3376 itare
302 3326 375 3376 rebus
391 3339 453 3377 enm
464 3325 556 3376 Aldina
573 3324 656 3380 440.
674 3353 700 3376 -,
718 3327 743 3376 i.
756 3327 864 3377 maiores
874 3328 953 3377 adimi
969 3327 1142 3392 ETkaa:
1161 3327 1239 3378 adimi
1254 3329 1514 3384 maioresiiALssO.
1524 3357 1552 3368 -

229 3399 255 3450 3.
271 3399 402 3464 proferunt
417 3401 434 3450 ir
451 3401 478 3450 et
495 3398 605 3451 Orellius
621 3400 713 3464 (Orati.
726 3401 768 3450 sei.
781 3399 862 3464 XV.):
879 3401 1020 3465 profuerint
1031 3406 1064 3462 0;
1079 3405 1230 3468 prostrarent
1243 3405 1307 3464 liA,
1321 3407 1482 3467 protutorem
1492 3418 1554 3456 cum

229 3473 322 3526 Aldina
335 3472 417 3528 teo.
431 3474 470 3526 Cf.
479 3487 536 3525 var.
547 3474 607 3526 leet.
617 3488 644 3540 p.
655 3475 710 3525 372.
724 3489 750 3525 v.
762 3477 800 3525 46.
815 3503 841 3512 -
853 3479 962 3540 efferant
973 3491 1034 3529 cnm
1045 3477 1136 3530 Aldina
1148 3476 1223 3533 ito
1235 3492 1241 3528 τ
1260 3479 1366 3530 adaram
1377 3479 1419 3543 (ex
1430 3479 1555 3545 adserunt)

230 3547 265 3610 44ῑ
284 3549 403 3600 44444444
413 3553 474 3601 4.-
488 3549 512 3601 4.
530 3552 659 3616 roquttone
671 3553 729 3601 Ant.
742 3551 918 3614 Augustinus:
935 3553 1033 3603 ratione
1043 3551 1107 3614 tim
1126 3553 1310 3605 domnacum
1322 3556 1424 3606 Iuntina
1436 3552 1551 3609 440.-

230 3627 255 3677 4.
267 3625 374 3690 iotellapr'
384 3625 443 3676 Τ.-
463 3626 488 3678 a.
501 3627 645 3692 perfugitum
656 3627 731 3690 ETq
743 3630 770 3676 et
781 3623 868 3679 44οε
882 3626 1030 3691 profugium
1041 3627 1133 3679 RA.-
1151 3628 1212 3692 qaia
1222 3628 1349 3680 iordanus
1362 3629 1429 3694 (eoil.
1441 3630 1507 3694 Epp.
1520 3627 1554 3679 ad

229 3701 282 3753 Att.
294 3699 325 3752 X.
338 3701 379 3763 47,
396 3701 421 3753 4.
440 3701 474 3752 ad
490 3703 562 3754 Fam.
580 3703 621 3754 iX.
636 3703 676 3764 to,
690 3701 740 3766 i.):
757 3703 800 3765 qut
817 3699 962 3756 444440.
982 3729 1009 3739 -
1029 3704 1054 3753 Τ.
1073 3703 1185 3766 elimam
1197 3717 1306 3768 peritam
1322 3705 1350 3756 T.
1374 3707 1471 3756 Deerat
1486 3705 1555 3756 haee

229 3775 307 3828 lectio
323 3778 351 3829 in
367 3778 533 3830 Mommsenii
549 3777 664 3830 schedis.
675 3804 703 3815 -
722 3779 746 3831 8.
764 3779 919 3842 repperietur
934 3779 991 3830 ET.
1017 3779 1055 3830 ci.
1074 3779 1098 3844 5.
1112 3780 1152 3832 64.
1172 3807 1201 3819 -
1219 3781 1243 3831 s.
1261 3784 1291 3831 ot
1302 3793 1355 3831 om.
1369 3777 1431 3832 ur.
1448 3777 1556 3831 Addidit

228 3855 376 3918 Naugerius
392 3855 420 3906 in
435 3853 536 3906 Aldina.
550 3882 578 3891 -
596 3853 692 3905 4444444
708 3855 737 3905 Τ.
752 3878 780 3891 -
798 3855 976 3905 maletatomA
994 3857 1022 3905 et
1038 3867 1091 3920 mg.
1109 3857 1148 3918 Τίς
1165 3861 1291 3907 mutatum
1306 3855 1410 3909 Tiiab
1419 3868 1437 3920 p
1447 3853 1553 3920 (μαβς

228 3930 331 3982 madetis
346 3929 376 3980 E.
396 3957 424 3968 -
443 3930 484 3981 40.
501 3928 567 3994 eum]
583 3934 611 3980 at
627 3928 655 3980 T.
676 3957 703 3967 —
726 3927 843 3992 dominer]
866 3941 950 3980 orooes
966 3927 997 3981 a.
1020 3929 1177 3982 Emendavit
1193 3932 1338 3996 Naugerius
1358 3932 1385 3982 in
1402 3929 1504 3983 Aldina.
1524 3957 1552 3972 -

227 4004 338 4070 uinculo]
357 4006 431 4057 «line
446 4003 546 4068 verbo,
564 4017 616 4071 quo
633 4003 723 4056 fluitur
738 4005 846 4070 pagina,
865 4003 962 4055 desinit
979 4003 1012 4068 (in
1030 4005 1058 4069 E)
1077 4007 1161 4056 oratio
1177 4017 1226 4071 pro
1238 4006 1365 4069 Caecina,
1384 4019 1453 4070 quae
1464 4007 1555 4056 tamen

229 4079 264 4132 ab
281 4079 389 4132 librario
407 4082 522 4145 integra,
541 4081 570 4130 ut
585 4079 702 4141 videtur,
722 4079 779 4130 erat
796 4078 939 4144 descripta.
965 4079 1058 4152 Ereisa
1080 4083 1142 4131 sunt
1165 4083 1236 4132 enim
1258 4079 1345 4146 plura,
1370 4093 1439 4143 quae
1456 4092 1555 4146 seque·

228 4155 339 4221 bantur,
359 4156 433 4220 ioiia,
451 4169 565 4222 qnorum
582 4154 716 4220 quaedam
734 4155 815 4206 frusta
832 4156 983 4218 supersunt.
1007 4156 1037 4206 in
1054 4157 1085 4207 iis
1102 4155 1169 4208 foliis
1185 4155 1245 4209 flnis
1262 4158 1320 4208 erat
1335 4156 1413 4209 huius
1429 4155 1555 4206 orationis
1605 4203 1609 4214 ,

230 4237 257 4281 et
273 4232 375 4283 initium
392 4233 541 4297 sequentis,
561 4244 628 4297 quae
641 4228 729 4280 habita
742 4231 783 4282 est
793 4243 841 4295 pro
853 4231 881 4280 P.
895 4227 990 4281 Sulla·
1008 4231 1133 4282 Wonoen.
1149 4259 1176 4268 -
1195 4233 1236 4283 ii.
1249 4231 1332 4298 arom]
1350 4229 1459 4284 annali
1472 4231 1556 4297 (prae-

194 4345 198 4352 .
229 4301 308 4368 iord)
321 4307 352 4356 A.
370 4305 527 4357 Emendavit
542 4303 623 4355 Nicol.
636 4303 760 4368 Angelius
777 4305 804 4354 in
819 4306 930 4357 Iuntina.
944 4333 971 4343 -
990 4305 1031 4357 ii.
1042 4305 1133 4372 ordire]
1149 4307 1203 4358 siue
1218 4308 1275 4359 iura
1285 4308 1314 4359 T.
1329 4333 1356 4344 —
1375 4308 1416 4358 43.
1431 4308 1462 4358 its
1478 4321 1500 4356 o.
1513 4306 1555 4358 aad

230 4379 262 4432 ab
282 4382 314 4431 tia
329 4381 373 4431 Tir
391 4384 418 4431 et
433 4382 468 4432 A:
491 4381 530 4430 tte
550 4380 598 4430 oio.
615 4379 658 4430 sed
674 4378 706 4428 ad
722 4379 768 4427 hiis
784 4379 820 4437 V;
838 4379 875 4430 iris
891 4382 938 4430 eto.
956 4381 999 4430 sed
1014 4381 1046 4431 ab
1062 4382 1099 4432 iis
1114 4381 1259 4437 444440.
1280 4409 1307 4419 -
1321 4381 1361 4434 ii.
1379 4395 1436 4433 eran
1451 4395 1506 4434 om.
1524 4385 1553 4435 Τ.

232 4483 260 4496 -
279 4458 319 4507 ia.
338 4457 449 4520 danique]
467 4457 565 4507 worm
580 4455 675 4508 Belius
687 4455 721 4506 ad
739 4455 792 4506 Cic.
806 4455 840 4507 de
856 4458 934 4520 Legg.
953 4457 984 4506 11.
1002 4454 1032 4518 4,
1051 4457 1091 4506 to.
1109 4470 1137 4522 p.
1152 4455 1209 4508 449.
1231 4455 1283 4508 sed
1295 4457 1329 4508 el.
1341 4457 1417 4508 iinnd
1434 4459 1509 4509 Turs.
1522 4459 1554 4509 ii.

229 4545 256 4600 p.
275 4533 324 4585 275
341 4545 382 4596 sq.
402 4559 430 4569 -
456 4533 496 4583 48.
511 4532 637 4595 mutto
653 4533 718 4582 TV:
741 4531 821 4582 multe
836 4528 979 4585 444440.
1000 4559 1027 4567 -
1052 4545 1102 4584 essa
1119 4532 1269 4596 proiepsaon
1285 4533 1317 4583 T:
1339 4533 1486 4596 prolapsam
1505 4545 1555 4582 asse

229 4605 373 4661 uAito.
397 4606 436 4658 Cf.
453 4607 523 4658 Bake
541 4607 575 4662 ad
592 4609 647 4659 Cio.
666 4607 700 4658 do
718 4608 795 4672 Legg.
814 4619 840 4672 p.
860 4606 917 4659 446.
934 4631 962 4643 -
980 4606 1055 4655 vestm
1071 4607 1091 4656 T
1109 4607 1139 4670 (si
1156 4607 1224 4659 fldes
1241 4608 1283 4659 esi
1302 4605 1427 4658 iiarlessii
1442 4604 1553 4670 silentio)

229 4682 248 4733 k
265 4683 292 4734 et
309 4694 372 4733 enm
389 4681 481 4733 Aldina
498 4681 588 4736 4004
606 4682 685 4733 nostri
702 4683 763 4732 RA.
784 4709 811 4717 -
832 4681 871 4731 io.
889 4693 938 4742 quo
954 4693 997 4730 uos
1013 4679 1166 4732 TGliba:
1186 4696 1234 4745 quo
1250 4695 1295 4732 noa
1310 4681 1346 4741 V;
1365 4693 1426 4744 quoa
1441 4680 1472 4741 k3
1490 4680 1556 4743 qood

229 4771 274 4810 uos
290 4755 433 4811 444400.
454 4783 481 4794 -
498 4757 563 4808 Aaou
579 4757 606 4807 in
622 4757 669 4807 iae
685 4757 810 4808 eaasuT:
829 4757 856 4806 ia
871 4756 918 4806 itae
934 4768 1013 4806 aaran
1028 4754 1093 4804 leae
1109 4754 1254 4810 nitio.
1273 4754 1311 4808 Ci.
1327 4755 1439 4807 Divinat.
1451 4757 1478 4806 in
1490 4755 1556 4806 Cae-
1645 4786 1647 4792 ·

231 4833 273 4885 eii.
292 4833 316 4898 5.
335 4833 376 4884 40.
394 4832 525 4886 Verniii
544 4831 568 4896 fl.
582 4831 622 4882 04.
637 4858 664 4867 -
683 4833 724 4882 ui.
741 4843 819 4896 aequa
836 4828 858 4882 a
876 4829 1043 4896 praetendi:
1061 4828 1151 4894 ηωβ,
1169 4829 1275 4894 Aldina,
1293 4829 1406 4885 Atto
1421 4857 1449 4867 -
1467 4826 1554 4896 adimo]

231 4908 331 4960 adimtst
346 4907 374 4960 T.
389 4930 417 4943 -
437 4920 465 4957 ao
480 4907 585 4958 setraT.
598 4932 626 4941 -
644 4905 767 4957 iterna.
780 4905 877 4956 atilav.
892 4931 919 4941 -
933 4905 1168 4957 orma-moos.
1181 4919 1205 4958 a.
1218 4907 1245 4958 in
1257 4918 1310 4972 mg.
1323 4903 1349 4959 8.
1365 4931 1391 4941 -
1410 4904 1556 4968 44444444

230 4983 290 5034 TV.
310 5010 338 5020 -
355 4979 397 5034 44.
415 4995 466 5034 ooo
488 4979 600 5034 emollio
616 4979 795 5044 aedquudmts
810 4979 903 5032 doibw
914 4981 992 5044 possit
1008 4977 1041 5030 al.
1059 4977 1086 5032 in
1102 4991 1157 5046 mg.
1174 4978 1202 5035 4.
1223 5008 1251 5018 -
1268 4981 1310 5033 40.
1328 4981 1358 5032 da
1373 4993 1405 5033 en
1419 4992 1448 5031 re
1462 4977 1556 5030 iorda-

230 5069 280 5108 nus
297 5057 442 5124 4004444444.
461 5057 490 5109 de
507 5057 566 5109 cod.
586 5054 698 5121 legeras.
717 5069 745 5124 p.
758 5055 822 5120 iol:
844 5057 874 5108 da
889 5069 917 5106 re
933 5051 957 5107 a
974 5055 1089 5120 (praeter
1100 5053 1124 5121 i)
1142 5058 1177 5118 At
1195 5067 1227 5110 aa
1242 5057 1272 5108 da
1286 5069 1316 5110 ra
1330 5055 1362 5122 ir,
1380 5055 1423 5109 ed.
1441 5054 1552 5117 lentina,

230 5131 314 5188 440.
337 5132 377 5185 ct.
394 5143 422 5199 p.
440 5133 517 5187 itoso.
537 5131 613 5186 Com.
632 5129 656 5198 4.
674 5131 716 5185 it.
735 5157 763 5170 -
782 5133 824 5184 27.
841 5145 929 5185 asnaa
943 5127 965 5194 β
981 5132 1008 5184 et
1023 5130 1083 5186 At..

273 5223 364 5277 muno
378 5225 404 5275 Τ.
412 5224 441 5276 il.
1298 5221 1341 5292 33
