3610 5860
597 425 670 492 cn.
692 401 831 490 x-xr.
859 421 915 510 ps.
936 423 1082 492 ar-as.
1430 419 1492 487 aas

179 579 407 674 demnandum,
436 617 529 680 quem
559 617 730 681 numquam
759 598 890 662 vidisset
915 617 1021 682 neque
1042 597 1203 696 audisset,
1231 595 1401 662 adductum
1423 618 1494 663 erse

178 695 305 780 pretio‘l
338 695 385 755 Au
409 692 524 755 certius
547 693 718 776 quidquam
735 693 829 757 obiici
852 700 957 775 potest
979 713 1073 778 quam
1097 692 1244 776 quadis,
1268 694 1318 756 cui
1334 693 1493 767 obiicitur,

178 808 218 851 ne
241 796 320 849 nutu
344 786 472 871 quidem
494 782 650 849 infirmare
673 789 827 850 conaturi
860 784 911 849 30.
926 787 1041 850 Verum
1064 793 1166 849 tamen
1188 788 1216 850 is
1237 787 1327 850 testis
1343 785 1388 868 (ut
1401 786 1492 850 facile

177 881 412 963 intelligeretis,
442 899 513 943 eum
534 899 599 941 non
622 879 762 944 adfuisse
784 881 906 956 animo,
930 901 1000 943 cum
1023 901 1118 944 causa
1139 881 1177 944 ab
1199 881 1262 944 illis
1284 886 1427 962 ageretur
1448 888 1493 942 te-

178 985 305 1060 stesque
328 977 482 1049 dicerent,
505 974 561 1038 sed
582 975 735 1058 tantisper
756 974 795 1038 de
814 974 922 1060 aliquo
936 995 991 1039 reo
1008 971 1189 1057 cogitasse),
1212 993 1282 1037 cum
1297 993 1406 1037 omnes
1420 981 1517 1038 anteo

178 1091 248 1134 eum
271 1071 425 1132 dixissent
446 1074 559 1141 testes,
582 1074 716 1132 armatos
739 1090 811 1131 cum
831 1068 967 1132 Aebutio
984 1068 1083 1132 luisse
1099 1068 1291 1150 complures,
1313 1068 1398 1131 solus
1414 1068 1495 1133 dixit

176 1186 241 1228 nou
270 1163 377 1226 luisse.
416 1164 510 1226 Visus
541 1170 589 1226 est
614 1163 691 1225 mibi
721 1165 821 1246 primo
843 1170 1002 1226 veterator
1022 1161 1198 1245 intelligere
1220 1163 1394 1244 praeclare,
1417 1161 1494 1245 quid

177 1279 289 1323 causae
311 1258 464 1331 obstaret,
492 1262 523 1319 et
551 1263 671 1320 tautum
692 1255 784 1320 modo
807 1277 925 1332 errare,
956 1257 1042 1340 quod
1065 1277 1174 1320 omnes
1196 1262 1292 1319 testes
1314 1253 1493 1328 infirmaret,

178 1355 233 1439 qui
261 1360 333 1415 ante
356 1373 427 1415 eum
451 1351 622 1413 dixissent:
652 1371 723 1414 cum
745 1351 863 1426 subito,
887 1372 959 1414 ecce
981 1351 1064 1414 idem
1097 1353 1151 1435 qui
1185 1350 1283 1424 solet,
1312 1371 1387 1413 suos
1409 1348 1494 1412 solos

177 1467 283 1512 servos
306 1450 441 1508 armatos
462 1444 560 1508 luisse
584 1445 674 1507 dixit.
718 1443 800 1520 Quid
823 1445 897 1508 buic
920 1450 955 1508 tu
977 1444 1097 1508 homiui
1120 1444 1238 1507 lacias‘l
1259 1463 1367 1506 nonne
1382 1461 1532 1508 conce-io

177 1541 232 1602 das
265 1539 438 1613 interdum,
470 1547 506 1603 ut
538 1539 742 1603 excusatione
774 1559 915 1603 summae
945 1539 1095 1604 stultitiae
1125 1559 1264 1603 summae
1285 1533 1496 1622 improbitatis

177 1633 286 1696 odium
310 1633 505 1717 deprecetur.

259 1729 315 1790 Xl.
343 1720 393 1788 3l.
423 1727 546 1802 Utrum,
574 1735 826 1812 recuperatores,
857 1728 908 1791 his
937 1728 1069 1792 testibus
1100 1747 1164 1792 non
1186 1726 1383 1803 credidistis,
1412 1745 1494 1800 cum,
1558 1725 1566 1732 ”

179 1821 266 1905 quod
294 1821 444 1905 liqueret,
473 1840 539 1883 nou
569 1821 747 1884 habuistis?
778 1825 820 1886 At
849 1824 1064 1887 controversia
1085 1844 1150 1887 non
1173 1832 1255 1897 erat,
1285 1821 1362 1906 quin
1384 1839 1494 1883 aerum

177 1917 326 1979 dicerent.
359 1917 408 1976 An
430 1915 463 1976 in
485 1921 594 1977 coacta
613 1913 828 1990 multitudine,
849 1918 1008 1991 inarmis,
1030 1916 1063 1978 in
1077 1917 1165 1991 telis,
1187 1918 1220 1978 in
1235 1915 1394 1999 praesenti
1409 1921 1532 1978 metuis

176 2009 284 2072 mortis
305 2009 535 2093 perspicuoque
557 2009 699 2091 periculo
722 2008 827 2074 caedis
850 2011 979 2073 dubium
1001 2011 1089 2074 vobis
1109 2011 1183 2085 fuit,
1205 2011 1309 2074 inesse
1322 2009 1370 2073 vis
1388 2008 1495 2089 aliqua

176 2104 337 2166 videretur
363 2107 489 2166 necne‘l
524 2103 645 2179 Quibus
673 2104 768 2185 igitur
795 2104 828 2167 in
851 2105 945 2168 rebus
966 2106 1014 2168 vis
1035 2105 1170 2188 intelligi
1191 2110 1312 2188 potest,
1341 2103 1368 2166 si
1389 2102 1422 2163 in
1443 2101 1494 2163 bis

176 2217 241 2260 non
264 2199 485 2280 intelligetur?
514 2199 562 2262 An
584 2217 659 2262 vero
686 2199 740 2262 illa
762 2199 905 2262 defensio
925 2199 1015 2261 vobis
1037 2198 1198 2281 praeclara
1218 2199 1286 2261 visa
1307 2204 1374 2260 est:
1407 2197 1492 2257 «Non

176 2291 295 2366 deieci,
319 2291 375 2354 sed
398 2292 520 2368 obstiti3
542 2311 607 2354 nou
629 2293 713 2354 enim
735 2299 765 2354 te
788 2313 858 2356 sum
878 2311 992 2375 passus
1012 2294 1046 2355 in
1060 2292 1194 2357 fundum
1212 2293 1350 2375 ingredi,
1373 2290 1429 2354 sed
1444 2310 1493 2353 ar·

175 2393 275 2450 matos
303 2385 447 2448 homines
476 2386 626 2469 opposui,
655 2394 691 2449 ut
721 2386 929 2469 intelligeres,
958 2388 984 2451 si
1007 2389 1038 2450 in
1060 2387 1159 2450 fundo
1184 2388 1298 2470 pedem
1320 2386 1530 2469 posuisses,so

175 2481 280 2543 statim
301 2480 358 2542 tibi
380 2500 449 2543 esse
472 2481 697 2566 pereundum.»
734 2479 819 2555 Quid
842 2482 912 2543 aisl
943 2482 990 2556 ls,
1021 2483 1077 2566 qui
1103 2484 1198 2546 armis
1218 2480 1420 2565 proterritus,
1444 2479 1495 2540 lu-

174 2581 283 2658 gatus,
313 2575 423 2658 pulsus
451 2582 513 2649 est,
542 2595 605 2637 non
629 2573 752 2638 videtur
780 2595 850 2637 esse
872 2574 1036 2650 deiectus?
1079 2573 1131 2638 39.
1154 2577 1313 2640 Posterius
1336 2573 1375 2634 de
1397 2571 1493 2636 verbo

175 2668 369 2731 videbimus:
392 2689 476 2732 nunc
499 2690 565 2733 rem
588 2671 690 2752 ipsam
710 2688 883 2751 ponamus,
906 2688 1000 2753 quam
1022 2668 1150 2733 illinon
1165 2676 1296 2751 negant,
1319 2674 1352 2732 et
1365 2668 1434 2732 eius
1447 2665 1493 2728 rei

174 2763 223 2824 ius
247 2763 465 2847 actionemque
488 2783 683 2848 quaeramus.

256 2857 313 2920 Est
340 2856 418 2920 baec
444 2877 495 2920 res
523 2858 640 2941 posita,
674 2875 756 2941 quae
786 2853 831 2940 ab:
851 2857 1027 2923 adversario
1048 2878 1112 2921 non
1139 2865 1286 2942 negatur:
1320 2856 1532 2931 caecinamas

175 2971 244 3014 eum
267 2953 308 3014 ad
331 2954 531 3032 constitutam
553 2952 636 3016 diem
658 2959 846 3035 tempusque
867 2949 1084 3032 venisset,(ut
1104 2953 1152 3016 vis
1174 2973 1210 3016 ac
1232 2952 1379 3017 deductio
1401 2953 1497 3016 mori-

175 3043 234 3108 bus
254 3035 363 3136 deget)
389 3046 514 3129 pulsum
543 3046 800 3130 prohibitumque
825 3066 895 3111 esse
917 3049 948 3110 vi
970 3049 1085 3111 coactis
1106 3048 1285 3112 bominibus
1308 3054 1340 3111 et
1360 3049 1496 3125 armatis,
1594 3045 1598 3052 ’

176 3139 253 3203 Cum
273 3139 334 3204 hoc
349 3145 480 3214 constet,
504 3159 563 3222 ego
578 3139 672 3203 bomo
688 3140 853 3223 imperitus
868 3141 955 3216 iuris,
977 3143 1104 3224 ignarus
1119 3143 1318 3224 negotiorum
1332 3161 1368 3205 sc
1381 3142 1495 3220 litium,

173 3231 256 3296 banc
277 3240 355 3316 puto
377 3253 427 3296 me
448 3233 565 3296 babere
587 3235 757 3307 actionem,
787 3241 822 3295 ui
850 3254 908 3315 per
934 3235 1132 3298 interdictum
1161 3255 1267 3298 meum
1296 3236 1345 3298 ius
1370 3241 1496 3298 teneam

175 3333 271 3410 atque
293 3327 442 3389 iniuriam
463 3334 549 3390 tuam
570 3347 751 3410 persequar.
795 3328 856 3390 Fac
884 3328 919 3390 iu
948 3327 1007 3390 boc
1037 3349 1141 3392 errare
1163 3349 1213 3392 me
1234 3349 1294 3392 nec
1315 3328 1380 3392 ullo
1402 3327 1532 3394 modoao

175 3441 267 3504 posse
297 3440 355 3504 per
380 3420 440 3484 boc
470 3421 669 3485 interdictum
697 3421 730 3482 id
756 3423 900 3504 assequi,
932 3422 1017 3515 quod
1043 3423 1155 3487 velim:
1188 3431 1218 3486 te
1246 3424 1292 3486 uti
1319 3423 1351 3485 in
1380 3422 1495 3489 haere

177 3514 325 3596 magistro
346 3514 429 3579 volo.
472 3511 523 3577 33.
546 3514 683 3591 Quaero,
705 3515 786 3578 sitne
808 3516 916 3600 aliqua
936 3517 1029 3580 buius
1050 3517 1097 3580 rei
1120 3517 1202 3581 actio
1224 3535 1265 3580 an
1285 3513 1382 3578 nulla.
1415 3515 1496 3579 Con·

174 3609 279 3671 vocari
299 3608 443 3672 homines
463 3616 592 3693 propter
620 3610 830 3694 possessionis
852 3611 1095 3676 controversiam
1123 3630 1189 3675 non
1210 3617 1349 3693 oportet;
1381 3610 1496 3675 armari

241 3861 264 3911 t.
283 3873 332 3910 cass
344 3859 426 3922 pretio
443 3859 505 3910 ET:
519 3861 602 3923 prelio
619 3874 668 3912 csse
685 3863 733 3912 llil
745 3853 792 3916 [θ’
801 3863 829 3914 0.
848 3891 876 3899 -
894 3862 918 3912 2.
938 3862 1072 3925 quicquam
1088 3862 1116 3912 E.
1131 3888 1158 3898 -
1178 3861 1240 3912 obici
1257 3863 1284 3912 T.
1305 3887 1331 3898 -
1351 3862 1375 3914 i.
1395 3863 1494 3926 afflasse

175 3935 195 3986 E
204 3951 210 3995 ;
228 3935 335 3999 obsessa
351 3935 376 3985 k.
397 3961 424 3970 -
442 3947 521 3984 causo
537 3935 569 3984 ab
585 3936 634 3985 illis
649 3937 711 3987 ET:
733 3936 765 3986 ab
780 3937 829 3987 illia
846 3938 920 4000 [illius
935 3937 954 3987 b
972 3950 1011 4002 pr.
1031 3950 1078 3998 m.,
1097 3937 1154 3986 ollis
1169 3936 1194 3999 lx)
1212 3949 1290 3986 casua
1306 3937 1326 3987 R
1336 3938 1356 3988 Α
1365 3938 1385 3987 1.
1393 3936 1411 3991 2
1420 3938 1448 3988 0.
1465 3965 1491 3975 -

175 4013 199 4060 5.
217 4011 266 4076 aed]
284 4024 309 4060 sa
320 4009 342 4062 a
355 4009 469 4074 (praeter
480 4011 514 4073 ml
527 4011 556 4060 it.
576 4010 696 4061 Correxit
712 4013 856 4077 Naugerius
873 4015 899 4064 iu
916 4013 1017 4064 Aldina.
1033 4039 1060 4049 -
1079 4013 1103 4063 6.
1122 4013 1261 4075 cumplures
1276 4012 1305 4062 T.
1320 4039 1347 4048 -
1366 4014 1390 4064 8.
1403 4027 1495 4065 causac

175 4087 282 4135 obstaret
299 4083 415 4136 Halmius
429 4084 495 4148 (coll.
509 4085 562 4136 Cic.
577 4087 645 4136 Orat.
660 4086 683 4150 5.
698 4086 738 4138 ie.
752 4094 778 4140 ei
790 4102 828 4139 or.
841 4089 916 4139 Verr.
927 4089 957 4139 V.
972 4089 996 4153 g.
1008 4089 1074 4148 ⁴05..
1093 4087 1138 4138 ubi
1150 4090 1213 4138 item
1226 4086 1285 4137 cod.
1298 4088 1380 4138 Vatic.
1394 4101 1442 4154 pro
1453 4091 1494 4140 ob

175 4168 241 4212 stare
253 4162 334 4213 habet
350 4163 469 4213 cerias
486 4175 618 4228 superscr.
638 4162 721 4212 littera
733 4164 774 4224 Si:
793 4177 884 4214 casuue
900 4168 997 4226 optaret
1014 4160 1284 4228 ETGabeptap⁴33
1303 4176 1382 4213 causo
1397 4170 1495 4227 optarat

175 4237 322 4296 uliam
341 4251 431 4288 causac
446 4237 611 4299 opitularetur
626 4237 735 4289 Orellius
747 4239 836 4298 [Orati.
849 4239 899 4288 seli.
912 4239 963 4289 XV.
977 4252 1002 4302 p.
1016 4239 1098 4301 ios.);
1116 4252 1195 4289 causa
1208 4237 1345 4301 postularet
1361 4239 1494 4302 Kayserus

174 4311 279 4361 Heideib.
297 4311 397 4362 Jobrbt.
417 4312 489 4362 isai.
508 4325 533 4376 p.
548 4313 603 4362 687.
623 4311 681 4362 coll.
700 4312 724 4376 5.
737 4314 777 4363 oa.
797 4327 822 4377 p.
837 4313 955 4374 Quinctio
973 4313 997 4379 5.
1011 4313 1050 4365 tl.
1069 4327 1095 4378 p.
1108 4311 1189 4364 Tullio
1207 4313 1231 4377 5.
1245 4315 1269 4363 δ.
1287 4327 1314 4378 p.
1327 4312 1396 4364 Sulla
1414 4315 1437 4378 g.
1451 4315 1492 4365 3i.

177 4413 203 4421 -
223 4391 245 4436 ct
262 4386 405 4437 delendum
428 4387 531 4438 censuit
550 4387 693 4437 Ernestius.
715 4416 741 4424 -
766 4389 790 4438 9.
809 4403 866 4439 scos
881 4402 964 4439 servos
979 4390 1043 4438 solos
1058 4390 1086 4439 L.
1106 4389 1173 4439 Tort.
1197 4389 1259 4440 duos
1274 4388 1338 4438 solos
1352 4401 1443 4441 socos.
1463 4386 1499 4428 -'

174 4459 245 4525 idem]
263 4475 319 4511 aum
336 4459 425 4525 aqtss
442 4464 469 4512 et
484 4463 514 4511 Α.
536 4487 562 4498 -
582 4463 622 4512 io.
642 4463 707 4524 Quid
721 4463 826 4513 bolen
837 4465 921 4514 odium
937 4463 1103 4527 deprecatur?
1119 4462 1215 4516 Gellius
1232 4465 1263 4515 N.
1281 4465 1312 4514 Α.
1330 4463 1372 4513 vi.
1392 4465 1433 4527 46,
1451 4466 1491 4516 ii.

176 4563 203 4571 -
217 4537 273 4585 braic
289 4547 342 4586 om.
355 4539 384 4586 Α.
400 4563 426 4574 -
446 4541 473 4586 tu
485 4549 538 4587 om.
553 4535 656 4588 Gellius.
676 4537 749 4600 (Ouid
765 4540 810 4588 boc
826 4545 854 4590 tu
865 4541 962 4590 bomine
976 4538 1077 4602 socios?
1093 4552 1146 4603 mg.
1159 4539 1195 4603 2.)
1211 4567 1238 4577 -
1257 4537 1296 4590 ii.
1310 4540 1375 4601 quod
1391 4540 1494 4602 liqueret

174 4612 324 4662 Schiiizius:
344 4612 402 4674 quid
419 4611 521 4672 liqueret
538 4609 682 4666 alueo.
710 4613 749 4664 Cl.
768 4613 791 4677 5.
810 4615 850 4666 33.
869 4615 909 4665 36.
928 4614 1010 4665 Acad.
1027 4627 1069 4678 pr.
1088 4615 1119 4664 ii.
1137 4615 1178 4672 29,
1197 4613 1237 4665 si.
1256 4613 1290 4663 do
1307 4612 1381 4664 deor.
1400 4617 1453 4664 nat.
1472 4615 1491 4664 l.

174 4687 213 4746 ti,
232 4684 272 4734 ao.
292 4685 321 4734 li.
341 4687 365 4744 i,
383 4686 407 4736 3.
425 4711 451 4722 -
472 4686 512 4738 io.
528 4689 707 4752 perspicuoque
723 4689 822 4754 13qu
839 4692 867 4740 et
882 4690 913 4741 0:
929 4691 1062 4753 perspicuo
1079 4687 1191 4743 uiui.
1207 4716 1234 4725 -
1252 4690 1330 4739 inesse
1346 4687 1448 4753 Epr
1466 4691 1493 4738 et

174 4773 243 4811 corr.
261 4761 287 4811 t:
305 4761 367 4811 mliii
382 4775 432 4811 csse
448 4777 479 4820 ας
498 4777 533 4814 aa
549 4768 571 4813 ei
588 4767 623 4824 (ἃς
642 4778 676 4814 oc
692 4777 740 4814 ease
757 4765 849 4825 it.i0;
868 4777 917 4815 csse
933 4767 965 4824 L;
983 4769 1068 4815 uinea
1084 4778 1134 4816 essa
1150 4763 1176 4820 2.
1191 4790 1219 4801 -
1238 4766 1278 4815 t't.
1297 4763 1403 4828 maiori
1420 4765 1490 4814 T.-

174 4836 214 4886 iti.
233 4839 256 4884 ie
272 4847 324 4886 om.
338 4835 366 4884 Τ.
384 4862 412 4872 -
431 4843 545 4888 amamus
559 4840 587 4889 T.
604 4864 631 4874 -
649 4839 690 4889 it.
708 4851 758 4889 casa
771 4840 922 4902 perfundam
937 4842 965 4891 T.
986 4868 1013 4876 -
1031 4841 1110 4891 sarab
1123 4841 1273 4905 promritus
1292 4837 1386 4890 Orellio
1398 4838 1491 4901 (orarit.

173 4909 223 4960 sali.
236 4909 300 4976 XV.)
316 4913 423 4962 auctore
441 4926 505 4964 nos:
524 4915 602 4963 moab
615 4915 763 4975 portari-iios
778 4911 923 4968 danao.
943 4914 982 4966 Ct.
995 4914 1019 4979 5.
1031 4914 1072 4966 ai.
1088 4943 1115 4953 -
1134 4917 1174 4968 ti.
1194 4915 1286 4966 isaim
1296 4916 1325 4965 T.
1339 4941 1367 4953 -
1386 4915 1428 4964 23.
1442 4927 1492 4977 po-

173 4986 272 5049 namus]
287 4987 422 5048 poterimus
432 4987 459 5036 T.
480 4987 555 5049 (nou,
574 4990 604 5036 ut
619 4988 701 5038 reiert
716 4987 861 5050 Jordanus,
875 4989 1021 5051 potabatis.)
1036 5015 1063 5025 -
1081 4989 1122 5040 ai.
1140 4990 1187 5054 aaa]
1203 4989 1255 5038 olm
1269 4991 1347 5040 vatus
1364 4988 1446 5039 codex
1465 4989 1492 5039 ln

174 5073 227 5123 mg.
240 5059 266 5114 2.
282 5087 309 5095 -
328 5063 516 5122 quaeamus.
531 5089 559 5099 -
577 5063 617 5112 23.
634 5061 702 5127 iuer]
719 5064 767 5114 occ
783 5065 839 5115 ET.
854 5090 881 5100 -
899 5066 941 5116 26.
959 5065 1156 5118 metuam..
1170 5091 1197 5102 -
1214 5064 1260 5134 oia]
1277 5065 1317 5114 ios
1333 5061 1377 5126 οβ
1394 5061 1487 5117 exat.

176 5159 204 5170 ··
222 5135 263 5186 ai.
280 5136 308 5186 oi
324 5135 386 5185 actis
401 5136 430 5186 T.
450 5159 478 5174 -
496 5136 537 5188 29.
555 5136 621 5188 ister
636 5149 716 5206 supra
731 5151 840 5194 versum
856 5137 938 5190 babet
953 5137 983 5192 E.
