3642 5868
395 449 466 514 nr.
486 446 526 512 11.
555 445 629 512 cn.
650 441 1020 512 xxxvi-xxxam.
1047 438 1103 527 §a
1126 436 1275 506 se-es.
1458 435 1520 506 nos

203 625 324 702 gerent.
366 618 521 684 Dicebant
546 638 581 684 se
607 617 654 680 illi
683 616 763 680 nihil
787 615 920 690 habere,
953 614 1040 699 qnod
1072 613 1224 694 dicerent.
1274 613 1354 674 Tum
1382 609 1442 674 iste
1469 612 1520 676 his

202 721 311 797 aperte
333 713 472 778 ostendit
492 719 523 776 et
544 712 750 786 confirmarit,
772 729 829 775 eos
850 710 884 773 in
900 709 1076 784 Sthenium,
1098 707 1254 793 quidquid
1276 706 1405 781 vellem,
1426 706 1520 770 simul

203 814 299 890 atque
320 805 361 871 ad
383 825 417 871 se
439 807 633 880 detulissem,
654 807 855 889 probaturos.
887 805 999 888 Itaque
1020 803 1068 866 illi
1083 822 1147 865 non
1161 802 1408 886 procrastinant:
1430 800 1521 864 Sthe-

202 901 292 964 nium
324 900 429 964 statim
461 903 613 966 educunt:
649 900 740 964 aiunt
767 900 807 962 ab
840 919 879 962 eo
912 898 1032 961 litteras
1062 896 1207 980 publicas
1244 916 1313 961 esse
1346 903 1520 978 corruptas.
1579 929 1583 938 ·

204 994 353 1058 Sthenius
374 995 528 1078 postulat,
558 1001 608 1068 ut,
632 1015 704 1057 cum
726 1012 833 1056 secum
856 993 907 1056 sni
936 991 1021 1056 cives
1051 997 1146 1073 agant
1174 991 1214 1054 de
1242 990 1356 1056 littoris
1383 992 1545 1075 puhlicisc

203 1089 360 1172 corruptis
388 1090 522 1173 eiusque
550 1087 598 1151 rei
624 1087 746 1169 legibus
769 1087 1043 1151 Thermitanorum
1070 1086 1153 1148 actio
1182 1087 1239 1160 sit,
1268 1095 1463 1171 senatusque
1491 1093 1524 1150 et

202 1184 343 1267 populus
366 1184 526 1246 Romanus
548 1181 776 1258 Thermitanis,
807 1180 895 1265 quod
925 1199 1050 1263 semper
1070 1179 1105 1242 in
1127 1179 1265 1244 amicitia
1283 1179 1414 1266 fideque
1434 1202 1523 1246 mao-

203 1277 336 1352 siment,
358 1276 470 1340 urbem
492 1296 584 1359 agros
606 1276 756 1358 legesque
779 1295 852 1362 sqas
873 1273 1063 1337 reddidisset
1082 1272 1277 1357 Publiusque
1297 1276 1443 1359 Rupilius
1465 1297 1523 1360 po-

203 1380 271 1436 stea
290 1371 376 1454 leges
397 1371 442 1435 ita
463 1370 578 1434 Siculis
600 1390 641 1433 ex
662 1374 791 1434 senatus
814 1368 959 1432 consulto
980 1368 1021 1431 de
1043 1367 1153 1430 decem
1174 1366 1347 1449 legatorum
1368 1373 1523 1436 sententIa

203 1464 357 1540 dedisset,
381 1473 419 1528 ut
440 1465 525 1529 cives
547 1465 629 1528 inter
649 1483 720 1528 sese
740 1462 865 1545 legibus
887 1462 954 1526 suis
976 1469 1118 1544 agerent,
1141 1462 1295 1544 idemque
1313 1463 1375 1529 hoo
1395 1466 1560 1531 haheretao

203 1561 317 1624 Verres
338 1560 408 1643 ipse
430 1559 464 1622 in
486 1559 609 1632 edicto,
637 1565 674 1621 ut
694 1559 734 1622 de
755 1557 806 1620 his
828 1556 975 1621 omnibus
1003 1557 1109 1620 causis
1138 1576 1171 1620 se
1192 1555 1232 1620 ad
1255 1555 1341 1639 leges
1370 1560 1522 1624 reiiceret

203 1647 254 1715 94.
269 1654 343 1727 Iste,
364 1652 461 1734 homo
484 1653 625 1715 omnium
647 1651 859 1736 aequissimus
879 1657 976 1735 atque
998 1671 1016 1714 a
1037 1649 1209 1736 cupiditate
1230 1650 1468 1728 remotissimus,
1490 1676 1523 1718 se
1649 1688 1653 1695 .

204 1748 405 1832 cogniturum
427 1767 498 1811 esse
520 1745 698 1810 confirmata
726 1753 870 1830 paratum
897 1744 937 1808 ad
961 1764 1088 1810 causam
1116 1744 1282 1810 dicendam
1310 1746 1419 1811 venire
1444 1746 1525 1811 hora

203 1863 289 1908 nona
309 1843 407 1905 iubet
438 1844 510 1905 Non
532 1849 598 1904 erat
619 1841 797 1915 obscurum,
819 1840 898 1924 quid
920 1840 1015 1903 homo
1037 1841 1200 1924 improbus
1222 1860 1258 1903 ac
1279 1839 1419 1904 nefarius
1441 1843 1526 1924 cogi·

203 1942 301 2011 teret;
324 1955 429 2019 neque
451 1936 536 2000 enim
558 1936 626 2018 ipse
649 1935 725 2000 satis
747 1935 921 1998 occultarat
941 1954 1001 1998 nec
1022 1935 1136 1999 muller
1156 1942 1261 1998 tacere
1283 1941 1438 2017 potuerat.
1472 1936 1525 1998 In·
1534 1947 1563 1997 44

204 2031 366 2094 tellectum
388 2030 490 2092 estid
512 2030 608 2093 istum
628 2049 730 2112 agere,
752 2036 797 2103 ut,
820 2048 892 2092 cum
914 2029 1081 2092 Sthenium
1102 2029 1172 2094 sine
1193 2029 1259 2093 ullo
1281 2037 1467 2112 argumento
1488 2051 1526 2094 ac

205 2125 275 2189 sine
297 2128 376 2187 teste
399 2123 597 2198 damnasset,
624 2131 691 2186 tum
723 2122 820 2186 h'orno
849 2123 989 2187 nefarius
1019 2123 1058 2186 de
1085 2121 1215 2187 homine
1243 2122 1343 2187 nobili
1369 2131 1466 2209 atque
1491 2124 1526 2189 id

206 2217 319 2282 aetatIs
347 2236 469 2302 suoque
497 2217 625 2302 hospite
653 2217 750 2300 virgis
779 2217 969 2301 supplicium
998 2218 1213 2281 crudelissime
1241 2224 1388 2282 sumeret
1432 2217 1526 2293 Quod

205 2335 278 2378 cum
307 2319 390 2376 esset
418 2311 637 2396 perspicuum,
671 2310 710 2372 de
741 2311 916 2374 amicorum
947 2311 1175 2396 hospitumque
1207 2330 1338 2376 suorum
1369 2313 1527 2376 sententia

205 2408 351 2473 Thermis
367 2406 519 2472 Sthenius
541 2407 674 2469 Romam
695 2404 845 2489 profugit.
878 2407 984 2470 Hiemi
1007 2427 1076 2470 sese
1097 2403 1309 2491 fluctibusque
1331 2407 1563 2472 committer-eso

205 2503 318 2566 maluit
340 2521 434 2587 quam
454 2521 519 2566 non
540 2501 634 2564 istam
656 2520 854 2564 communem
870 2501 1047 2565 Siculorum
1070 2507 1288 2585 tempestatem
1304 2501 1527 2566 calamitatem·

207 2619 272 2683 que
293 2598 401 2660 vitare.
439 2594 617 2658 XXXVIII.
639 2591 690 2656 92.
713 2594 786 2668 Iste,
809 2594 906 2658 homo
929 2603 1032 2658 certus
1054 2603 1086 2658 et
1107 2595 1254 2678 diligens,
1276 2595 1317 2659 ad
1338 2595 1448 2660 horam
1469 2619 1528 2662 uo·

206 2711 279 2756 nam
300 2696 424 2772 praesto
454 2695 517 2752 est:
545 2687 711 2752 Sthenium
741 2688 829 2752 citari
858 2689 962 2752 iubet:
993 2709 1090 2773 quem
1116 2697 1323 2773 posteaquam
1349 2688 1436 2753 videt
1463 2711 1528 2756 nou

205 2786 333 2858 adesse,
362 2784 471 2848 dolore
499 2783 609 2846 ardere
638 2788 738 2866 atque
759 2782 924 2848 iracundia
944 2783 1050 2847 furere
1072 2784 1195 2867 coepit,
1225 2783 1377 2850 Venerios
1400 2783 1527 2848 domum

206 2879 328 2943 Sthenii
351 2878 484 2952 mittere,
508 2876 598 2960 equis
620 2876 738 2939 circum
759 2896 850 2959 agros
869 2877 938 2940 eius
952 2878 1108 2962 villasque
1123 2878 1291 2948 dimittere.
1328 2879 1436 2963 Itaque
1451 2877 1565 2944 dumea

204 2979 385 3056 exspectat,
415 2972 567 3055 quidnam
595 2970 656 3034 sihi
685 2971 762 3034 certi
788 2971 951 3046 alteratur,
979 2979 1052 3036 ante
1078 2971 1190 3035 horam
1219 2971 1344 3036 tertiam
1365 2973 1466 3038 noctis
1487 2971 1528 3036 de

204 3069 272 3136 loro
295 3090 360 3135 nou
382 3069 527 3134 discedit
569 3069 725 3134 Postridie
747 3089 838 3133 mane
861 3070 1039 3134 descendit:
1069 3071 1260 3153 AgathInum
1288 3069 1328 3133 ad
1357 3087 1392 3130 se
1418 3072 1527 3130 vocat:

205 3167 293 3230 iubet
325 3185 398 3228 eum
419 3164 460 3227 de
481 3164 593 3228 litteris
615 3163 752 3248 puhlicis
773 3164 808 3225 in
829 3164 992 3229 absentem
1014 3165 1179 3228 Sthenium
1209 3164 1325 3228 dicere.
1361 3161 1438 3224 Erat
1460 3160 1528 3224 eius

205 3259 290 3323 modi
313 3277 424 3333 cansa,
452 3266 489 3322 ut
510 3258 564 3321 ille
585 3278 627 3321 ne
649 3258 717 3321 sine
739 3257 919 3322 adversario
945 3258 1076 3342 quidem
1098 3260 1183 3344 apud
1204 3257 1369 3321 inimicum
1390 3251 1529 3316 iudicem

204 3354 345 3437 reperire
367 3359 475 3436 posset
496 3350 573 3436 quid
597 3351 726 3414 diceret.
769 3348 821 3414 93.
843 3353 954 3436 Itaque
976 3360 1097 3416 tantum
1118 3352 1215 3416 verbo
1237 3350 1346 3435 posuit
1360 3347 1566 3414 Sacerdotem

206 3453 352 3533 praetore
382 3446 548 3510 Sthenium
575 3445 696 3510 litteras
725 3445 867 3528 publicas
897 3448 1085 3529 corrupisse.
1135 3446 1197 3513 Vix
1225 3445 1280 3509 ille
1308 3443 1377 3508 hoc,
1396 3441 1529 3516 dixerat,

206 3562 278 3606 cum
307 3541 368 3604 iste
393 3541 577 3623 pronuntIat
607 3541 773 3604 Srunurvu
794 3559 947 3605 numeras
968 3559 1116 3606 runcinae
1138 3557 1323 3605 commissu
1346 3557 1470 3602 rmum:
1499 3544 1531 3600 et

205 3635 269 3699 hoc
292 3640 456 3718 praeterea
477 3633 565 3698 addit
585 3632 681 3699 homo
702 3634 859 3700 Venerius
882 3655 963 3700 novo
985 3633 1090 3709 modo,
1111 3635 1200 3698 nullo
1222 3632 1379 3714 exemplo,
1402 3650 1441 3695 oa
1463 3649 1530 3696 nau

206 3749 273 3794 unu
288 3729 349 3794 IIS
371 3749 549 3804 quiremus
571 3731 695 3794 Vanum
709 3730 871 3793 Eiramau
894 3749 936 3793 ms
952 3730 1091 3816 Srunmrq
1107 3748 1197 3793 noris
1210 3745 1409 3802 enervavit,
1431 3726 1531 3790 hona·

207 3843 271 3909 que
292 3826 360 3890 eius
381 3823 488 3888 statim
502 3825 609 3910 coepit
621 3823 779 3900 vendere3
801 3830 833 3888 et
846 3823 1055 3898 vendidisset,
1077 3823 1105 3887 si
1118 3822 1275 3890 tantulum
1288 3839 1394 3886 morae
1407 3819 1568 3898 luissetse

208 4131 211 4140 ·
272 4115 296 4165 4.
315 4111 418 4176 444140
434 4112 485 4163 is's‘l
497 4139 525 4151 -
544 4112 569 4163 2.
583 4112 704 4176 quidquid
718 4111 966 4176 conmemorant:
984 4111 1070 4173 quicq.
1082 4109 1172 4162 4040444
1188 4111 1353 4163 0400044044.
1366 4112 1395 4163 0.
1410 4136 1437 4147 -
1456 4111 1532 4162 340·

207 4188 289 4240 lissent
304 4187 373 4252 Lgla
391 4201 417 4252 p.
432 4200 469 4238 m.
490 4213 518 4224 -
538 4187 623 4248 440000
649 4189 710 4252 ng.
729 4200 832 4239 omues.
851 4188 880 4239 C.
900 4187 931 4238 ll.
950 4189 992 4250 (ex
1008 4187 1060 4237 ΑΒ
1078 4185 1141 4237 nihiI
1158 4186 1317 4252 enotatum):
1339 4187 1377 4238 lto
1393 4188 1422 4239 0.
1442 4214 1471 4227 -
1494 4187 1532 4236 illi

207 4266 281 4316 uncis
298 4263 403 4315 inclusit
415 4265 501 4313 Garat.
515 4263 546 4313 ll.
562 4291 589 4300 —
607 4262 632 4313 4.
648 4263 793 4325 publicarit
805 4265 841 4325 et,
859 4265 889 4313 ut
898 4262 1011 4321 videtur,
1029 4260 1091 4312 ab.
1105 4261 1227 4324 [publicos
1238 4275 1290 4313 om.
1304 4275 1397 4314 omues
1410 4260 1529 4327 4033]-

207 4343 231 4392 0.
249 4353 306 4392 cum
322 4336 390 4403 4342
400 4339 424 4389 44
434 4351 471 4400 φτ
491 4351 544 4389 om.
558 4341 604 4389 ctt.
620 4365 647 4375 -
662 4339 686 4390 6.
704 4341 783 4390 040400
793 4340 827 4390 bl.
843 4365 871 4376 ·-
884 4341 1030 4399 senatusque
1041 4341 1064 4386 at
1077 4349 1137 4400 pop.
1155 4336 1186 4388 l:
1204 4338 1532 4401 mmmmpopotesqre

207 4415 255 4466 044.
272 4414 301 4465 0.
317 4441 344 4451 -
364 4413 389 4463 8.
407 4413 494 4462 orben
511 4411 539 4464 l:
558 4413 766 4472 0400040444ος
784 4413 857 4463 urbes
873 4413 920 4463 044.
936 4439 963 4449 -
983 4411 1007 4462 3.
1025 4411 1178 4476 00444.-
1198 4412 1238 4462 40.
1255 4413 1321 4464 inor
1336 4425 1386 4464 sese
1402 4412 1530 4478 4320444

209 4488 251 4554 (de
263 4486 333 4551 2342
350 4486 506 4548 incertum:
526 4487 591 4536 iuter
607 4501 633 4538 se
649 4485 682 4538 al.
696 4489 725 4538 0.
741 4513 769 4526 -
788 4490 889 4540 habero
905 4487 989 4552 Lgli:
1007 4485 1121 4537 babuerit
1137 4488 1183 4538 ctt.
1199 4487 1229 4538 0.
1245 4514 1272 4524 -
1291 4488 1332 4537 44.
1345 4489 1379 4538 od
1394 4487 1458 4552 lepos
1473 4500 1533 4538 44404

208 4565 276 4615 coni.
289 4559 427 4625 wyttenb.
446 4559 541 4612 mue:
561 4563 624 4625 40304
640 4561 795 4627 simpllclter
810 4577 872 4616 cum
890 4563 961 4624 dicit,
980 4575 1013 4613 eo
1030 4565 1136 4614 nomine
1154 4561 1341 4628 complectitur
1356 4568 1384 4614 et
1394 4563 1492 4616 Siculas
1504 4565 1533 4614 et

207 4639 328 4702 antiquas
344 4641 372 4688 et
388 4637 464 4687 datas
480 4636 515 4687 ab
533 4639 627 4688 senatu
644 4636 796 4702 populoque
808 4639 934 4690 Romano.
953 4635 991 4688 Cl.
1004 4636 1028 4700 s.
1041 4637 1085 4687 424
1091 4655 1114 4687 a
1132 4637 1177 4688 Os.
1187 4663 1214 4674 -
1234 4638 1274 4687 42.
1291 4637 1532 4702 semiunciam

207 4727 234 4779 p.
252 4724 289 4763 m.
308 4711 410 4762 FMN:
434 4725 452 4761 0
467 4725 524 4774 cup.
543 4713 612 4762 omui
628 4712 697 4777 0320
708 4715 744 4772 A,
769 4725 787 4762 0
802 4725 859 4775 αφ.
878 4712 989 4762 comissis
1010 4710 1059 4761 044,
1079 4735 1106 4750 -
1125 4712 1166 4763 43.
1190 4713 1255 4764 horo
1273 4715 1346 4766 VIIII.
1363 4713 1433 4777 4342
1448 4728 1474 4779 p.
1492 4726 1529 4766 m.

207 4787 234 4838 u
245 4800 282 4848 φι
300 4785 364 4835 horo
382 4785 444 4836 VIII.
463 4788 508 4835 ott.
527 4786 557 4836 0.
577 4813 605 4824 -
623 4787 664 4837 20.
682 4798 733 4836 sees
747 4789 774 4852 lt.
793 4787 877 4852 Lglb:
894 4789 921 4854 gt.
940 4799 990 4836 sese
1006 4787 1051 4836 ott.
1071 4789 1100 4838 0.
1115 4813 1143 4824 -
1155 4788 1197 4838 22.
1216 4790 1250 4839 00
1265 4789 1354 4838 boram
1372 4787 1447 4837 Vllll.
1463 4787 1531 4850 4342

208 4861 281 4912 0404.
301 4860 342 4924 (er
359 4860 426 4924 hill:
448 4861 483 4910 00
497 4861 587 4910 boram
603 4865 718 4912 00400004
734 4862 780 4912 044.
799 4863 829 4913 0.
851 4889 878 4900 -
896 4860 938 4912 24.
956 4862 1056 4912 mmm
1077 4860 1146 4926 0342
1161 4874 1189 4926 p.
1208 4875 1245 4913 m.
1263 4863 1302 4913 bl:
1325 4863 1353 4912 io
1368 4863 1468 4912 0040404
1485 4863 1530 4912 ott.

207 4937 237 4988 0.
258 4962 286 4971 -
304 4937 346 4988 24.
364 4936 434 4998 equis
450 4934 518 4999 4342
535 4948 562 5000 p.
581 4949 617 4988 m.
635 4938 675 4988 bl:
694 4939 787 5000 equites
802 4939 847 4989 ctt.
867 4939 896 4987 0.
916 4963 944 4972 —
964 4937 1024 4986 0044
1040 4935 1121 5001 ugia:
1139 4949 1197 4987 cum
1213 4937 1265 4988 AB
1282 4937 1368 5000 8033.
1384 4963 1412 4974 -
1429 4935 1533 4987 24044-

207 5011 271 5061 00044
286 5009 370 5075 agla:
398 5011 506 5061 04400044
523 5012 568 5062 044.
587 5013 617 5062 0.
637 5039 664 5049 -
683 5014 717 5063 00
733 5025 758 5062 re
774 5012 852 5076 4342,
870 5013 926 5063 tres
943 5008 999 5061 alli:
1022 5012 1056 5060 00
1071 5025 1121 5063 sese
1137 5013 1182 5062 ott.
1202 5011 1230 5062 0.
1252 5037 1279 5048 -
1298 5011 1339 5062 34.
1356 5011 1402 5061 400
1417 5009 1447 5060 l:
1471 5010 1533 5061 hoec

209 5085 258 5137 dtt.
277 5087 307 5137 0.
321 5111 350 5122 -·
362 5085 403 5139 33.
422 5087 492 5138 addit
507 5085 577 5152 Lgls
588 5101 627 5150 cp:
645 5088 741 5139 0004044
757 5090 801 5139 044.
822 5089 851 5139 0.
866 5114 894 5127 -
906 5085 948 5140 34.
967 5085 1102 5150 quiescente
1117 5087 1151 5138 de
1163 5086 1224 5138 lIot.
1243 5085 1311 5137 cont.
1330 5085 1362 5136 L:
1381 5083 1533 5150 3440044004
