3648 5888
292 405 354 472 436
669 409 711 471 IN
732 405 900 472 VERREM
921 405 1046 472 ACTIO
1069 405 1253 473 SECUNDA

289 580 393 642 Erunt
421 579 517 642 etiam
545 577 700 653 fortasse,
729 577 868 653 iudices,
898 577 954 662 qui
981 576 1072 640 illum
1094 578 1164 642 eius
1192 576 1374 660 peculatum
1395 577 1446 642 vel
1466 577 1645 642 acerrime

289 673 516 737 vindicandum
542 679 671 757 putent,
702 673 789 757 qnod
818 673 879 736 iste
908 675 950 736 M.
969 672 1111 736 Marcelli
1134 679 1166 734 et
1186 671 1219 735 P.
1241 671 1380 735 Africani
1403 681 1644 747 monumenta,

291 788 373 852 quae
403 766 533 831 nomine
560 769 708 842 illorum,
738 787 772 830 re
800 787 876 832 vera
904 767 1016 850 populi
1038 767 1172 830 Romani
1194 773 1226 830 et
1247 774 1339 830 erant
1359 771 1391 829 et
1410 765 1644 842 habebantur,

291 883 332 925 ex
353 861 436 923 fanis
458 861 709 944 religiosissimis
732 867 765 924 et
786 879 827 923 ex
846 861 980 924 urbibus
1003 863 1163 925 sociorum
1178 868 1276 946 atque
1291 861 1466 924 amicorum
1480 881 1554 924 non
1574 861 1645 924 du-

267 955 398 1029 5bitarit
419 953 554 1017 auferre.
597 957 645 1019 V..
659 951 709 1017 44.
730 954 905 1018 Emerserit
926 973 967 1016 ex
988 955 1155 1038 peculatus
1177 956 1272 1018 etiam
1291 953 1427 1017 iudicio:
1450 955 1646 1018 meditetur

291 1049 331 1112 de
352 1049 487 1112 ducibus
509 1050 664 1124 hostium,
687 1069 769 1133 quos
784 1054 915 1131 accepta
929 1051 1064 1131 pecunia
1078 1051 1239 1126 liberavit3
1261 1051 1385 1123 videat,
1408 1048 1546 1132 quidde
1565 1049 1642 1113 illis

290 1144 499 1225 respondeat,
521 1165 603 1228 quos
624 1145 658 1207 in
679 1163 793 1207 eorum
815 1142 920 1206 locum
942 1144 1087 1207 subditos
1109 1146 1196 1208 domi
1213 1165 1289 1208 suae
1304 1143 1494 1220 reservavit3
1521 1161 1642 1227 quae-

291 1246 340 1302 rat
360 1225 426 1301 bon
448 1239 568 1314 solum,
596 1239 866 1322 quemadmodum
887 1245 996 1301 nostro
1019 1239 1161 1315 crimini,
1187 1261 1297 1303 verum
1320 1237 1416 1300 etiam
1438 1258 1504 1321 quo
1526 1245 1640 1320 pacto

292 1353 369 1396 suae
402 1333 595 1397 confessioni
624 1335 728 1417 possit
759 1333 896 1408 mederi3
931 1333 1109 1397 meminerit
1136 1355 1171 1398 se
1199 1335 1306 1418 priore
1335 1332 1460 1396 actione
1483 1331 1639 1414 clamore

140 1433 164 1516 j
254 1427 403 1511 ropopuli
431 1429 565 1492 Romani
595 1428 711 1492 infesto
737 1436 833 1513 atque
856 1429 986 1492 inimico
1009 1429 1179 1493 excitatum
1202 1429 1383 1493 confessum
1405 1446 1494 1502 esse,
1522 1427 1639 1489 duces

291 1525 489 1608 praedonum
519 1545 538 1588 a
567 1546 601 1590 se
630 1527 733 1589 securi
755 1545 821 1588 non
844 1543 913 1586 esse
935 1543 1119 1606 percussos,
1150 1545 1184 1587 se
1206 1525 1270 1586 iam
1291 1532 1358 1585 tum
1380 1539 1451 1585 esse
1472 1520 1637 1593 veritum,

291 1638 333 1681 ne
356 1618 416 1680 sibi
439 1620 563 1682 crimini
586 1621 714 1683 daretur
736 1639 791 1683 eos
814 1619 853 1682 ab
876 1639 910 1681 se
939 1619 1077 1701 pecunia
1097 1619 1265 1692 liberatos3
1295 1617 1433 1680 fateatur
1452 1613 1503 1688 id,
1533 1613 1637 1697 quod

291 1711 400 1794 negari
423 1734 488 1777 non
503 1719 625 1796 potest,
648 1733 697 1788 se,
719 1714 878 1796 privatum
891 1711 1071 1786 hominem,
1093 1713 1291 1797 praedonum
1307 1711 1404 1773 duces
1417 1709 1509 1776 vivos
1524 1715 1637 1791 uqrre

292 1807 467 1871 incolumes
490 1809 576 1870 domi
599 1827 690 1881 suae,
713 1815 922 1890 posteaquam
943 1808 1076 1870 Romam
1096 1808 1243 1883 redierit,
1268 1825 1371 1890 usquo
1393 1805 1468 1866 dum
1490 1823 1549 1886 per
1573 1824 1635 1867 me

254 1902 433 1977 elicuerit,
455 1902 635 1965 retinuisse.
679 1902 748 1964 lloc
770 1902 804 1964 in
826 1899 882 1963 illo
905 1901 1079 1964 maiestatis
1100 1902 1221 1964 iudicio
1243 1899 1269 1963 si
1289 1899 1418 1962 licuisse
1437 1897 1498 1960 sibi
1514 1905 1634 1962 osten-

291 1995 390 2070 derit,
418 2017 478 2079 ego
507 1996 687 2080 oportuisse
717 1995 901 2059 concedam.
944 1997 993 2059 llx
1019 1996 1080 2060 hoc
1103 2015 1232 2081 quoque
1256 1994 1406 2060 evaserit:
1437 1987 1635 2074 proficiscar

292 2109 347 2164 eo,
381 2110 446 2174 quo
476 2110 526 2154 me
553 2091 617 2153 iam
647 2090 771 2174 pridem
798 2096 891 2154 vocat
916 2090 1056 2174 populus
1084 2093 1255 2155 Romanus.
1299 2088 1349 2153 43.
1373 2090 1421 2151 De
1443 2088 1513 2151 iure
1535 2088 1632 2150 eninr

290 2183 446 2247 libertatis
477 2191 510 2247 et
538 2185 675 2248 civitatis
704 2205 796 2248 suum
824 2191 915 2267 putat
937 2203 1007 2247 esse
1033 2186 1203 2259 iudicium,
1233 2191 1266 2248 ct
1286 2190 1370 2248 recte
1392 2187 1493 2265 putat
1538 2180 1633 2243 Con-

289 2276 409 2360 fringat
428 2278 488 2342 iste
511 2299 587 2342 sane
609 2279 641 2342 vi
664 2299 721 2342 sua
743 2278 878 2342 consilia
900 2279 1074 2354 senatoria,
1101 2281 1305 2363 quaestiones
1321 2276 1462 2341 omnium
1477 2295 1632 2358 perrum-

252 2377 363 2454 popat,
386 2372 492 2436 evolet
514 2393 555 2435 ex
576 2381 681 2437 vestra
703 2375 887 2437 severitate:
910 2374 988 2437 mihi
1004 2375 1141 2447 credite,
1163 2375 1335 2438 artioribus
1357 2371 1441 2455 apud
1463 2368 1630 2453 populum

290 2467 468 2530 Romanum
490 2467 615 2552 laqueis
637 2470 807 2532 tenebitur.
852 2468 965 2532 Credet
986 2469 1026 2529 iis
1049 2469 1208 2550 equitibus
1231 2467 1381 2530 Romanis
1403 2465 1542 2548 populns
1556 2464 1630 2526 Ro-

291 2579 419 2635 manus,
450 2563 505 2645 qui
533 2563 573 2624 ad
602 2583 660 2626 vos
689 2572 761 2626 ante
792 2562 939 2645 producti
970 2568 1067 2625 testes
1101 2561 1178 2643 ipsis
1208 2559 1459 2644 inspectantibus
1488 2560 1527 2622 ab
1555 2560 1628 2623 isto

291 2653 393 2716 civem
415 2657 608 2731 Romanum,
632 2658 687 2740 qui
710 2659 890 2741 cognitores
912 2656 1058 2719 homines
1080 2655 1232 2719 honestos
1249 2656 1353 2728 daret,
1375 2652 1534 2716 sublatum
1549 2673 1628 2716 esse

290 2747 324 2809 in
347 2768 472 2811 crucem
495 2749 655 2814 dixerunt.
700 2748 749 2814 ll.
774 2752 910 2815 Credant
932 2771 1042 2812 omnes
1064 2771 1084 2815 v
1106 2758 1138 2813 et
1159 2769 1226 2812 xxx
1247 2749 1348 2812 tribus
1362 2749 1484 2811 bomini
1500 2749 1627 2831 gravis-

145 2837 170 2918 4,
190 2844 208 2916 ,⁸
253 2843 371 2914 sesimo
400 2851 496 2927 atque
525 2846 745 2921 ornatissimo,
777 2848 820 2909 M.
841 2846 961 2919 Annio,
996 2845 1051 2928 qui
1074 2865 1107 2907 se
1128 2851 1297 2927 praesente
1319 2845 1419 2906 civem
1440 2843 1626 2904 Romanum

290 2937 394 2999 securi
416 2958 603 3020 percussum
625 2959 695 3002 esse
717 2941 810 3015 dixit.
843 2939 999 3002 Audietur
1020 2959 1038 3001 a
1060 2939 1181 3023 populo
1202 2941 1345 3002 Romano
1367 2939 1416 3002 vir
1437 2938 1624 3021 primarius,

138 3025 169 3116 ,l
290 3049 388 3113 eques
409 3032 589 3108 Romanus,
616 3033 651 3095 L.
672 3033 815 3107 Flavius,
839 3034 894 3116 qui
917 3054 1010 3096 suum
1031 3033 1219 3096 familiarem
1241 3033 1453 3105 Herennium,
1475 3030 1626 3112 negotia-

54 3117 57 3124 ’
288 3132 390 3187 torem
419 3146 460 3188 ex
487 3127 608 3203 Africa,
642 3149 713 3190 cum
747 3147 821 3191 eum
854 3129 1020 3212 Syracusis
1047 3127 1184 3210 amplius
1214 3135 1340 3191 centum
1370 3127 1454 3190 cives
1483 3125 1624 3188 Romani

289 3229 518 3302 cognoscerent
538 3222 1039 3306 lacrimantesquedefenderent,
1062 3242 1120 3305 pro
1135 3221 1319 3286 testimonio
1335 3221 1416 3283 dixit
1429 3219 1533 3283 securi
1549 3239 1623 3280 esse

251 3335 485 3398 sopercussum.
528 3317 678 3381 Probabit
699 3315 793 3380 fidem
816 3317 1091 3380 etauctoritatem
1113 3324 1145 3379 et
1165 3317 1354 3398 religionem
1378 3335 1467 3378 suam
1489 3314 1524 3376 L.
1541 3313 1623 3382 Sue-

288 3409 369 3484 tius,
398 3409 495 3473 homo
524 3411 672 3476 omnibus
704 3411 897 3475 ornamentis
920 3408 1099 3496 praeditus,
1128 3411 1184 3494 qui
1206 3412 1329 3473 iuratus
1351 3410 1436 3493 apud
1457 3429 1515 3472 vos
1537 3407 1622 3471 dixit

289 3503 407 3566 multos
429 3505 515 3569 cives
537 3506 696 3568 Romanos
719 3506 752 3568 in
775 3505 937 3567 lautumiis
959 3504 1051 3566 istius
1080 3505 1214 3588 imperio
1236 3504 1453 3568 crudelissime
1474 3523 1533 3586 per
1554 3505 1617 3566 um

289 3604 390 3658 morte
413 3616 483 3660 esse
506 3598 666 3661 multatos.
699 3599 789 3660 Hanc
812 3618 871 3680 ego
894 3617 1021 3660 causam
1045 3619 1116 3661 cum
1139 3619 1229 3681 agam
1251 3595 1406 3661 beneficio
1428 3597 1540 3681 populi
1554 3597 1619 3658 lio-

289 3690 374 3752 mani
402 3691 442 3753 de
470 3691 543 3755 loco
570 3693 751 3775 superiore,
781 3713 847 3756 uon
869 3681 1069 3788 vereor,(ne
1091 3701 1146 3756 aut
1167 3694 1263 3756 istum
1285 3692 1421 3756 visulla
1443 3713 1484 3756 ex
1505 3691 1617 3774 populi

98 3859 101 3868 y
123 3803 130 3842 ι
249 3785 421 3854 3544οωεηί
443 3787 602 3869 suffragiis
625 3787 749 3870 eripere
771 3796 825 3849 aut
846 3807 866 3850 a
887 3809 937 3851 me
959 3787 1060 3850 ullum
1082 3808 1197 3851 munus
1219 3787 1391 3851 aedilitatis
1412 3785 1548 3869 amplius
1562 3792 1618 3848 aut

85 3867 159 3931 Ὗ
289 3879 408 3961 gratius
430 3882 551 3965 populo
574 3882 717 3943 Romano
740 3872 810 3944 esse
833 3868 958 4040 l⁰⁵tllpl

371 3975 424 4037 Vl.
447 3970 497 4036 45.
521 3973 724 4057 Quapropter
745 3995 855 4039 omncs
876 3979 909 4039 in
955 3997 993 4041 oc
1016 3977 1137 4041 indicio
1156 3984 1312 4041 conentur
1325 3979 1450 4040 omnia:
1472 3975 1555 4039 nibil
1568 3984 1617 4040 est

287 4067 367 4141 iam,
391 4069 477 4152 quod
499 4069 533 4130 in
553 4068 614 4131 bac
636 4089 731 4132 causa
752 4089 884 4153 peccare
900 4071 1086 4156 quisquam,
1109 4072 1249 4145 iudices,
1271 4071 1332 4134 nisi
1351 4079 1456 4134 vestro
1471 4070 1615 4155 periculo

286 4161 399 4244 possit.
442 4163 514 4226 Mea
536 4163 665 4246 quidem
687 4165 767 4227 ratio
791 4185 863 4229 cum
884 4165 919 4228 in
941 4167 1118 4248 praeteritis
1141 4165 1236 4228 rebus
1260 4172 1308 4228 est
1330 4167 1474 4248 cognita,
1497 4165 1616 4228 lumin

249 4254 419 4338 sorcliquis
441 4257 606 4340 explorata
628 4265 724 4341 atque
746 4260 876 4342 provisa
897 4268 954 4324 est.
984 4261 1051 4342 Ego
1075 4281 1181 4323 meum
1204 4259 1344 4323 studium
1367 4259 1400 4321 in
1421 4279 1488 4322 rem
1510 4258 1617 4342 publi-

286 4369 355 4412 cam
376 4351 438 4413 iam
460 4352 518 4414 illo
540 4360 684 4435 tempore
706 4353 848 4428 ostendi,
878 4375 950 4416 oum
973 4353 1068 4436 longo
1091 4352 1259 4417 intervallo
1282 4361 1420 4418 veterem
1443 4359 1615 4416 consuetu-

286 4445 393 4507 dinem
414 4445 521 4509 rettuli
544 4453 576 4511 et
595 4454 708 4530 rogatu
731 4449 889 4511 sociorum
911 4456 1008 4532 atque
1031 4449 1206 4513 amicorum
1227 4448 1338 4532 populi
1353 4445 1506 4522 Romani,
1528 4466 1616 4511 meo-

351 4677 375 4730 4.
398 4684 421 4730 ct
446 4693 479 4730 ec
504 4677 597 4741 carl
613 4679 698 4744 agra:
724 4693 757 4730 ee
774 4679 821 4730 dtt.
840 4681 870 4731 0.
895 4707 923 4717 -
946 4681 1067 4732 dubitent
1088 4681 1127 4733 Ld
1144 4681 1213 4745 Lgt9
1229 4681 1280 4731 St:
1306 4679 1420 4731 dobtaot
1442 4681 1474 4730 Gt
1488 4681 1520 4739 4;
1546 4679 1616 4730 dubt-

285 4757 377 4807 tavarit
393 4755 441 4806 dtt.
460 4757 489 4806 0.
510 4782 538 4791 -
557 4757 598 4806 44.
613 4757 703 4819 proed
723 4769 740 4806 o
756 4769 782 4806 so
798 4757 830 4808 Gt
845 4757 860 4806 4
878 4757 940 4820 ng.
954 4760 1061 4821 practer
1077 4755 1128 4808 lt:
1147 4771 1165 4805 a
1180 4769 1206 4806 se
1218 4769 1261 4818 pr.
1275 4755 1322 4806 dtt.
1336 4756 1365 4804 0.
1381 4782 1409 4792 -
1428 4755 1468 4804 43.
1486 4754 1615 4804 retinuisse

286 4833 318 4881 Gt
331 4832 347 4882 4
365 4831 416 4880 st:
436 4831 540 4880 teruisse
556 4829 605 4881 dtt.
619 4831 647 4880 0.
665 4857 691 4866 -
711 4832 751 4881 47.
769 4845 809 4881 oso
825 4831 878 4881 tam
890 4847 933 4894 pr.
946 4834 976 4883 4.
991 4832 1053 4882 dit:
1071 4833 1125 4881 tam
1140 4845 1180 4882 me
1193 4845 1235 4894 pr.
1255 4833 1305 4891 Gl;
1323 4844 1363 4881 ou
1378 4831 1431 4879 tom
1446 4843 1497 4879 ooo
1512 4843 1552 4893 pr.
1567 4829 1613 4879 (44.

287 4902 315 4944 -“
336 4905 375 4956 48.
393 4904 468 4970 recte]
485 4907 584 4956 ratione
600 4907 632 4956 Gt
652 4905 730 4971 prob.
748 4905 860 4958 Ellendt.
879 4907 912 4957 ad
930 4906 963 4957 de
977 4907 1047 4956 Orat.
1065 4905 1122 4956 Vol.
1135 4907 1166 4956 ll.
1184 4919 1211 4970 p.
1224 4904 1264 4956 43.
1291 4907 1324 4956 At
1334 4903 1467 4968 vulgatam
1483 4903 1541 4954 iure
1557 4907 1615 4954 tue-

286 4986 329 5033 tur
345 4981 431 5034 Madv.
450 4983 470 5032 1.
493 4994 519 5046 p.
538 4981 595 5032 334.
619 4985 673 5033 not.
693 4983 716 5032 4.
741 5009 767 5018 -
794 4982 835 5032 40.
858 4986 945 5031 nostra
966 4982 1036 5042 erg.
1057 5007 1085 5018 -
1109 4981 1149 5030 44.
1173 4981 1207 5030 ad
1227 4993 1273 5030 nos
1289 4980 1321 5030 Gt
1334 4981 1358 5029 4.
1380 5005 1406 5015 -
1434 4983 1492 5029 cota
1508 4979 1610 5040 ciac:

286 5063 362 5108 anteo
378 5057 426 5109 dtt.
446 5059 475 5109 0.
496 5085 524 5094 —
542 5059 584 5109 43.
602 5071 658 5109 eum
675 5070 728 5108 om.
747 5057 784 5108 oa
801 5055 834 5107 al.
855 5081 883 5094 -
907 5057 948 5109 34).
970 5057 1102 5108 Suetonius
1117 5053 1147 5116 λ;
1168 5057 1294 5107 &auleis
1309 5055 1358 5116 Gl;
1380 5053 1493 5106 &xenis
1508 5055 1554 5104 Gt.
1581 5055 1614 5105 44

286 5135 320 5190 cl.
339 5136 371 5186 11.
389 5135 413 5202 ἓ.
432 5135 472 5187 34.
491 5135 523 5186 V.
541 5133 566 5202 8.
585 5134 642 5188 447.
663 5160 691 5173 -
710 5134 751 5187 38.
770 5139 854 5185 oestro
872 5133 917 5184 Gt.
937 5159 965 5168 -
984 5131 1026 5182 39.
1043 5137 1096 5183 tran
1112 5132 1147 5199 io]
1165 5137 1217 5182 tum
1234 5132 1280 5182 Gl.
