3642 5868
312 421 374 490 aba
683 427 726 490 IN
746 426 914 492 vallabit
934 425 1057 491 AC'l'IO
1081 425 1265 492 SECUNDA

311 614 383 658 enm
404 594 651 678 apparitoribus,
681 595 712 658 id
735 603 799 672 est,
822 617 892 660 cum
913 597 945 660 vi
967 617 1003 660 ao
1025 597 1117 660 minis
1139 597 1294 671 venisset,
1315 613 1446 680 poscere
1468 595 1641 678 pecuniam

311 688 461 770 grandem
483 689 604 771 coepit,
626 695 661 752 ut
682 697 811 772 accepto
833 690 921 753 lucro
936 688 1121 753 diseederet
1152 689 1243 754 Nolle
1265 710 1299 754 se
1320 689 1439 772 negotii
1461 691 1640 774 quidquam

309 780 426 846 bebere
456 782 593 858 dicebat,
623 783 679 846 sed
708 793 834 867 accepta
861 785 996 867 pecunia
1018 803 1112 868 quam
1136 785 1271 868 primum
1292 782 1385 847 aliam
1407 784 1564 847 civitatem
1585 803 1641 845 oo-

310 895 433 960 cupare.
470 878 551 940 Sunt
571 897 680 940 omnes
704 878 802 941 Siculi
823 898 886 941 non
908 878 1147 952 contemnendi,
1170 877 1197 940 si
1218 897 1275 961 per
1295 885 1419 941 nostros
1441 877 1639 959 magistratus

285 967 419 1046 ilicem,
440 970 497 1034 sed
517 971 661 1034 homines
684 979 716 1035 et
736 973 810 1035 satis
831 972 927 1035 fortes
950 979 982 1035 et
1003 972 1096 1056 plane
1117 971 1199 1053 irugi
1221 991 1258 1034 ac
1280 971 1393 1045 sobrii,
1419 978 1452 1034 et
1473 971 1506 1032 in
1529 969 1639 1052 primis

308 1061 387 1126 baec
414 1063 537 1138 civitas,
570 1063 610 1127 de
633 1084 696 1148 qua
725 1064 853 1149 loquor,
885 1064 1014 1128 iudices.
1058 1063 1109 1128 68.
1131 1066 1241 1147 ltaque
1263 1065 1381 1128 bomini
1404 1063 1639 1148 improbissimo

198 1149 201 1156 ’
307 1155 499 1240 respondent
518 1157 731 1241 Agyrinenses
752 1179 822 1222 sese
845 1157 990 1222 decumas
1012 1159 1058 1234 ei,
1081 1177 1175 1242 quem
1198 1157 1379 1222 admodum
1394 1158 1560 1232 deberent,
1582 1156 1641 1219 da-

307 1257 411 1325 turos,
432 1250 570 1326 lucrum,
592 1271 662 1316 cum
685 1251 740 1316 ille
754 1272 867 1335 magno
889 1252 1074 1336 praesertim
1089 1253 1234 1328 emisset,
1256 1271 1321 1314 noa
1335 1251 1508 1316 additurus.
1536 1252 1641 1334 Apro-

306 1343 378 1407 nius
399 1345 561 1408 certiorem
583 1343 658 1408 iacit
671 1345 781 1421 istum,
804 1346 873 1409 cuia
887 1366 937 1409 res
953 1353 1029 1410 erat.
1065 1346 1211 1409 xxviii.
1235 1343 1545 1430 Statim,(tamquam
1561 1363 1641 1408 cou-

270 1435 417 1528 ⁴⁰¹¹¹E²ssli⁰
438 1437 547 1521 aliqua
559 1438 666 1521 Agyrii
681 1445 789 1502 corba
809 1459 876 1504 rem
897 1440 1057 1522 publicam
1078 1439 1161 1504 iacta
1175 1447 1230 1504 aut
1247 1439 1368 1550 legatus
1390 1441 1544 1524 praetoris
1563 1437 1640 1521 pul-

159 1529 235 1628 ff'
307 1537 392 1594 satus
421 1529 522 1622 esset)
549 1527 738 1616 italAgyrio
767 1534 967 1616 magistratus
989 1541 1021 1598 et
1043 1535 1183 1619 quinque
1212 1536 1306 1617 prima
1327 1534 1427 1598 accitu
1449 1534 1540 1597 istius
1561 1551 1641 1596 evo-

178 1657 240 1768 (pd
307 1634 444 1782 carpatur?
469 1626 609 1689 Veniunt
631 1627 819 1710 Syracusas:
840 1634 967 1710 praesto
989 1635 1036 1690 est
1050 1630 1225 1713 Apronius:
1247 1631 1291 1692 ait
1312 1649 1368 1692 eos
1389 1628 1490 1710 ipsos,
1513 1628 1569 1711 qui
1582 1645 1640 1689 ve-

305 1738 444 1797 nissen,
467 1726 577 1782 contra
598 1719 736 1783 edictum
758 1721 913 1803 praetoris
934 1720 1059 1786 iecisse.
1090 1721 1308 1798 Quaerebant,
1330 1723 1431 1806 quidl
1452 1719 1640 1804 Responde-

205 1883 217 1923 s
304 1812 359 1876 bat
379 1834 414 1878 sa
435 1813 475 1877 ad
497 1821 734 1896 recuperatores
757 1833 827 1877 esse
850 1814 1015 1879 dicturum.
1059 1817 1140 1891 lste,
1163 1816 1371 1900 aequissimus
1393 1815 1505 1889 bomo,
1526 1813 1639 1876 lormi-

194 1926 214 1987 p
267 1915 296 1963 tl
305 1907 412 1972 dinem
439 1907 527 1971 illem
548 1926 637 1970 suam
659 1907 781 1970 miseris
802 1909 1051 1992 Agyrinensibus
1077 1896 1517 1992 inliciebatfrecuperatores
1538 1926 1572 1970 se
1594 1905 1637 1968 de

200 2037 221 2138 ό
305 2001 431 2065 ooborte
454 2021 511 2064 sua
532 2001 678 2064 daturum
700 2002 886 2066 minabatur.
929 2003 1160 2086 Agyrinenses,
1189 2002 1451 2086 ridjonissmi,
1483 2001 1636 2066 iudicium

305 2116 339 2159 se
367 2115 516 2180 passuros
545 2113 615 2159 ease
644 2094 798 2160 dicebant.
841 2093 892 2158 69.
920 2096 1087 2179 ingerebat
1113 2097 1173 2160 iste
1195 2095 1427 2159 Artemidorum
1451 2094 1636 2159 Cornelium

204 2200 225 2304 y
303 2188 460 2272 medicum
483 2194 515 2252 et
537 2189 756 2271 Tlepolemum
780 2189 959 2254 Cornelium
981 2190 1134 2280 pictprom
1156 2199 1187 2254 et
1212 2187 1447 2252 huiuscemodi
1468 2205 1636 2272 reeupera-

304 2291 407 2360 tores,
430 2303 565 2368 quorum
588 2283 664 2346 civis
687 2283 845 2346 Romanus
867 2302 960 2347 nemo
984 2291 1065 2358 erat,
1097 2285 1152 2348 sed
1175 2284 1284 2347 Graeci
1306 2282 1467 2366 sacrilegi,
1488 2283 1550 2347 iam
1570 2283 1635 2366 pri·

265 2377 376 2444 rodem
397 2377 549 2461 improbi,
571 2382 703 2459 repente
726 2378 872 2442 Cornelii.
906 2377 1063 2441 Videbant
1083 2378 1314 2461 Agyrinenses,
1336 2376 1494 2461 quidquid
1507 2375 1556 2450 ‚ad
1578 2395 1634 2440 eos

302 2479 539 2555 recuperatores
552 2471 709 2554 Apronius
725 2473 896 2546 attulisset,
919 2471 1009 2535 illum
1022 2471 1173 2555 perfacile
1188 2472 1410 2556 probaturum:
1433 2470 1635 2536 condemnari

303 2587 373 2631 curn
402 2567 492 2630 istius
519 2565 638 2628 invidia
667 2565 859 2650 infamiaque
882 2566 1059 2641 malebant,
1087 2586 1181 2650 quam
1204 2566 1334 2630 adeius
1356 2563 1635 2647 condicionespa·

302 2662 486 2743 ctionesque
518 2657 679 2723 accedere.
722 2658 939 2735 Quaerebant,
971 2681 1053 2744 quae
1085 2661 1119 2724 in
1147 2660 1243 2724 verba
1271 2665 1506 2743 recuperatores
1534 2658 1632 2721 daret.

300 2753 544 2838 Respondebat:
567 2773 595 2816 sr
615 2773 717 2816 asnar
739 2774 895 2819 anraasvs
917 2774 1057 2818 snrcrvrs
1079 2773 1222 2820 sacrass:
1245 2775 1308 2839 qua
1329 2773 1380 2828 re,
1405 2773 1439 2816 se
1462 2753 1496 2816 ia
1515 2750 1633 2816 iudicio

301 3025 328 3077 bl
344 3039 402 3077 crea
416 3026 492 3076 mtais
507 3037 538 3076 oe
553 3024 580 3075 ot
595 3023 709 3086 babent,
729 3026 772 3088 pat
787 3040 845 3077 cam
860 3040 953 3090 appar.
971 3039 1027 3076 cam
1043 3026 1069 3076 oi
1085 3040 1117 3076 ac
1131 3026 1206 3076 minis
1222 3039 1250 3075 eo
1265 3025 1369 3076 aeamset
1385 3021 1454 3087 4342
1472 3023 1538 3088 [sine
1555 3025 1583 3074 ia
1597 3027 1634 3074 eet

300 3103 362 3167 post
377 3115 480 3166 appar,
497 3101 527 3151 ui
543 3099 608 3152 falso
626 3101 704 3152 tradit
722 3101 775 3166 Z.];
794 3104 836 3165 pai
853 3115 910 3152 eam
927 3102 1129 3166 apparitoribus,
1148 3103 1176 3151 oi
1192 3115 1222 3152 aa
1237 3101 1313 3151 miris
1329 3112 1357 3150 eo
1373 3103 1477 3150 ammei
1493 3096 1585 3150 bamb.
1604 3097 1633 3149 in

300 3187 384 3240 marg.
403 3175 481 3234 ttt8l;
500 3176 544 3238 eat
560 3187 617 3226 eam
632 3189 661 3227 eo
677 3189 734 3226 esea
750 3190 853 3239 appar,
871 3177 898 3227 id
913 3183 949 3228 ert
965 3191 1021 3228 crea
1036 3178 1112 3227 minis
1127 3189 1159 3225 eo
1174 3177 1199 3224 ei
1215 3176 1319 3225 ambert
1336 3174 1366 3237 0,
1384 3173 1414 3224 at
1430 3172 1503 3226 solus
1519 3173 1581 3238 Lag.
1597 3173 1632 3224 22

299 3250 400 3302 babere
418 3249 531 3302 videtur.
553 3250 726 3315 [Digessimoa
743 3250 871 3304 lectiones
888 3253 975 3303 varlas
992 3265 1026 3304 ex
1038 3252 1113 3303 Nieb.
1127 3250 1294 3315 apographo,
1313 3263 1347 3300 ex
1362 3261 1416 3314 quo
1433 3262 1495 3301 cum
1511 3251 1565 3300 ianr
1582 3261 1633 3314 ap-

299 3329 404 3392 pareat,
422 3327 449 3377 id
465 3332 500 3378 est
516 3341 551 3378 aa
567 3327 594 3378 io
607 3329 668 3391 Lag.
681 3327 722 3379 42.
736 3329 845 3392 quidem
861 3323 981 3388 exstare,
1000 3328 1053 3378 iam
1065 3339 1145 3378 nemo
1162 3323 1295 3376 dubitabit
1312 3325 1375 3388 quia
1392 3323 1565 3375 scribendum
1582 3325 1630 3376 sit:

299 3402 343 3464 pai
358 3415 416 3452 cam
432 3415 492 3465 app.
511 3416 540 3454 eo
555 3407 579 3453 et
595 3416 653 3452 eam
669 3403 694 3452 oi
710 3416 742 3453 ce
757 3403 882 3462 miaiso.;
901 3406 943 3453 est
959 3403 1048 3453 autem
1066 3402 1109 3465 qai
1124 3402 1227 3450 amaret
1243 3397 1315 3449 idem
1327 3396 1400 3461 quod
1414 3411 1471 3448 eum
1487 3398 1630 3449 nemine.

300 3477 339 3529 Ci.
358 3479 389 3528 ll.
408 3475 432 3542 8.
446 3477 487 3528 it.
507 3477 555 3540 (iai
570 3490 622 3527 moa
635 3481 716 3540 posset
731 3490 825 3542 separe
841 3477 873 3527 ab
888 3477 939 3527 iiiia
951 3478 1085 3539 pecuniam
1101 3479 1200 3538 datam
1218 3489 1269 3526 aaa
1286 3475 1408 3536 acoemeti
1423 3476 1474 3524 cet.
1494 3473 1587 3538 illan]
1602 3501 1630 3510 -

298 3553 323 3604 2.
341 3553 425 3617 mpoti
441 3553 576 3616 praequam
592 3552 624 3604 V.
645 3579 672 3589 -
696 3552 721 3602 3.
738 3553 845 3614 pecuaria
861 3552 922 3602 odie
938 3566 1015 3614 paam
1031 3567 1055 3614 φ
1073 3555 1101 3603 et
1116 3551 1194 3616 Lgti.
1220 3577 1247 3587 -
1269 3548 1348 3600 eiiam
1364 3563 1386 3598 c.
1406 3562 1528 3612 ocmepme
1544 3547 1629 3612 Laia:

298 3627 326 3678 ia
347 3627 426 3678 eiiam
450 3641 472 3679 o.
494 3639 626 3678 occurrere
646 3628 682 3688 V,
708 3628 736 3677 et
757 3627 809 3686 sio,
836 3624 885 3677 sed
906 3625 962 3676 sine
983 3627 1022 3688 ia,
1049 3625 1105 3677 rell.
1124 3628 1153 3677 Ο.
1180 3653 1207 3664 -
1234 3625 1258 3678 4.
1277 3638 1360 3676 amaes
1375 3621 1444 3688 legii
1461 3623 1497 3674 V:
1523 3623 1632 3674 bomiees

299 3701 377 3754 codd.
397 3699 453 3753 rell.
474 3730 502 3740 -
521 3703 545 3754 s.
564 3706 588 3752 et
602 3701 679 3766 sortes
694 3703 755 3752 satis
771 3699 913 3765 longam
931 3702 992 3750 satis
1007 3703 1084 3764 [ortes
1101 3703 1163 3766 (om.
1177 3701 1207 3764 et)
1225 3702 1255 3751 V.
1270 3726 1298 3736 —
1317 3699 1359 3750 sed
1371 3697 1449 3762 piane
1463 3699 1533 3764 papi
1549 3693 1587 3758 V;
1605 3701 1629 3747 et

298 3778 360 3828 satir
371 3775 448 3840 piane
464 3777 533 3842 pepi
550 3773 606 3825 rell.
620 3774 728 3826 Sustulit
743 3776 805 3826 satis
820 3776 848 3826 L.
863 3777 888 3826 in
906 3775 948 3826 ed.
962 3777 1066 3827 isso-
1088 3777 1112 3828 a.
1125 3777 1218 3828 bomiri
1235 3775 1304 3840 agia
1315 3776 1387 3838 Vp:
1405 3771 1500 3823 bomini
1515 3771 1632 3835 inprimis

298 3849 370 3906 rell.;
388 3851 482 3901 bomini
499 3849 632 3914 [inprimis]
649 3850 679 3900 0.
695 3876 723 3885 —
742 3846 765 3900 4.
785 3863 811 3900 se
825 3849 856 3900 V.
872 3877 900 3886 -
919 3850 944 3900 8.
962 3865 1019 3901 cem
1036 3865 1091 3903 om.
1103 3851 1135 3902 V.
1151 3877 1177 3890 ·-
1193 3851 1343 3915 praesertim
1358 3861 1452 3911 maprso
1463 3841 1542 3911 tgia.
1560 3847 1594 3896 At
1604 3846 1632 3896 in

298 3924 403 3988 vulgata
421 3925 512 3988 (quom
528 3923 667 3974 confirmat
683 3923 727 3986 V),
746 3921 773 3973 id
790 3923 863 3987 quod
880 3925 1027 3976 sententiae
1045 3927 1112 3977 ratio
1129 3923 1259 3991 postulat,
1281 3923 1321 3974 vis
1338 3923 1424 3973 maior
1440 3923 1482 3973 est
1499 3935 1532 3972 ac
1548 3932 1630 3972 mnus

298 4001 325 4051 ln
342 4013 402 4050 voc.
420 4013 522 4064 magno.
544 4023 571 4035 -
590 3999 721 4048 aeddaros
736 3999 767 4049 V.
793 4025 815 4035 -
834 3999 859 4048 9.
877 3999 944 4064 caio]
962 4001 1063 4063 quoiam
1080 3999 1157 4064 Lgli.
1177 4027 1206 4036 -
1224 4003 1280 4049 erat
1295 3997 1317 4046 V
1335 4000 1362 4047 et
1378 3995 1464 4060 igit:
1482 3999 1552 4056 erat,
1569 3991 1632 4056 ossii

298 4077 337 4126 rei
352 4081 411 4128 esset
427 4073 483 4126 rell.
503 4075 532 4126 0.
553 4098 581 4110 —
601 4074 642 4124 tt.
660 4073 740 4138 Aperi
755 4073 786 4123 V.
807 4099 835 4110 —-
852 4075 985 4140 praetoris]
1003 4077 1050 4127 Pii.
1063 4075 1094 4126 V.
1109 4101 1138 4112 -
1158 4076 1198 4125 44.
1216 4073 1353 4138 magistras
1368 4083 1503 4136 superscr.
1516 4067 1585 4120 etV.
1600 4093 1628 4104 -

299 4150 340 4202 42.
357 4151 419 4213 apr.
435 4154 536 4214 praesto
553 4153 587 4200 ert
604 4148 681 4210 agas.
702 4175 729 4184 -
749 4147 789 4198 43.
807 4149 987 4211 respondebam
1002 4152 1033 4202 V.
1048 4179 1076 4188 -
1095 4150 1135 4202 44.
1153 4151 1333 4213 reciperatores
1349 4148 1380 4208 V,
1398 4144 1448 4198 sed
1465 4145 1553 4196 statim
1569 4145 1631 4210 post

298 4239 383 4289 recep.
394 4249 423 4262 -
443 4223 576 4288 dicturum]
594 4221 669 4281 Dici
686 4217 751 4271 ivri
766 4221 797 4272 V.
809 4248 836 4258 -
853 4223 987 4287 [aridiorem
1003 4225 1033 4276 V.
1050 4252 1076 4263 -
1095 4225 1135 4276 itt.
1148 4223 1265 4274 iniciebat
1275 4223 1307 4284 V,
1325 4223 1520 4286 utsemper.-
1539 4229 1629 4268 mom.

298 4299 330 4351 V.
351 4324 378 4335 -
397 4299 434 4364 de]
452 4297 540 4350 baca
555 4297 587 4347 V.
608 4323 636 4333 -
655 4295 695 4346 46.
714 4295 805 4346 indicio
822 4295 853 4358 V,
871 4298 949 4362 agis.
968 4299 1007 4351 ci.
1027 4301 1057 4351 ll.
1078 4299 1102 4364 5.
1120 4300 1159 4350 69.
1178 4299 1268 4363 ibique
1286 4295 1502 4362 supplementum
1518 4288 1632 4344 adnota-

298 4373 384 4426 tionis.
403 4399 430 4410 -
454 4374 495 4425 47.
513 4371 885 4437 Artenidomemupictorem]
905 4375 944 4425 sic
961 4375 1029 4439 Lgti
1047 4377 1074 4426 ct
1090 4375 1113 4424 V
1136 4375 1195 4438 (nisi
1212 4373 1285 4438 quod
1302 4373 1327 4423 in
1345 4369 1387 4423 illo
1406 4372 1447 4423 est
1461 4373 1491 4422 at
1508 4367 1544 4421 J.
1561 4367 1631 4431 lepo-

298 4449 407 4510 demarm
436 4449 463 4500 in
480 4448 532 4499 hoo
547 4445 781 4508 Ameoidoloremi:
803 4447 896 4498 Artem.
916 4449 989 4500 Com.
1008 4453 1084 4511 med„
1105 4451 1232 4500 Valeriam
1245 4461 1409 4512 praecepero,
1429 4445 1494 4509 Nep.
1508 4445 1632 4508 poserem

299 4525 333 4582 0;
355 4525 449 4575 Artem.
466 4523 531 4574 med.
550 4523 625 4574 Coro.
643 4522 704 4583 pict.
726 4525 750 4571 et
771 4521 934 4585 Tlepolemum
954 4524 1033 4576 codd.
1052 4523 1121 4587 rell,
1147 4525 1196 4578 sed
1217 4523 1260 4575 alii
1280 4537 1342 4575 cum
1359 4522 1416 4574 aliis
1433 4521 1579 4574 erroribus.
1600 4546 1628 4557 -

298 4597 339 4648 49.
357 4597 573 4648 boimemeodiV:
591 4595 711 4646 mmmmdt
727 4594 838 4660 balbo,
856 4599 996 4650 beiaeaodi
1012 4602 1089 4664 lagg.
1108 4598 1165 4651 rell.
1185 4625 1214 4638 -
1233 4599 1273 4650 49.
1290 4599 1360 4663 preci
1374 4596 1406 4647 V.
1426 4625 1454 4636 -
1472 4597 1514 4649 29.
1533 4593 1631 4648 sommi

298 4671 330 4723 V.
350 4697 378 4708 -
400 4673 435 4722 ed
450 4671 498 4737 aas]
520 4671 560 4722 sio
585 4671 664 4721 etiem
681 4669 718 4731 V,
741 4683 795 4722 aon
812 4677 838 4722 at
854 4687 903 4724 eas.
924 4701 949 4712 -
978 4674 1018 4725 23.
1037 4675 1127 4726 darem
1142 4675 1174 4725 V.
1195 4701 1222 4712 -
1246 4672 1288 4724 24.
1306 4671 1486 4736 mspoeaoem
1501 4669 1579 4736 Lgli.
1599 4694 1628 4705 -

298 4747 320 4796 si
333 4751 408 4809 parer
418 4747 467 4810 Lgt
483 4746 516 4797 29
527 4745 582 4808 ch
594 4745 701 4797 Prone:
719 4754 819 4808 separet
829 4748 912 4812 agia
930 4751 951 4799 si
965 4754 1054 4813 parret
1064 4751 1096 4809 B;
1117 4749 1138 4799 ri
1151 4753 1254 4812 pareret
1268 4749 1350 4800 ANO
1362 4746 1431 4812 Laid
1442 4747 1489 4810 48,
1506 4747 1536 4797 ui
1547 4741 1628 4810 §.titi

297 4821 431 4885 atpaterat
447 4820 495 4872 dtt.
515 4848 542 4858 -
562 4822 695 4872 ademmm
710 4821 834 4872 aedictum
849 4823 881 4874 V.
901 4851 929 4860 -
948 4839 999 4888 poa
1014 4838 1043 4875 re
1060 4823 1128 4890 Lgii
1140 4826 1175 4888 N,
1194 4823 1248 4875 alii:
1267 4825 1329 4886 qaia
1344 4837 1373 4874 re
1389 4821 1473 4886 Lgiti3
1490 4821 1518 4870 ia
1534 4831 1586 4884 psa
1600 4829 1630 4868 re

297 4897 335 4960 V,
354 4911 405 4961 aaa
420 4897 448 4948 ta
463 4911 493 4948 re
502 4898 523 4948 A
532 4897 566 4958 B;
584 4894 614 4948 de
630 4911 682 4960 mea
697 4909 725 4948 re
743 4898 812 4948 coni.
825 4899 922 4959 linium
941 4913 1006 4964 qaae
1018 4900 1096 4964 Legg.
1109 4897 1167 4951 reli.
1180 4901 1202 4951 H
1212 4901 1245 4962 0,
1268 4898 1302 4950 de
1314 4911 1366 4964 qua
1377 4895 1490 4949 lectione
1502 4909 1528 4945 v.
1539 4889 1626 4946 liade.

298 4971 378 5035 Epist.
395 4973 451 5023 erit.
468 4971 562 5022 ador.
580 4983 607 5037 p.
626 4971 678 5035 94,
697 4971 741 5036 qui
758 4973 815 5038 ipse
832 4972 992 5037 scribitque
1006 4973 1055 5026 re?
1071 4987 1096 5025 se
1112 4976 1164 5026 ost.
1192 4973 1294 5042 [Scribe
1317 4985 1380 5025 oum
1396 4971 1432 5032 V:
1458 4971 1486 5021 ia
1510 4981 1563 5032 gae
1585 4979 1626 5029 re,

298 5043 354 5098 seli.
368 5045 548 5112 Agyrinenses
564 5045 709 5098 adversum
726 5047 844 5100 edictum
855 5049 988 5103 iecissent.
1007 5047 1099 5115 iiam]
1113 5075 1141 5088 -
1159 5049 1217 5103 seN
1234 5050 1308 5114 [item
1318 5047 1388 5114 aare
1398 5045 1440 5111 42,
1457 5039 1625 5105 utvidetnrl:

300 5121 390 5173 om.V
406 5123 434 5175 et
449 5121 507 5176 rell.
527 5149 552 5162 ·-
573 5121 694 5177 iudieima
709 5123 778 5188 Leti
789 5122 831 5176 lt.
