3648 5888
300 326 364 394 loo
671 339 714 401 ΙΝ
736 338 776 414 Q.
798 338 1016 404 clnculum
1035 339 1246 406 nlvmlrro

299 506 442 569 omnium
463 525 559 570 causa
579 506 619 570 ad
641 527 710 574 eam
731 515 852 593 partem
874 511 1045 576 accessisse
1058 512 1106 576 rei
1124 511 1270 595 publicae
1285 511 1514 592 sublevandae,
1537 537 1621 602 quiae

299 601 436 664 maxime
457 602 625 666 laboraret.
669 598 719 667 40.
741 606 846 680 Nunc,
879 605 1031 689 quoniam
1060 606 1175 690 quibus
1197 607 1292 671 rebus
1313 605 1469 674 adductus
1483 611 1524 674 ad
1546 632 1622 676 oau-

299 717 365 760 sam
394 697 581 762 accesserim
608 697 836 774 demonstravi,
864 699 1033 763 dicendum
1064 702 1244 766 necessario
1272 710 1321 766 est
1349 703 1388 766 de
1415 708 1621 772 contentione

298 798 423 866 nostra,
446 793 537 856 utin
558 793 780 857 constituendo
802 800 986 857 accusatore
1008 794 1087 877 quid
1109 795 1199 879 sequi
1226 797 1339 879 positis
1360 797 1514 866 babeatis.

273 909 288 955 e
380 889 449 970 Ego
471 888 518 949 sic
538 887 701 970 intelligo,
730 887 868 952 iudices:
898 909 970 952 cum
992 888 1033 951 de
1054 889 1199 971 pecuniis
1219 892 1404 974 repetundis
1426 914 1543 958 nomen
1564 917 1620 960 ou-

296 981 432 1065 iuspiam
455 981 629 1056 deseratur,
651 983 678 1045 si
700 989 858 1046 certamen
879 983 962 1046 inter
983 983 1109 1067 aliquos
1130 984 1186 1058 sit,
1208 985 1261 1047 cui
1280 987 1481 1068 potissimum
1499 988 1618 1054 delatio

295 1077 405 1152 detur,
426 1077 505 1139 haec
527 1076 590 1147 dm
612 1076 646 1138 in
667 1078 777 1159 primis
800 1079 936 1160 spectari
960 1086 1125 1160 oportere:
1149 1099 1245 1162 quem
1266 1081 1402 1146 maxime
1417 1083 1517 1147 velint
1532 1092 1618 1148 acto-

294 1192 360 1236 rem
383 1193 453 1236 esse
474 1173 514 1245 ii,
537 1172 653 1255 quibus
674 1171 776 1238 factae
798 1193 869 1236 esse
892 1172 1038 1237 dicantur
1059 1173 1210 1248 iniuriae,
1233 1182 1382 1260 atquem
1397 1178 1526 1242 minime
1541 1178 1617 1243 velit

294 1265 337 1340 is,
361 1268 417 1350 qui
439 1286 492 1329 eas
514 1267 647 1330 iniurias
668 1267 782 1332 fecisse
803 1275 962 1351 arguatur.
1005 1269 1057 1330 lv.
1081 1263 1131 1330 ll.
1153 1268 1190 1330 ln
1204 1267 1263 1331 bac
1279 1290 1389 1348 causa,
1411 1271 1549 1348 iudices,
1571 1282 1617 1336 ta·

257 1362 393 1442 temetsi,
408 1368 579 1445 utrumque
601 1381 671 1426 esse
693 1363 830 1426 arbitror
851 1362 1071 1444 perspicuum,
1093 1369 1200 1424 tamen
1222 1363 1261 1426 de
1283 1372 1421 1450 utroque
1443 1367 1562 1442 dicam,
1584 1376 1617 1432 et

293 1455 332 1519 de
354 1476 393 1519 eo
415 1457 523 1539 prius,
547 1457 634 1540 quod
655 1457 741 1538 apud
762 1477 819 1520 vos
842 1455 1014 1539 plurimum
1036 1455 1131 1519 debet
1145 1457 1267 1533 valere,
1288 1459 1351 1522 boc
1366 1467 1427 1536 est,
1450 1463 1489 1526 de
1504 1463 1614 1526 volun-

292 1561 356 1615 tate
378 1571 505 1625 eorum,
529 1551 646 1635 quibus
668 1551 803 1614 iniuriae
823 1551 926 1614 iactae
949 1558 1038 1626 sunt,
1061 1572 1197 1635 quorum
1211 1571 1308 1616 causa
1329 1554 1482 1620 iudicium
1499 1558 1538 1622 de
1558 1579 1613 1641 pe-

292 1648 394 1710 ouniis
422 1647 608 1728 repetundis
635 1654 684 1709 ost
711 1646 929 1710 constitutum.
972 1645 1115 1709 Siciliam
1142 1647 1337 1728 provinciam
1365 1647 1398 1712 C.
1421 1651 1536 1715 Verres
1557 1659 1619 1735 per·

290 1741 462 1804 triennium
483 1740 695 1823 depopulatus
718 1760 804 1814 esse,
828 1739 1008 1803 Siculorum
1029 1740 1174 1803 civitates
1193 1747 1351 1818 vastasse,
1374 1744 1484 1809 domos
1505 1745 1611 1809 exina-

254 1836 392 1909 reniase,
421 1834 495 1897 fana
524 1835 678 1917 spoliasse
707 1835 832 1899 dicitur.
874 1835 1015 1909 Adsunt,
1047 1842 1224 1918 queruntur
1252 1836 1351 1901 Siculi
1380 1841 1540 1903 universi:
1572 1842 1610 1904 ad

289 1951 391 1994 meam
412 1926 523 2003 fidem,
546 1949 642 2012 quam
662 1929 781 1992 babent
802 1934 975 2010 spectatam
996 1928 1110 1991 iamet
1131 1929 1307 2012 cognitam,
1331 1932 1534 2018 confugiunt:
1557 1956 1610 1998 au·

287 2025 401 2088 xilium
423 2023 483 2088 sibi
504 2044 563 2107 per
584 2044 634 2087 me
656 2042 675 2086 a
695 2023 786 2087 vobis
808 2030 903 2106 atque
925 2042 945 2084 a
966 2022 1079 2104 populi
1100 2023 1233 2086 Romani
1256 2023 1378 2106 legibus
1399 2033 1530 2111 petunt:
1562 2049 1610 2092 me

287 2118 487 2183 defensorem
509 2118 722 2182 calamitatum
740 2137 885 2191 suarum,
907 2135 957 2180 me
976 2115 1112 2179 ultorem
1127 2115 1331 2192 iniuriarum,
1351 2140 1401 2183 me
1417 2123 1609 2204 cognitorem

286 2213 365 2278 iuris
388 2214 455 2290 sui,
477 2233 528 2276 me
550 2219 689 2277 actorem
710 2232 823 2276 causae
842 2211 940 2276 totius
956 2231 1027 2274 esse
1041 2209 1221 2274 voluerunt.
1256 2207 1305 2274 42.
1329 2213 1456 2291 Utrum,
1480 2215 1518 2292 Q.
1535 2215 1611 2279 Cae-

249 2309 358 2382 aooili,
380 2308 443 2371 boc
465 2308 554 2382 dicis,
577 2328 627 2370 me
649 2328 715 2370 non
730 2307 909 2370 Siculorum
931 2313 1044 2388 rogatu
1065 2304 1106 2368 ad
1128 2325 1257 2368 causam
1278 2306 1443 2383 accedere,
1465 2327 1506 2372 an
1528 2309 1609 2393 opti-

222 2449 227 2458 .
285 2422 410 2465 morum
437 2399 757 2485 fidelissimorumque
786 2401 945 2466 sociorum
972 2401 1168 2463 voluntatem
1196 2400 1281 2482 apud
1308 2400 1368 2465 hos
1391 2421 1518 2486 gravem
1539 2423 1609 2467 esso

284 2517 350 2560 non
373 2499 546 2581 oportere‘l
578 2497 610 2560 Si
635 2497 668 2560 id
691 2497 823 2560 audebis
844 2496 969 2570 dicere,
1001 2496 1088 2578 quod
1112 2493 1146 2557 C.
1168 2495 1297 2570 Verres,
1320 2497 1371 2559 cui
1393 2505 1424 2560 te
1445 2497 1608 2560 inimicum

285 2611 355 2654 esse
377 2591 522 2667 simulas,
552 2593 689 2655 maxime
715 2591 890 2654 existimari
918 2589 1001 2664 vult,
1033 2587 1157 2650 Siculos
1186 2587 1248 2650 boc
1270 2607 1289 2650 a
1310 2608 1361 2652 me
1382 2611 1447 2654 non
1468 2592 1606 2674 petisse:

283 2686 420 2769 primum
450 2705 576 2749 causam
598 2687 717 2749 inimici
739 2686 787 2748 tui
810 2683 1006 2757 sublevabis,
1034 2683 1073 2745 de
1096 2702 1160 2766 quo
1183 2701 1248 2745 non
1275 2684 1523 2766 praeiudicium,
1551 2687 1606 2750 sed

246 2779 378 2863 replane
405 2780 558 2844 iudicium
580 2780 642 2843 iam
664 2780 784 2843 factum
798 2785 942 2862 putatur,
965 2777 1052 2861 quod
1067 2777 1111 2840 ita
1125 2777 1337 2858 percrebruit,
1357 2779 1481 2842 Siculos
1496 2799 1606 2844 omnes

283 2881 422 2938 actorem
444 2894 521 2938 suae
543 2893 656 2938 causae
679 2879 789 2937 contra
809 2872 897 2936 illius
917 2872 1053 2936 iniurias
1069 2872 1242 2955 quaesisse.
1276 2866 1326 2934 43.
1348 2873 1419 2936 Hoc
1434 2873 1461 2936 si
1476 2873 1606 2966 44),ρίῃί-

282 2968 382 3032 micus
405 2969 492 3043 eius,
523 2969 642 3033 iactum
672 2969 819 3051 negabis,
854 2967 942 3050 quod
970 2967 1054 3050 ipse,
1089 2966 1140 3030 oui
1161 2967 1298 3030 maxime
1320 2966 1398 3030 haec
1420 2988 1470 3031 res
1487 2957 1606 3044 obstat,

280 3081 396 3146 negare
424 3085 489 3127 non
519 3065 634 3139 audet,
665 3064 771 3127 videto
799 3082 840 3126 ne
867 3061 1001 3126 nimium
1028 3061 1227 3126 familiariter
1254 3061 1436 3125 inimicitias
1459 3081 1605 3125 exercere

279 3158 418 3223 videare.
450 3159 574 3222 Deinde
596 3165 670 3222 sunt
690 3165 787 3222 testes
809 3157 869 3223 viri
895 3157 1062 3222 clarissimi
1077 3163 1204 3221 nostrae
1220 3157 1374 3232 civitatis,
1398 3176 1479 3242 quos
1495 3178 1604 3222 omnes

241 3265 298 3316 aaa
319 3273 369 3318 me
391 3253 547 3318 nominari
569 3272 634 3316 non
657 3260 706 3316 est
727 3271 878 3315 necesse:
912 3272 967 3315 eos
997 3251 1052 3334 qui
1083 3251 1200 3315 adsunt
1221 3250 1409 3333 appellabo:
1444 3271 1542 3336 quos,
1576 3251 1604 3315 si

278 3350 443 3424 mentirer,
465 3354 562 3412 testes
584 3367 654 3410 esse
676 3345 893 3429 impudentiae
915 3363 1003 3408 meae
1025 3345 1156 3406 minime
1176 3344 1300 3407 vellem.
1337 3346 1404 3408 Scit
1411 3345 1462 3432 js,
1485 3345 1540 3428 qui
1556 3352 1604 3408 est

278 3443 311 3506 in
334 3444 484 3517 oonsilio,
507 3443 540 3505 G.
562 3440 748 3506 Marcellus:
771 3440 888 3526 scitis,
912 3458 1008 3522 quem
1022 3438 1133 3502 adesse
1148 3438 1259 3512 video,
1284 3437 1339 3501 Cn.
1354 3439 1507 3503 Lentulus
1521 3441 1603 3504 ldar-

277 3536 429 3601 cellinus:
462 3557 598 3622 quorum
630 3533 691 3600 lide
720 3543 816 3620 atque
845 3533 1005 3617 praesidio
1035 3532 1135 3595 Siculi
1162 3533 1300 3596 maxime
1322 3525 1483 3608 nituntur,
1515 3532 1602 3617 quod

278 3631 408 3694 omnino
435 3629 658 3695 Marcellorum
685 3629 808 3693 nomini
836 3636 904 3693 tota
933 3629 989 3691 illa
1017 3627 1183 3711 provincia
1211 3627 1362 3691 adiuncta
1383 3635 1441 3692 est.
1486 3621 1536 3690 ll.
1559 3625 1600 3688 lli

238 3723 381 3788 otsciunt
400 3724 463 3787 boc
484 3745 549 3787 non
570 3721 666 3787 modo
689 3741 773 3786 ame
787 3723 922 3805 petitum
937 3740 1025 3796 esse,
1047 3722 1103 3785 sed
1119 3723 1163 3786 ita
1179 3742 1273 3807 saepe
1288 3724 1381 3788 etita
1393 3724 1599 3788 vehementer

177 3849 181 3879 r
275 3839 345 3883 esse
365 3812 575 3902 petitum,lut
596 3823 651 3881 aut
673 3837 769 3880 causa
788 3817 866 3880 mibi
888 3815 1090 3899 suscipienda
1110 3815 1207 3880 luerit
1228 3805 1598 3898 autol'ficium'neoessi-

129 3903 145 3928 ‘
274 3914 394 3977 tudinis
414 3905 666 3997 repudiandum.)
701 3910 764 3974 Sed
787 3909 865 3994 quid
887 3930 945 3992 ego
967 3909 1018 3974 bis
1040 3911 1174 3974 testibus
1195 3917 1285 3988 utor,
1317 3913 1408 3996 quasi
1431 3932 1482 3976 res
1505 3911 1600 3974 dubia

274 4015 330 4071 aut
357 4009 490 4071 obscura
520 4007 586 4071 sitt
630 4004 754 4070 Adsunt
780 4006 926 4069 homines
957 4026 998 4070 ex
1026 4012 1094 4070 tota
1115 4007 1281 4090 provincia
1302 4007 1510 4080 nobilissimi,
1543 4003 1598 4090 qui

273 4110 456 4184 praesentes
477 4120 535 4166 vos
557 4107 650 4164 orant
669 4109 766 4184 atque
788 4101 972 4176 obsecrant,
993 4100 1133 4176 iudices,
1155 4108 1192 4165 ut
1212 4101 1247 4166 in
1268 4109 1375 4165 actore
1394 4120 1507 4166 causae
1522 4117 1598 4162 snae

236 4194 443 4278 lodeligendo
463 4201 604 4260 vestrum
625 4195 780 4258 iudicium
801 4193 841 4256 ab
864 4214 922 4258 suo
945 4193 1064 4258 iudicio
1087 4216 1128 4259 no
1151 4194 1319 4278 discrepet.
1353 4193 1502 4258 Omnium
1521 4191 1597 4256 civi-

181 4307 184 4314 ·
228 4345 230 4350 .
273 4295 372 4352 tatum
401 4288 498 4352 totius
527 4287 655 4352 Siciliae
680 4287 854 4370 legationes
885 4287 1002 4352 adsunt
1022 4298 1148 4372 praeter
1169 4292 1248 4355 duas
1270 4291 1429 4354 civitates:
1463 4307 1597 4374 quarum

338 4472 363 4523 4.
379 4471 556 4523 ecbleooodem
571 4472 638 4523 coni.
652 4473 708 4525 Ure.
721 4471 798 4537 prob.
812 4475 899 4524 Garat.
914 4499 941 4508 -
959 4474 985 4524 4.
999 4472 1093 4524 laboret
1109 4475 1201 4525 Franc.
1216 4501 1244 4511 —
1262 4475 1287 4525 8.
1299 4475 1401 4526 minicae
1415 4473 1473 4523 uelit
1484 4474 1515 4524 64
1532 4469 1593 4524 Pell.

271 4544 304 4598 al.
322 4546 356 4598 cl.
375 4561 398 4598 c.
412 4549 436 4598 4.
455 4549 510 4598 init.
528 4549 593 4600 liar.
605 4548 703 4598 Victor.
722 4561 748 4613 p.
762 4547 810 4599 ol:
828 4548 941 4600 maclovo
956 4548 1014 4598 velit
1031 4548 1168 4611 Gidec
1187 4549 1264 4600 codd.
1283 4549 1339 4601 Lbi.
1356 4577 1381 4588 -
1402 4547 1441 4600 43.
1459 4549 1596 4612 repetendis

272 4624 321 4683 64;
339 4619 462 4686 repatridis
479 4623 524 4673 Gt.
544 4649 572 4658 -
598 4623 637 4674 46.
657 4625 821 4687 cleopatram
838 4625 874 4674 64
883 4624 978 4686 1.ch
994 4621 1053 4674 coll.
1071 4625 1129 4674 Act.
1147 4623 1168 4674 1.
1192 4624 1217 4689 g.
1235 4625 1283 4676 29:
1312 4630 1335 4676 et
1356 4625 1400 4676 dic
1415 4624 1541 4688 cognitam
1558 4623 1589 4674 64

169 4743 174 4750 .
270 4697 318 4748 444.
332 4697 361 4750 0.
380 4699 532 4750 «recreem
548 4699 635 4763 potius
651 4699 802 4763 scripsisset
818 4704 955 4761 spectatam
969 4699 1066 4748 iamdiu
1080 4705 1104 4748 et
1120 4699 1270 4762 ceparum».
1289 4700 1376 4752 Madv.
1395 4699 1429 4749 de
1446 4703 1507 4750 Asc.
1525 4701 1592 4763 App.

269 4786 297 4838 p.
310 4771 351 4824 34.
364 4800 391 4810 -
405 4773 445 4824 49.
456 4773 543 4824 oolam
553 4772 677 4824 Gild—
690 4774 731 4826 40.
745 4774 805 4826 diets
816 4771 933 4834 Gauri
943 4773 1020 4836 agae,
1039 4772 1072 4823 ol.
1085 4770 1119 4822 ad
1132 4773 1156 4836 5.
1167 4773 1222 4825 58st
1241 4775 1300 4824 dicit
1312 4774 1364 4836 Ld,
1383 4774 1448 4824 dices
1458 4773 1490 4822 64
1504 4770 1551 4824 dtt.
1562 4771 1591 4822 0.

271 4873 300 4886 -
312 4849 353 4900 44.
368 4847 526 4912 percrebruit
535 4849 568 4898 Gt
580 4849 636 4898 st:
652 4847 800 4910 per-erebant
810 4849 860 4908 64;
875 4847 1018 4911 percrebuit
1033 4847 1094 4910 lgg.
1107 4845 1201 4912 pleriq.
1215 4849 1244 4898 0.
1260 4875 1287 4887 —
1300 4848 1340 4900 46.
1354 4855 1464 4900 actorem
1472 4862 1511 4900 me
1523 4848 1590 4900 conl.

269 4923 387 4977 llenerd.
401 4925 430 4976 0.
449 4923 482 4974 44
491 4920 552 4973 vide
563 4921 650 4973 Madv.
664 4923 697 4974 de
708 4927 767 4974 Asc.
778 4924 846 4987 App.
859 4935 885 4987 p.
899 4923 940 4974 36.
954 4949 982 4958 -
1000 4923 1041 4974 49.
1054 4923 1144 4990 omcea]
1157 4925 1265 4975 domines
1276 4925 1312 4974 64
1321 4923 1360 4976 Ld
1368 4941 1394 4988 ς.
1405 4952 1432 4962 -
1446 4926 1485 4976 ³0.
1498 4937 1593 4976 neeesse

268 5013 320 5050 cors
335 5003 370 5051 eet
381 5000 426 5050 64.
441 5023 470 5036 -
489 4997 529 5050 33.
546 4997 668 5062 ademtae]
686 4999 725 5050 sio
740 4996 835 5061 vulgo:
852 5003 958 5050 reantur
974 4998 1051 5050 codd.
1067 4999 1130 5050 noti.
1148 5003 1182 5052 At
1198 4999 1230 5051 ct.
1243 5002 1300 5052 Act.
1314 5003 1334 5052 l.
1353 5001 1377 5067 fi.
1391 5002 1431 5052 45.
1447 5025 1474 5038 -
1494 5001 1533 5052 36.
1548 5004 1593 5051 aut

269 5074 356 5142 mosa]
373 5087 454 5128 eom
469 5075 540 5138 aar.
560 5097 588 5112 -
607 5071 649 5125 ³7.
665 5073 704 5128 bit
719 5073 809 5126 uteo
825 5077 878 5128 tert.
896 5075 942 5126 64.
963 5100 990 5112 -
1009 5073 1085 5128 detto
1100 5074 1132 5127 s‘r
1148 5080 1193 5128 aot
1211 5074 1275 5128 obse.
1293 5090 1319 5141 ς.
1339 5103 1367 5114 -
1386 5074 1428 5128 44.
1446 5075 1574 5128 arcodi.
