<?xml version="1.0" encoding="UTF-8"?>
<!DOCTYPE html PUBLIC "-//W3C//DTD XHTML 1.0 Transitional//EN"
    "http://www.w3.org/TR/xhtml1/DTD/xhtml1-transitional.dtd">
<html xmlns="http://www.w3.org/1999/xhtml" xml:lang="en" lang="en">
 <head>
  <title>
</title>
<meta http-equiv="Content-Type" content="text/html;charset=utf-8" />
  <meta name='ocr-system' content='tesseract 3.04.00' />
  <meta name='ocr-capabilities' content='ocr_page ocr_carea ocr_par ocr_line ocrx_word'/>
</head>
<body>
  <div class='ocr_page' id='page_1' title='image "./mtulliiciceroni00baitgoog_0264.png"; bbox 0 0 3642 5868; ppageno 0'>
   <div class='ocr_carea' id='block_1_1' title="bbox 263 422 1224 494">
    <p class='ocr_par' dir='ltr' id='par_1_1' title="bbox 263 422 1224 494">
     <span class='ocr_line' id='line_1_1' title="bbox 263 422 1224 494; baseline 0 0"><span class='ocrx_word' id='word_1_1' title='bbox 263 422 329 494; x_wconf 74' lang='lat'><strong>238</strong></span> <span class='ocrx_word' id='word_1_2' title='bbox 640 427 684 492; x_wconf 78' lang='grc' dir='ltr'><strong>ιιι</strong></span> <span class='ocrx_word' id='word_1_3' title='bbox 704 425 873 494; x_wconf 70' lang='lat' dir='ltr'><strong>vomu</strong></span> <span class='ocrx_word' id='word_1_4' title='bbox 891 426 1018 494; x_wconf 74' lang='lat' dir='ltr'><strong>acmo</strong></span> <span class='ocrx_word' id='word_1_5' title='bbox 1039 425 1224 494; x_wconf 76' lang='lat' dir='ltr'>SECUNDA</span> 
     </span>
    </p>
   </div>
   <div class='ocr_carea' id='block_1_2' title="bbox 108 595 1599 4164">
    <p class='ocr_par' dir='ltr' id='par_1_2' title="bbox 265 595 1597 964">
     <span class='ocr_line' id='line_1_2' title="bbox 266 595 1597 684; baseline 0.001 -22"><span class='ocrx_word' id='word_1_6' title='bbox 266 596 414 662; x_wconf 89' lang='lat' dir='ltr'><strong>omnihus</strong></span> <span class='ocrx_word' id='word_1_7' title='bbox 440 595 569 662; x_wconf 83' lang='lat' dir='ltr'><strong>creditis</strong></span> <span class='ocrx_word' id='word_1_8' title='bbox 597 596 751 682; x_wconf 87' lang='lat' dir='ltr'><strong>spoliare,</strong></span> <span class='ocrx_word' id='word_1_9' title='bbox 782 597 980 683; x_wconf 87' lang='lat' dir='ltr'><strong>relinquere,</strong></span> <span class='ocrx_word' id='word_1_10' title='bbox 1007 597 1161 681; x_wconf 90' lang='lat' dir='ltr'><strong>prodere,</strong></span> <span class='ocrx_word' id='word_1_11' title='bbox 1191 615 1377 684; x_wconf 72' lang='lat' dir='ltr'><strong>oppugnare</strong></span> <span class='ocrx_word' id='word_1_12' title='bbox 1404 619 1501 664; x_wconf 88' lang='lat' dir='ltr'><strong>ausus</strong></span> <span class='ocrx_word' id='word_1_13' title='bbox 1532 600 1597 663; x_wconf 77' lang='lat' dir='ltr'><strong>siti</strong></span> 
     </span>
     <span class='ocr_line' id='line_1_3' title="bbox 265 691 1595 777; baseline 0.004 -24"><span class='ocrx_word' id='word_1_14' title='bbox 265 691 425 756; x_wconf 87' lang='lat' dir='ltr'><strong>Pudorem</strong></span> <span class='ocrx_word' id='word_1_15' title='bbox 446 711 485 755; x_wconf 90' lang='lat' dir='ltr'><strong>ao</strong></span> <span class='ocrx_word' id='word_1_16' title='bbox 505 691 691 776; x_wconf 82' lang='lat' dir='ltr'><strong>pudicitiam</strong></span> <span class='ocrx_word' id='word_1_17' title='bbox 715 691 771 776; x_wconf 95' lang='lat' dir='ltr'><strong>qui</strong></span> <span class='ocrx_word' id='word_1_18' title='bbox 794 692 886 767; x_wconf 86' lang='lat' dir='ltr'><strong>colit,</strong></span> <span class='ocrx_word' id='word_1_19' title='bbox 909 699 1017 776; x_wconf 87' lang='lat' dir='ltr'><strong>potest</strong></span> <span class='ocrx_word' id='word_1_20' title='bbox 1037 691 1144 757; x_wconf 93' lang='lat' dir='ltr'><strong>animo</strong></span> <span class='ocrx_word' id='word_1_21' title='bbox 1167 712 1270 776; x_wconf 88' lang='lat' dir='ltr'><strong>aequo</strong></span> <span class='ocrx_word' id='word_1_22' title='bbox 1292 693 1385 757; x_wconf 89' lang='lat' dir='ltr'><strong>istius</strong></span> <span class='ocrx_word' id='word_1_23' title='bbox 1408 694 1595 777; x_wconf 89' lang='lat' dir='ltr'><strong>quotidiana</strong></span> 
     </span>
     <span class='ocr_line' id='line_1_4' title="bbox 265 783 1596 870; baseline 0.002 -22"><span class='ocrx_word' id='word_1_24' title='bbox 265 783 431 860; x_wconf 90' lang='lat' dir='ltr'><strong>adulteria,</strong></span> <span class='ocrx_word' id='word_1_25' title='bbox 453 786 663 851; x_wconf 76' lang='lat' dir='ltr'><strong>meretriciam</strong></span> <span class='ocrx_word' id='word_1_26' title='bbox 686 785 899 870; x_wconf 79' lang='lat' dir='ltr'><strong>disciplinam,</strong></span> <span class='ocrx_word' id='word_1_27' title='bbox 921 786 1130 851; x_wconf 89' lang='lat' dir='ltr'><strong>domesticum</strong></span> <span class='ocrx_word' id='word_1_28' title='bbox 1153 787 1348 852; x_wconf 83' lang='lat' dir='ltr'><strong>lenocinium</strong></span> <span class='ocrx_word' id='word_1_29' title='bbox 1368 788 1499 854; x_wconf 83' lang='lat' dir='ltr'><strong>rideret</strong></span> <span class='ocrx_word' id='word_1_30' title='bbox 1531 788 1596 864; x_wconf 88' lang='lat' dir='ltr'><strong>Qui</strong></span> 
     </span>
     <span class='ocr_line' id='line_1_5' title="bbox 265 876 1596 964; baseline 0.003 -23"><span class='ocrx_word' id='word_1_31' title='bbox 265 876 438 960; x_wconf 74' lang='lat' dir='ltr'><strong>religiones</strong></span> <span class='ocrx_word' id='word_1_32' title='bbox 460 879 593 943; x_wconf 87' lang='lat' dir='ltr'><strong>deorum</strong></span> <span class='ocrx_word' id='word_1_33' title='bbox 615 879 841 944; x_wconf 76' lang='lat' dir='ltr'><strong>immortalium</strong></span> <span class='ocrx_word' id='word_1_34' title='bbox 863 881 1000 945; x_wconf 89' lang='lat' dir='ltr'><strong>retinere</strong></span> <span class='ocrx_word' id='word_1_35' title='bbox 1022 881 1101 955; x_wconf 81' lang='lat' dir='ltr'><strong>vult,</strong></span> <span class='ocrx_word' id='word_1_36' title='bbox 1123 881 1163 956; x_wconf 88' lang='lat' dir='ltr'><strong>ei,</strong></span> <span class='ocrx_word' id='word_1_37' title='bbox 1186 880 1243 964; x_wconf 91' lang='lat' dir='ltr'><strong>qui</strong></span> <span class='ocrx_word' id='word_1_38' title='bbox 1264 878 1338 944; x_wconf 79' lang='lat' dir='ltr'><strong>iana</strong></span> <span class='ocrx_word' id='word_1_39' title='bbox 1360 883 1508 964; x_wconf 90' lang='lat' dir='ltr'><strong>spoliarit</strong></span> <span class='ocrx_word' id='word_1_40' title='bbox 1528 901 1596 945; x_wconf 90' lang='lat' dir='ltr'><strong>onr-</strong></span> 
     </span>
    </p>

    <p class='ocr_par' dir='ltr' id='par_1_3' title="bbox 242 970 1596 1152">
     <span class='ocr_line' id='line_1_6' title="bbox 242 970 1595 1060; baseline 0.001 -24"><span class='ocrx_word' id='word_1_41' title='bbox 242 971 328 1047; x_wconf 82' lang='lat' dir='ltr'><strong>onia,</strong></span> <span class='ocrx_word' id='word_1_42' title='bbox 350 970 406 1054; x_wconf 91' lang='lat' dir='ltr'><strong>qui</strong></span> <span class='ocrx_word' id='word_1_43' title='bbox 428 991 469 1035; x_wconf 84' lang='lat' dir='ltr'><strong>ex</strong></span> <span class='ocrx_word' id='word_1_44' title='bbox 490 973 674 1038; x_wconf 88' lang='lat' dir='ltr'><strong>thensarum</strong></span> <span class='ocrx_word' id='word_1_45' title='bbox 697 974 809 1039; x_wconf 91' lang='lat' dir='ltr'><strong>orbitis</strong></span> <span class='ocrx_word' id='word_1_46' title='bbox 830 975 974 1059; x_wconf 89' lang='lat' dir='ltr'><strong>praedari</strong></span> <span class='ocrx_word' id='word_1_47' title='bbox 997 975 1038 1038; x_wconf 90' lang='lat' dir='ltr'><strong>sit</strong></span> <span class='ocrx_word' id='word_1_48' title='bbox 1051 994 1164 1050; x_wconf 85' lang='lat' dir='ltr'><strong>ausus,</strong></span> <span class='ocrx_word' id='word_1_49' title='bbox 1186 975 1336 1039; x_wconf 91' lang='lat' dir='ltr'><strong>inimicus</strong></span> <span class='ocrx_word' id='word_1_50' title='bbox 1358 994 1424 1039; x_wconf 95' lang='lat' dir='ltr'><strong>non</strong></span> <span class='ocrx_word' id='word_1_51' title='bbox 1446 995 1516 1040; x_wconf 88' lang='lat' dir='ltr'><strong>esse</strong></span> <span class='ocrx_word' id='word_1_52' title='bbox 1539 977 1595 1060; x_wconf 91' lang='lat' dir='ltr'><strong>qui</strong></span> 
     </span>
     <span class='ocr_line' id='line_1_7' title="bbox 264 1063 1596 1152; baseline 0.003 -24"><span class='ocrx_word' id='word_1_53' title='bbox 264 1067 392 1148; x_wconf 73' lang='lat' dir='ltr'><strong>potest?</strong></span> <span class='ocrx_word' id='word_1_54' title='bbox 418 1063 482 1142; x_wconf 87' lang='lat' dir='ltr'><strong>Qui</strong></span> <span class='ocrx_word' id='word_1_55' title='bbox 503 1065 572 1130; x_wconf 90' lang='lat' dir='ltr'><strong>iure</strong></span> <span class='ocrx_word' id='word_1_56' title='bbox 595 1087 699 1152; x_wconf 92' lang='lat' dir='ltr'><strong>aequo</strong></span> <span class='ocrx_word' id='word_1_57' title='bbox 722 1087 832 1132; x_wconf 87' lang='lat' dir='ltr'><strong>omnes</strong></span> <span class='ocrx_word' id='word_1_58' title='bbox 853 1076 946 1152; x_wconf 88' lang='lat' dir='ltr'><strong>putat</strong></span> <span class='ocrx_word' id='word_1_59' title='bbox 967 1089 1037 1134; x_wconf 86' lang='lat' dir='ltr'><strong>esse</strong></span> <span class='ocrx_word' id='word_1_60' title='bbox 1059 1076 1218 1152; x_wconf 82' lang='lat' dir='ltr'><strong>oportere,</strong></span> <span class='ocrx_word' id='word_1_61' title='bbox 1239 1069 1267 1132; x_wconf 91' lang='lat' dir='ltr'><strong>is</strong></span> <span class='ocrx_word' id='word_1_62' title='bbox 1289 1069 1348 1132; x_wconf 89' lang='lat' dir='ltr'><strong>tibi</strong></span> <span class='ocrx_word' id='word_1_63' title='bbox 1370 1089 1435 1132; x_wconf 94' lang='lat' dir='ltr'><strong>non</strong></span> <span class='ocrx_word' id='word_1_64' title='bbox 1457 1069 1596 1133; x_wconf 79' lang='lat' dir='ltr'><strong>infestis-</strong></span> 
     </span>
    </p>

    <p class='ocr_par' dir='ltr' id='par_1_4' title="bbox 228 1159 1597 1998">
     <span class='ocr_line' id='line_1_8' title="bbox 265 1159 1595 1247; baseline 0 -23"><span class='ocrx_word' id='word_1_65' title='bbox 265 1161 365 1224; x_wconf 89' lang='lat' dir='ltr'><strong>simus</strong></span> <span class='ocrx_word' id='word_1_66' title='bbox 388 1159 439 1234; x_wconf 88' lang='lat' dir='ltr'><strong>sit,</strong></span> <span class='ocrx_word' id='word_1_67' title='bbox 461 1180 533 1226; x_wconf 89' lang='lat' dir='ltr'><strong>oum</strong></span> <span class='ocrx_word' id='word_1_68' title='bbox 556 1163 675 1245; x_wconf 87' lang='lat' dir='ltr'><strong>cogitet</strong></span> <span class='ocrx_word' id='word_1_69' title='bbox 696 1164 881 1228; x_wconf 85' lang='lat' dir='ltr'><strong>varietatem</strong></span> <span class='ocrx_word' id='word_1_70' title='bbox 897 1163 1126 1247; x_wconf 81' lang='lat' dir='ltr'><strong>libidinemque</strong></span> <span class='ocrx_word' id='word_1_71' title='bbox 1142 1164 1342 1227; x_wconf 87' lang='lat' dir='ltr'><strong>decretorum</strong></span> <span class='ocrx_word' id='word_1_72' title='bbox 1356 1166 1506 1228; x_wconf 73' lang='lat' dir='ltr'><strong>tuorum?</strong></span> <span class='ocrx_word' id='word_1_73' title='bbox 1532 1162 1595 1239; x_wconf 90' lang='lat' dir='ltr'><strong>Qui</strong></span> 
     </span>
     <span class='ocr_line' id='line_1_9' title="bbox 266 1254 1597 1342; baseline 0 -23"><span class='ocrx_word' id='word_1_74' title='bbox 266 1255 425 1319; x_wconf 89' lang='lat' dir='ltr'><strong>sociorum</strong></span> <span class='ocrx_word' id='word_1_75' title='bbox 447 1254 574 1319; x_wconf 91' lang='lat' dir='ltr'><strong>iniuriis</strong></span> <span class='ocrx_word' id='word_1_76' title='bbox 596 1256 898 1342; x_wconf 81' lang='lat' dir='ltr'><strong>provinciarumque</strong></span> <span class='ocrx_word' id='word_1_77' title='bbox 920 1257 1133 1321; x_wconf 89' lang='lat' dir='ltr'><strong>incommodis</strong></span> <span class='ocrx_word' id='word_1_78' title='bbox 1157 1256 1273 1331; x_wconf 85' lang='lat' dir='ltr'><strong>doleat,</strong></span> <span class='ocrx_word' id='word_1_79' title='bbox 1295 1257 1323 1320; x_wconf 89' lang='lat' dir='ltr'><strong>is</strong></span> <span class='ocrx_word' id='word_1_80' title='bbox 1344 1256 1378 1320; x_wconf 91' lang='grc' dir='ltr'><strong>ιιι</strong></span> <span class='ocrx_word' id='word_1_81' title='bbox 1400 1265 1431 1320; x_wconf 88' lang='lat' dir='ltr'><strong>te</strong></span> <span class='ocrx_word' id='word_1_82' title='bbox 1454 1277 1519 1322; x_wconf 93' lang='lat' dir='ltr'><strong>non</strong></span> <span class='ocrx_word' id='word_1_83' title='bbox 1540 1276 1597 1319; x_wconf 86' lang='lat' dir='ltr'><strong>ex-</strong></span> 
     </span>
     <span class='ocr_line' id='line_1_10' title="bbox 265 1348 1597 1436; baseline 0 -24"><span class='ocrx_word' id='word_1_84' title='bbox 265 1349 419 1433; x_wconf 91' lang='lat' dir='ltr'><strong>pilatione</strong></span> <span class='ocrx_word' id='word_1_85' title='bbox 440 1348 545 1424; x_wconf 80' lang='lat' dir='ltr'><strong>Asiae,</strong></span> <span class='ocrx_word' id='word_1_86' title='bbox 566 1351 737 1416; x_wconf 83' lang='lat' dir='ltr'><strong>vexatione</strong></span> <span class='ocrx_word' id='word_1_87' title='bbox 752 1350 967 1436; x_wconf 81' lang='lat' dir='ltr'><strong>Pamphyliae,</strong></span> <span class='ocrx_word' id='word_1_88' title='bbox 989 1351 1140 1436; x_wconf 91' lang='lat' dir='ltr'><strong>squalore</strong></span> <span class='ocrx_word' id='word_1_89' title='bbox 1163 1358 1197 1414; x_wconf 87' lang='lat' dir='ltr'><strong>et</strong></span> <span class='ocrx_word' id='word_1_90' title='bbox 1216 1351 1355 1414; x_wconf 81' lang='lat' dir='ltr'><strong>lacrimis</strong></span> <span class='ocrx_word' id='word_1_91' title='bbox 1370 1350 1499 1414; x_wconf 85' lang='lat' dir='ltr'><strong>Siciliae</strong></span> <span class='ocrx_word' id='word_1_92' title='bbox 1520 1369 1597 1412; x_wconf 89' lang='lat' dir='ltr'><strong>con-</strong></span> 
     </span>
     <span class='ocr_line' id='line_1_11' title="bbox 229 1441 1596 1527; baseline -0.001 -19"><span class='ocrx_word' id='word_1_93' title='bbox 229 1443 402 1508; x_wconf 82' lang='lat' dir='ltr'><strong>tociteturl</strong></span> <span class='ocrx_word' id='word_1_94' title='bbox 424 1441 488 1518; x_wconf 90' lang='lat' dir='ltr'><strong>Qui</strong></span> <span class='ocrx_word' id='word_1_95' title='bbox 509 1442 628 1506; x_wconf 85' lang='lat' dir='ltr'><strong>civium</strong></span> <span class='ocrx_word' id='word_1_96' title='bbox 643 1444 858 1508; x_wconf 84' lang='lat' dir='ltr'><strong>Romanorum</strong></span> <span class='ocrx_word' id='word_1_97' title='bbox 882 1445 952 1508; x_wconf 90' lang='lat' dir='ltr'><strong>iura</strong></span> <span class='ocrx_word' id='word_1_98' title='bbox 974 1464 1011 1508; x_wconf 89' lang='lat' dir='ltr'><strong>ae</strong></span> <span class='ocrx_word' id='word_1_99' title='bbox 1033 1444 1212 1509; x_wconf 88' lang='lat' dir='ltr'><strong>libertatem</strong></span> <span class='ocrx_word' id='word_1_100' title='bbox 1227 1451 1367 1509; x_wconf 85' lang='lat' dir='ltr'><strong>sanctam</strong></span> <span class='ocrx_word' id='word_1_101' title='bbox 1383 1443 1469 1527; x_wconf 86' lang='lat' dir='ltr'><strong>apud</strong></span> <span class='ocrx_word' id='word_1_102' title='bbox 1485 1462 1596 1506; x_wconf 89' lang='lat' dir='ltr'><strong>omnes</strong></span> 
     </span>
     <span class='ocr_line' id='line_1_12' title="bbox 265 1536 1596 1648; baseline -0.002 -46"><span class='ocrx_word' id='word_1_103' title='bbox 265 1536 376 1602; x_wconf 88' lang='lat' dir='ltr'><strong>haberi</strong></span> <span class='ocrx_word' id='word_1_104' title='bbox 397 1536 516 1612; x_wconf 82' lang='lat' dir='ltr'><strong>velit,</strong></span> <span class='ocrx_word' id='word_1_105' title='bbox 507 1557 535 1601; x_wconf 86' lang='lat' dir='ltr'><strong>rs</strong></span> <span class='ocrx_word' id='word_1_106' title='bbox 556 1557 622 1600; x_wconf 92' lang='lat' dir='ltr'><strong>non</strong></span> <span class='ocrx_word' id='word_1_107' title='bbox 645 1538 703 1602; x_wconf 93' lang='lat' dir='ltr'><strong>tibi</strong></span> <span class='ocrx_word' id='word_1_108' title='bbox 724 1539 797 1622; x_wconf 92' lang='lat' dir='ltr'><strong>plus</strong></span> <span class='ocrx_word' id='word_1_109' title='bbox 822 1539 918 1603; x_wconf 88' lang='lat' dir='ltr'><strong>etiarn</strong></span> <span class='ocrx_word' id='word_1_110' title='bbox 940 1559 1037 1648; x_wconf 79' lang='lat' dir='ltr'><strong>quam</strong></span> <span class='ocrx_word' id='word_1_111' title='bbox 1059 1538 1208 1602; x_wconf 85' lang='lat' dir='ltr'><strong>inimicus</strong></span> <span class='ocrx_word' id='word_1_112' title='bbox 1223 1557 1294 1602; x_wconf 88' lang='lat' dir='ltr'><strong>esse</strong></span> <span class='ocrx_word' id='word_1_113' title='bbox 1309 1536 1433 1612; x_wconf 89' lang='lat' dir='ltr'><strong>deheat,</strong></span> <span class='ocrx_word' id='word_1_114' title='bbox 1455 1558 1527 1602; x_wconf 88' lang='lat' dir='ltr'><strong>cum</strong></span> <span class='ocrx_word' id='word_1_115' title='bbox 1542 1543 1596 1600; x_wconf 88' lang='lat' dir='ltr'><strong>tua</strong></span> 
     </span>
     <span class='ocr_line' id='line_1_13' title="bbox 265 1629 1596 1716; baseline 0 -22"><span class='ocrx_word' id='word_1_116' title='bbox 265 1629 407 1705; x_wconf 81' lang='lat' dir='ltr'><strong>verbera,</strong></span> <span class='ocrx_word' id='word_1_117' title='bbox 429 1649 501 1693; x_wconf 89' lang='lat' dir='ltr'><strong>cunr</strong></span> <span class='ocrx_word' id='word_1_118' title='bbox 523 1651 661 1707; x_wconf 85' lang='lat' dir='ltr'><strong>secures,</strong></span> <span class='ocrx_word' id='word_1_119' title='bbox 684 1653 756 1696; x_wconf 89' lang='lat' dir='ltr'><strong>cum</strong></span> <span class='ocrx_word' id='word_1_120' title='bbox 778 1652 889 1696; x_wconf 87' lang='lat' dir='ltr'><strong>eruces</strong></span> <span class='ocrx_word' id='word_1_121' title='bbox 910 1632 952 1696; x_wconf 89' lang='lat' dir='ltr'><strong>ad</strong></span> <span class='ocrx_word' id='word_1_122' title='bbox 975 1632 1092 1697; x_wconf 88' lang='lat' dir='ltr'><strong>civium</strong></span> <span class='ocrx_word' id='word_1_123' title='bbox 1107 1633 1323 1696; x_wconf 84' lang='lat' dir='ltr'><strong>llomanorunr</strong></span> <span class='ocrx_word' id='word_1_124' title='bbox 1338 1631 1496 1716; x_wconf 88' lang='lat' dir='ltr'><strong>supplicia</strong></span> <span class='ocrx_word' id='word_1_125' title='bbox 1515 1632 1596 1694; x_wconf 82' lang='lat' dir='ltr'><strong>fixas</strong></span> 
     </span>
     <span class='ocr_line' id='line_1_14' title="bbox 265 1703 1595 1833; baseline -0.002 -44"><span class='ocrx_word' id='word_1_126' title='bbox 265 1725 470 1789; x_wconf 76' lang='lat' dir='ltr'><strong>recordetur?</strong></span> <span class='ocrx_word' id='word_1_127' title='bbox 514 1721 545 1787; x_wconf 89' lang='lat'><strong>7.</strong></span> <span class='ocrx_word' id='word_1_128' title='bbox 566 1725 665 1788; x_wconf 84' lang='lat' dir='ltr'><strong>An</strong></span> <span class='ocrx_word' id='word_1_129' title='bbox 639 1747 666 1790; x_wconf 85' lang='grc' dir='ltr'><strong>ιι</strong></span> <span class='ocrx_word' id='word_1_130' title='bbox 689 1747 753 1810; x_wconf 91' lang='lat' dir='ltr'><strong>qua</strong></span> <span class='ocrx_word' id='word_1_131' title='bbox 781 1727 816 1791; x_wconf 94' lang='lat' dir='ltr'><strong>in</strong></span> <span class='ocrx_word' id='word_1_132' title='bbox 843 1746 877 1790; x_wconf 93' lang='lat' dir='ltr'><strong>re</strong></span> <span class='ocrx_word' id='word_1_133' title='bbox 907 1733 1019 1790; x_wconf 88' lang='lat' dir='ltr'><strong>contra</strong></span> <span class='ocrx_word' id='word_1_134' title='bbox 1046 1745 1112 1789; x_wconf 90' lang='lat' dir='ltr'><strong>rem</strong></span> <span class='ocrx_word' id='word_1_135' title='bbox 1135 1745 1236 1791; x_wconf 88' lang='lat' dir='ltr'><strong>meam</strong></span> <span class='ocrx_word' id='word_1_136' title='bbox 1260 1725 1453 1790; x_wconf 79' lang='lat' dir='ltr'><strong>decrevisset</strong></span> <span class='ocrx_word' id='word_1_137' title='bbox 1473 1703 1595 1833; x_wconf 87' lang='lat' dir='ltr'><strong>abqurd</strong></span> 
     </span>
     <span class='ocr_line' id='line_1_15' title="bbox 266 1817 1595 1893; baseline -0.001 -12"><span class='ocrx_word' id='word_1_138' title='bbox 266 1817 397 1893; x_wconf 91' lang='lat' dir='ltr'><strong>iniuria,</strong></span> <span class='ocrx_word' id='word_1_139' title='bbox 418 1817 489 1883; x_wconf 89' lang='lat' dir='ltr'><strong>iure</strong></span> <span class='ocrx_word' id='word_1_140' title='bbox 512 1819 541 1882; x_wconf 96' lang='lat' dir='ltr'><strong>ei</strong></span> <span class='ocrx_word' id='word_1_141' title='bbox 561 1841 611 1883; x_wconf 93' lang='lat' dir='ltr'><strong>me</strong></span> <span class='ocrx_word' id='word_1_142' title='bbox 626 1821 792 1885; x_wconf 89' lang='lat' dir='ltr'><strong>inimicum</strong></span> <span class='ocrx_word' id='word_1_143' title='bbox 807 1839 877 1885; x_wconf 91' lang='lat' dir='ltr'><strong>esse</strong></span> <span class='ocrx_word' id='word_1_144' title='bbox 891 1820 1095 1884; x_wconf 86' lang='lat' dir='ltr'><strong>arbitrarere:</strong></span> <span class='ocrx_word' id='word_1_145' title='bbox 1118 1841 1191 1884; x_wconf 87' lang='lat' dir='ltr'><strong>cunr</strong></span> <span class='ocrx_word' id='word_1_146' title='bbox 1205 1820 1314 1885; x_wconf 87' lang='lat' dir='ltr'><strong>omnia</strong></span> <span class='ocrx_word' id='word_1_147' title='bbox 1328 1827 1439 1883; x_wconf 88' lang='lat' dir='ltr'><strong>contra</strong></span> <span class='ocrx_word' id='word_1_148' title='bbox 1453 1819 1595 1884; x_wconf 92' lang='lat' dir='ltr'><strong>omnium</strong></span> 
     </span>
     <span class='ocr_line' id='line_1_16' title="bbox 228 1911 1595 1998; baseline -0.003 -19"><span class='ocrx_word' id='word_1_149' title='bbox 228 1911 423 1979; x_wconf 82' lang='lat' dir='ltr'><strong>tehonorum</strong></span> <span class='ocrx_word' id='word_1_150' title='bbox 438 1932 515 1990; x_wconf 88' lang='lat' dir='ltr'><strong>rem,</strong></span> <span class='ocrx_word' id='word_1_151' title='bbox 538 1933 676 1990; x_wconf 80' lang='lat' dir='ltr'><strong>causam,</strong></span> <span class='ocrx_word' id='word_1_152' title='bbox 690 1917 857 1990; x_wconf 88' lang='lat' dir='ltr'><strong>rationem,</strong></span> <span class='ocrx_word' id='word_1_153' title='bbox 872 1914 1041 1978; x_wconf 85' lang='lat' dir='ltr'><strong>utilitatem</strong></span> <span class='ocrx_word' id='word_1_154' title='bbox 1055 1914 1318 1998; x_wconf 82' lang='lat' dir='ltr'><strong>voluntatemque</strong></span> <span class='ocrx_word' id='word_1_155' title='bbox 1332 1913 1453 1989; x_wconf 79' lang='lat' dir='ltr'><strong>feccrit,</strong></span> <span class='ocrx_word' id='word_1_156' title='bbox 1468 1913 1595 1998; x_wconf 88' lang='lat' dir='ltr'><strong>quaeris</strong></span> 
     </span>
    </p>

    <p class='ocr_par' dir='ltr' id='par_1_5' title="bbox 266 2007 1594 2092">
     <span class='ocr_line' id='line_1_17' title="bbox 266 2007 1594 2092; baseline -0.003 -20"><span class='ocrx_word' id='word_1_157' title='bbox 266 2029 323 2072; x_wconf 89' lang='lat' dir='ltr'><strong>cur</strong></span> <span class='ocrx_word' id='word_1_158' title='bbox 343 2008 374 2070; x_wconf 91' lang='lat' dir='ltr'><strong>ei</strong></span> <span class='ocrx_word' id='word_1_159' title='bbox 397 2008 455 2071; x_wconf 88' lang='lat' dir='ltr'><strong>sim</strong></span> <span class='ocrx_word' id='word_1_160' title='bbox 477 2007 643 2085; x_wconf 87' lang='lat' dir='ltr'><strong>inimicus,</strong></span> <span class='ocrx_word' id='word_1_161' title='bbox 665 2010 716 2074; x_wconf 89' lang='lat' dir='ltr'><strong>cui</strong></span> <span class='ocrx_word' id='word_1_162' title='bbox 738 2009 880 2092; x_wconf 93' lang='lat' dir='ltr'><strong>populus</strong></span> <span class='ocrx_word' id='word_1_163' title='bbox 901 2008 1063 2072; x_wconf 85' lang='lat' dir='ltr'><strong>Romanus</strong></span> <span class='ocrx_word' id='word_1_164' title='bbox 1085 2007 1220 2072; x_wconf 81' lang='lat' dir='ltr'><strong>infestus</strong></span> <span class='ocrx_word' id='word_1_165' title='bbox 1242 2012 1310 2072; x_wconf 76' lang='lat' dir='ltr'><strong>esti</strong></span> <span class='ocrx_word' id='word_1_166' title='bbox 1333 2008 1389 2092; x_wconf 93' lang='lat' dir='ltr'><strong>qui</strong></span> <span class='ocrx_word' id='word_1_167' title='bbox 1411 2008 1594 2091; x_wconf 88' lang='lat' dir='ltr'><strong>praesertim</strong></span> 
     </span>
    </p>

    <p class='ocr_par' dir='ltr' id='par_1_6' title="bbox 265 2099 1599 2194">
     <span class='ocr_line' id='line_1_18' title="bbox 265 2099 1599 2194; baseline -0.001 -30"><span class='ocrx_word' id='word_1_168' title='bbox 265 2102 338 2188; x_wconf 92' lang='lat' dir='ltr'><strong>plus</strong></span> <span class='ocrx_word' id='word_1_169' title='bbox 361 2101 473 2175; x_wconf 88' lang='lat' dir='ltr'><strong>etiam,</strong></span> <span class='ocrx_word' id='word_1_170' title='bbox 501 2119 598 2184; x_wconf 92' lang='lat' dir='ltr'><strong>quam</strong></span> <span class='ocrx_word' id='word_1_171' title='bbox 626 2122 700 2185; x_wconf 84' lang='lat' dir='ltr'><strong>pars</strong></span> <span class='ocrx_word' id='word_1_172' title='bbox 726 2102 828 2166; x_wconf 82' lang='lat' dir='ltr'><strong>virilis</strong></span> <span class='ocrx_word' id='word_1_173' title='bbox 858 2099 1017 2185; x_wconf 90' lang='lat' dir='ltr'><strong>postulat,</strong></span> <span class='ocrx_word' id='word_1_174' title='bbox 1043 2120 1104 2183; x_wconf 91' lang='lat' dir='ltr'><strong>pro</strong></span> <span class='ocrx_word' id='word_1_175' title='bbox 1134 2101 1299 2166; x_wconf 81' lang='lat' dir='ltr'><strong>voluntate</strong></span> <span class='ocrx_word' id='word_1_176' title='bbox 1328 2102 1440 2184; x_wconf 93' lang='lat' dir='ltr'><strong>populi</strong></span> <span class='ocrx_word' id='word_1_177' title='bbox 1461 2100 1599 2194; x_wconf 30' lang='lat' dir='ltr'><strong>Romani·</strong></span> 
     </span>
    </p>

    <p class='ocr_par' dir='ltr' id='par_1_7' title="bbox 266 2194 1596 2305">
     <span class='ocr_line' id='line_1_19' title="bbox 266 2194 1596 2305; baseline 0 -47"><span class='ocrx_word' id='word_1_178' title='bbox 266 2195 373 2260; x_wconf 90' lang='lat' dir='ltr'><strong>oneris</strong></span> <span class='ocrx_word' id='word_1_179' title='bbox 394 2214 431 2258; x_wconf 90' lang='lat' dir='ltr'><strong>ac</strong></span> <span class='ocrx_word' id='word_1_180' title='bbox 445 2195 586 2258; x_wconf 90' lang='lat' dir='ltr'><strong>muneris</strong></span> <span class='ocrx_word' id='word_1_181' title='bbox 587 2196 765 2305; x_wconf 87' lang='lat' dir='ltr'><strong>suscipere</strong></span> <span class='ocrx_word' id='word_1_182' title='bbox 781 2196 936 2260; x_wconf 73' lang='lat' dir='ltr'><strong>debeam?</strong></span> <span class='ocrx_word' id='word_1_183' title='bbox 971 2196 1023 2259; x_wconf 87' lang='lat' dir='ltr'><strong>lv.</strong></span> <span class='ocrx_word' id='word_1_184' title='bbox 1047 2194 1144 2271; x_wconf 90' lang='lat' dir='ltr'><strong>Quid,</strong></span> <span class='ocrx_word' id='word_1_185' title='bbox 1165 2195 1231 2271; x_wconf 88' lang='lat' dir='ltr'><strong>illa,</strong></span> <span class='ocrx_word' id='word_1_186' title='bbox 1253 2214 1336 2280; x_wconf 89' lang='lat' dir='ltr'><strong>quae</strong></span> <span class='ocrx_word' id='word_1_187' title='bbox 1351 2195 1473 2260; x_wconf 80' lang='lat' dir='ltr'><strong>leviora</strong></span> <span class='ocrx_word' id='word_1_188' title='bbox 1486 2196 1596 2261; x_wconf 86' lang='lat' dir='ltr'><strong>riden-</strong></span> 
     </span>
    </p>

    <p class='ocr_par' dir='ltr' id='par_1_8' title="bbox 227 2289 1596 2565">
     <span class='ocr_line' id='line_1_20' title="bbox 265 2289 1595 2374; baseline -0.001 -21"><span class='ocrx_word' id='word_1_189' title='bbox 265 2296 318 2353; x_wconf 91' lang='lat' dir='ltr'><strong>tur</strong></span> <span class='ocrx_word' id='word_1_190' title='bbox 339 2307 426 2362; x_wconf 90' lang='lat' dir='ltr'><strong>esse,</strong></span> <span class='ocrx_word' id='word_1_191' title='bbox 455 2307 520 2351; x_wconf 89' lang='lat' dir='ltr'><strong>non</strong></span> <span class='ocrx_word' id='word_1_192' title='bbox 543 2289 684 2353; x_wconf 86' lang='lat' dir='ltr'><strong>cuiusvis</strong></span> <span class='ocrx_word' id='word_1_193' title='bbox 714 2290 855 2354; x_wconf 87' lang='lat' dir='ltr'><strong>animum</strong></span> <span class='ocrx_word' id='word_1_194' title='bbox 877 2295 1013 2373; x_wconf 87' lang='lat' dir='ltr'><strong>possunt</strong></span> <span class='ocrx_word' id='word_1_195' title='bbox 1033 2293 1193 2374; x_wconf 71' lang='lat' dir='ltr'><strong>moveret(</strong></span> <span class='ocrx_word' id='word_1_196' title='bbox 1214 2291 1302 2374; x_wconf 94' lang='lat' dir='ltr'><strong>quod</strong></span> <span class='ocrx_word' id='word_1_197' title='bbox 1323 2289 1364 2354; x_wconf 88' lang='lat' dir='ltr'><strong>ad</strong></span> <span class='ocrx_word' id='word_1_198' title='bbox 1387 2289 1504 2354; x_wconf 88' lang='lat' dir='ltr'><strong>tuam</strong></span> <span class='ocrx_word' id='word_1_199' title='bbox 1495 2290 1595 2374; x_wconf 90' lang='lat' dir='ltr'><strong>rpsius</strong></span> 
     </span>
     <span class='ocr_line' id='line_1_21' title="bbox 227 2379 1596 2492; baseline -0.002 -43"><span class='ocrx_word' id='word_1_200' title='bbox 227 2382 447 2472; x_wconf 73' lang='lat' dir='ltr'><strong>soamicitiam)</strong></span> <span class='ocrx_word' id='word_1_201' title='bbox 459 2389 703 2468; x_wconf 89' lang='lat' dir='ltr'><strong>oeterorumque</strong></span> <span class='ocrx_word' id='word_1_202' title='bbox 724 2385 892 2449; x_wconf 91' lang='lat' dir='ltr'><strong>bominum</strong></span> <span class='ocrx_word' id='word_1_203' title='bbox 914 2401 1101 2466; x_wconf 87' lang='lat' dir='ltr'><strong>magnorum</strong></span> <span class='ocrx_word' id='word_1_204' title='bbox 1117 2390 1213 2492; x_wconf 82' lang='lat' dir='ltr'><strong>atquc</strong></span> <span class='ocrx_word' id='word_1_205' title='bbox 1238 2383 1396 2447; x_wconf 89' lang='lat' dir='ltr'><strong>nobilium</strong></span> <span class='ocrx_word' id='word_1_206' title='bbox 1411 2379 1596 2453; x_wconf 81' lang='lat' dir='ltr'><strong>(faciliorem</strong></span> 
     </span>
     <span class='ocr_line' id='line_1_22' title="bbox 265 2454 1596 2565; baseline -0.002 -22"><span class='ocrx_word' id='word_1_207' title='bbox 265 2479 387 2544; x_wconf 88' lang='lat' dir='ltr'><strong>aditum</strong></span> <span class='ocrx_word' id='word_1_208' title='bbox 408 2454 501 2541; x_wconf 73' lang='lat' dir='ltr'><strong>istius</strong></span> <span class='ocrx_word' id='word_1_209' title='bbox 522 2479 618 2543; x_wconf 86' lang='lat' dir='ltr'><strong>habet</strong></span> <span class='ocrx_word' id='word_1_210' title='bbox 639 2481 786 2565; x_wconf 87' lang='lat' dir='ltr'><strong>nequitia</strong></span> <span class='ocrx_word' id='word_1_211' title='bbox 806 2487 840 2545; x_wconf 92' lang='lat' dir='ltr'><strong>et</strong></span> <span class='ocrx_word' id='word_1_212' title='bbox 859 2480 995 2544; x_wconf 86' lang='lat' dir='ltr'><strong>audacia</strong></span> <span class='ocrx_word' id='word_1_213' title='bbox 1017 2497 1112 2564; x_wconf 90' lang='lat' dir='ltr'><strong>quam</strong></span> <span class='ocrx_word' id='word_1_214' title='bbox 1134 2477 1325 2562; x_wconf 87' lang='lat' dir='ltr'><strong>cuiusquam</strong></span> <span class='ocrx_word' id='word_1_215' title='bbox 1339 2485 1482 2542; x_wconf 85' lang='lat' dir='ltr'><strong>nostrum</strong></span> <span class='ocrx_word' id='word_1_216' title='bbox 1496 2477 1596 2540; x_wconf 85' lang='lat' dir='ltr'><strong>virtus</strong></span> 
     </span>
    </p>

    <p class='ocr_par' dir='ltr' id='par_1_9' title="bbox 264 2557 1596 2845">
     <span class='ocr_line' id='line_1_23' title="bbox 266 2557 1596 2657; baseline -0.003 -21"><span class='ocrx_word' id='word_1_217' title='bbox 266 2579 300 2636; x_wconf 92' lang='lat' dir='ltr'><strong>et</strong></span> <span class='ocrx_word' id='word_1_218' title='bbox 320 2571 520 2657; x_wconf 81' lang='lat' dir='ltr'><strong>integritas‘l)</strong></span> <span class='ocrx_word' id='word_1_219' title='bbox 551 2557 672 2636; x_wconf 85' lang='lat' dir='ltr'><strong>Odistis</strong></span> <span class='ocrx_word' id='word_1_220' title='bbox 694 2574 860 2638; x_wconf 93' lang='lat' dir='ltr'><strong>hominum</strong></span> <span class='ocrx_word' id='word_1_221' title='bbox 881 2593 1039 2637; x_wconf 84' lang='lat' dir='ltr'><strong>novorum</strong></span> <span class='ocrx_word' id='word_1_222' title='bbox 1065 2570 1270 2646; x_wconf 88' lang='lat' dir='ltr'><strong>industriam,</strong></span> <span class='ocrx_word' id='word_1_223' title='bbox 1299 2570 1465 2655; x_wconf 89' lang='lat' dir='ltr'><strong>despicitis</strong></span> <span class='ocrx_word' id='word_1_224' title='bbox 1487 2589 1596 2635; x_wconf 87' lang='lat' dir='ltr'><strong>eorum</strong></span> 
     </span>
     <span class='ocr_line' id='line_1_24' title="bbox 264 2665 1595 2754; baseline -0.004 -23"><span class='ocrx_word' id='word_1_225' title='bbox 264 2666 490 2750; x_wconf 80' lang='lat' dir='ltr'><strong>frugalitatem,</strong></span> <span class='ocrx_word' id='word_1_226' title='bbox 512 2666 666 2749; x_wconf 88' lang='lat' dir='ltr'><strong>pudorem</strong></span> <span class='ocrx_word' id='word_1_227' title='bbox 689 2669 903 2742; x_wconf 88' lang='lat' dir='ltr'><strong>contemnitis,</strong></span> <span class='ocrx_word' id='word_1_228' title='bbox 925 2668 1089 2749; x_wconf 88' lang='lat' dir='ltr'><strong>ingenium</strong></span> <span class='ocrx_word' id='word_1_229' title='bbox 1111 2685 1187 2730; x_wconf 86' lang='lat' dir='ltr'><strong>vero</strong></span> <span class='ocrx_word' id='word_1_230' title='bbox 1204 2673 1236 2729; x_wconf 89' lang='lat' dir='ltr'><strong>et</strong></span> <span class='ocrx_word' id='word_1_231' title='bbox 1249 2665 1399 2730; x_wconf 83' lang='lat' dir='ltr'><strong>virtutem</strong></span> <span class='ocrx_word' id='word_1_232' title='bbox 1414 2665 1595 2754; x_wconf 91' lang='lat' dir='ltr'><strong>depressam</strong></span> 
     </span>
     <span class='ocr_line' id='line_1_25' title="bbox 267 2757 1596 2845; baseline -0.002 -21"><span class='ocrx_word' id='word_1_233' title='bbox 267 2759 520 2844; x_wconf 86' lang='lat' dir='ltr'><strong>exstinctamque</strong></span> <span class='ocrx_word' id='word_1_234' title='bbox 542 2762 677 2845; x_wconf 89' lang='lat' dir='ltr'><strong>cupitis:</strong></span> <span class='ocrx_word' id='word_1_235' title='bbox 698 2764 828 2826; x_wconf 87' lang='lat' dir='ltr'><strong>Verrem</strong></span> <span class='ocrx_word' id='word_1_236' title='bbox 843 2761 966 2824; x_wconf 88' lang='lat' dir='ltr'><strong>amatis.</strong></span> <span class='ocrx_word' id='word_1_237' title='bbox 999 2757 1029 2822; x_wconf 89' lang='lat'><strong>8.</strong></span> <span class='ocrx_word' id='word_1_238' title='bbox 1052 2760 1099 2822; x_wconf 86' lang='lat' dir='ltr'><strong>lta</strong></span> <span class='ocrx_word' id='word_1_239' title='bbox 1121 2758 1236 2822; x_wconf 86' lang='lat' dir='ltr'><strong>credo:</strong></span> <span class='ocrx_word' id='word_1_240' title='bbox 1259 2759 1286 2822; x_wconf 94' lang='lat' dir='ltr'><strong>si</strong></span> <span class='ocrx_word' id='word_1_241' title='bbox 1301 2778 1367 2822; x_wconf 91' lang='lat' dir='ltr'><strong>non</strong></span> <span class='ocrx_word' id='word_1_242' title='bbox 1381 2760 1508 2835; x_wconf 79' lang='lat' dir='ltr'><strong>virtute,</strong></span> <span class='ocrx_word' id='word_1_243' title='bbox 1531 2778 1596 2823; x_wconf 94' lang='lat' dir='ltr'><strong>non</strong></span> 
     </span>
    </p>

    <p class='ocr_par' dir='ltr' id='par_1_10' title="bbox 128 2847 1597 3033">
     <span class='ocr_line' id='line_1_26' title="bbox 128 2847 1597 2938; baseline -0.005 -15"><span class='ocrx_word' id='word_1_244' title='bbox 128 2883 132 2898; x_wconf 91' lang='lat'>·</span> <span class='ocrx_word' id='word_1_245' title='bbox 228 2847 434 2930; x_wconf 74' lang='lat' dir='ltr'><strong>reindustria,</strong></span> <span class='ocrx_word' id='word_1_246' title='bbox 455 2873 522 2918; x_wconf 94' lang='lat' dir='ltr'><strong>non</strong></span> <span class='ocrx_word' id='word_1_247' title='bbox 544 2855 736 2932; x_wconf 87' lang='lat' dir='ltr'><strong>innocentia,</strong></span> <span class='ocrx_word' id='word_1_248' title='bbox 759 2875 825 2920; x_wconf 91' lang='lat' dir='ltr'><strong>non</strong></span> <span class='ocrx_word' id='word_1_249' title='bbox 846 2854 979 2938; x_wconf 89' lang='lat' dir='ltr'><strong>pudore,</strong></span> <span class='ocrx_word' id='word_1_250' title='bbox 1001 2872 1066 2916; x_wconf 95' lang='lat' dir='ltr'><strong>non</strong></span> <span class='ocrx_word' id='word_1_251' title='bbox 1087 2852 1252 2935; x_wconf 89' lang='lat' dir='ltr'><strong>pudicitia,</strong></span> <span class='ocrx_word' id='word_1_252' title='bbox 1273 2859 1308 2916; x_wconf 90' lang='lat' dir='ltr'><strong>at</strong></span> <span class='ocrx_word' id='word_1_253' title='bbox 1321 2871 1478 2928; x_wconf 87' lang='lat' dir='ltr'><strong>sermone,</strong></span> <span class='ocrx_word' id='word_1_254' title='bbox 1498 2853 1597 2917; x_wconf 87' lang='lat' dir='ltr'><strong>atlit-</strong></span> 
     </span>
     <span class='ocr_line' id='line_1_27' title="bbox 268 2947 1597 3033; baseline -0.002 -22"><span class='ocrx_word' id='word_1_255' title='bbox 268 2947 359 3022; x_wconf 91' lang='lat' dir='ltr'><strong>teris,</strong></span> <span class='ocrx_word' id='word_1_256' title='bbox 386 2952 419 3010; x_wconf 92' lang='grc' dir='ltr'><strong>ιι</strong></span> <span class='ocrx_word' id='word_1_257' title='bbox 437 2947 634 3014; x_wconf 86' lang='lat' dir='ltr'><strong>humanitate</strong></span> <span class='ocrx_word' id='word_1_258' title='bbox 656 2953 727 3014; x_wconf 87' lang='lat' dir='ltr'><strong>eius</strong></span> <span class='ocrx_word' id='word_1_259' title='bbox 748 2949 961 3014; x_wconf 85' lang='lat' dir='ltr'><strong>delectamini.</strong></span> <span class='ocrx_word' id='word_1_260' title='bbox 1003 2947 1091 3010; x_wconf 91' lang='lat' dir='ltr'><strong>Nihil</strong></span> <span class='ocrx_word' id='word_1_261' title='bbox 1113 2967 1224 3012; x_wconf 89' lang='lat' dir='ltr'><strong>eorum</strong></span> <span class='ocrx_word' id='word_1_262' title='bbox 1246 2955 1305 3021; x_wconf 92' lang='lat' dir='ltr'><strong>est,</strong></span> <span class='ocrx_word' id='word_1_263' title='bbox 1327 2955 1501 3033; x_wconf 87' lang='lat' dir='ltr'><strong>contraque</strong></span> <span class='ocrx_word' id='word_1_264' title='bbox 1523 2953 1597 3011; x_wconf 88' lang='lat' dir='ltr'><strong>sunt</strong></span> 
     </span>
    </p>

    <p class='ocr_par' dir='ltr' id='par_1_11' title="bbox 266 3041 1596 3150">
     <span class='ocr_line' id='line_1_28' title="bbox 266 3041 1596 3150; baseline -0.002 -44"><span class='ocrx_word' id='word_1_265' title='bbox 266 3041 377 3106; x_wconf 89' lang='lat' dir='ltr'><strong>omnia</strong></span> <span class='ocrx_word' id='word_1_266' title='bbox 396 3061 469 3105; x_wconf 92' lang='lat' dir='ltr'><strong>cum</strong></span> <span class='ocrx_word' id='word_1_267' title='bbox 491 3063 615 3107; x_wconf 89' lang='lat' dir='ltr'><strong>summo</strong></span> <span class='ocrx_word' id='word_1_268' title='bbox 637 3044 794 3109; x_wconf 86' lang='lat' dir='ltr'><strong>dedecore</strong></span> <span class='ocrx_word' id='word_1_269' title='bbox 816 3063 854 3108; x_wconf 90' lang='lat' dir='ltr'><strong>ac</strong></span> <span class='ocrx_word' id='word_1_270' title='bbox 875 3042 1072 3150; x_wconf 80' lang='lat' dir='ltr'><strong>turpitudine</strong></span> <span class='ocrx_word' id='word_1_271' title='bbox 1094 3048 1162 3105; x_wconf 89' lang='lat' dir='ltr'><strong>tum</strong></span> <span class='ocrx_word' id='word_1_272' title='bbox 1183 3041 1337 3126; x_wconf 70' lang='lat' dir='ltr'><strong>singulari</strong></span> <span class='ocrx_word' id='word_1_273' title='bbox 1351 3042 1596 3125; x_wconf 89' lang='lat' dir='ltr'><strong>stultitiaatque</strong></span> 
     </span>
    </p>

    <p class='ocr_par' dir='ltr' id='par_1_12' title="bbox 108 3095 1595 3318">
     <span class='ocr_line' id='line_1_29' title="bbox 108 3095 1595 3222; baseline 0 -24"><span class='ocrx_word' id='word_1_274' title='bbox 108 3095 127 3198; x_wconf 65' lang='grc' dir='ltr'><strong>ι</strong></span> <span class='ocrx_word' id='word_1_275' title='bbox 266 3135 498 3200; x_wconf 86' lang='lat' dir='ltr'><strong>inhumanitate</strong></span> <span class='ocrx_word' id='word_1_276' title='bbox 521 3117 629 3202; x_wconf 88' lang='lat' dir='ltr'><strong>ohlrta.</strong></span> <span class='ocrx_word' id='word_1_277' title='bbox 673 3139 757 3202; x_wconf 86' lang='lat' dir='ltr'><strong>Huic</strong></span> <span class='ocrx_word' id='word_1_278' title='bbox 777 3137 945 3204; x_wconf 92' lang='lat' dir='ltr'><strong>homini&#39;</strong></span> <span class='ocrx_word' id='word_1_279' title='bbox 919 3157 947 3200; x_wconf 82' lang='grc' dir='ltr'><strong>ιι</strong></span> <span class='ocrx_word' id='word_1_280' title='bbox 962 3135 1053 3200; x_wconf 88' lang='lat' dir='ltr'><strong>euius</strong></span> <span class='ocrx_word' id='word_1_281' title='bbox 1069 3136 1182 3200; x_wconf 89' lang='lat' dir='ltr'><strong>domus</strong></span> <span class='ocrx_word' id='word_1_282' title='bbox 1197 3144 1292 3222; x_wconf 82' lang='lat' dir='ltr'><strong>petet,</strong></span> <span class='ocrx_word' id='word_1_283' title='bbox 1314 3144 1422 3200; x_wconf 86' lang='lat' dir='ltr'><strong>utrum</strong></span> <span class='ocrx_word' id='word_1_284' title='bbox 1436 3157 1474 3202; x_wconf 88' lang='lat' dir='ltr'><strong>ea</strong></span> <span class='ocrx_word' id='word_1_285' title='bbox 1488 3144 1595 3221; x_wconf 80' lang='lat' dir='ltr'><strong>patere</strong></span> 
     </span>
     <span class='ocr_line' id='line_1_30' title="bbox 267 3227 1597 3318; baseline -0.003 -22"><span class='ocrx_word' id='word_1_286' title='bbox 267 3231 418 3296; x_wconf 87' lang='lat' dir='ltr'><strong>anbiare</strong></span> <span class='ocrx_word' id='word_1_287' title='bbox 440 3250 632 3315; x_wconf 80' lang='lat' dir='ltr'><strong>reposcere</strong></span> <span class='ocrx_word' id='word_1_288' title='bbox 653 3234 777 3318; x_wconf 85' lang='lat' dir='ltr'><strong>aliquid</strong></span> <span class='ocrx_word' id='word_1_289' title='bbox 798 3231 945 3298; x_wconf 70' lang='lat' dir='ltr'><strong>ridetur?</strong></span> <span class='ocrx_word' id='word_1_290' title='bbox 981 3231 1074 3296; x_wconf 86' lang='lat' dir='ltr'><strong>Hune</strong></span> <span class='ocrx_word' id='word_1_291' title='bbox 1097 3231 1194 3296; x_wconf 86' lang='lat' dir='ltr'><strong>vestri</strong></span> <span class='ocrx_word' id='word_1_292' title='bbox 1217 3233 1380 3307; x_wconf 82' lang='lat' dir='ltr'><strong>ianitores,</strong></span> <span class='ocrx_word' id='word_1_293' title='bbox 1400 3231 1487 3296; x_wconf 87' lang='lat' dir='ltr'><strong>bunc</strong></span> <span class='ocrx_word' id='word_1_294' title='bbox 1508 3227 1597 3292; x_wconf 88' lang='lat' dir='ltr'><strong>cubi·</strong></span> 
     </span>
    </p>

    <p class='ocr_par' dir='ltr' id='par_1_13' title="bbox 120 3320 1597 3981">
     <span class='ocr_line' id='line_1_31' title="bbox 123 3320 1595 3420; baseline -0.004 -29"><span class='ocrx_word' id='word_1_295' title='bbox 123 3355 136 3391; x_wconf 83' lang='grc'>.·,</span> <span class='ocrx_word' id='word_1_296' title='bbox 229 3324 380 3420; x_wconf 82' lang='lat' dir='ltr'><strong>oooularii</strong></span> <span class='ocrx_word' id='word_1_297' title='bbox 403 3325 556 3408; x_wconf 86' lang='lat' dir='ltr'><strong>diligunt:</strong></span> <span class='ocrx_word' id='word_1_298' title='bbox 584 3328 671 3394; x_wconf 89' lang='lat' dir='ltr'><strong>bunc</strong></span> <span class='ocrx_word' id='word_1_299' title='bbox 693 3327 798 3396; x_wconf 90' lang='lat' dir='ltr'><strong>liberti</strong></span> <span class='ocrx_word' id='word_1_300' title='bbox 819 3325 935 3402; x_wconf 81' lang='lat' dir='ltr'><strong>vestri,</strong></span> <span class='ocrx_word' id='word_1_301' title='bbox 956 3325 1044 3390; x_wconf 89' lang='lat' dir='ltr'><strong>bunc</strong></span> <span class='ocrx_word' id='word_1_302' title='bbox 1066 3326 1149 3390; x_wconf 86' lang='lat' dir='ltr'><strong>servi</strong></span> <span class='ocrx_word' id='word_1_303' title='bbox 1142 3326 1372 3414; x_wconf 89' lang='lat' dir='ltr'><strong>ancillaeque</strong></span> <span class='ocrx_word' id='word_1_304' title='bbox 1393 3330 1516 3388; x_wconf 76' lang='lat' dir='ltr'><strong>mant:</strong></span> <span class='ocrx_word' id='word_1_305' title='bbox 1543 3320 1595 3386; x_wconf 87' lang='lat' dir='ltr'><strong>bic</strong></span> 
     </span>
     <span class='ocr_line' id='line_1_32' title="bbox 120 3407 1596 3499; baseline -0.004 -14"><span class='ocrx_word' id='word_1_306' title='bbox 120 3434 138 3459; x_wconf 56' lang='grc' dir='ltr'><strong>Α</strong></span> <span class='ocrx_word' id='word_1_307' title='bbox 267 3407 340 3486; x_wconf 76' lang='lat' dir='ltr'><strong>eum</strong></span> <span class='ocrx_word' id='word_1_308' title='bbox 360 3419 458 3495; x_wconf 78' lang='lat' dir='ltr'><strong>venit,</strong></span> <span class='ocrx_word' id='word_1_309' title='bbox 480 3429 571 3486; x_wconf 87' lang='lat' dir='ltr'><strong>extra</strong></span> <span class='ocrx_word' id='word_1_310' title='bbox 592 3422 737 3487; x_wconf 88' lang='lat' dir='ltr'><strong>ordinem</strong></span> <span class='ocrx_word' id='word_1_311' title='bbox 758 3430 907 3486; x_wconf 88' lang='lat' dir='ltr'><strong>vocatur:</strong></span> <span class='ocrx_word' id='word_1_312' title='bbox 928 3421 982 3485; x_wconf 90' lang='lat' dir='ltr'><strong>bio</strong></span> <span class='ocrx_word' id='word_1_313' title='bbox 1004 3422 1091 3486; x_wconf 88' lang='lat' dir='ltr'><strong>solus</strong></span> <span class='ocrx_word' id='word_1_314' title='bbox 1111 3417 1342 3486; x_wconf 87' lang='lat' dir='ltr'><strong>introducitur:</strong></span> <span class='ocrx_word' id='word_1_315' title='bbox 1364 3419 1479 3494; x_wconf 85' lang='lat' dir='ltr'><strong>ceteri,</strong></span> <span class='ocrx_word' id='word_1_316' title='bbox 1501 3435 1596 3499; x_wconf 90' lang='lat' dir='ltr'><strong>saepe</strong></span> 
     </span>
     <span class='ocr_line' id='line_1_33' title="bbox 134 3509 1596 3624; baseline -0.007 -42"><span class='ocrx_word' id='word_1_317' title='bbox 134 3511 151 3624; x_wconf 53' lang='grc' dir='ltr'><em>ί</em></span> <span class='ocrx_word' id='word_1_318' title='bbox 266 3513 473 3623; x_wconf 76' lang='lat' dir='ltr'><strong>frugalissimi</strong></span> <span class='ocrx_word' id='word_1_319' title='bbox 501 3515 663 3592; x_wconf 88' lang='lat' dir='ltr'><strong>homines,</strong></span> <span class='ocrx_word' id='word_1_320' title='bbox 692 3516 916 3580; x_wconf 85' lang='lat' dir='ltr'><strong>exeluduntur.</strong></span> <span class='ocrx_word' id='word_1_321' title='bbox 959 3516 1095 3599; x_wconf 87' lang='lat' dir='ltr'><strong>Exque</strong></span> <span class='ocrx_word' id='word_1_322' title='bbox 1126 3513 1262 3598; x_wconf 89' lang='lat' dir='ltr'><strong>intelligi</strong></span> <span class='ocrx_word' id='word_1_323' title='bbox 1290 3520 1399 3596; x_wconf 89' lang='lat' dir='ltr'><strong>potest</strong></span> <span class='ocrx_word' id='word_1_324' title='bbox 1425 3531 1480 3576; x_wconf 86' lang='lat' dir='ltr'><strong>eos</strong></span> <span class='ocrx_word' id='word_1_325' title='bbox 1505 3509 1596 3575; x_wconf 87' lang='lat' dir='ltr'><strong>robis</strong></span> 
     </span>
     <span class='ocr_line' id='line_1_34' title="bbox 268 3606 1595 3695; baseline -0.009 -19"><span class='ocrx_word' id='word_1_326' title='bbox 268 3631 339 3676; x_wconf 88' lang='lat' dir='ltr'><strong>esse</strong></span> <span class='ocrx_word' id='word_1_327' title='bbox 362 3607 552 3688; x_wconf 85' lang='lat' dir='ltr'><strong>carissimos,</strong></span> <span class='ocrx_word' id='word_1_328' title='bbox 574 3611 631 3695; x_wconf 95' lang='lat' dir='ltr'><strong>qui</strong></span> <span class='ocrx_word' id='word_1_329' title='bbox 652 3610 698 3674; x_wconf 90' lang='lat' dir='ltr'><strong>ita</strong></span> <span class='ocrx_word' id='word_1_330' title='bbox 718 3610 867 3687; x_wconf 82' lang='lat' dir='ltr'><strong>vinerint,</strong></span> <span class='ocrx_word' id='word_1_331' title='bbox 889 3618 927 3675; x_wconf 91' lang='lat' dir='ltr'><strong>ut</strong></span> <span class='ocrx_word' id='word_1_332' title='bbox 947 3610 1017 3674; x_wconf 89' lang='lat' dir='ltr'><strong>sine</strong></span> <span class='ocrx_word' id='word_1_333' title='bbox 1038 3617 1146 3674; x_wconf 83' lang='lat' dir='ltr'><strong>vestro</strong></span> <span class='ocrx_word' id='word_1_334' title='bbox 1167 3607 1328 3692; x_wconf 88' lang='lat' dir='ltr'><strong>praesidio</strong></span> <span class='ocrx_word' id='word_1_335' title='bbox 1351 3606 1431 3670; x_wconf 80' lang='lat' dir='ltr'><strong>salvi</strong></span> <span class='ocrx_word' id='word_1_336' title='bbox 1446 3623 1516 3669; x_wconf 84' lang='lat' dir='ltr'><strong>esse</strong></span> <span class='ocrx_word' id='word_1_337' title='bbox 1531 3621 1595 3666; x_wconf 94' lang='lat' dir='ltr'><strong>non</strong></span> 
     </span>
     <span class='ocr_line' id='line_1_35' title="bbox 266 3696 1596 3789; baseline -0.008 -21"><span class='ocrx_word' id='word_1_338' title='bbox 266 3704 401 3789; x_wconf 87' lang='lat' dir='ltr'><strong>possint.</strong></span> <span class='ocrx_word' id='word_1_339' title='bbox 443 3699 473 3765; x_wconf 90' lang='grc'><strong>9.</strong></span> <span class='ocrx_word' id='word_1_340' title='bbox 502 3705 598 3781; x_wconf 87' lang='lat' dir='ltr'><strong>Quid,</strong></span> <span class='ocrx_word' id='word_1_341' title='bbox 619 3706 681 3770; x_wconf 90' lang='lat' dir='ltr'><strong>boe</strong></span> <span class='ocrx_word' id='word_1_342' title='bbox 702 3704 851 3787; x_wconf 88' lang='lat' dir='ltr'><strong>cuiquam</strong></span> <span class='ocrx_word' id='word_1_343' title='bbox 878 3703 1044 3767; x_wconf 79' lang='lat' dir='ltr'><strong>ferendum</strong></span> <span class='ocrx_word' id='word_1_344' title='bbox 1065 3708 1160 3786; x_wconf 88' lang='lat' dir='ltr'><strong>putas</strong></span> <span class='ocrx_word' id='word_1_345' title='bbox 1181 3721 1267 3778; x_wconf 91' lang='lat' dir='ltr'><strong>esse,</strong></span> <span class='ocrx_word' id='word_1_346' title='bbox 1289 3720 1348 3765; x_wconf 90' lang='lat' dir='ltr'><strong>nos</strong></span> <span class='ocrx_word' id='word_1_347' title='bbox 1370 3701 1415 3763; x_wconf 90' lang='lat' dir='ltr'><strong>ita</strong></span> <span class='ocrx_word' id='word_1_348' title='bbox 1435 3698 1541 3762; x_wconf 85' lang='lat' dir='ltr'><strong>rivere</strong></span> <span class='ocrx_word' id='word_1_349' title='bbox 1562 3696 1596 3757; x_wconf 93' lang='lat' dir='ltr'><strong>in</strong></span> 
     </span>
     <span class='ocr_line' id='line_1_36' title="bbox 230 3795 1596 3887; baseline -0.007 -25"><span class='ocrx_word' id='word_1_350' title='bbox 230 3801 404 3887; x_wconf 82' lang='lat' dir='ltr'><strong>sopeeunia</strong></span> <span class='ocrx_word' id='word_1_351' title='bbox 425 3799 525 3873; x_wconf 88' lang='lat' dir='ltr'><strong>tenui,</strong></span> <span class='ocrx_word' id='word_1_352' title='bbox 546 3805 583 3862; x_wconf 89' lang='lat' dir='ltr'><strong>ut</strong></span> <span class='ocrx_word' id='word_1_353' title='bbox 603 3818 734 3883; x_wconf 89' lang='lat' dir='ltr'><strong>prorsus</strong></span> <span class='ocrx_word' id='word_1_354' title='bbox 756 3795 836 3859; x_wconf 91' lang='lat' dir='ltr'><strong>nibil</strong></span> <span class='ocrx_word' id='word_1_355' title='bbox 858 3797 1023 3880; x_wconf 87' lang='lat' dir='ltr'><strong>acquirere</strong></span> <span class='ocrx_word' id='word_1_356' title='bbox 1037 3796 1183 3871; x_wconf 83' lang='lat' dir='ltr'><strong>velimus,</strong></span> <span class='ocrx_word' id='word_1_357' title='bbox 1204 3803 1241 3858; x_wconf 91' lang='lat' dir='ltr'><strong>ut</strong></span> <span class='ocrx_word' id='word_1_358' title='bbox 1255 3795 1441 3878; x_wconf 88' lang='lat' dir='ltr'><strong>dignitatem</strong></span> <span class='ocrx_word' id='word_1_359' title='bbox 1454 3796 1596 3855; x_wconf 90' lang='lat' dir='ltr'><strong>nostram</strong></span> 
     </span>
     <span class='ocr_line' id='line_1_37' title="bbox 266 3887 1597 3981; baseline -0.01 -20"><span class='ocrx_word' id='word_1_360' title='bbox 266 3896 446 3981; x_wconf 90' lang='lat' dir='ltr'><strong>populique</strong></span> <span class='ocrx_word' id='word_1_361' title='bbox 468 3893 603 3957; x_wconf 84' lang='lat' dir='ltr'><strong>Romani</strong></span> <span class='ocrx_word' id='word_1_362' title='bbox 624 3887 779 3955; x_wconf 83' lang='lat' dir='ltr'><strong>beneficia</strong></span> <span class='ocrx_word' id='word_1_363' title='bbox 800 3908 866 3952; x_wconf 94' lang='lat' dir='ltr'><strong>non</strong></span> <span class='ocrx_word' id='word_1_364' title='bbox 888 3889 1007 3974; x_wconf 89' lang='lat' dir='ltr'><strong>copiis,</strong></span> <span class='ocrx_word' id='word_1_365' title='bbox 1029 3888 1085 3953; x_wconf 92' lang='lat' dir='ltr'><strong>sed</strong></span> <span class='ocrx_word' id='word_1_366' title='bbox 1107 3889 1224 3953; x_wconf 83' lang='lat' dir='ltr'><strong>virtute</strong></span> <span class='ocrx_word' id='word_1_367' title='bbox 1246 3896 1406 3951; x_wconf 85' lang='lat' dir='ltr'><strong>tueamur:</strong></span> <span class='ocrx_word' id='word_1_368' title='bbox 1430 3887 1525 3950; x_wconf 89' lang='lat' dir='ltr'><strong>istum</strong></span> <span class='ocrx_word' id='word_1_369' title='bbox 1547 3905 1597 3947; x_wconf 90' lang='lat' dir='ltr'><strong>re-</strong></span> 
     </span>
    </p>

    <p class='ocr_par' dir='ltr' id='par_1_14' title="bbox 267 3979 1596 4069">
     <span class='ocr_line' id='line_1_38' title="bbox 267 3979 1596 4069; baseline -0.011 -13"><span class='ocrx_word' id='word_1_370' title='bbox 267 3991 327 4056; x_wconf 91' lang='lat' dir='ltr'><strong>bus</strong></span> <span class='ocrx_word' id='word_1_371' title='bbox 349 3989 499 4053; x_wconf 93' lang='lat' dir='ltr'><strong>omnibus</strong></span> <span class='ocrx_word' id='word_1_372' title='bbox 519 3985 662 4069; x_wconf 90' lang='lat' dir='ltr'><strong>undique</strong></span> <span class='ocrx_word' id='word_1_373' title='bbox 681 3983 823 4067; x_wconf 89' lang='lat' dir='ltr'><strong>ereptis</strong></span> <span class='ocrx_word' id='word_1_374' title='bbox 814 4001 944 4066; x_wconf 80' lang='lat' dir='ltr'><strong>impune</strong></span> <span class='ocrx_word' id='word_1_375' title='bbox 958 3983 1138 4048; x_wconf 89' lang='lat' dir='ltr'><strong>eludentem</strong></span> <span class='ocrx_word' id='word_1_376' title='bbox 1153 3983 1372 4046; x_wconf 80' lang='lat' dir='ltr'><strong>circumfluere</strong></span> <span class='ocrx_word' id='word_1_377' title='bbox 1386 3988 1483 4064; x_wconf 88' lang='lat' dir='ltr'><strong>atque</strong></span> <span class='ocrx_word' id='word_1_378' title='bbox 1497 3979 1596 4043; x_wconf 88' lang='lat' dir='ltr'><strong>abun·</strong></span> 
     </span>
    </p>

    <p class='ocr_par' dir='ltr' id='par_1_15' title="bbox 183 4073 1596 4164">
     <span class='ocr_line' id='line_1_39' title="bbox 183 4073 1596 4164; baseline -0.009 -15"><span class='ocrx_word' id='word_1_379' title='bbox 183 4137 187 4142; x_wconf 91' lang='lat'><strong>.</strong></span> <span class='ocrx_word' id='word_1_380' title='bbox 268 4083 366 4148; x_wconf 80' lang='lat' dir='ltr'><strong>daret</strong></span> <span class='ocrx_word' id='word_1_381' title='bbox 386 4082 484 4148; x_wconf 92' lang='lat' dir='ltr'><strong>huius</strong></span> <span class='ocrx_word' id='word_1_382' title='bbox 505 4087 637 4164; x_wconf 90' lang='lat' dir='ltr'><strong>argento</strong></span> <span class='ocrx_word' id='word_1_383' title='bbox 659 4077 804 4142; x_wconf 87' lang='lat' dir='ltr'><strong>dominio</strong></span> <span class='ocrx_word' id='word_1_384' title='bbox 825 4082 941 4152; x_wconf 89' lang='lat' dir='ltr'><strong>vestra,</strong></span> <span class='ocrx_word' id='word_1_385' title='bbox 961 4076 1058 4142; x_wconf 91' lang='lat' dir='ltr'><strong>buius</strong></span> <span class='ocrx_word' id='word_1_386' title='bbox 1079 4077 1180 4160; x_wconf 90' lang='lat' dir='ltr'><strong>signis</strong></span> <span class='ocrx_word' id='word_1_387' title='bbox 1202 4083 1234 4140; x_wconf 92' lang='lat' dir='ltr'><strong>et</strong></span> <span class='ocrx_word' id='word_1_388' title='bbox 1248 4075 1365 4139; x_wconf 83' lang='lat' dir='ltr'><strong>tabulis</strong></span> <span class='ocrx_word' id='word_1_389' title='bbox 1379 4073 1484 4138; x_wconf 80' lang='lat' dir='ltr'><strong>lorum</strong></span> <span class='ocrx_word' id='word_1_390' title='bbox 1498 4073 1596 4141; x_wconf 87' lang='lat' dir='ltr'><strong>comi-</strong></span> 
     </span>
    </p>
   </div>
   <div class='ocr_carea' id='block_1_3' title="bbox 267 4379 1598 5130">
    <p class='ocr_par' dir='ltr' id='par_1_16' title="bbox 267 4379 1598 5123">
     <span class='ocr_line' id='line_1_40' title="bbox 333 4379 1594 4452; baseline -0.01 -8"><span class='ocrx_word' id='word_1_391' title='bbox 333 4387 570 4452; x_wconf 64' lang='lat' dir='ltr'><strong>sacrosantae</strong></span> <span class='ocrx_word' id='word_1_392' title='bbox 586 4387 649 4451; x_wconf 68' lang='lat' dir='ltr'><strong>bgr.</strong></span> <span class='ocrx_word' id='word_1_393' title='bbox 667 4397 775 4448; x_wconf 88' lang='lat' dir='ltr'><strong>omncs,</strong></span> <span class='ocrx_word' id='word_1_394' title='bbox 793 4383 861 4437; x_wconf 86' lang='lat' dir='ltr'><strong>EC:</strong></span> <span class='ocrx_word' id='word_1_395' title='bbox 880 4385 978 4449; x_wconf 81' lang='lat' dir='ltr'><strong>stpcd.</strong></span> <span class='ocrx_word' id='word_1_396' title='bbox 995 4381 1053 4436; x_wconf 88' lang='lat' dir='ltr'><strong>rell.</strong></span> <span class='ocrx_word' id='word_1_397' title='bbox 1072 4385 1100 4436; x_wconf 87' lang='grc' dir='ltr'><strong>θ.</strong></span> <span class='ocrx_word' id='word_1_398' title='bbox 1121 4411 1149 4421; x_wconf 89' lang='grc'><strong>-</strong></span> <span class='ocrx_word' id='word_1_399' title='bbox 1168 4383 1192 4436; x_wconf 89' lang='grc' dir='ltr'><strong>ι.</strong></span> <span class='ocrx_word' id='word_1_400' title='bbox 1211 4383 1315 4436; x_wconf 64' lang='lat' dir='ltr'><strong>retiam</strong></span> <span class='ocrx_word' id='word_1_401' title='bbox 1331 4379 1433 4434; x_wconf 83' lang='lat' dir='ltr'><strong>mavult</strong></span> <span class='ocrx_word' id='word_1_402' title='bbox 1449 4382 1594 4448; x_wconf 86' lang='lat' dir='ltr'><strong>Zumpttns.</strong></span> 
     </span>
     <span class='ocr_line' id='line_1_41' title="bbox 271 4457 1597 4530; baseline -0.007 -13"><span class='ocrx_word' id='word_1_403' title='bbox 271 4491 298 4505; x_wconf 92' lang='lat'>-</span> <span class='ocrx_word' id='word_1_404' title='bbox 318 4465 342 4518; x_wconf 91' lang='grc'><strong>6.</strong></span> <span class='ocrx_word' id='word_1_405' title='bbox 362 4469 433 4530; x_wconf 81' lang='lat' dir='ltr'><strong>putet</strong></span> <span class='ocrx_word' id='word_1_406' title='bbox 455 4463 489 4514; x_wconf 90' lang='lat' dir='ltr'><strong>de</strong></span> <span class='ocrx_word' id='word_1_407' title='bbox 512 4463 581 4514; x_wconf 90' lang='lat' dir='ltr'><strong>conl.</strong></span> <span class='ocrx_word' id='word_1_408' title='bbox 599 4461 688 4513; x_wconf 84' lang='lat' dir='ltr'><strong>Beckii</strong></span> <span class='ocrx_word' id='word_1_409' title='bbox 706 4461 735 4512; x_wconf 91' lang='lat'><strong>0.</strong></span> <span class='ocrx_word' id='word_1_410' title='bbox 756 4487 783 4498; x_wconf 88' lang='lat'><em>-</em></span> <span class='ocrx_word' id='word_1_411' title='bbox 812 4461 853 4512; x_wconf 93' lang='grc' dir='ltr'><strong>ιι.</strong></span> <span class='ocrx_word' id='word_1_412' title='bbox 871 4461 957 4512; x_wconf 75' lang='lat' dir='ltr'><strong>baberi</strong></span> <span class='ocrx_word' id='word_1_413' title='bbox 974 4461 1033 4512; x_wconf 83' lang='lat' dir='ltr'><strong>osltt</strong></span> <span class='ocrx_word' id='word_1_414' title='bbox 1049 4459 1225 4524; x_wconf 74' lang='lat' dir='ltr'><strong>ngtaeru:</strong></span> <span class='ocrx_word' id='word_1_415' title='bbox 1249 4458 1487 4518; x_wconf 68' lang='grc' dir='ltr'>ιιιπιυοιιιιιι</span> <span class='ocrx_word' id='word_1_416' title='bbox 1511 4457 1597 4508; x_wconf 76' lang='lat' dir='ltr'><strong>bobert</strong></span> 
     </span>
     <span class='ocr_line' id='line_1_42' title="bbox 267 4532 1595 4606; baseline -0.008 -13"><span class='ocrx_word' id='word_1_417' title='bbox 267 4540 419 4606; x_wconf 72' lang='lat' dir='ltr'><strong>ooltbg293</strong></span> <span class='ocrx_word' id='word_1_418' title='bbox 436 4535 591 4589; x_wconf 63' lang='lat' dir='ltr'><strong>rosaceo</strong></span> <span class='ocrx_word' id='word_1_419' title='bbox 608 4535 656 4586; x_wconf 92' lang='lat' dir='ltr'><strong>dtt.</strong></span> <span class='ocrx_word' id='word_1_420' title='bbox 678 4562 705 4570; x_wconf 99' lang='lat'>-</span> <span class='ocrx_word' id='word_1_421' title='bbox 725 4533 818 4586; x_wconf 72' lang='grc' dir='ltr'>ιιιιιιιι</span> <span class='ocrx_word' id='word_1_422' title='bbox 834 4534 1001 4598; x_wconf 57' lang='lat' dir='ltr'><strong>144th</strong></span> <span class='ocrx_word' id='word_1_423' title='bbox 1026 4537 1067 4587; x_wconf 79' lang='grc' dir='ltr'><strong>ιι.</strong></span> <span class='ocrx_word' id='word_1_424' title='bbox 1083 4538 1141 4600; x_wconf 68' lang='grc' dir='ltr'><strong>μα</strong></span> <span class='ocrx_word' id='word_1_425' title='bbox 1157 4537 1186 4587; x_wconf 83' lang='grc' dir='ltr'><strong>Ε.</strong></span> <span class='ocrx_word' id='word_1_426' title='bbox 1206 4561 1233 4571; x_wconf 91' lang='grc'>-</span> <span class='ocrx_word' id='word_1_427' title='bbox 1259 4534 1298 4585; x_wconf 80' lang='grc'><strong>43.</strong></span> <span class='ocrx_word' id='word_1_428' title='bbox 1323 4532 1595 4597; x_wconf 71' lang='lat' dir='ltr'><strong>dcoeobsetlgltli:</strong></span> 
     </span>
     <span class='ocr_line' id='line_1_43' title="bbox 268 4607 1595 4672; baseline -0.008 -4"><span class='ocrx_word' id='word_1_429' title='bbox 268 4611 458 4668; x_wconf 77' lang='grc' dir='ltr'>(ιοιιοιιοιιιιι.</span> <span class='ocrx_word' id='word_1_430' title='bbox 476 4613 554 4664; x_wconf 89' lang='grc'><strong>0.-</strong></span> <span class='ocrx_word' id='word_1_431' title='bbox 574 4610 615 4663; x_wconf 90' lang='grc' dir='ltr'><strong>ιι.</strong></span> <span class='ocrx_word' id='word_1_432' title='bbox 633 4609 898 4672; x_wconf 59' lang='lat' dir='ltr'><strong>accrescens:</strong></span> <span class='ocrx_word' id='word_1_433' title='bbox 916 4609 1066 4663; x_wconf 79' lang='lat' dir='ltr'><strong>mesinell.</strong></span> <span class='ocrx_word' id='word_1_434' title='bbox 1085 4612 1163 4662; x_wconf 89' lang='grc'><strong>0.-</strong></span> <span class='ocrx_word' id='word_1_435' title='bbox 1187 4610 1227 4662; x_wconf 91' lang='grc' dir='ltr'><strong>ιι.</strong></span> <span class='ocrx_word' id='word_1_436' title='bbox 1245 4609 1400 4660; x_wconf 78' lang='lat' dir='ltr'><strong>arbitrarere</strong></span> <span class='ocrx_word' id='word_1_437' title='bbox 1416 4607 1595 4660; x_wconf 85' lang='lat' dir='ltr'><strong>Hotomanus·</strong></span> 
     </span>
     <span class='ocr_line' id='line_1_44' title="bbox 268 4682 1598 4748; baseline -0.009 -3"><span class='ocrx_word' id='word_1_438' title='bbox 268 4691 411 4744; x_wconf 77' lang='lat' dir='ltr'><strong>arbitrarer</strong></span> <span class='ocrx_word' id='word_1_439' title='bbox 427 4686 555 4740; x_wconf 90' lang='lat' dir='ltr'><strong>codd</strong></span> <span class='ocrx_word' id='word_1_440' title='bbox 581 4686 622 4738; x_wconf 87' lang='grc' dir='ltr'><strong>ι6.</strong></span> <span class='ocrx_word' id='word_1_441' title='bbox 641 4689 677 4736; x_wconf 82' lang='lat' dir='ltr'><strong>cst</strong></span> <span class='ocrx_word' id='word_1_442' title='bbox 697 4684 812 4748; x_wconf 68' lang='lat' dir='ltr'><strong>ugias:</strong></span> <span class='ocrx_word' id='word_1_443' title='bbox 839 4683 943 4736; x_wconf 82' lang='lat' dir='ltr'><strong>ettrcll</strong></span> <span class='ocrx_word' id='word_1_444' title='bbox 962 4685 1039 4736; x_wconf 87' lang='grc'><strong>0.-</strong></span> <span class='ocrx_word' id='word_1_445' title='bbox 1064 4685 1433 4748; x_wconf 66' lang='lat' dir='ltr'><strong>coqcotomnesbagp-</strong></span> <span class='ocrx_word' id='word_1_446' title='bbox 1462 4683 1501 4734; x_wconf 80' lang='grc' dir='ltr'><strong>ιι.</strong></span> <span class='ocrx_word' id='word_1_447' title='bbox 1519 4682 1598 4734; x_wconf 71' lang='lat' dir='ltr'><strong>eoois</strong></span> 
     </span>
     <span class='ocr_line' id='line_1_45' title="bbox 268 4757 1597 4832; baseline -0.009 -13"><span class='ocrx_word' id='word_1_448' title='bbox 268 4766 379 4832; x_wconf 66' lang='lat' dir='ltr'><strong>igit.-</strong></span> <span class='ocrx_word' id='word_1_449' title='bbox 351 4764 433 4815; x_wconf 78' lang='lat' dir='ltr'><strong>-.to</strong></span> <span class='ocrx_word' id='word_1_450' title='bbox 445 4763 733 4826; x_wconf 73' lang='lat' dir='ltr'><strong>homtcsmrmcqnomm</strong></span> <span class='ocrx_word' id='word_1_451' title='bbox 746 4760 907 4824; x_wconf 73' lang='lat' dir='ltr'><strong>EFbnglb</strong></span> <span class='ocrx_word' id='word_1_452' title='bbox 924 4761 999 4812; x_wconf 84' lang='lat' dir='ltr'><strong>Mart.</strong></span> <span class='ocrx_word' id='word_1_453' title='bbox 1014 4761 1078 4824; x_wconf 87' lang='lat' dir='ltr'><strong>cap.</strong></span> <span class='ocrx_word' id='word_1_454' title='bbox 1091 4772 1119 4824; x_wconf 89' lang='lat' dir='ltr'><strong>p.</strong></span> <span class='ocrx_word' id='word_1_455' title='bbox 1131 4757 1188 4810; x_wconf 76' lang='grc' dir='ltr'>ιιι.</span> <span class='ocrx_word' id='word_1_456' title='bbox 1208 4759 1326 4824; x_wconf 50' lang='lat' dir='ltr'><strong>(eoppa)</strong></span> <span class='ocrx_word' id='word_1_457' title='bbox 1350 4757 1597 4808; x_wconf 76' lang='grc' dir='ltr'>οιιιιιιιιιιιιιιιοιιιιι</span> 
     </span>
     <span class='ocr_line' id='line_1_46' title="bbox 268 4830 1597 4899; baseline -0.009 -6"><span class='ocrx_word' id='word_1_458' title='bbox 268 4841 374 4894; x_wconf 85' lang='lat' dir='ltr'><strong>rell—</strong></span> <span class='ocrx_word' id='word_1_459' title='bbox 392 4834 761 4899; x_wconf 72' lang='lat' dir='ltr'><strong>tt.tcdsomcm1.rtassoz</strong></span> <span class='ocrx_word' id='word_1_460' title='bbox 780 4832 1076 4886; x_wconf 48' lang='lat' dir='ltr'><strong>indutbr&#39;csrellmo</strong></span> <span class='ocrx_word' id='word_1_461' title='bbox 1094 4833 1136 4884; x_wconf 78' lang='lat' dir='ltr'><strong>tt</strong></span> <span class='ocrx_word' id='word_1_462' title='bbox 1154 4833 1352 4884; x_wconf 66' lang='lat' dir='ltr'><strong>meracam.</strong></span> <span class='ocrx_word' id='word_1_463' title='bbox 1365 4830 1485 4895; x_wconf 68' lang='lat' dir='ltr'><strong>hgin·</strong></span> <span class='ocrx_word' id='word_1_464' title='bbox 1457 4831 1545 4882; x_wconf 75' lang='grc' dir='ltr'>-ι6,</span> <span class='ocrx_word' id='word_1_465' title='bbox 1558 4843 1597 4882; x_wconf 85' lang='lat' dir='ltr'><strong>eo·</strong></span> 
     </span>
     <span class='ocr_line' id='line_1_47' title="bbox 268 4905 1595 4980; baseline -0.008 -11"><span class='ocrx_word' id='word_1_466' title='bbox 268 4911 588 4980; x_wconf 66' lang='lat' dir='ltr'><strong>magnesianos:</strong></span> <span class='ocrx_word' id='word_1_467' title='bbox 613 4908 871 4962; x_wconf 56' lang='lat' dir='ltr'><strong>tencarolia-</strong></span> <span class='ocrx_word' id='word_1_468' title='bbox 890 4911 931 4960; x_wconf 79' lang='grc' dir='ltr'><strong>ιι.</strong></span> <span class='ocrx_word' id='word_1_469' title='bbox 949 4907 1010 4973; x_wconf 70' lang='lat' dir='ltr'><strong>two]</strong></span> <span class='ocrx_word' id='word_1_470' title='bbox 1028 4905 1363 4973; x_wconf 76' lang='lat' dir='ltr'><strong>comngtaessclu</strong></span> <span class='ocrx_word' id='word_1_471' title='bbox 1381 4905 1423 4958; x_wconf 77' lang='grc' dir='ltr'>ιιι.</span> <span class='ocrx_word' id='word_1_472' title='bbox 1440 4905 1595 4971; x_wconf 68' lang='lat' dir='ltr'><strong>ababtibus)</strong></span> 
     </span>
     <span class='ocr_line' id='line_1_48' title="bbox 268 4979 1597 5057; baseline -0.012 -12"><span class='ocrx_word' id='word_1_473' title='bbox 268 4991 382 5057; x_wconf 73' lang='lat' dir='ltr'><strong>cgsrp.</strong></span> <span class='ocrx_word' id='word_1_474' title='bbox 401 5001 486 5040; x_wconf 87' lang='lat' dir='ltr'><strong>m.—</strong></span> <span class='ocrx_word' id='word_1_475' title='bbox 458 4987 545 5038; x_wconf 80' lang='lat'><strong>—.³3</strong></span> <span class='ocrx_word' id='word_1_476' title='bbox 562 4983 803 5051; x_wconf 61' lang='lat' dir='ltr'><strong>ememtgtrp.</strong></span> <span class='ocrx_word' id='word_1_477' title='bbox 821 4996 877 5036; x_wconf 92' lang='grc' dir='ltr'>ιιι..</span> <span class='ocrx_word' id='word_1_478' title='bbox 894 4979 1183 5035; x_wconf 63' lang='lat' dir='ltr'><strong>circumedo.—</strong></span> <span class='ocrx_word' id='word_1_479' title='bbox 1201 4979 1242 5034; x_wconf 87' lang='grc' dir='ltr'><strong>3ι.</strong></span> <span class='ocrx_word' id='word_1_480' title='bbox 1259 4981 1470 5048; x_wconf 62' lang='lat' dir='ltr'><strong>[monta.</strong></span> <span class='ocrx_word' id='word_1_481' title='bbox 1489 4982 1597 5048; x_wconf 85' lang='lat' dir='ltr'><strong>praeter</strong></span> 
     </span>
     <span class='ocr_line' id='line_1_49' title="bbox 269 5055 1594 5130; baseline -0.01 -10"><span class='ocrx_word' id='word_1_482' title='bbox 269 5065 482 5130; x_wconf 64' lang='lat' dir='ltr'><strong>tettan·</strong></span> <span class='ocrx_word' id='word_1_483' title='bbox 500 5061 542 5114; x_wconf 94' lang='grc'><strong>36.</strong></span> <span class='ocrx_word' id='word_1_484' title='bbox 561 5059 886 5114; x_wconf 65' lang='lat' dir='ltr'><strong>marmorosum:</strong></span> <span class='ocrx_word' id='word_1_485' title='bbox 910 5055 1453 5123; x_wconf 62' lang='lat' dir='ltr'><strong>monlmmmmptoocrclgm</strong></span> <span class='ocrx_word' id='word_1_486' title='bbox 1471 5055 1594 5108; x_wconf 81' lang='lat' dir='ltr'><strong>domoss.</strong></span> 
     </span>
    </p>
   </div>
   <div class='ocr_carea' id='block_1_4' title="bbox 269 5135 797 5203">
    <p class='ocr_par' dir='ltr' id='par_1_17' title="bbox 269 5135 797 5203">
     <span class='ocr_line' id='line_1_50' title="bbox 269 5135 797 5203; baseline -0.019 -7"><span class='ocrx_word' id='word_1_487' title='bbox 269 5143 357 5196; x_wconf 82' lang='grc' dir='ltr'>ιοιιιι</span> <span class='ocrx_word' id='word_1_488' title='bbox 370 5145 468 5195; x_wconf 67' lang='lat' dir='ltr'><strong>eones</strong></span> <span class='ocrx_word' id='word_1_489' title='bbox 482 5135 540 5192; x_wconf 92' lang='lat' dir='ltr'><strong>rell</strong></span> <span class='ocrx_word' id='word_1_490' title='bbox 557 5135 591 5190; x_wconf 84' lang='lat' dir='ltr'><strong>el.</strong></span> <span class='ocrx_word' id='word_1_491' title='bbox 608 5137 675 5189; x_wconf 84' lang='lat' dir='ltr'><strong>Non.</strong></span> <span class='ocrx_word' id='word_1_492' title='bbox 693 5148 722 5203; x_wconf 92' lang='lat' dir='ltr'><strong>p.</strong></span> <span class='ocrx_word' id='word_1_493' title='bbox 739 5135 797 5188; x_wconf 78' lang='grc' dir='ltr'>ιιι.</span> 
     </span>
    </p>
   </div>
   <div class='ocr_carea' id='block_1_5' title="bbox 0 0 1828 5868">
    <p class='ocr_par' dir='ltr' id='par_1_18' title="bbox 0 0 1828 5868">
     <span class='ocr_line' id='line_1_51' title="bbox 0 0 1828 5868; baseline 0 0"><span class='ocrx_word' id='word_1_494' title='bbox 0 0 1828 5868; x_wconf 95' lang='lat' dir='ltr'><strong> </strong></span> 
     </span>
    </p>
   </div>
  </div>
 </body>
</html>
