3610 5860
290 415 353 486 934
608 419 760 488 ORATIO
780 421 837 492 llll
855 421 1022 488 IMPERIO
1045 421 1107 490 cri.
1128 423 1295 492 POMPEII

290 591 364 656 loeo
385 589 447 658 ism
468 589 683 673 praedonum
702 608 794 674 pares
817 611 886 656 esse
907 599 1102 675 poteramus:
1132 613 1208 669 nos,
1235 593 1290 676 qui
1312 599 1405 664 antea
1426 611 1492 656 non
1513 591 1609 664 modo

290 685 413 756 Italiam
432 690 540 750 >tutam
561 684 771 758 habebamus,
801 685 857 750 sed
883 705 992 750 omnes
1014 688 1118 754 sooios
1140 689 1173 752 in
1195 686 1315 755 ultimis
1337 686 1401 750 oria
1422 685 1610 758 auctoritato

289 778 389 844 nostri
417 778 543 861 imperii
570 778 673 844 salros
695 786 854 862 praestare
874 788 1071 863 poteramus,
1099 788 1181 855 tum,
1211 801 1282 844 oum
1303 779 1410 848 insula
1428 778 1525 844 Delos
1546 785 1610 846 lau

289 872 399 957 mucul
420 893 440 937 a
460 871 553 935 nobis
576 874 609 938 in
629 873 755 955 Aegaeo
777 875 857 939 mari
877 875 999 956 posita,
1022 895 1086 958 quo
1109 895 1218 940 omues
1240 872 1384 958 undique
1406 893 1476 938 eum
1499 872 1610 942 nerei-

265 968 349 1032 rhua
370 974 469 1050 atque
489 965 639 1032 oneribus
661 967 893 1042 commeabant,
915 969 1030 1032 referta
1050 969 1185 1043 divitiis,
1207 988 1320 1052 parva,
1341 968 1410 1032 sine
1432 988 1540 1041 muro,
1560 966 1611 1030 ni-

288 1061 335 1126 hil
356 1059 502 1135 timebot,
530 1058 627 1124 iidem
653 1079 719 1124 nou
745 1060 839 1126 modo
862 1061 1033 1144 proviaciis
1056 1070 1151 1146 atque
1172 1063 1237 1126 oris
1259 1062 1367 1128 ltaliae
1388 1062 1551 1130 maritimis
1572 1080 1612 1124 ao

289 1153 443 1238 pomulrua
472 1154 607 1227 neruis,
636 1153 691 1218 sed
714 1155 809 1220 otiam
830 1155 934 1238 Appio
954 1156 1017 1220 lam
1038 1157 1090 1220 via
1113 1157 1315 1222 carebamus:
1349 1164 1381 1222 et
1402 1159 1439 1224 iis
1462 1155 1610 1238 tempori·

288 1247 349 1316 bus
370 1266 435 1315 non
456 1245 597 1330 pudebat
616 1247 817 1328 magistratus
837 1249 947 1333 populi
967 1250 1102 1314 Romani
1116 1250 1149 1314 in
1164 1249 1249 1314 hune
1263 1252 1368 1333 ipsum
1382 1251 1488 1319 locum
1502 1267 1611 1314 οοοοιι-

290 1340 378 1416 doro,
401 1360 472 1405 eum
495 1361 568 1404 eum
589 1339 681 1408 nobis
704 1340 839 1408 maiores
860 1343 960 1407 nostri
982 1344 1106 1408 exuviis
1129 1345 1263 1408 nauticis
1287 1351 1319 1408 et
1338 1343 1485 1409 classium
1501 1341 1610 1426 spoliis

252 1444 435 1507 inornatum
457 1434 683 1518 reliquissentl
1602 1481 1606 1488 .

373 1531 459 1598 iiix.
482 1525 533 1594 56.
555 1530 644 1595 Bono
672 1537 704 1596 te
735 1529 841 1596 animo
867 1537 951 1606 tum,
982 1531 1021 1607 Q.
1043 1531 1210 1608 Hortensi,
1240 1531 1377 1615 populus
1398 1534 1557 1602 Romanus
1578 1539 1612 1596 et

289 1631 427 1697 eeteros,
449 1625 507 1708 gui
528 1630 618 1692 erant
637 1622 670 1690 in
692 1623 803 1694 eadem
826 1626 1003 1700 sententia,
1025 1625 1131 1690 dicere
1154 1626 1417 1702 existimantes,
1439 1646 1521 1711 quae
1539 1646 1611 1692 sen·

287 1719 433 1788 tiebatis:
467 1718 524 1788 seo
552 1724 658 1782 amon
683 1720 718 1786 in
746 1719 848 1786 salute
877 1720 1034 1786 communi
1056 1720 1140 1786 idem
1162 1721 1300 1804 populus
1323 1723 1484 1790 Romanus
1505 1721 1610 1788 dolori

289 1833 347 1878 suo
368 1812 480 1882 maluit
502 1831 597 1896 quam
618 1813 798 1880 auctoritati
818 1822 941 1878 vestrae
963 1815 1188 1899 obtemperare.
1222 1803 1419 1898 ltaquedrna
1438 1816 1506 1892 lex,
1528 1836 1611 1882 unus

251 1907 351 1984 rorir,
373 1927 456 1976 unua
477 1925 579 1976 annue
600 1925 666 1973 non
688 1906 780 1973 modo
803 1926 862 1973 nos
884 1907 939 1971 illa
960 1909 1087 1974 miseria
1107 1927 1144 1975 se
1162 1909 1357 1992 turpitudine
1371 1909 1532 1987 liberavit,
1554 1909 1611 1974 sed

288 2002 381 2068 etiam
410 1999 531 2076 erosit.
560 2006 597 2066 ut
598 1984 614 2088 )
624 1999 797 2084 aliquando
819 2020 892 2066 vere
914 2000 1094 2066 vitiaremur
1115 2003 1263 2069 omnihus
1284 2004 1431 2087 gentihus
1453 2025 1489 2072 ac
1509 2003 1612 2074 mao-

288 2095 381 2159 nibus
410 2103 494 2160 terra
523 2093 666 2177 marique
697 2093 865 2177 imperare.
907 2091 957 2157 57.
988 2096 1059 2171 Quo
1090 2096 1166 2160 milri
1189 2098 1283 2160 etiam
1304 2096 1468 2180 indignius
1487 2095 1613 2168 ridetur

289 2189 497 2260 obaeratum
527 2207 597 2254 esse
627 2186 749 2262 adhue,
779 2188 912 2255 Gabinio
939 2187 1040 2255 diuam
1070 2209 1153 2257 anne
1173 2190 1324 2274 Pompeio
1346 2210 1387 2256 an
1408 2192 1551 2275 utrique,
1578 2189 1612 2254 id

289 2283 375 2367 good
404 2290 453 2352 eat
480 2281 603 2356 vanus,
636 2302 677 2350 no
705 2281 863 2364 legaretur
890 2281 929 2346 A.
952 2282 1105 2348 Gabinius
1133 2283 1189 2347 Cn.
1210 2283 1361 2368 Pompeio
1389 2285 1550 2368 expetenti
1575 2303 1614 2348 ae

250 2375 472 2460 oportuisse.
515 2377 625 2444 Utrum
647 2376 718 2450 ille,
749 2378 804 2461 qui
831 2376 972 2459 postulat
992 2376 1031 2443 ad
1054 2384 1176 2440 tantum
1198 2377 1315 2445 bellum
1338 2377 1489 2461 legatum,
1516 2399 1613 2464 quem

287 2469 381 2544 velit,
413 2470 547 2540 idoneus
574 2489 641 2536 non
673 2477 721 2534 est
748 2471 803 2552 qui
830 2471 993 2553 impetret,
1026 2492 1098 2536 cum
1119 2473 1216 2536 ceteri
1237 2472 1276 2534 ad
1299 2472 1486 2554 expilandos
1507 2473 1612 2540 socios

288 2563 550 2646 diripiendasque
571 2563 768 2652 provincias,
797 2582 879 2647 quos
901 2564 1087 2639 voluerunt,
1115 2565 1236 2648 legatos
1258 2565 1442 2641 eduxerint,
1470 2585 1511 2632 an
1533 2566 1612 2648 ipse,
1636 2625 1638 2629 ,

288 2657 379 2728 osius
400 2657 472 2739 lege
483 2655 578 2746 (adua
601 2675 638 2724 ae
660 2655 796 2740 dignitas
814 2656 934 2740 populo
950 2647 1202 2742 Romano)atque
1217 2660 1364 2727 omnihus
1378 2655 1614 2743 gentibusdeon-

288 2750 397 2838 stituta
418 2758 494 2851 ast.)
513 2769 629 2832 expers
657 2770 727 2817 esse
748 2749 843 2814 dehet
862 2751 981 2832 gloriae
1004 2753 1072 2816 eius
1093 2754 1292 2835 imperatoris
1313 2761 1409 2838 atque
1431 2754 1500 2821 eiua
1522 2772 1613 2818 arer-

87 2805 101 2858 Ψ
250 2845 388 2918 gaiano,
409 2844 466 2929 qui
487 2843 621 2914 consilio
642 2844 742 2927 ipsius
764 2863 801 2909 ae
822 2845 964 2928 periculo
987 2855 1035 2910 est
1057 2848 1271 2912 constituturi
1313 2835 1434 2931 58.(An
1458 2847 1491 2912 C.
1512 2846 1614 2912 Falci-

287 2938 378 3012 diur,
407 2937 446 3015 Q·
468 2937 633 3014 Metellus.
661 2938 699 3014 Q.
724 2937 848 3008 Caelius
878 2938 1086 3015 Latiniensis,
1120 2941 1175 3004 Cn.
1196 2939 1373 3040 Lentulus)
1394 2963 1475 3027 quos
1503 2961 1613 3008 omues

288 3030 419 3104 honoris
443 3051 539 3102 aaron
559 3033 710 3107 nortiam
735 3053 807 3098 eum
828 3031 946 3098 trihuni
967 3033 1052 3114 plahi
1074 3033 1225 3111 fuissent,
1246 3055 1329 3102 anno
1350 3027 1614 3120 proximollegati

167 3138 172 3153 '
287 3145 359 3198 sose
380 3113 572 3240 potueruut)
601 3125 636 3194 in
663 3146 728 3190 uno
751 3126 886 3198 Gabinio
908 3135 983 3190 sunt
1003 3135 1068 3194 tarn
1089 3129 1275 3212 diligentes,
1305 3131 1359 3212 qui
1382 3131 1416 3193 in
1436 3130 1498 3193 hoo
1516 3129 1614 3205 hello,

287 3220 375 3304 guod
397 3205 468 3303 lege
490 3219 778 3302 emunguntur,
800 3222 834 3286 in
855 3220 917 3290 boo
939 3221 1127 3304 imperatore
1150 3229 1246 3306 atquo
1261 3225 1417 3298 exercitu,
1440 3242 1536 3307 quem
1555 3243 1614 3313 per

248 3333 343 3386 aoros
366 3315 434 3398 ipso
456 3313 635 3390 constituit,
657 3315 751 3380 etiam
774 3315 945 3397 praeeipuo
967 3317 1034 3388 inre
1057 3335 1126 3380 essa
1148 3315 1303 3384 deberet?
1329 3319 1377 3383 Ile
1400 3337 1464 3401 quo
1478 3317 1614 3402 legando

287 3406 434 3469 eonsules
456 3425 549 3490 spero
572 3405 612 3470 ad
634 3415 777 3471 senatum
799 3409 965 3471 relaturos.
1000 3409 1062 3485 Qui
1078 3409 1105 3472 si
1121 3408 1309 3473 dubitabunt
1322 3418 1377 3474 aut
1391 3411 1612 3496 gravabuntur,

287 3521 347 3584 ego
376 3519 426 3563 me
453 3497 605 3584 profiteor
632 3500 820 3577 relaturum
848 3522 954 3586 neque
980 3522 1031 3564 me
1062 3503 1211 3587 impediet
1240 3505 1427 3589 cuiusquam
1448 3505 1612 3570 inimicum

288 3595 442 3670 edictum,
464 3615 529 3682 quo
552 3595 656 3668 minus
679 3595 768 3661 rolris
797 3596 897 3660 fretus
920 3603 1058 3662 vestrum
1081 3598 1131 3661 ius
1153 3594 1404 3683 beneficiumque
1427 3599 1612 3678 defendam

353 3847 376 3898 4.
394 3847 447 3899 iem
464 3859 517 3898 om.
531 3848 558 3899 F.
572 3873 600 3882 -
618 3848 789 3910 amaeiEV,
807 3847 849 3900 ed.
863 3850 979 3911 Iuntina,
999 3851 1033 3902 0:
1052 3863 1097 3900 nos
1108 3852 1250 3914 qaoqueA3
1268 3865 1313 3902 noe
1329 3866 1425 3918 quoque
1442 3855 1485 3918 psi
1501 3853 1611 3909 ruli.

287 3949 315 3962 -
333 3923 359 3978 4.
379 3935 420 3973 «ν.
438 3934 463 3974 o.
481 3923 575 3976 maie»
592 3935 645 3986 mg.
665 3921 691 3978 9.
711 3948 740 3962 -
758 3923 827 3974 roris
842 3925 871 3976 T.
888 3952 915 3962 -
939 3925 964 3976 3.
981 3927 1058 3978 Detur
1074 3928 1102 3977 T.
1116 3954 1143 3963 -
1163 3927 1188 3979 4.
1206 3928 1285 3994 depae
1301 3925 1386 3980 490.
1409 3955 1437 3967 -
1457 3933 1481 3982 6.
1500 3933 1565 3984 irierrr
1580 3935 1610 3985 T.

288 4024 315 4034 -
334 3999 359 4052 T,
374 3995 489 4062 portien
505 3997 562 4051 ΤΒ.
585 3997 625 4050 Ci.
644 3997 668 4062 5.
683 3998 723 4048 lii.
744 4025 770 4034 -
790 3999 820 4048 iis
837 4000 896 4050 TF:
915 4001 961 4050 iiis
978 4003 1078 4054 lionae.
1097 4016 1127 4062 e;
1145 4005 1183 4054 ris
1200 4002 1303 4056 irrui
1317 4005 1345 4058 O.
1366 4031 1393 4042 -
1413 4005 1438 4056 8.
1455 4005 1514 4072 ooo]
1530 4021 1613 4059 aoros

287 4073 317 4126 C.
336 4098 364 4112 -
383 4072 510 4126 armies
527 4072 590 4123 CO:
609 4074 740 4126 ascendere
756 4071 898 4126 uario.
923 4075 961 4126 Ci.
975 4077 1100 4141 Kreyssig
1115 4081 1231 4130 irrotat.
1244 4081 1278 4130 od
1289 4081 1354 4130 Livii
1369 4079 1444 4132 libror
1453 4081 1611 4138 rur-rar.

287 4149 315 4198 P.
329 4149 349 4198 l.
366 4147 482 4201 Muenna
495 4145 567 4198 4848.
586 4159 613 4212 p.
626 4147 667 4200 49.
681 4174 709 4184 -
728 4147 752 4198 9.
771 4147 840 4200 robis
856 4151 948 4201 ETV:
966 4153 1034 4202 solu
1051 4151 1222 4206 Furnio.
1237 4180 1264 4191 -
1283 4155 1519 4208 nostriETVFlt:
1536 4158 1613 4207 erari

287 4219 400 4274 auio,
420 4246 447 4256 -
467 4220 588 4274 emonam
605 4221 633 4272 Τ.
653 4246 681 4258 -
701 4221 741 4272 44.
760 4223 903 4274 eeisrimont
919 4225 947 4276 T.
969 4253 996 4263 —
1016 4227 1056 4278 43.
1075 4233 1158 4279 tamen
1175 4242 1227 4280 om.
1242 4230 1268 4280 T.
1290 4257 1316 4266 -
1336 4229 1377 4282 44.
1396 4236 1567 4296 optemperare
1580 4233 1609 4283 T.

289 4321 316 4334 -
334 4296 377 4348 lte
393 4300 416 4348 et
431 4309 496 4349 aare
513 4297 540 4348 T.
556 4321 584 4332 -
603 4297 642 4347 45.
662 4297 751 4362 annas]
770 4301 869 4350 erimus
887 4301 942 4350 Fa.
964 4327 990 4338 -
1008 4315 1054 4352 uos
1070 4303 1097 4354 F.
1112 4328 1139 4340 ··
1159 4305 1203 4354 iliu
1219 4318 1263 4354 eoa
1274 4305 1304 4354 V.
1319 4331 1345 4342 —-
1365 4307 1405 4358 46.
1423 4308 1567 4360 videremini
1579 4309 1609 4360 C.

288 4398 316 4408 -
335 4371 375 4422 48.
390 4370 526 4422 Gaeietoee
542 4369 624 4422 dicam
641 4385 676 4422 ors
686 4372 800 4434 Pompeio
811 4386 864 4436 mg.
879 4371 895 4426 i
913 4388 928 4424 e
946 4375 1091 4429 codicibus.
1106 4405 1132 4415 -
1152 4380 1192 4430 49.
1211 4381 1294 4430 verius
1310 4387 1345 4432 ert
1355 4381 1385 4432 V.
1401 4409 1426 4418 -
1446 4383 1486 4450 4.]
1502 4383 1534 4434 Ar
1549 4383 1609 4434 Eli.

291 4475 316 4484 -
334 4447 376 4501 49.
395 4447 430 4497 ad
445 4451 463 4499 4.
482 4446 505 4497 b.
523 4445 633 4512 legam
649 4445 715 4498 EV:
739 4447 846 4511 kastam
864 4450 898 4497 od
914 4455 932 4500 t.
952 4450 1040 4502 bedam
1055 4451 1195 4508 uario.
1216 4483 1243 4493 -
1263 4457 1303 4506 44.
1321 4457 1423 4520 imperet
1439 4458 1473 4516 135
1498 4457 1613 4520 impetret

286 4523 428 4586 (superscr.
443 4521 545 4584 peteret}
563 4521 589 4570 F.
608 4545 636 4556 -
656 4521 696 4574 44.
715 4523 838 4572 edinerint
855 4523 888 4576 T:
906 4525 1068 4578 adiunxerirrt
1085 4529 1119 4589 V;
1139 4531 1277 4580 adseveraret
1293 4534 1324 4582 4.
1344 4559 1371 4569 -
1389 4533 1431 4590 il.
1448 4535 1544 4598 plurim
1559 4533 1613 4583 eirre

286 4597 357 4662 imp]
374 4595 538 4662 emendae
554 4599 629 4658 arque
644 4594 705 4657 eno.
724 4596 811 4652 ETV.
832 4624 857 4634 -
883 4599 924 4650 45.
942 4613 972 4649 ao
988 4602 1099 4662 periculo
1115 4604 1178 4654 ET:
1201 4608 1400 4670 oreaepeieoio
1416 4605 1560 4660 uilio.
1580 4633 1607 4643 —

286 4671 324 4738 0.]
343 4671 372 4722 G.
391 4671 419 4724 T.
439 4696 467 4706 -
493 4670 535 4722 46.
554 4669 633 4722 Celtas
649 4669 711 4729 T1.;
731 4671 827 4721 coelius
843 4673 922 4724 Eva
940 4677 966 4726 et
983 4689 1035 4740 mg.
1055 4673 1080 4728 9.
1101 4704 1128 4714 -
1151 4679 1272 4730 latiensis
1288 4683 1321 4742 C;
1343 4681 1469 4734 imtemstr
1485 4683 1515 4744 F;
1539 4683 1610 4734 luri·
1668 4729 1674 4738 ,

198 4765 201 4772 ·
285 4748 379 4800 nasses
395 4747 424 4799 B.
445 4771 474 4782 -
492 4746 539 4796 6ο.
559 4745 586 4796 T.
607 4771 634 4781 -
653 4745 733 4796 earnis
749 4746 775 4798 F.
796 4774 823 4784 -
843 4751 883 4800 47.
900 4751 976 4813 piebis
992 4752 1021 4804 0.
1042 4778 1069 4787 -
1088 4751 1128 4802 48.
1146 4755 1173 4804 ia
1189 4769 1239 4804 urso
1256 4755 1275 4807 C
1295 4757 1371 4819 (teste
1383 4757 1469 4810 llodio
1486 4771 1528 4823 ep.
1542 4757 1609 4823 449.)

285 4822 379 4875 ETV:
405 4822 432 4872 irs
452 4821 498 4872 lroe
516 4834 567 4872 urso
590 4818 737 4874 444490.
760 4849 787 4858 -
814 4823 856 4873 49.
879 4830 1007 4888 gereretur
1024 4826 1078 4886 Ch,
1096 4829 1164 4878 teste
1182 4825 1333 4890 Gulielmius
1357 4839 1462 4896 gerelm
1478 4833 1504 4884 F.
1519 4859 1546 4868 —
1561 4845 1611 4896 per·

284 4912 328 4950 oor
344 4897 396 4964 ipse
412 4896 580 4953 WCEVO:
596 4909 644 4962 per
659 4897 822 4961 ipseT;1rer
837 4912 862 4951 oe
878 4901 930 4964 ipse
946 4897 1064 4962 naum
1078 4915 1127 4964 per
1142 4916 1167 4953 se
1184 4905 1245 4966 (om.
1262 4906 1321 4971 ipse)
1339 4909 1366 4958 F.
1381 4933 1407 4944 -
1427 4909 1468 4960 30.
1486 4907 1568 4973 etiomI
1586 4915 1611 4960 οι

285 4973 312 5026 F.
333 4999 359 5011 -
379 4973 479 5038 ierem
494 4973 523 5022 T.
550 4998 577 5008 -
604 4973 645 5024 34.
663 4973 773 5024 ementes
792 4987 863 5038 spero
880 4975 1034 5028 ETVBA:
1059 4991 1134 5040 mero
1150 4980 1259 5032 eormles
1276 4982 1293 5033 F
1312 4983 1343 5046 (si
1359 4981 1425 5036 fldes
1443 4985 1485 5036 est
1500 4985 1608 5038 Dmnkil

285 5045 396 5112 silentio)
414 5045 545 5104 Li0.,-
564 5046 604 5100 34.
623 5049 770 5112 muraenam
787 5050 928 5104 ChETV:
947 5052 999 5107 eno
1016 5053 1122 5116 Quirites
1137 5055 1201 5114 ua;
1224 5055 1326 5120 quirites
1341 5058 1393 5110 eires
1409 5058 1441 5122 F;
1459 5059 1608 5122 wimarum

286 5122 393 5184 Quirites
403 5119 477 5175 Lsso.
485 5148 514 5159 -
526 5121 654 5175 ratricem
663 5124 778 5189 edietum]
790 5124 909 5190 torpores
921 5127 968 5180 Ch.
976 5152 1004 5163 -
1018 5127 1057 5182 33.
1071 5127 1140 5180 velis
1148 5129 1226 5192 fraus
1236 5129 1293 5183 EV:
1308 5131 1387 5196 fretra
1396 5132 1463 5192 rolrlt
1474 5134 1544 5196 lidda
1552 5131 1568 5190 4
1576 5135 1607 5186 0.
