3648 5888
286 424 328 492 84
576 419 729 488 ORATIO
750 419 830 487 nno
852 421 892 499 Q.
913 417 1061 488 ROSCIO
1085 417 1282 487 COMOEDO

286 617 374 673 rum,
403 595 460 679 qui
485 613 526 658 ex
554 592 665 658 Cluvio
695 591 874 656 audierunt.
916 563 1148 676 [Tssrmonlrx
1172 586 1615 656 T.llsn11.nan.Luso11

289 685 444 772 onasus]
481 689 591 752 Utrum
613 686 693 751 dicis
714 687 830 750 Luscio
853 692 884 750 et
905 687 1035 750 Manilio
1057 707 1098 751 an
1119 693 1151 750 ct
1174 685 1284 749 Cluvio
1306 705 1371 748 non
1393 703 1463 748 esse
1484 682 1616 748 creden-

290 788 388 850 dum?
420 783 549 847 Planius
577 789 673 867 atque
703 782 842 866 apertius
872 779 984 846 dicam.
1026 783 1095 845 XV.
1125 781 1235 846 Utrum
1256 779 1390 844 Luscius
1412 786 1445 843 et
1465 781 1616 844 Manilius

288 880 370 945 nihil
391 878 430 941 de
454 877 513 942 Hs
537 890 663 937 eceman
687 895 728 938 ex
750 874 862 938 Cluvio
885 876 1070 953 audierunt,
1093 897 1133 940 an
1157 875 1287 944 Cluvius
1309 873 1425 940 falsum
1446 873 1561 937 Luscio
1584 880 1618 936 et

265 968 421 1041 ⁵Manilio
445 971 550 1035 dixit?
583 971 652 1035 lloc
675 971 733 1053 ‘ego
756 970 827 1032 loco
851 971 957 1034 soluto
979 978 1013 1036 et
1033 971 1143 1055 quieto
1166 990 1236 1034 sum
1259 969 1365 1032 animo
1388 976 1435 1045 et,
1462 989 1616 1053 quorsum

289 1070 410 1137 recidat
427 1066 627 1150 “responsum
655 1073 762 1140 tuum,
793 1085 857 1127 non
883 1065 997 1148 magno
1021 1057 1117 1150 opere
1139 1065 1260 1128 laboro.
1288 1063 1508 1130 ¹Firmissimis
1531 1063 1617 1128 enim

289 1172 322 1229 et
343 1161 549 1228 sanctissimis
577 1157 769 1223 testimoniis
791 1158 933 1221 virorum
961 1159 1154 1243 optimorum
1177 1177 1273 1222 causa
1294 1158 1401 1222 Roscii
1424 1157 1618 1222 communita

291 1267 349 1324 est.
385 1254 436 1319 44.
460 1255 493 1318 si
514 1254 577 1317 iam
598 1252 656 1314 tibi
679 1249 888 1313 deliberatum
911 1259 977 1327 est,
1000 1253 1116 1336 quibus
1138 1253 1272 1336 abroges
1292 1249 1385 1316 lidem
1400 1250 1617 1326 iurisiurandi,

290 1352 459 1440 responde.
502 1347 634 1413 Manilio
657 1354 689 1410 et
713 1347 828 1408 Luscio
851 1366 948 1429 negas
971 1367 1041 1410 esse
1065 1347 1284 1412 credendum?
1322 1347 1396 1424 Dic,
1428 1348 1519 1410 aude.
1561 1347 1619 1410 Est

254 1453 364 1513 ⁴⁰tuae
387 1442 619 1517 contumaciae,
642 1441 842 1524 arrogantiae
858 1441 1006 1523 vitaeque
1022 1441 1189 1506 universae
1206 1462 1278 1505 vox.
1310 1441 1419 1517 Quid?
1441 1447 1617 1525 exspectas,

292 1547 388 1630 quarn
410 1546 485 1604 mox
500 1545 564 1622 'ego
578 1537 730 1600 Luscium
754 1542 785 1598 ct
800 1535 965 1599 Manilium
980 1535 1082 1600 dicam
1099 1535 1212 1600 ordine
1235 1556 1305 1599 esse
1321 1545 1495 1612 senatores,
1514 1541 1617 1598 aetate

291 1636 427 1724 grandes
449 1637 545 1708 natu,
558 1625 670 1695 natura
685 1637 813 1694 sanctos
828 1636 860 1691 et
876 1629 1061 1712 religiosos,
1085 1629 1187 1713 copiis
1201 1629 1247 1694 rei
1261 1630 1427 1694 familiaris
1442 1629 1617 1721 locupletes

292 1740 325 1796 et
344 1731 559 1816 pecuniosos?
590 1729 661 1788 Non
683 1723 813 1787 faciam:
836 1722 916 1786 nihil
938 1723 1015 1786 mihi
1038 1725 1217 1800 detraham,
1240 1725 1397 1790 cumillis
1420 1731 1550 1814 exactae
1565 1743 1618 1788 ae-

292 1827 366 1892 tatis
390 1815 611 1910 [severissime]
627 1821 775 1894 fructum,
798 1838 893 1902 quem
908 1827 1107 1894 meruerunt,
1129 1820 1310 1884 retribuam.
1342 1821 1444 1904 Magis
1458 1841 1529 1885 mea
1542 1820 1619 1885 ado·

254 1913 445 1987 ⁴¹⁵le'scentia
475 1916 598 2001 indiget
624 1907 752 1978 illorum
781 1911 866 1975 bona
895 1912 1130 1977 existimatione
1150 1905 1248 1997 quam
1268 1903 1397 1978 illorum
1419 1915 1619 1979 severissima

274 2013 440 2082 ‘senectus
461 2013 622 2076 desiderat
644 2029 747 2072 meam
768 2006 904 2071 laudem.
957 2003 1007 2070 45.
1031 2007 1101 2070 Tibi
1123 2028 1216 2084 vero,
1245 2008 1335 2084 Piso,
1366 2008 1422 2072 diu
1444 2008 1618 2074 deliberan-

293 2113 369 2176 dum
391 2116 424 2174 et
444 2103 711 2191 concoquendum
733 2108 798 2176 est,
826 2108 932 2163 utrum
957 2096 1066 2185 potius
1089 2102 1247 2166 Chaereae
1268 2102 1407 2167 iniurato
1429 2105 1463 2168 in
1485 2123 1544 2168 sua
1564 2103 1619 2168 lite

293 2227 334 2272 an
362 2202 494 2268 Manilio
518 2207 549 2263 et
569 2197 686 2262 Luscio
708 2196 819 2259 iuratis
841 2195 875 2257 in
898 2195 1002 2259 alieno
1024 2195 1144 2259 iudicio
1168 2194 1287 2260 credas.
1320 2197 1476 2261 Relictum
1494 2205 1558 2276 est,
1585 2203 1621 2260 ut

295 2299 440 2364 Cluvium
461 2293 577 2357 falsum
600 2289 717 2353 dixisse
732 2289 849 2352 Luscio
872 2296 904 2351 et
927 2289 1058 2354 Manilio
1078 2289 1265 2353 contendat:
1288 2291 1375 2374 quod
1397 2292 1425 2354 si
1444 2291 1536 2368 facit,
1557 2309 1622 2375 qua

256 2391 493 2482 20impudentia
522 2393 586 2462 est,
617 2403 731 2446 eumne
752 2390 866 2445 testem
888 2382 1097 2466 improbabit,
1121 2404 1215 2468 quem
1237 2383 1374 2448 iudicem
1395 2386 1561 2468 probarit?
1591 2385 1621 2448 ei

295 2488 424 2572 negabit
445 2482 531 2549 credi
554 2485 717 2563 oportere,
740 2477 792 2541 cui
813 2477 882 2558 ipse
904 2478 1097 2541 crediderit?
1121 2479 1189 2542 eius
1212 2477 1300 2542 testis
1321 2478 1360 2540 ad
1376 2478 1514 2542 iudicem
1528 2476 1621 2544 lidem

295 2567 483 2653 infirmabit,
511 2574 602 2639 cuius
624 2579 755 2657 propter
776 2567 870 2633 tidem
893 2579 925 2634 et
945 2571 1132 2654 religionem
1155 2572 1270 2636 iudicis
1292 2579 1389 2636 testes
1412 2575 1622 2658 compararit?

296 2696 392 2762 quom
414 2692 473 2755 ego
496 2671 523 2734 si
544 2669 660 2732 ferrem
681 2665 835 2738 iudicem,
856 2665 1001 2749 refugere
1024 2686 1087 2729 non
1109 2667 1252 2742 deberet,
1275 2687 1347 2731 cunr
1368 2673 1481 2730 testem
1503 2667 1623 2752 produ-

296 2792 382 2845 cam,
414 2764 646 2849 reprehendere
680 2758 829 2824 audebit?
879 2759 961 2822 xvi.
990 2755 1040 2821 lo.
1074 2761 1158 2823 Dicit
1180 2761 1279 2836 enim,
1311 2761 1433 2845 inquit,
1465 2763 1622 2827 iniuratus

259 2863 412 2929 ²⁵Luscio
439 2867 471 2922 et
492 2858 633 2922 hlanilio.
679 2856 711 2918 Si
733 2853 854 2917 diceret
876 2855 1006 2929 iuratus,
1028 2853 1197 2918 crederes?
1228 2857 1267 2919 At
1289 2855 1367 2940 quid
1388 2855 1521 2922 interest
1540 2859 1624 2922 inter

297 2957 461 3043 periurum
483 2962 516 3017 et
537 2951 746 3016 mendacem?
784 2947 847 3023 Qui
870 2947 996 3011 mentiri
1018 2949 1113 3024 solet,
1135 2949 1278 3032 peierare
1301 2951 1477 3014 consuevit.
1520 2951 1624 3028 Quem

298 3045 377 3136 e'go,
410 3055 445 3112 ut
465 3048 652 3121 mentiatur,
673 3045 823 3107 inducere
844 3063 992 3126 possum,
1015 3050 1051 3106 ut
1065 3045 1203 3127 peieret,
1226 3061 1358 3106 exorare
1384 3041 1477 3107 iaeile
1499 3053 1624 3128 potero.

297 3145 393 3219 Nam,
425 3141 481 3228 qui
503 3140 601 3205 semel
623 3161 642 3203 a
663 3137 796 3202 veritate
821 3133 966 3213 deflexit,
988 3139 1040 3202 hic
1064 3138 1186 3201 minore
1209 3137 1365 3220 religione
1386 3137 1427 3200 ad
1448 3140 1624 3222 periurium

298 3240 394 3327 'quam
422 3237 462 3302 ad
487 3233 691 3299 'mendacium
714 3229 846 3315 perduci
870 3233 1045 3296 consuevit.
1090 3233 1169 3307 Quis
1192 3232 1278 3295 enim
1300 3231 1525 3316 deprecatione
1548 3234 1626 3298 deo-

261 3339 377 3409 ³⁰rum,
398 3333 464 3396 n'on
486 3328 700 3395 conscientiae
722 3323 784 3388 lide
805 3330 1047 3390 commovetur?
1091 3329 1262 3410 Propterea
1284 3347 1366 3412 quae
1385 3346 1491 3410 poena
1513 3328 1552 3392 ab
1575 3327 1624 3390 dis

298 3425 528 3492 immortalibus
549 3422 696 3507 periuro,
718 3421 798 3484 haec
820 3421 931 3484 eadem
952 3418 1098 3483 mendaci
1120 3422 1291 3484 constituta
1313 3428 1369 3484 est.
1398 3423 1471 3485 Non
1485 3423 1570 3486 enim
1584 3440 1625 3483 ex

297 3524 445 3609 pactione
466 3517 651 3591 verborum,
675 3515 791 3600 quibus
813 3514 1034 3578 iusiurandum
1048 3515 1346 3598 comprehenditur,
1368 3515 1425 3578 sed
1439 3537 1480 3580 ex
1493 3514 1626 3602 perfidia

299 3625 332 3681 et
352 3616 489 3690 malitia,
511 3633 570 3697 per
592 3631 689 3696 quam
710 3608 846 3673 insidiae
864 3608 1039 3672 tenduntur
1052 3609 1164 3685 alicui,
1187 3610 1218 3672 di
1234 3609 1428 3672 immortales
1442 3610 1625 3675 hominibus

297 3711 391 3776 irasci
413 3715 445 3773 et
466 3726 649 3771 suscensere
672 3710 875 3769 consuerunt.
911 3699 962 3765 47.
984 3705 1025 3767 ht
1047 3723 1105 3787 ego
1127 3703 1189 3766 hoc
1212 3723 1252 3768 ex
1272 3705 1431 3768 contrario
1449 3705 1625 3770 contendo:

262 3804 401 3868 alevior
427 3807 511 3866 esset
539 3799 711 3864 auctoritas
733 3798 854 3873 Cluvii,
883 3799 909 3861 si
932 3799 1051 3863 diceret
1072 3799 1209 3873 iuratus,
1238 3818 1334 3881 quam
1355 3818 1440 3861 nunc
1463 3807 1526 3877 est,
1555 3821 1626 3866 eum

300 3899 378 3962 dicit
404 3898 570 3959 iniuratus.
603 3889 695 3956 'Tum
724 3895 808 3956 enim
836 3892 969 3955 forsitan
998 3891 1150 3976 improbis
1177 3893 1271 3954 nimis
1299 3891 1433 3974 cupidus
1454 3893 1627 3972 videretur,

299 3990 373 4078 qui,
402 3987 526 4074 quade
548 4007 583 4051 re
604 3987 703 4050 iudex
724 3985 855 4062 luisset,
884 3988 975 4050 testis
1005 3993 1106 4052 esset:
1135 4006 1221 4050 nunc
1244 3985 1391 4049 omnibus
1412 3985 1550 4053 inimicis
1571 4007 1628 4052 ne-

365 4167 388 4218 4.
408 4167 580 4218 lasrmonrrx
595 4189 635 4202 --
652 4163 753 4216 oensis
769 4175 822 4215 om.
841 4165 962 4216 aGhlh.
989 4163 1096 4216 Addidit
1115 4163 1288 4215 Hotomanus.
1308 4191 1336 4200 -
1358 4163 1383 4214 4.
1401 4163 1496 4216 modio
1512 4166 1577 4220 444.
1598 4193 1626 4206 -

298 4242 323 4293 3.
341 4242 451 4292 monitio
466 4242 530 4292 MA.
551 4269 578 4278 -
597 4240 621 4292 4.
639 4239 732 4304 fotmm
748 4241 777 4290 l..
795 4241 883 4290 Luscio
900 4256 928 4292 α,
951 4268 978 4276 -
996 4243 1021 4291 5.
1038 4239 1132 4290 morelio
1149 4241 1239 4291 alth.
1256 4267 1282 4275 -
1301 4238 1326 4289 6.
1344 4239 1448 4303 reddat]
1465 4243 1554 4294 tondat
1571 4242 1627 4308 (sic)

299 4318 337 4380 hl,
355 4317 440 4367 tardat
455 4317 485 4366 Α.
501 4343 528 4352 -
546 4315 933 4380 mopaopcrcaflhlhht.—
953 4315 1203 4366 9.l1loolion1t.—
1222 4313 1626 4379 49.οιιίἀσωῳω4α441.4.-

299 4390 339 4441 44.
357 4390 481 4442 Monlimn
491 4391 521 4439 Α.
537 4416 564 4425 -
584 4391 624 4439 44.
643 4389 728 4454 copiis]
745 4390 848 4454 fortuna
859 4395 883 4440 et
893 4391 971 4452 copiis
981 4391 1009 4440 L.
1025 4419 1051 4426 —
1070 4389 1111 4440 43.
1124 4390 1185 4440 nihil
1200 4389 1261 4439 mtai
1277 4389 1414 4456 detrahant]
1431 4407 1482 4444 oon
1498 4393 1630 4444 datram

299 4479 333 4526 a,
351 4478 383 4514 na
393 4464 453 4513 mihi
465 4464 596 4514 detraham
606 4464 654 4514 rh.
665 4465 821 4516 Mommsen.
838 4493 865 4501 -
885 4465 959 4515 «lert.
973 4466 1063 4515 aetatis
1073 4466 1224 4516 emensos
1234 4470 1352 4515 erectae·
1366 4479 1418 4530 mg.
1429 4467 1461 4531 9;
1479 4467 1630 4521 mommo

299 4539 415 4602 glossam
427 4549 486 4589 esse
500 4538 670 4603 desumptam
683 4553 698 4589 e
709 4551 735 4589 v.
747 4540 787 4589 is.
801 4542 936 4604 perspexit
946 4541 993 4591 Th.
1007 4541 1168 4602 Mommsen;
1187 4542 1276 4604 itaque
1288 4537 1455 4594 seclusimus.
1471 4571 1497 4580 -
1517 4544 1557 4595 444.
1575 4543 1631 4594 osti-

298 4614 407 4664 motiooc
418 4627 438 4661 α
446 4614 476 4675 G,
487 4614 649 4664 extimatione
660 4613 697 4674 hl,
716 4614 924 4666 estimationem
935 4615 1129 4679 (existimatione
1139 4617 1192 4666 lain
1203 4615 1325 4679 Iuntina.)
1337 4643 1364 4652 -
1381 4617 1421 4668 48.
1431 4619 1526 4670 manlio
1537 4617 1629 4671 ann.

302 4717 328 4725 -
346 4689 460 4738 relietum
476 4688 571 4738 aGhl:
589 4688 714 4749 reliquum
725 4687 831 4741 scic.
845 4716 872 4724 -
892 4689 932 4739 49.
945 4689 1038 4740 manlio
1049 4691 1112 4742 hin.
1129 4718 1155 4727 —
1175 4704 1226 4753 qua
1237 4692 1391 4754 impudentia
1400 4693 1456 4743 ast?
1472 4693 1529 4750 Lss.
1545 4721 1573 4731 —
1586 4691 1628 4743 49.

298 4763 393 4830 eamne]
404 4777 461 4834 emp
472 4777 503 4814 us
514 4777 543 4812 α.
558 4789 585 4799 -
599 4762 629 4828 at]
642 4777 674 4813 aa
685 4778 713 4814 α.
722 4790 750 4800 -
763 4764 804 4815 44.
815 4764 889 4829 lidan
901 4777 955 4814 om.
967 4779 1027 4814 α.-
1041 4765 1081 4815 44.
1095 4766 1250 4828 conparavit
1262 4765 1392 4818 Halmius:
1406 4767 1562 4831 comparabit
1572 4765 1632 4819 hiet

299 4839 382 4890 Oxon.
394 4852 428 4901 χ,
446 4837 612 4901 consparobat
627 4838 742 4893 Anto.
758 4865 786 4875 -
805 4840 845 4891 43.
865 4838 929 4904 cum]
948 4853 1004 4891 eom
1020 4842 1116 4903 euml..
1133 4868 1159 4878 -
1178 4841 1219 4894 44.
1233 4842 1300 4893 Dicit
1316 4843 1411 4893 aGll:
1429 4839 1630 4896 conlcto.

299 4911 338 4966 Cl.
351 4925 378 4963 v.
391 4913 432 4963 36.
445 4925 472 4978 p.
486 4913 526 4964 85.
540 4925 566 4963 v.
579 4914 603 4963 4.
620 4940 647 4950 -
660 4915 701 4966 45.
713 4915 808 4965 monito
820 4917 880 4967 MA.
897 4943 924 4953 —
939 4915 1037 4980 diceret]
1049 4917 1180 4968 dmhscth
1193 4931 1255 4970 eum
1267 4917 1361 4970 codice
1373 4919 1467 4972 Ursini.
1482 4948 1509 4960 -·
1521 4921 1632 4992 tarutio]

297 4989 424 5039 iniuratus
440 5003 460 5038 α
469 4989 531 5041 Gli.
547 5014 575 5025 —
594 4987 634 5038 48.
653 4988 750 5039 minora
763 4990 810 5040 Th.
824 4991 986 5042 llommsen:
1005 5005 1054 5042 aon
1065 4994 1162 5045 minore
1181 4995 1308 5058 aGhiA,
1327 5009 1378 5046 oon
1387 4997 1485 5049 maiora
1496 5009 1559 5048 cum
1569 4997 1633 5046 lun·

298 5063 352 5114 tina
364 5062 441 5118 Lao,
457 5092 484 5100 -
503 5063 545 5115 49.
562 5063 749 5127 preadicationo
765 5080 793 5116 α.
809 5092 837 5103 -·
855 5065 895 5117 ³0.
913 5069 1047 5119 Proclama
1063 5069 1211 5122 Turnebus.
1227 5099 1254 5110 -
1273 5069 1314 5138 ob]
1332 5085 1350 5124 a
1365 5086 1394 5124 α.
1407 5097 1435 5114 -
1450 5070 1492 5126 34.
1504 5069 1634 5140 pactione]

294 5140 442 5204 paceficos
453 5137 515 5194 cod.
528 5139 654 5194 Ursini·
668 5139 709 5194 34.
721 5153 861 5196 uaccam
870 5154 925 5206 ms.
937 5141 968 5198 2:
983 5156 1124 5198 neema
1135 5147 1226 5198 ceteri.
