3684 5862
458 1500 487 1619 l.
523 1501 569 1617 G.
603 1495 883 1620 ininius
917 1544 965 1613 m
999 1493 1322 1616 diluimus

736 1841 992 1937 litionis
1018 1841 1050 1937 S.

833 2117 963 2130 m

320 2331 392 2398 Iam
422 2350 510 2398 anno
539 2333 619 2398 ante
649 2351 744 2418 quam
774 2334 804 2400 l.
824 2330 861 2403 0.
885 2333 1060 2403 essenus
1088 2336 1225 2401 mortem
1254 2333 1354 2418 obiit,
1387 2351 1459 2402 cum
1489 2333 1561 2400 elus

238 2457 392 2540 corporis
413 2456 505 2528 vires
526 2455 573 2520 lta
595 2453 789 2522 debilitatae
810 2461 941 2544 essent,
962 2461 1000 2524 ut
1021 2457 1192 2525 consilium
1207 2451 1380 2526 Ciceronis
1401 2459 1454 2524 soi
1474 2475 1560 2526 con-

237 2575 389 2643 tinuandi
412 2577 557 2644 abiicere
579 2579 768 2668 cogeretur,
790 2579 878 2644 inter
900 2597 963 2644 nos
985 2581 1144 2647 convenit
1164 2599 1250 2666 opus
1270 2581 1312 2648 ab
1328 2599 1369 2647 eo
1391 2579 1559 2668 inceptum

238 2699 425 2766 absolvere.
479 2697 577 2782 Quod
609 2686 780 2790 negotium
811 2720 883 2768 oum
914 2703 949 2768 in
983 2722 1046 2768 nos
1074 2703 1314 2788 reciperemus,
1346 2721 1413 2770 una
1448 2707 1559 2770 tamen

238 2840 318 2907 spes
338 2820 555 2889 vehementer
576 2843 638 2888 nos
660 2823 837 2890 ieiellerat.
872 2823 1200 2908 Exspectaveramus
1222 2827 1307 2891 enim
1328 2845 1389 2892 nos
1403 2824 1560 2893 adhibitis

238 2944 336 3010 novis
357 2944 463 3031 copiis
485 2945 528 3012 ab
544 2941 670 3014 (trellio
692 2947 820 3032 paratis
841 2949 953 3013 statim
975 2946 1018 3013 ad
1039 2967 1124 3034 opus
1138 2946 1277 3014 editoris
1292 2949 1382 3016 curis
1396 2949 1559 3015 Horatia-

237 3066 290 3131 nis
311 3069 346 3132 et
360 3065 508 3133 Paciteis
528 3067 592 3134 iam
615 3085 677 3154 per
690 3069 817 3155 aliquot
831 3088 938 3136 annos
958 3069 1178 3138 intermissum
1196 3069 1340 3162 aggredi
1362 3089 1476 3158 posse,
1497 3040 1565 3138 sed

236 3189 277 3255 ils
305 3192 497 3258 accuratius
523 3193 720 3260 examinatis
746 3193 988 3277 intelleximus,
1017 3194 1080 3260 nisi
1105 3195 1180 3260 aliis
1200 3193 1454 3279 melioribusque
1475 3193 1559 3260 sub-

237 3309 331 3378 sidiis
352 3313 508 3381 instructi
530 3333 695 3400 essemus,
723 3335 787 3384 nec
810 3318 979 3384 orationes
1001 3315 1174 3384 Ciceronis
1197 3334 1262 3383 nec
1284 3333 1388 3402 opera
1410 3333 1495 3402 quae
1515 3313 1559 3382 ad

238 3433 479 3522 philosophiam
501 3442 658 3525 spectant
679 3439 813 3531 vulgari
838 3459 954 3526 posse,
976 3440 1039 3506 nisi
1060 3441 1094 3505 in
1116 3437 1284 3526 plerisque
1305 3439 1457 3526 partibus
1478 3437 1559 3504 nihil

237 3554 328 3623 allud
355 3558 420 3625 nisi
448 3560 590 3647 priorem
619 3561 796 3630 editionem
823 3565 978 3649 repetere
1009 3563 1180 3629 vellemus.
1221 3561 1364 3629 Praeter
1392 3579 1452 3628 eas
1473 3561 1558 3627 enim

236 3679 415 3765 lectiones,
439 3702 522 3770 quas
544 3703 586 3751 ex
608 3686 751 3772 aliquot,
776 3705 844 3751 non
858 3686 969 3751 moltis
984 3685 1051 3752 illis
1065 3683 1236 3753 codicibus
1251 3685 1442 3770 exscriptas
1456 3679 1559 3751 tirel-

236 3801 302 3868 lius
327 3803 363 3871 in
390 3807 495 3872 variis
521 3807 657 3893 seriptis
685 3807 861 3894 Tullianis,
891 3826 976 3895 quae
1002 3811 1081 3895 post
1103 3807 1281 3875 editionem
1302 3808 1458 3875 maiorem
1479 3807 1559 3873 vul-

236 3927 348 4016 gavit,
375 3927 440 3995 iam
468 3929 541 4015 ipse
562 3930 597 3996 in
618 3930 724 3998 lucem
752 3929 955 4017 protulerat,
985 3932 1094 3997 nullas
1115 3930 1189 3998 iere
1210 3932 1294 3997 alias
1315 3932 1431 4017 copias
1452 3930 1495 3996 ab
1517 3948 1558 3996 eo

237 4047 400 4116 collectas
421 4051 626 4139 invenimus,
648 4051 864 4140 codicumque
886 4055 1174 4141 paucissimorum,
1197 4053 1374 4140 exquibus
1395 4053 1559 4120 lectiones

237 4169 428 4259 descriptae
448 4172 484 4238 in
506 4168 622 4240 Oreilll
645 4173 779 4242 schedis
799 4179 956 4261 repertae
977 4179 1070 4264 sunt,
1092 4177 1270 4243 nonnullos
1288 4179 1358 4252 tam
1376 4175 1559 4265 negligen-

236 4295 289 4359 ter
311 4295 456 4363 collatos
478 4314 554 4363 esse
574 4297 814 4385 intelleximus,
841 4303 896 4382 ut,
925 4301 953 4366 si
976 4318 1036 4367 eos
1057 4298 1216 4366 adhibere
1236 4299 1418 4378 vellemus,
1441 4298 1559 4364 iterum

239 4418 430 4486 excutiendi
451 4417 657 4487 viderentur.
700 4414 817 4489 Codex
847 4425 973 4504 autem,
1000 4440 1096 4509 qoem
1122 4421 1222 4488 facile
1251 4421 1356 4487 totius
1377 4425 1561 4506 apparatus

237 4539 394 4628 optimum
414 4543 640 4630 existimares,
662 4543 846 4610 Bernensis
868 4541 1064 4627 num.104,
1085 4545 1116 4610 is
1136 4541 1265 4630 quidem
1287 4544 1380 4608 totus
1397 4542 1560 4610 abiicien-
1701 4529 1702 4534 ¹

238 4658 301 4728 dus
330 4669 418 4750 erat,
447 4684 520 4734 cum
546 4666 700 4734 Halmius
728 4670 848 4755 postea
878 4665 1032 4734 Parisino
1062 4685 1149 4733 num.
1172 4661 1281 4732 7794
1303 4683 1465 4747 excusso,
1496 4681 1560 4750 quo

237 4784 375 4854 eaedem
402 4789 501 4875 plane
530 4791 701 4859 orationes
730 4792 961 4874 eontinentur,
993 4808 1035 4857 ex
1060 4787 1256 4857 certissimis
1276 4785 1409 4855 indiciis
1430 4805 1562 4875 cogno-

237 4909 347 4977 visset
379 4912 480 4999 atque
513 4913 756 4984 declaravlsset
788 4913 995 4982 Beroensem
1026 4929 1069 4979 ex
1101 4911 1194 4978 nulio
1222 4911 1289 4978 olio
1320 4911 1386 4977 nisi
1415 4928 1459 4976 ex
1488 4909 1562 4994 ipso

238 5028 394 5104 Parisino
427 5032 632 5126 ‹iaenptun
659 5057 752 5114 esses
785 5037 831 5108 ci.
858 5037 947 5108 Nor.
972 5055 1055 5105 mus
1081 5033 1191 5104 lihen.
1211 5033 1336 5125 villi,
1365 5052 1399 5119 p.
1421 5025 1501 5098 322
1530 5033 1566 5098 et

1288 5141 1309 5183 θ
