3684 5862
629 421 702 488 Gar.
723 421 881 491 iv-vi.
909 418 965 508 55.
987 417 1117 488 9-46.
1490 415 1531 486 33

175 638 179 646 -
208 599 324 658 turam
367 587 418 656 ia.
442 590 514 668 Qua
533 590 761 658 vociferatione
783 594 817 658 in
840 593 952 658 ceteris
974 591 1102 657 iudiciis
1119 596 1319 658 accusatores
1333 591 1382 657 uti
1397 609 1532 657 consue·

209 696 339 764 rerunt,
363 707 402 751 ea
423 706 482 750 nos
504 687 566 752 hoc
586 693 730 772 tempore
752 690 888 765 utimur,
912 688 968 774 qui
990 707 1118 751 causam
1139 687 1284 752 dicimus.
1320 687 1460 752 Petimus
1476 686 1531 750 abs

209 792 257 861 te,
279 784 321 849 Μ.
342 783 460 857 Fanni,
482 801 502 846 a
521 781 695 867 vobisque,
716 783 854 860 iudices,
875 791 912 848 ut
933 803 1029 868 quam
1051 783 1202 846 acerrime
1224 778 1378 847 maleficia
1392 782 1533 847 vindice-

210 879 268 954 tis,
290 886 327 942 ut
349 898 445 964 4444
465 877 638 942 fortissime
658 877 841 942 bominibus
864 878 1081 943 audacissimis
1102 877 1275 954 resistatis,
1307 884 1343 942 44
1362 876 1425 942 hoo
1447 877 1534 960 cogi-

210 972 388 1058 tetis,(nisi
409 973 444 1035 in
465 973 526 1036 bac
548 990 658 1046 causa,
681 972 736 1056 qui
758 980 864 1036 vester
884 974 1009 1037 animus
1032 973 1089 1048 sit,
1116 955 1314 1050 ostendetis)
1329 992 1368 1037 eo
1389 993 1535 1056 prorum·
1557 974 1572 1020 5
1611 1045 1630 1058 ,
1638 991 1705 1074 4

210 1087 287 1150 pere
317 1067 484 1132 hominum
506 1065 723 1149 cupiditatem
734 1071 766 1129 et
787 1068 891 1132 scelus
914 1071 946 1130 et
966 1067 1149 1141 audaciam,
1176 1073 1300 1131 utnon
1321 1068 1418 1130 modo
1440 1065 1535 1140 clam,

210 1181 321 1226 verum
343 1161 439 1226 etiam
459 1160 513 1224 bic
534 1160 569 1223 in
590 1160 679 1235 loro,
701 1167 773 1224 ante
795 1161 933 1226 tribunal
952 1167 1058 1237 tuum,
1081 1163 1122 1226 ii.
1137 1162 1259 1237 Fanni,
1281 1169 1354 1226 ante
1368 1161 1468 1246 pedes
1482 1179 1537 1224 44-

210 1262 309 1331 stros,
331 1255 471 1331 iudices,
493 1255 576 1318 inter
597 1255 668 1337 ipsa
689 1256 841 1320 subsellia
862 1255 975 1321 caedes
997 1255 1122 1320 futurae
1138 1257 1211 1320 sint.
1244 1252 1295 1319 43.
1316 1256 1443 1320 Etenim
1459 1253 1537 1338 quid

210 1349 299 1413 aliud
319 1349 382 1412 boe
403 1349 526 1414 iudicio
548 1355 705 1424 tentatur,
734 1349 797 1414 nisi
819 1357 855 1414 ut
876 1351 909 1414 id
930 1348 998 1414 lieri
1020 1351 1138 1414 liceat?
1174 1352 1333 1416 Accusant
1354 1351 1394 1425 ii,
1425 1349 1481 1434 qui
1503 1349 1538 1410 in

210 1442 354 1509 44444444
375 1442 472 1508 buius
494 1442 695 1519 invaserunt3
719 1463 846 1509 causam
861 1445 938 1508 dicit
957 1445 1003 1520 is,
1026 1446 1077 1508 cui
1093 1453 1218 1529 praeter
1233 1445 1444 1510 calamitatem
1457 1440 1538 1506 nibil
1547 1444 1576 1492 ⁴⁰

211 1538 430 1624 reliquerunt:
458 1542 610 1602 accusant
637 1537 678 1613 ii,
707 1538 823 1622 quibus
854 1539 956 1602 occidi
985 1545 1108 1623 patrem
1131 1540 1203 1603 Sex.
1225 1539 1332 1620 Roscii
1353 1540 1440 1602 bono
1461 1537 1538 1612 luit3

212 1651 340 1696 444444
362 1631 505 1707 dicitis,
529 1631 580 1694 cui
602 1651 668 1694 uon
690 1633 786 1696 modo
808 1632 929 1696 luctum
950 1651 1035 1696 mors
1057 1633 1157 1717 patris
1173 1633 1296 1708 attulit,
1318 1633 1540 1698 verumetiam

213 1733 403 1810 egestatem:
426 1733 577 1790 accusant
598 1726 638 1800 li,
662 1727 718 1811 qui
739 1727 824 1791 hunc
843 1729 947 1812 ipsum
962 1728 1106 1810 iugulare
1121 1749 1244 1792 summe
1259 1729 1443 1812 cupierunt3
1467 1746 1541 1790 cau-

213 1840 282 1884 sam
303 1818 445 1896 dicitis,
469 1821 525 1904 qui
547 1821 643 1885 etiam
664 1821 705 1883 ad
725 1821 788 1885 boc
808 1823 914 1905 ipsum
928 1821 1083 1885 iudicium
1099 1844 1171 1886 cum
1192 1823 1353 1907 pracsidio
1372 1821 1478 1896 venit,
1500 1837 1540 1883 44

212 1913 268 1978 hio
298 1914 418 1977 ibidem
446 1921 519 1978 ante
547 1915 657 1979 oculos
679 1923 801 1979 vestros
823 1917 1016 1981 trucidetur:
1051 1917 1190 2001 denique
1220 1922 1372 1981 accusant
1391 1913 1431 1991 ii,
1460 1915 1579 1998 quostl

214 2007 355 2091 populus
383 2009 501 2092 poscit3
529 2029 656 2074 eausam
686 2009 764 2072 dicit
792 2012 838 2087 is',
868 2011 923 2095 qui
950 2011 1185 2076 unusrelictus
1207 2011 1401 2076 4441144444
1421 2007 1544 2073 nefaria

217 2103 314 2165 caede
335 2108 440 2166 restat.
473 2097 523 2166 44.
545 2105 650 2188 Atque
664 2111 701 2167 ut
713 2103 839 2168 facilius
854 2104 1033 2189 intelligere
1047 2105 1195 2189 possitis,
1217 2104 1358 2180 iudices,
1381 2121 1436 2178 ea,
1460 2119 1543 2187 quae

216 2195 300 2260 facta
329 2203 420 2273 sunt,
449 2197 630 2281 indigniora
662 2218 748 2273 esse,
779 2197 975 2284 quam'haee
997 2207 1086 2276 sunt,
1110 2221 1192 2286 quae
1215 2199 1367 2276 dicimus,
1389 2197 1429 2261 ab
1450 2195 1543 2259 initio

216 2307 267 2354 res
299 2292 565 2375 quemadmodum
594 2298 682 2375 gesta
711 2292 753 2356 sit
778 2292 869 2357 vobis
900 2312 1114 2377 exponemus,
1147 2314 1211 2379 quo
1238 2292 1366 2359 facilius
1394 2297 1427 2356 44
1447 2289 1543 2353 buius

214 2383 354 2449 bominis
376 2386 630 2451 innocentissimi
652 2387 795 2451 miserias
817 2394 850 2452 et
870 2387 998 2451 illorum
1020 2387 1186 2453 audaciam
1201 2407 1394 2472 cognoscere
1412 2385 1581 2471 possitistt

215 2483 246 2543 ot
267 2480 314 2544 rei
335 2480 484 2564 publicae
507 2482 728 2547 calamitatem.

296 2574 350 2638 vi.
379 2570 431 2637 45.
464 2574 581 2638 Sextus
609 2576 759 2652 Roscius,
789 2583 880 2665 pater
906 2575 1056 2651 huiusce,
1089 2577 1255 2660 municeps
1275 2577 1444 2642 Ameriam
1465 2576 1542 2653 luit,
1669 2560 1718 2646 ’ζ

215 2687 287 2732 cum
316 2687 431 2754 genere
462 2675 495 2733 44
522 2669 689 2734 nobilitate
716 2677 749 2734 et
776 2669 914 2753 pecunia
941 2688 1007 2733 non
1029 2671 1125 2733 modo
1147 2671 1197 2734 sui
1219 2671 1403 2754 municipii,
1432 2689 1543 2736 verum

216 2763 311 2827 etiam
342 2763 411 2828 eius
439 2763 616 2828 vicinitatis
644 2764 738 2828 facile
760 2765 898 2848 primus,
927 2769 995 2826 tum
1017 2763 1117 2847 gratia
1138 2769 1235 2849 atque
1256 2764 1404 2847 hospitiis
1425 2764 1542 2828 llorens

215 2858 380 2922 bominum
408 2858 691 2923 nobilissimorum.
742 2839 922 2937 14444444
950 2845 1107 2936 Metellis)
1145 2856 1305 2932 Serviliis,
1339 2855 1582 2940 Scipionibusu

195 2947 282 3058 (erat
303 2952 422 3018 44444
443 2955 539 3018 modo
561 2954 753 3038 hospitium,
780 2973 892 3017 44444
922 2952 1017 3017 etiam
1038 2953 1231 3043 domesticus
1251 2972 1331 3017 usus
1354 2958 1387 3015 et
1407 2971 1543 3016 consue-
1605 2958 1693 3031 hel]
1739 2963 1757 3024 3

215 3048 292 3112 tudo
340 3068 436 3134 quas,
464 3055 502 3111 44
522 3067 662 3132 aequum
683 3054 747 3124 est,
779 3047 916 3112 familias
936 3047 1112 3113 honestatis
1134 3045 1420 3132 amplitudinisque
1442 3046 1543 3129 gratia
1604 3075 1654 3144 14
1699 3031 1715 3076 ‘'

214 3161 257 3206 no
326 3136 512 3227 o.‘1taque
541 3162 582 3206 ex
614 3142 762 3206 omnibus
790 3142 857 3206 suis
886 3143 1060 3207 commodis
1088 3142 1151 3206 boc
1179 3141 1283 3207 solum
1303 3137 1370 3204 filio
1392 3139 1541 3224 reliquit:

215 3255 289 3302 nam
315 3236 543 3320 patrimonium
572 3237 738 3301 domestici
766 3237 945 3321 praedones
966 3237 999 3300 44
1020 3243 1164 3321 ereptum
1185 3220 1485 3319 possident,(lama
1510 3240 1544 3298 et

214 3329 280 3394 4444
306 3329 487 3393 innocentis
514 3331 554 3394 ab
581 3331 762 3415 hospitibus
790 3331 966 3416 amicisque
994 3330 1135 3415 paternis
1164 3327 1364 3410 detenditur.)
1398 3323 1450 3391 46.
1480 3327 1580 3392 iiico
1633 3307 1748 3399 1²⁹?

215 3441 290 3486 cum
311 3421 398 3485 4444
419 3427 562 3508 tempore
583 3423 759 3490 nobilitatis
780 3424 886 3490 {autor
906 3425 1036 3502 luisset,
1058 3431 1127 3489 tum
1146 3423 1210 3490 boo
1230 3421 1368 3488 tumultu
1382 3420 1541 3506 proximo,

215 3631 251 3697 tp.
270 3630 319 3682 444
334 3630 374 3696 Ρ.)
398 3643 460 3683 cum
480 3631 609 3684 similibus
630 3633 779 3698 4444444444,
805 3633 926 3698 44444444,
952 3634 1057 3686 mimici
1075 3633 1255 3697 coniungam
1282 3631 1332 3683 sed
1348 3628 1425 3697 plura
1440 3629 1542 3682 arboc

215 3717 315 3770 genere
331 3717 394 3756 raro
411 3705 549 3772 dicontur,
567 3709 597 3759 ut
613 3710 749 3774 4444444444
764 3709 836 3775 apud
853 3711 908 3762 cic.
922 3708 1006 3762 semel
1022 3709 1131 3774 legitur,
1150 3709 1212 3760 ante
1226 3709 1318 3758 autem
1329 3705 1400 3772 apud
1410 3704 1541 3767 Plautum,

215 3793 267 3833 444
282 3782 345 3847 post
360 3781 500 3848 44444444,
520 3786 547 3836 44
562 3785 589 3836 44
606 3786 708 3850 primae
726 3787 819 3838 aetatis
837 3785 999 3838 orationibus
1017 3786 1111 3837 Cicero
1128 3781 1295 3837 4444444414
1306 3778 1431 3833 44444144
1441 3782 1470 3830 44
1480 3793 1543 3830 444-

215 3857 375 3908 structiones
397 3860 500 3923 posuit,
525 3860 622 3926 qrrlbus
647 3863 741 3928 postea
758 3861 892 3914 absdnuit.
926 3859 992 3913 illud
1008 3863 1099 3923 44444
1116 3873 1170 3913 444
1186 3857 1378 3919 omittendum,
1403 3869 1450 3918 ea,
1474 3867 1543 3920 quae

215 3931 337 3985 similiter
352 3931 513 3998 lormantur,
531 3935 588 3988 lere
605 3937 644 3988 sic
661 3950 724 3989 eum
734 3937 818 3990 verbo
835 3951 886 3990 esre
901 3937 1037 4002 coniungi,
1055 3939 1086 3988 44
1097 3936 1205 4003 passive
1217 3934 1251 3987 de
1263 3933 1384 3988 subiecto
1395 3927 1544 3994 intelligan-

215 4006 271 4071 tor,
288 4009 320 4059 44
330 4019 390 4062 essa
402 4009 552 4075 4444444444,
569 4012 670 4076 4444444,
688 4014 838 4078 contemtui
849 4015 918 4064 etc.»
935 4013 1093 4077 Nuperrime
1103 4012 1242 4078 proposuit
1252 4009 1367 4062 44144ιὶ44
1379 4006 1414 4072 (in
1427 4006 1470 4056 ed.
1484 4005 1541 4070 11.):

216 4093 300 4135 44444
314 4082 380 4135 boare
396 4087 564 4147 4444444444
579 4092 602 4139 te
614 4092 746 4152 proowre,
769 4087 907 4152 4444444444
925 4086 1054 4152 molestetis
1074 4087 1248 4150 ossuumque
1262 4083 1385 4150 44494444
1400 4082 1541 4144 mom,

214 4163 317 4223 sperem
336 4160 452 4224 4444444
473 4161 524 4226 (vel
545 4162 574 4213 44
589 4161 728 4228 maniosa
742 4189 783 4201 --
799 4164 843 4214 dio
858 4161 994 4227 4444444).
1027 4162 1130 4214 Verum
1151 4160 1272 4224 videtur,
1296 4157 1368 4227 quod
1389 4157 1485 4208 altor.
1503 4157 1540 4219 2..

215 4235 389 4300 sententiam,
408 4249 477 4303 quae
494 4235 559 4289 latet
574 4239 600 4289 in
615 4236 707 4291 serbis
725 4237 870 4302 corruptis,
887 4235 958 4287 hanc
974 4234 1069 4288 luisse:
1096 4238 1210 4287 «omnes
1226 4235 1296 4286 banc
1313 4233 1499 4298 quaestionem
1513 4233 1542 4282 te

214 4311 339 4375 praetore
355 4313 503 4366 manifestis
520 4311 657 4366 maleficiis
674 4312 881 4378 quotidianoque
899 4313 1020 4376 sanguini
1034 4311 1117 4364 tinem
1134 4311 1289 4364 atmodum
1305 4307 1415 4361 tandem
1433 4308 1544 4374 sperant

213 4382 375 4438 sectamina:
392 4387 442 4440 sad
457 4401 492 4439 44
509 4389 575 4440 mihi
592 4387 703 4453 quidem
718 4386 840 4451 Madvigii
857 4386 1023 4450 emendatio,
1043 4387 1165 4452 4444444
1182 4386 1216 4438 414
1232 4386 1318 4447 acuta,
1336 4383 1470 4437 4441414444.
1493 4383 1543 4434 144-

212 4455 347 4524 liquorum
369 4463 534 4516 coniecturas
560 4461 665 4515 silentio
686 4462 866 4514 transmittere
882 4463 1008 4528 praestat.
1028 4489 1056 4499 -
1077 4461 1189 4526 4444444]
1207 4464 1301 4524 pomos
1315 4458 1367 4512 ill.
1386 4485 1415 4495 -
1439 4459 1464 4508 4.
1482 4470 1543 4508 coo-

212 4539 316 4586 raensot
335 4537 374 4588 ill
399 4537 472 4590 solua
493 4551 526 4590 ex
548 4539 626 4590 notis.
655 4565 683 4576 -
710 4539 735 4591 2.
756 4537 871 4603 4444444]
894 4537 995 4600 pectem
1010 4539 1040 4588 G.
1061 4564 1089 4574 —
1117 4535 1250 4598 414444]
1273 4534 1347 4598 toust
1371 4535 1433 4600 Lag.
1450 4533 1492 4586 it.
1512 4558 1540 4570 -

212 4610 238 4661 4.
255 4610 386 4663 4444444444
401 4613 498 4664 codd:
522 4613 676 4666 4444444444
691 4615 712 4666 0
728 4626 762 4665 er
778 4612 847 4664 4441.
866 4612 1022 4676 Heusingeri
1039 4613 1066 4663 et
1081 4611 1160 4675 am,
1187 4611 1233 4676 qul
1248 4611 1389 4676 praetereo
1404 4607 1544 4674 proposuit

213 4685 360 4749 4444444444,
379 4687 453 4752 quod
468 4687 558 4742 lledv.
576 4689 693 4754 recepit;
711 4690 740 4739 44
753 4700 780 4738 4.
798 4686 869 4738 iord.
886 4685 904 4738 l.
918 4700 942 4738 4.
959 4699 987 4753 p.
1006 4687 1063 4739 640.
1084 4714 1112 4724 -
1130 4685 1155 4737 9.
1174 4689 1310 4750 temptator
1326 4685 1359 4747 (4,
1377 4686 1408 4734 44
1423 4693 1541 4746 semper.

215 4785 244 4796 -
262 4759 305 4812 43.
322 4760 407 4824 ipsam
423 4764 521 4814 444.
542 4789 570 4800 -
588 4763 630 4814 is.
648 4763 670 4814 44
686 4763 826 4815 44444.-
845 4761 885 4814 48.
903 4763 964 4814 boec
980 4774 1123 4825 paceo*
1141 4762 1183 4814 it.
1202 4760 1409 4812 4441444446.-
1426 4756 1544 4807 sisso

213 4839 253 4886 444
269 4835 291 4887 G
308 4839 336 4888 et
351 4834 435 4887 dud:
453 4837 514 4890 Sec.
533 4836 621 4902 vulgo.
640 4863 670 4877 —
687 4838 820 4890 44444444
836 4850 889 4890 44.
909 4839 938 4890 G.
957 4839 985 4889 et
1001 4837 1060 4890 cod.
1074 4838 1104 4890 c.
1116 4837 1222 4903 steph.;
1241 4839 1270 4888 at
1279 4833 1369 4887 144444
1378 4828 1449 4894 vulg.
1462 4828 1543 4880 44444

213 4907 344 4975 Sulpicius
360 4909 452 4962 Victor
466 4925 494 4979 p.
506 4913 556 4966 444
568 4914 650 4980 capp.
669 4939 698 4952 ·-
715 4913 757 4967 ai.
773 4913 880 4978 444444]
893 4915 1011 4978 peinceps
1022 4914 1084 4977 Lag.
1097 4912 1123 4963 a.
1138 4939 1166 4951 -
1184 4912 1227 4965 28.
1245 4907 1339 4976 444444]
1356 4903 1448 4959 malim
1458 4908 1543 4966 “litte

214 4984 288 5050 tluod
303 4984 378 5038 baud
392 4987 500 5063 rarqin
515 4989 600 5052 444444
616 4990 772 5055 eampum
787 4991 885 5043 inveni.
905 5015 934 5029 ·-
951 4989 1064 5042 4441444
1078 4989 1130 5040 asts
1145 4990 1207 5054 bag.
1219 4987 1267 5040 26:
1288 4986 1341 5038 4444
1355 4979 1469 5033 umbus
1483 4976 1542 5030 rell.

213 5061 270 5114 nou
285 5062 314 5114 4
329 5061 365 5126 0,
383 5063 421 5118 us
442 5062 555 5118 mou
569 5065 632 5130 post
645 5065 779 5117 444444
794 5064 885 5117 oues.
906 5091 934 5101 -
958 5063 999 5120 oo.
1016 5067 1156 5120 moso
1171 5067 1201 5117 4.
1216 5091 1244 5102 -
1262 5065 1311 5131 aa]
1327 5063 1411 5116 4444
1426 5056 1463 5123 a.
1480 5067 1543 5110 cum

214 5134 250 5190 de
266 5135 356 5190 444144
370 5137 468 5197 aneio
483 5150 575 5200 444444
590 5139 634 5199 sit.
657 5139 698 5197 cl.
715 5139 751 5196 de
766 5139 819 5198 bac
834 5139 968 5213 44444444
984 5141 1140 5203 cosmum
1155 5137 1192 5196 ad
1207 5139 1234 5208 4.
1251 5139 1310 5192 448.

256 5229 430 5298 umens.
1262 5230 1284 5300 3
