3638 5868
444 450 514 513 Lrn.
531 447 590 512 111.
621 448 694 513 Cae.
716 447 982 514 XLIV-XLVI.
1009 445 1065 532 §b
1089 443 1279 513 lOl-l09.
1461 441 1523 514 273

196 638 251 694 sn,
273 638 344 682 cum
367 619 443 682 satis
465 638 579 700 magno
601 619 779 693 venissent,
807 619 859 681 hic
881 625 987 682 tanum
1009 625 1115 682 tamen
1133 619 1283 682 frumenti
1305 617 1522 702 pecuniaeque

196 732 344 776 numerus
366 712 406 776 ab
427 713 604 775 aratoribus
625 713 768 794 pervim
789 712 911 775 ablatm
935 716 1007 775 esti
1020 702 1031 786 4
1043 712 1151 776 Utrum
1166 714 1249 776 enim
1266 712 1379 775 horum
1394 709 1523 786 dixeris,

195 807 230 870 in
251 827 290 870 eo
312 807 403 890 culpa
419 813 451 870 et
465 807 583 869 crimen
598 795 770 896 haerebit.)
794 802 866 868 407.
888 808 966 869 Nam
981 806 1061 869 illud
1077 806 1205 890 quidem
1230 827 1295 870 non
1316 805 1402 870 dices
1426 803 1522 889 [quod
1598 856 1616 879 κ

194 900 316 964 utinam
338 897 475 980 dionei),
498 901 538 962 ad
559 897 747 982 Apronium
763 920 827 963 non
844 901 1025 983 pervenisse
1046 907 1177 963 tanturn.
1221 901 1268 966 lta
1289 909 1320 964 te
1342 921 1407 966 non
1428 900 1522 964 modo

194 994 326 1078 publicis
355 995 490 1069 tenebo,
522 995 578 1057 sed
601 996 696 1057 ctiam
723 995 853 1077 privatis
875 1001 1032 1058 aratorum
1054 995 1252 1076 pactionibus
1274 1015 1311 1058 ac
1333 996 1462 1070 litteris,
1488 1003 1547 1058 ute

193 1087 354 1169 intelligas
376 1109 441 1150 non
462 1096 493 1152 tc
517 1088 747 1170 diligentiorem
769 1090 801 1151 in
822 1087 981 1150 faciundis
1002 1086 1102 1150 fnisse
1123 1087 1215 1152 furtis
1230 1109 1324 1172 quam
1347 1110 1397 1152 me
1419 1091 1452 1153 in
1468 1085 1524 1152 de·

194 1180 441 1264 prehendendis.
485 1182 554 1244 Hoc
575 1188 611 1245 tu
631 1181 739 1244 teresi
761 1182 822 1245 hoc
845 1183 1015 1266 qnisquam
1033 1182 1207 1247 defendet?
1228 1183 1290 1248 hoc
1311 1185 1360 1259 hi,
1383 1184 1410 1248 si
1432 1183 1525 1246 aliter

195 1276 235 1338 de
268 1282 299 1338 te
327 1281 463 1339 statuere
491 1276 667 1350 voluerint,
697 1277 918 1339 sustinebunt?
963 1276 1031 1339 Uno
1061 1277 1200 1342 adventu
1230 1298 1271 1340 ex
1299 1296 1363 1340 uno
1385 1296 1460 1359 agro
1485 1277 1524 1352 Q.

194 1370 369 1453 Apronium
390 1378 517 1452 praeter
538 1391 624 1445 earn,
647 1390 741 1454 mam
763 1370 846 1445 dixi,
868 1371 1034 1452 pecuniam
1055 1377 1253 1434 numeratam
1271 1389 1329 1435 ccc
1352 1370 1436 1434 milia
1458 1391 1525 1434 mo·

195 1461 283 1526 dium
306 1463 400 1526 tritici
421 1463 500 1526 lucri
522 1465 651 1527 nomine
673 1465 863 1527 sustulisse?
908 1459 980 1525 408.
1003 1463 1114 1539 Quid‘i
1137 1465 1197 1528 hoc
1211 1467 1386 1529 Aetnenses
1402 1465 1461 1529 soli
1477 1464 1563 1528 di·to

196 1559 296 1620 cunti
339 1558 439 1620 Immo
473 1558 567 1621 etiam
602 1557 816 1640 Centuripini,
850 1559 904 1641 qui
934 1558 1000 1640 agri
1029 1559 1199 1622 Aetnensis
1228 1559 1326 1622 multo
1356 1560 1525 1623 maximam

194 1659 314 1734 partem
343 1651 522 1734 possident,
553 1670 687 1736 quornm
716 1651 844 1733 legatis,
872 1651 1053 1715 hominibus
1076 1652 1298 1728 nobilissimis,
1328 1653 1471 1715 Androni
1495 1659 1526 1716 et

194 1744 376 1818 Artesnoni,
398 1751 526 1808 senatus
549 1765 586 1808 es
609 1746 755 1808 mandata
776 1747 879 1821 dedit,
902 1763 985 1829 quae
1007 1746 1131 1830 publice
1153 1747 1193 1811 ad
1209 1747 1367 1810 civitatem
1382 1748 1525 1829 ipsorum

195 1837 415 1920 pertinebant:
444 1837 484 1900 de
506 1839 546 1901 iis
568 1839 705 1912 iniuriis,
730 1859 811 1922 quas
833 1839 918 1902 cives
942 1839 1139 1924 Centuripini
1161 1841 1282 1903 nonin
1304 1842 1386 1915 suis,
1412 1839 1469 1904 sed
1491 1841 1524 1903 in

196 1931 330 1995 aliorum
351 1932 468 1996 finibus
490 1940 692 2015 acceperant,
718 1941 846 1996 senatus
868 1940 900 1995 et
920 1932 1057 2015 populus
1081 1933 1306 2016 Centuripinus
1327 1934 1446 2015 legatos
1467 1945 1562 1996 no·st

196 2025 257 2087 luit
277 2013 500 2112 mittere:(ipsi
522 2034 662 2090 aratores
686 2025 900 2108 Centuripini,
924 2026 1151 2112 qpinumerns
1173 2029 1275 2091 estin
1298 2027 1405 2090 Sicilia
1425 2029 1526 2092 maxi·

196 2139 267 2182 mus
287 2119 451 2184 bominum
473 2119 768 2183 honestissimorum
791 2129 823 2183 et
844 2112 1185 2228 locupletissimorum)
1201 2129 1266 2185 tres
1281 2121 1418 2203 legatos,
1441 2123 1525 2186 cives

197 2233 289 2287 snos,
312 2212 515 2296 delegerunt,
536 2221 702 2278 uteorum
724 2214 907 2276 testimonio
929 2231 995 2276 non
1015 2213 1110 2276 unius
1132 2215 1216 2297 agri,
1239 2213 1295 2278 sed
1316 2233 1415 2300 prope
1429 2217 1526 2280 totius

197 2307 323 2371 Siciliae
345 2308 535 2372 calamitates
557 2309 799 2389 cognosceretis.
842 2308 942 2370 Araut
967 2308 1052 2370 enim
1074 2314 1140 2370 tota
1163 2308 1272 2372 Sicilia
1292 2308 1359 2372 lere
1381 2308 1526 2372 Centuri-

195 2401 280 2485 pini,
304 2409 336 2465 et
356 2401 417 2464 hoc
438 2401 471 2465 in
492 2409 524 2466 te
545 2401 704 2485 graviores
727 2401 942 2484 certioresque
964 2407 1062 2464 testes
1084 2409 1171 2476 sunt,
1196 2402 1282 2485 quod
1304 2410 1426 2465 ceterae
1448 2402 1562 2466 civi-eo

195 2504 276 2559 tates
297 2495 364 2559 suis
378 2494 481 2558 solum
496 2494 706 2559 incommodis
721 2503 975 2569 commoventur,
1000 2494 1212 2579 Centuripini,
1235 2496 1323 2581 quod
1335 2499 1368 2562 in
1384 2499 1525 2561 omnium

195 2589 263 2653 iere
289 2589 406 2653 finibus
432 2591 651 2673 possessiones
677 2588 810 2664 hebent,
844 2589 938 2652 etiam
965 2597 1140 2652 ceterarum
1169 2591 1329 2656 civitatum
1352 2592 1467 2656 damna
1488 2611 1525 2654 ac

197 2683 383 2747 detrimenta
405 2691 580 2747 senserunt

260 2778 369 2841 xtvl.
391 2772 464 2838 409.
485 2778 620 2852 Verum,
649 2779 696 2841 uti
718 2777 802 2853 dixi,
826 2779 911 2842 ratio
934 2786 1019 2842 certa
1041 2786 1089 2842 est
1109 2778 1314 2843 Aetnensium
1337 2787 1369 2843 et
1390 2780 1526 2863 publicis

198 2877 230 2934 et
250 2872 379 2955 privatis
399 2871 513 2934 litteris
535 2873 729 2953 consignata.
771 2873 861 2936 Aleae
884 2872 1064 2954 diligentiae
1091 2892 1225 2956 pensum
1249 2873 1347 2956 magis
1369 2874 1402 2936 in
1423 2875 1563 2938 Leon-n

196 2966 262 3028 tino
284 2985 360 3049 agro
381 2972 430 3028 cst
451 2965 642 3048 exigendum
663 2974 791 3050 propter
811 2966 893 3029 hanc
914 2985 1060 3041 causam,
1091 2965 1176 3050 quod
1205 2967 1265 3050 ipsi
1293 2967 1439 3030 Leontini
1469 2988 1527 3050 pu·

195 3059 278 3124 blice
300 3080 365 3125 non
387 3079 463 3124 sane
479 3061 611 3123 multum
626 3081 676 3123 me
691 3059 896 3123 adiuverunt:
918 3080 1023 3142 neque
1045 3061 1130 3122 enim
1145 3079 1200 3122 eos
1221 3061 1281 3123 isto
1302 3066 1445 3143 praetore
1466 3058 1526 3124 hae

196 3153 441 3220 decumanorum
462 3154 596 3218 iniuriae
618 3153 793 3229 laeserunt,
818 3154 922 3237 potius
945 3155 1057 3228 edam,
1079 3152 1213 3228 iudices,
1234 3153 1431 3217 adiuverunt.
1467 3155 1528 3218 Mi-

195 3269 265 3313 rum
293 3248 426 3313 lortasss
452 3247 514 3311 hoc
535 3247 624 3311 vobis
646 3254 701 3310 aut
729 3246 914 3310 incredibile
936 3246 1099 3322 rideatur,
1131 3249 1164 3308 iu
1185 3247 1280 3310 tantis
1301 3253 1458 3310 aratorum
1479 3249 1527 3310 in·

196 3342 371 3407 commodis
396 3343 585 3415 Leontinos,
619 3341 673 3424 qni
702 3341 862 3425 principes
890 3341 938 3403 rei
963 3340 1186 3406 frumentariae
1215 3341 1346 3414 fircrint,
1378 3347 1563 3423 expertesao

195 3436 465 3502 incommodorum
487 3443 583 3520 atque
605 3436 790 3499 iniuriarum
810 3434 918 3498 fnisse.
962 3435 1031 3498 lloc
1053 3455 1165 3498 causae
1188 3441 1253 3511 est,
1279 3434 1417 3510 indices,
1441 3435 1526 3519 quod

196 3533 229 3597 in
251 3553 327 3617 aqro
349 3532 502 3595 Leontino
523 3537 649 3615 praeter
668 3549 764 3592 unam
778 3529 969 3592 Mnasistrati
991 3528 1143 3592 familiam
1165 3529 1288 3612 glebam
1301 3530 1526 3595 Leontinorum

195 3626 338 3712 possidet
362 3645 467 3689 nemo.
511 3626 622 3708 Itaque
648 3622 857 3697 Mnasistrati,
887 3623 1024 3686 bominis
1053 3622 1267 3687 honestissimi
1293 3631 1389 3708 atque
1418 3624 1527 3707 optimi

196 3721 270 3796 viri,
292 3721 522 3794 testimonium,
543 3718 680 3792 iudices,
702 3717 850 3781 audistis:
873 3722 994 3780 ceteros
1016 3717 1201 3791 Leontinos,
1223 3716 1338 3800 quibus
1354 3737 1418 3781 non
1433 3716 1527 3782 modo

195 3815 355 3902 Apronius
376 3815 410 3877 in
431 3813 530 3896 agris,
559 3812 616 3877 scd
645 3832 687 3876 nc
709 3817 878 3896 tempestas
900 3811 1030 3895 quidem
1050 3811 1116 3875 ulla
1136 3830 1250 3874 nocere
1270 3810 1385 3895 potuit,
1415 3830 1566 3896 caspe-at

263 4108 287 4159 4.
306 4105 376 4172 mie]
393 4105 466 4156 coctis
481 4103 497 4154 6
514 4104 592 4166 4433.
612 4101 677 4152 dett.
698 4125 725 4136 -
744 4100 769 4151 6.
786 4100 911 4163 induretis
927 4098 1010 4163 ngas:
1027 4098 1149 4163 [suimet-r
1164 4100 1209 4149 ett.
1228 4097 1258 4149 0.
1273 4123 1299 4137 —
1318 4097 1394 4162 Adeas
1408 4098 1428 4162 t.
1442 4097 1526 4162 Lgli:

195 4182 272 4246 sestis
291 4182 367 4246 fietus
387 4179 445 4232 rell.
463 4181 493 4231 0.
514 4205 540 4217 -
559 4177 766 4242 reprehendendis
781 4175 860 4227 codd.
879 4175 944 4226 noti.
963 4201 993 4224 .—
1020 4175 1061 4226 ll.
1080 4173 1164 4240 immo]
1180 4175 1258 4223 muso
1275 4172 1352 4236 4344.
1373 4199 1399 4211 -
1420 4173 1460 4224 43.
1478 4173 1529 4224 Ar-

197 4257 300 4306 ttrtmooe'
320 4255 399 4321 4344.
426 4281 453 4293 -·
480 4255 520 4305 46.
539 4257 688 4317 acceperant
707 4250 788 4315 4344;
816 4255 964 4314 conspuunt
986 4247 1043 4300 rell.
1061 4250 1090 4300 0.
1116 4277 1143 4288 -
1171 4249 1211 4300 46.
1230 4250 1380 4300 committere
1400 4247 1477 4312 4344.
1498 4273 1526 4285 -

196 4332 238 4384 46.
257 4337 281 4382 et
294 4331 340 4383 ieec
355 4333 421 4382 tete·
436 4329 613 4395 qroetmesqse
629 4333 699 4379 testae
715 4325 793 4391 4344.
812 4325 903 4392 [Deest
918 4324 997 4375 lectio
1014 4324 1086 4389 apud
1097 4325 1136 4384 Z.,
1154 4337 1224 4388 qnae
1242 4327 1367 4389 corrupta
1380 4327 1422 4375 est
1432 4337 1464 4375 er
1476 4323 1529 4374 bsc

196 4419 261 4458 vera
272 4420 278 4456 :
291 4407 401 4458 abacto
411 4409 434 4456 te
444 4405 562 4456 certiores
568 4405 745 4468 pronumque
757 4401 785 4468 4.]
798 4427 824 4438 -
834 4402 877 4452 44.
889 4405 1021 4452 mouentur
1032 4398 1101 4463 4349
1114 4411 1140 4463 p.
1154 4411 1190 4448 m.
1202 4425 1230 4437 -
1242 4399 1308 4461 quod
1318 4398 1353 4464 tn]
1365 4400 1408 4462 qut
1419 4400 1446 4448 io
1457 4400 1527 4450 coni.

196 4479 332 4534 benedict.
360 4481 411 4546 [Sic
426 4479 469 4532 vel
486 4479 605 4542 quonum
621 4479 648 4528 to
660 4479 751 4541 utique
768 4476 874 4527 ridetur
890 4473 1064 4527 scribendum
1081 4485 1150 4526 esse.
1169 4473 1418 4538 iisqu-ometum
1440 4473 1469 4537 4,
1486 4475 1523 4525 N:

196 4555 309 4608 omnibus
326 4557 390 4607 dett.
411 4583 438 4595 -·
456 4557 497 4606 44.
515 4553 605 4604 bobert
616 4567 683 4616 poet.
702 4553 766 4604 dett.
786 4552 816 4602 0.
838 4579 864 4589 -
887 4551 929 4602 44.
946 4552 984 4600 uti
1002 4549 1069 4612 4344
1082 4551 1116 4600 N:
1139 4553 1168 4598 ut
1184 4547 1240 4598 reli.
1261 4574 1288 4586 -
1308 4549 1349 4599 46.
1367 4549 1456 4599 titteris
1472 4561 1526 4599 orn.

196 4631 276 4697 4344.
296 4655 324 4669 -
342 4645 400 4682 mea
418 4631 546 4695 dittqerrtto
563 4627 628 4679 dett.
640 4655 667 4664 —
678 4629 711 4678 46
738 4629 913 4688 quoduam
929 4639 990 4676 ense
1006 4638 1059 4676 om.
1078 4622 1147 4688 4344
1165 4623 1192 4675 in
1209 4622 1312 4674 lacuna.
1325 4623 1405 4674 -47,
1422 4623 1529 4674 mutim

196 4721 237 4759 nee
252 4705 336 4773 4344τ
353 4720 394 4758 me
409 4707 515 4757 modun
530 4703 587 4754 reli,
606 4704 636 4754 0.
656 4729 684 4740 -
702 4703 744 4754 48.
762 4703 868 4763 iudicer,
879 4703 972 4752 udtev.
990 4699 1020 4761 4,
1038 4714 1077 4763 φτ
1096 4701 1193 4762 odire„
1211 4699 1264 4750 tud.
1282 4699 1348 4750 dett.
1369 4723 1396 4736 -
1414 4698 1455 4749 44.
1474 4694 1528 4759 out]

196 4790 281 4836 suen
298 4783 376 4849 4344.
396 4809 424 4820 -
447 4781 487 4832 30.
505 4779 599 4844 mactet
615 4778 697 4842 4344,
721 4776 763 4828 alii
786 4775 878 4829 multi:
899 4777 1002 4841 premnt
1017 4776 1048 4827 0.
1072 4803 1099 4813 -
1122 4775 1165 4826 34.
1182 4775 1274 4826 isdtcse
1289 4779 1326 4825 eet
1341 4774 1418 4837 43444.
1439 4799 1467 4812 -
1486 4773 1526 4825 34.

195 4860 334 4911 Naristi-att
350 4854 420 4922 4344
437 4859 465 4908 et
480 4856 519 4907 sic
536 4853 642 4906 deinde.
655 4877 683 4892 -
702 4852 743 4905 64.
761 4851 1001 4916 substentatio:
1019 4851 1125 4902 audbtte
1141 4849 1197 4902 reli.
1210 4851 1240 4901 0.
1266 4847 1334 4900 Alibi
1351 4861 1460 4913 quoque
1476 4848 1528 4899 has

196 4933 299 4985 lormse
321 4933 519 4984 commutantur
538 4931 566 4981 in
583 4927 661 4980 codd.
680 4942 721 4980 ex.
740 4941 764 4980 c.
782 4929 814 4978 V.
833 4925 858 4991 5.
877 4927 935 4977 444.
953 4926 996 4976 lii.
1020 4923 1045 4990 5.
1064 4925 1105 4975 66.
1123 4925 1181 4976 403.
1199 4925 1257 4976 466.
1283 4927 1369 4988 Atque
1386 4921 1424 4972 ibi
1440 4923 1529 4973 incer-

196 5009 254 5060 tum
271 5010 325 5070 est,
352 5010 411 5059 utra
427 5003 603 5072 praetereunte
619 5005 665 5065 sit,
689 5002 735 5054 ubi
752 5016 805 5054 non
822 5003 885 5054 setis
902 5003 1020 5061 constat,
1047 4999 1196 5052 dixerintne
1211 5001 1266 5051 iam
1281 5001 1365 5052 testes
1382 5011 1417 5048 sn
1434 4995 1529 5048 dicturi

198 5082 258 5134 sint.
285 5084 426 5148 Utriusque
443 5085 534 5134 autem
551 5080 656 5145 genens
678 5078 827 5131 testimonia
845 5078 1092 5130 commemorantur
1107 5087 1150 5126 ex.
1169 5088 1193 5126 c.
1211 5076 1255 5126 444.
1273 5075 1298 5140 4.
1317 5075 1358 5126 66.
1376 5071 1408 5122 V.
1426 5071 1450 5136 4.
1469 5069 1526 5123 447.

201 5180 227 5195 -
246 5157 286 5210 it.
304 5157 376 5210 noim
391 5157 470 5224 4344.

240 5247 329 5300 cresso
343 5249 409 5300 444.
1270 5241 1312 5309 48
1322 5285 1342 5322 ⁴
1461 5270 1494 5327 ο

1657 3604 1682 3674 d
