3578 5862
497 475 571 539 cn.
592 471 841 538 nvn-urm.
869 469 926 556 sp.
949 465 1137 537 tri-trs.
1410 471 1478 537 soa

155 646 311 711 baberet:
334 643 361 708 si
382 651 469 708 esset
489 643 714 728 suspiciosum,
736 652 840 708 tamen
862 643 968 728 potius
989 641 1029 706 ad
1050 642 1129 706 alios
1151 661 1247 725 quam
1268 642 1308 704 ad
1329 641 1478 706 Habitum

156 740 342 824 pertineret
380 739 498 802 Verum
526 738 560 799 in
582 757 620 802 eo
641 739 712 819 ipso
733 737 878 800 homiues
898 737 1172 820 impudentissime
1194 737 1400 800 mentiuntur.
1443 736 1478 798 ld

154 842 194 899 ut
214 832 414 916 intelligatis,
437 837 469 894 et
489 839 623 895 mortem
645 831 713 894 eius
736 837 783 906 et,
805 850 900 914 quem
922 831 962 894 ad
984 830 1112 896 modum
1130 837 1202 915 post
1219 838 1352 895 mortem
1366 832 1400 895 in
1415 833 1478 894 Ha-

153 929 258 992 bitum
280 926 322 990 sit
343 926 461 989 crimen
483 931 622 989 amatre
644 925 838 1009 quaesitum,
861 925 1049 1008 cognoscite.

241 1017 314 1084 475.
337 1019 416 1084 Cum
436 1037 535 1102 vagus
558 1026 589 1082 et
611 1018 702 1081 exsul
722 1025 842 1081 erraret
855 1025 950 1102 atque
964 1017 1104 1102 undique
1120 1019 1268 1083 exclusus
1283 1019 1502 1104 Oppianicuss

153 1117 189 1179 in
217 1115 385 1178 Falernum
414 1133 448 1176 se
476 1112 517 1175 ad
545 1113 581 1174 L.
605 1111 788 1187 Quinctium
816 1113 1018 1187 contulisset,
1047 1112 1092 1175 ibi
1119 1113 1255 1196 primum
1278 1113 1312 1175 iu
1334 1115 1478 1178 morbum

153 1208 268 1273 incidit
288 1227 325 1272 ac
347 1205 424 1270 satis
445 1205 648 1270 vehementer
670 1204 789 1289 diuque
810 1206 991 1289 aegrotavit.
1025 1207 1104 1270 Cum
1125 1214 1209 1270 esset
1230 1227 1293 1272 una
1309 1209 1415 1272 Sassia
1428 1229 1491 1272 ea*

153 1323 218 1386 que
242 1303 315 1366 Sex.
337 1300 430 1364 Albio
452 1297 591 1383 quodam
604 1298 741 1390 colono,
762 1299 891 1364 bomine
907 1300 1038 1375 valenti,
1061 1301 1116 1384 qui
1139 1301 1234 1364 simul
1256 1321 1326 1366 esse
1346 1303 1479 1379 solebat,

152 1397 339 1460 familiarius
361 1403 518 1469 uteretur,
541 1413 636 1477 quam
652 1393 701 1456 vir
718 1382 981 1457 dissolutissimus
1002 1393 1153 1458 incolumi
1174 1394 1302 1458 fortuna
1315 1399 1387 1479 ‚pati
1408 1418 1481 1481 pos-

155 1498 220 1565 set,
243 1497 276 1553 at
295 1491 353 1552 ius¹
366 1487 446 1552 illud
468 1487 660 1550 matrimonii
683 1494 802 1550 castum
817 1495 911 1570 atque
926 1487 1100 1570 legitimum
1116 1488 1318 1552 damnatione
1332 1491 1392 1554 viri
1408 1493 1517 1555 snb-vo

154 1583 256 1647 latum
277 1583 497 1658 arbitraretur,
525 1582 720 1644 Nicostratus
742 1581 886 1665 quidam,
908 1580 1013 1645 tidelis
1035 1581 1204 1672 Oppianici
1227 1583 1386 1661 servulus,
1409 1605 1481 1670 per-

156 1679 300 1741 curiosus
322 1684 355 1740 et
369 1677 497 1740 minime
511 1675 664 1749 mendax,
686 1675 785 1739 multa
798 1674 915 1739 dicitur
930 1674 1060 1740 domino
1073 1676 1256 1740 renuntiare
1272 1677 1384 1742 solitus
1400 1699 1479 1744 esse.

155 1772 280 1836 Interea
302 1771 498 1854 Oppianicus
520 1791 591 1833 cum
613 1769 676 1832 iam
699 1769 933 1834 convalesceret
953 1789 1057 1853 neque
1078 1770 1312 1855 improbitatem
1327 1773 1431 1837 coloni
1447 1776 1479 1837 in

155 1865 291 1929 Falerno
314 1866 435 1929 diutius
455 1864 538 1928 serre
559 1870 670 1947 posset
692 1870 724 1927 et
744 1863 808 1926 huc
829 1864 869 1926 ad
891 1865 1001 1928 urbem
1021 1863 1182 1948 protectus
1204 1874 1344 1929 esset-
1358 1868 1481 1931 solebat

156 1961 241 2023 enim
263 1967 352 2024 extra
373 1966 495 2041 portam
517 1957 639 2041 aliquid
660 1957 776 2022 babere
798 1957 944 2022 conducti
959 1991 1016 2033 -,
1038 1955 1192 2022 cecidisse
1207 1957 1247 2022 de
1267 1981 1350 2045 equo
1365 1961 1517 2026 diciturto

155 2062 189 2119 et
209 2054 306 2119 homo
326 2055 451 2118 infirma
471 2051 653 2117 valetudine
675 2051 757 2116 latus
780 2051 951 2116 offendisse
973 2051 1177 2116 vehementer
1198 2061 1245 2130 et,
1274 2063 1480 2140 posteaquam

154 2149 196 2212 ad
217 2149 329 2214 urbem
350 2169 422 2212 cum
443 2146 524 2211 labri
545 2147 681 2219 venerit,
713 2147 822 2230 paucis
845 2146 956 2210 diebus
979 2166 1048 2212 osse
1070 2153 1223 2212 mortuus.
1255 2149 1367 2213 Mortis
1388 2153 1480 2226 ratio,

155 2244 293 2319 iudices,
316 2243 386 2306 cius
407 2239 495 2304 modi
518 2246 584 2314 est,
606 2248 642 2303 nt
662 2247 716 2306 aut
737 2241 817 2304 nibil
838 2240 953 2304 babeat
974 2241 1164 2324 suspicionis
1186 2248 1258 2317 aut,
1280 2243 1403 2328 siquid
1424 2245 1480 2308 ba-

154 2337 224 2414 bet,
253 2337 287 2401 id
314 2337 396 2399 intra
422 2336 558 2421 parietes
584 2336 616 2397 in
646 2335 820 2398 domestico
843 2334 962 2398 scelere
983 2342 1135 2400 versetur.
1177 2336 1290 2398 LXIII.
1312 2331 1384 2400 476.
1405 2339 1481 2402 Post

155 2440 288 2496 mortem
321 2430 391 2494 eius
422 2423 551 2513 [Sassia]
583 2427 686 2500 moliri
709 2429 812 2492 statim
834 2428 955 2492 nefaria
976 2429 1091 2494 mulier
1112 2430 1217 2515 coepit
1238 2430 1370 2495 insidias
1391 2428 1458 2497 lilio
1472 2444 1518 2496 :ao

155 2525 378 2610 quaestionem
399 2523 517 2586 habere
538 2522 579 2585 de
601 2521 661 2586 viri
682 2531 781 2587 morte
804 2525 976 2588 constituit.
1016 2524 1101 2588 Emit
1122 2524 1161 2587 de
1182 2525 1219 2588 A.
1240 2526 1385 2608 llupilio,
1415 2548 1479 2612 quo

155 2627 223 2684 erat
244 2638 321 2682 usus
344 2616 537 2701 Oppianicus
559 2615 698 2692 medico,
722 2618 901 2682 Stratonem
924 2617 1099 2702 quendam,
1122 2620 1213 2702 quasi
1235 2627 1271 2683 ut
1291 2619 1375 2685 idem
1396 2620 1481 2686 iace·

153 2722 218 2791 ret,
248 2713 335 2798 quod
365 2710 498 2775 Habitus
527 2712 561 2774 iu
583 2711 719 2774 emendo
739 2713 882 2795 Diogene
903 2712 1031 2778 iecerat.
1066 2713 1114 2776 De
1135 2712 1195 2776 boe
1218 2715 1364 2780 Stratone
1387 2726 1419 2780 et
1440 2716 1480 2781 de

152 2809 247 2872 Ascla
268 2805 407 2892 quodam
430 2824 521 2870 servo
544 2825 600 2868 suo
623 2805 837 2889 quaesituram
859 2825 929 2870 esse
947 2807 1037 2870 dixit
1071 2807 1238 2872 Praeterea
1253 2828 1377 2874 servum
1390 2811 1479 2876 illum

153 2905 382 2977 Nicostratum,
411 2920 505 2984 quem
528 2899 660 2963 nimium
682 2900 846 2984 loquacem
868 2901 968 2966 luisse
989 2921 1026 2964 ac
1048 2901 1180 2966 nimium
1204 2902 1332 2967 domino
1354 2901 1517 2969 fideremus

153 2997 377 3070 arbitrabatur,
406 2994 446 3057 ab
475 2993 539 3057 buc
565 2993 767 3058 adolescente
794 2994 970 3079 Oppianico
998 2997 1032 3057 in
1054 2997 1272 3079 quaestionem
1298 3000 1480 3083 postulavit.

153 3092 212 3156 ffic
235 3112 305 3156 curm
328 3096 412 3154 esset
432 3088 488 3151 illo
511 3095 651 3172 tempore
674 3108 753 3169 puer
771 3096 803 3152 et
823 3089 878 3152 illa
894 3089 1039 3173 quaestio
1054 3088 1094 3153 de
1108 3090 1207 3174 patris
1222 3092 1270 3154 sui
1285 3103 1386 3158 morte
1403 3116 1480 3160 cou-

155 3188 243 3250 stitui
266 3184 439 3256 diceretur,
461 3181 520 3244 etsi
543 3180 633 3244 illum
655 3201 781 3244 servum
804 3188 836 3245 et
857 3182 917 3245 sibi
938 3183 1129 3248 benevolum
1145 3202 1215 3247 esse
1229 3193 1262 3266 et
1281 3189 1364 3269 patri
1382 3187 1479 3252 fuisse

154 3277 379 3350 arbitrabatur,
410 3273 490 3338 nihil
520 3282 624 3336 tamen
655 3282 704 3336 est
723 3293 818 3339 ausus
840 3294 997 3339 recusare.
1032 3276 1235 3340 Advocantur
1255 3281 1349 3346 amici
1370 3291 1403 3347 et
1423 3283 1480 3348 bo-

154 3373 252 3457 spites
275 3368 442 3454 Oppianici
465 3373 497 3430 et
517 3367 618 3448 ipsius
633 3366 773 3432 mulieris
792 3368 899 3443 multi,
921 3369 1066 3434 homines
1080 3355 1207 3434 bonesti
1220 3379 1317 3454 atquc
1333 3378 1517 3443 omnibusvv

155 3465 249 3531 rebus
272 3464 383 3528 ornati.
417 3461 595 3526 Tormentis
618 3461 765 3526 omnibus
780 3462 1056 3529 vehementissime
1072 3465 1244 3547 quaeritur.
1281 3467 1359 3531 Cum
1375 3481 1481 3536 essent

154 3539 251 3623 anilii
281 3575 445 3622 servorum
475 3563 506 3620 et
534 3576 592 3639 spe
615 3564 646 3620 et
666 3565 753 3620 metu
775 3559 904 3632 tentati,
933 3565 970 3622 ut
989 3556 1112 3642 aliquid
1132 3560 1167 3622 in
1188 3563 1373 3643 quaestione
1395 3565 1480 3630 dice-

154 3661 244 3730 rent,
265 3661 389 3727 tamen,
411 3660 448 3715 ut
468 3650 618 3726 arbitror,
639 3651 825 3716 auctoritate
846 3651 1069 3717 advocatorum
1084 3660 1115 3716 et
1130 3654 1162 3717 vi
1185 3660 1409 3720 tormentorum
1424 3661 1480 3723 ad-

156 3747 242 3812 ducti
257 3747 292 3810 in
306 3746 438 3810 veritate
454 3751 638 3810 manserunt
652 3765 758 3829 neque
773 3767 808 3810 se
822 3746 998 3830 quidquam
1012 3748 1092 3811 scire
1107 3746 1265 3811 dixerunt.
1288 3744 1360 3814 477.
1376 3753 1480 3830 Quae-

154 3843 216 3907 stio
244 3840 300 3906 illo
330 3841 382 3905 dio
413 3840 452 3905 de
473 3841 645 3904 amicorum
666 3843 825 3906 sententia
846 3840 976 3906 dimissa
997 3847 1054 3906 est.
1092 3843 1174 3906 Satis
1196 3844 1293 3927 longo
1314 3845 1516 3913 intervallc³⁶
1538 3879 1546 3902 ·

218 4061 243 4112 l.
260 4056 457 4126 aequomst.
470 4081 498 4090 -
514 4055 599 4118 peetus
613 4056 648 4105 od
663 4055 727 4107 otios
742 4058 799 4108 ST:
820 4058 855 4107 ad
871 4054 1222 4120 ulioapotiorltAIbO.-
1240 4059 1480 4124 2.tmpovtanttsatmt

153 4134 205 4187 sr.
219 4161 247 4174 -
266 4135 334 4187 ar.
347 4119 475 4196 003000
491 4133 549 4183 sr:
568 4131 596 4182 c.
610 4131 874 4194 muesumnceserr.
889 4159 916 4170 -
936 4133 960 4184 o.
973 4132 1077 4183 0000
1092 4133 1118 4183 0.
1132 4159 1159 4170 -
1178 4133 1202 4184 r.
1215 4145 1294 4196 000
1304 4135 1365 4188 ses.
1378 4140 1437 4190 sr:
1455 4144 1479 4190 0

153 4205 387 4261 8404034340.
402 4205 860 4260 -8.AbbioSTbl.-cutenttsl':
878 4205 1161 4259 uolmteltabsso.-
1175 4207 1358 4272 9.posattL.-
1373 4214 1478 4266 44000·

152 4285 222 4336 color
235 4283 320 4336 ST.-·
339 4283 380 4333 ta.
393 4281 649 4332 domioomootIore
659 4281 717 4334 ST:
734 4283 881 4334 0000044000
897 4281 996 4333 4000400
1012 4279 1115 4334 RALO
1125 4283 1188 4334 0.-
1207 4283 1247 4334 43.
1259 4285 1442 4348 improbitatem
1454 4303 1476 4340 c,

152 4359 299 4412 4044040000
315 4358 374 4411 sl':
392 4357 420 4408 io
436 4357 464 4408 F.
482 4357 651 4420 tmprmotont
667 4353 809 4409 nanto.
825 4383 853 4392 -
870 4356 911 4408 tt.
926 4358 1039 4420 perterre
1056 4357 1154 4409 34-
1174 4359 1257 4410 tude
1273 4360 1333 4412 ST:
1351 4375 1384 4414 ac
1400 4364 1478 4415 RAL
1537 4384 1539 4386 ·

153 4429 207 4486 to.
221 4435 321 4500 (4404400
331 4435 445 4488 ametro
461 4449 494 4486 00
509 4448 572 4499 equo
584 4435 622 4498 Ι..)
636 4461 664 4472 -
683 4435 724 4484 46.
735 4436 889 4486 edocenter
899 4432 1027 4498 offosdme
1042 4433 1103 4483 L.-
1123 4439 1256 4497 pmtqocm
1272 4436 1300 4487 L.
1315 4465 1342 4474 -
1360 4439 1402 4489 30.
1421 4439 1480 4488 300-

152 4511 191 4561 040
206 4513 362 4577 suspectum
378 4511 483 4563 Becltio.
497 4538 525 4547 -
543 4511 628 4562 moliri
643 4510 797 4562 04044053Ι
815 4509 900 4560 statim
914 4506 1153 4560 owliriRAbIO.
1168 4536 1195 4545 -
1214 4510 1255 4560 at.
1268 4510 1411 4573 nopotem
1431 4514 1480 4563 30-

153 4585 205 4637 tilio
220 4587 247 4636 S.
267 4611 295 4622 -
320 4587 362 4638 43.
381 4585 513 4650 00004000]
530 4585 596 4637 Hinc
612 4597 698 4650 usque
716 4584 750 4636 ad
766 4598 809 4635 vv.
826 4589 850 4635 et
865 4589 1003 4636 caterotvcu
1017 4584 1242 4636 40000404000000
1259 4583 1292 4648 (ὅ.
1305 4585 1373 4650 483.)
1390 4585 1479 4637 deficit

154 4659 188 4712 ll.
203 4685 231 4696 -
248 4658 290 4712 34.
307 4659 381 4711 Aulo
391 4661 423 4710 T:
441 4660 515 4711 Aeolo
532 4659 720 4724 (superscripta
736 4660 758 4724 e)
775 4661 805 4721 S;
824 4659 919 4710 0000040
938 4655 1039 4710 FALI
1048 4660 1077 4710 0.
1096 4659 1135 4711 ct.
1153 4661 1235 4711 Inscr.
1254 4661 1337 4726 Neap.
1355 4662 1428 4715 3994.
1448 4689 1475 4700 -

154 4745 179 4786 te
193 4734 289 4786 04001..
313 4735 353 4786 ci.
371 4734 475 4799 Madvig
494 4733 528 4785 ad
545 4734 601 4786 th.
620 4733 654 4785 de
672 4735 744 4785 fian.
765 4747 792 4800 p.
811 4734 869 4786 oto.
894 4733 921 4784 st
938 4733 998 4798 quis
1014 4745 1162 4798 pronomen
1179 4733 1326 4799 desiderat,
1350 4737 1377 4788 ld
1399 4737 1480 4789 addat

153 4810 213 4874 post
228 4807 387 4864 infinitivum
403 4809 446 4862 vel
462 4823 512 4876 pro
529 4821 554 4860 v.
573 4821 622 4860 0000
638 4809 738 4862 scribat
753 4821 811 4860 0000.
830 4833 857 4846 -
876 4809 917 4860 28.
935 4820 986 4859 0000
1002 4820 1056 4859 orn.
1070 4809 1128 4860 ΡΑ.
1144 4835 1172 4847 -
1189 4809 1274 4873 passa
1289 4811 1316 4861 S.
1330 4837 1358 4848 -
1377 4811 1417 4863 34.
1435 4825 1480 4863 00-

153 4883 397 4938 400003040087ε
414 4883 628 4936 0040000ιί0400
642 4879 784 4936 nauto,
804 4909 830 4922 -
851 4882 891 4934 33.
910 4887 934 4934 et
947 4883 974 4933 04
989 4887 1008 4935 t.
1021 4883 1131 4950 addrutt]
1148 4886 1204 4936 004
1219 4889 1237 4936 4.
1249 4885 1349 4937 obducti
1364 4885 1479 4938 Klotztus

154 4959 195 5011 ed.
209 4958 267 5022 alt.;
285 4973 329 5012 vv.
347 4965 371 5012 et
384 4961 412 5012 04
427 4964 607 5012 montom
621 4960 733 5012 insiticia
748 4957 873 5010 videntur
889 4957 999 5012 Halmio.
1027 4961 1069 5011 «Sl
1085 4960 1164 5014 lectio
1181 4975 1235 5014 000
1251 4964 1357 5025 vitiosa,
1383 4975 1479 5016 sensus

154 5037 206 5086 est:
229 5033 273 5088 illa
288 5037 347 5102 ipsa
362 5036 389 5088 vt
404 5037 612 5100 tormentorum,
635 5035 732 5100 quibus
753 5035 812 5086 sine
829 5032 881 5086 ulla
904 5047 985 5087 causa
1009 5037 1191 5089 cruciarentur
1213 5037 1247 5090 ab
1269 5036 1350 5101 tmpla
1369 5035 1478 5099 lamina,

39 5149 40 5154 1
154 5111 180 5161 ot
200 5109 354 5176 indignitate
373 5111 414 5164 rei
435 5113 584 5164 commotos
607 5110 764 5163 obfirmasse
786 5109 915 5163 adversus
935 5109 1056 5166 dolorem
1072 5113 1175 5166 animos
1191 5115 1262 5166 etin
1278 5111 1388 5163 reritde
1405 5123 1479 5164 man·

153 5187 367 5240 suessan.—
385 5187 427 5242 3t.
444 5189 545 5243 deoru
563 5189 620 5243 Fa.
638 5213 665 5228 -
683 5186 858 5241 40040084.

192 5277 361 5330 umecta
1214 5279 1257 5346 38

1608 1263 1630 1354 4
