3642 5868
301 418 363 488 iss
670 423 713 486 ru
734 421 900 488 usuum
920 419 1043 488 norro
1066 418 1250 512 securus

384 594 436 659 vl.
458 593 500 658 44
520 595 603 658 enim
625 593 721 660 istum
742 593 840 658 Siculi
862 595 923 658 soli
944 599 1197 678 persequuntur:
1226 593 1310 658 cives
1331 593 1480 670 Romani,
1510 592 1623 677 quiin

300 689 407 754 Sicilia
420 688 639 770 negotiantur,
660 687 848 763 defendunt,
864 688 1013 772 diligunt,
1029 687 1151 752 salsum
1166 707 1236 751 esse
1252 687 1394 772 cupiunt.
1408 721 1450 736 ·-
1471 689 1622 765 Primum,

299 785 326 848 si
347 785 391 848 ita
412 789 512 858 esset,
538 789 643 846 tamen
664 803 721 846 vos
742 782 775 846 in
795 783 856 847 buc
878 783 1064 868 quaestione
1087 781 1127 843 de
1149 782 1292 866 pecuniis
1314 782 1513 864 repetundis,
1536 804 1620 868 quae

158 939 173 952 „
298 879 458 942 sociorum
486 895 582 942 causa
604 877 776 942 constituta
797 885 846 941 est
866 877 936 960 lege
958 877 1141 961 iudicioque
1163 875 1274 940 sociali
1281 921 1291 952 ,
1321 876 1481 940 sociorum
1513 879 1620 961 queri-

188 1003 194 1014 ·
273 973 419 1043 emouias
450 972 560 1036 audire
592 979 761 1056 oporteret.
812 967 862 1034 46.
891 971 955 1036 Sed
983 970 1160 1053 intelligere
1187 971 1335 1054 potuistis
1368 971 1473 1053 priore
1494 973 1618 1035 actione

297 1069 382 1132 cives
409 1068 568 1130 Romanos
595 1066 836 1130 honestissimos
864 1086 904 1129 ex
929 1065 1034 1129 Sicilia
1061 1064 1216 1156 plurimos
1243 1065 1388 1129 maximis
1410 1064 1565 1128 derebus
1587 1071 1620 1128 et

296 1183 376 1247 ques
397 1163 459 1245 ipsi
480 1159 683 1245 accepissent
697 1157 829 1224 iniurius
851 1167 882 1224 et
903 1181 983 1246 quas
1009 1160 1125 1224 sonent
1146 1159 1218 1222 aliis
1240 1177 1309 1223 csse
1330 1158 1428 1224 444444
1450 1179 1508 1244 pro
1531 1161 1618 1224 testi-

295 1259 402 1323 monio
425 1257 539 1320 dicere.
581 1257 649 1338 Ego
676 1255 755 1331 hoc,
785 1255 872 1339 quod
894 1254 1051 1337 intelligo,
1079 1252 1217 1329 iudices,
1247 1254 1292 1318 sic
1314 1254 1486 1318 consumo:
1506 1254 1618 1318 uideor

145 1343 182 1444 J
295 1354 372 1418 mibi
394 1357 516 1436 gratum
530 1348 644 1414 iecisse
661 1348 790 1424 Siculis,
813 1349 901 1434 quod
924 1367 1033 1412 eorum
1047 1347 1179 1412 iniurias
1198 1366 1270 1434 meo
1284 1348 1409 1423 labore,
1431 1347 1616 1423 inimicitiis,

257 1467 285 1514 io
293 1447 435 1533 periculo
457 1465 527 1508 sum
548 1451 750 1528 persecutus:
777 1463 842 1506 non
865 1444 968 1506 minus
989 1442 1050 1506 hoc
1071 1450 1194 1524 gratum
1215 1462 1266 1504 me
1287 1443 1406 1506 nostris
1428 1442 1548 1506 ciuibus
1568 1445 1617 1506 iu·

292 1543 400 1626 telligo
421 1539 551 1614 iecisse,
587 1539 642 1623 qui
662 1538 725 1600 boc
750 1538 948 1612 existiment,
970 1537 1063 1613 iuris,
1085 1537 1255 1612 libertatis,
1277 1557 1383 1602 rerum
1403 1537 1616 1603 fortunarum-

150 1657 179 1730 3
293 1658 356 1723 que
378 1654 505 1726 suarum
529 1633 664 1697 sulutem
685 1634 718 1696 iu
740 1632 831 1696 istius
852 1629 1056 1696 damnatione
1078 1633 1260 1696 consistere.
1294 1627 1344 1694 47.
1360 1633 1561 1716 Quapropter
1575 1633 1616 1696 de

290 1732 381 1797 istius
403 1737 551 1812 praetura
573 1725 731 1790 Siciliensi
750 1745 815 1790 uon
830 1745 943 1790 recuso
958 1727 1036 1810 quin
1050 1727 1093 1788 ita
1112 1745 1162 1788 me
1177 1726 1328 1800 audiatis,
1350 1733 1401 1801 ut,
1425 1728 1452 1790 si
1466 1727 1615 1810 cuiquam

290 1826 398 1909 generi
418 1822 585 1887 homiuum
608 1822 674 1884 siue
697 1820 876 1883 Siculorum
898 1821 963 1883 sive
985 1826 1166 1884 nostrorum
1191 1821 1323 1896 civium,
1345 1820 1372 1882 si
1395 1821 1543 1906 cuiquam
1564 1840 1615 1886 er-

253 1919 355 1986 redint
383 1919 449 1982 sive
476 1923 637 1981 aratorum
665 1915 731 1979 sive
757 1915 978 1998 pecuariorum
1007 1915 1073 1978 siue
1096 1923 1307 1980 mercatorum
1329 1916 1480 1998 probatus
1502 1916 1557 1990 sit,
1586 1916 1614 1980 si

159 2049 176 2080 e
288 2031 354 2078 non
375 2012 490 2076 borum
512 2011 652 2075 omnium
675 2009 851 2100 communis
873 2008 974 2072 bostis
996 2008 1179 2095 praedoque
1199 2008 1312 2086 fuerit,
1339 2011 1367 2073 si
1389 2011 1536 2093 cuiquam
1559 2007 1614 2072 de-

288 2110 386 2194 nique
407 2107 474 2170 ulle
495 2108 528 2171 in
550 2125 584 2168 re
603 2123 755 2187 umquam
770 2105 1007 2188 temperaverit:
1030 2112 1067 2167 ut
1080 2122 1137 2168 vos
1152 2123 1282 2188 quoque
1304 2106 1334 2168 ei
1355 2105 1547 2188 temperetis.

372 2202 436 2280 Qui
463 2198 558 2264 simul
586 2205 682 2282 etque
711 2200 740 2261 ei
770 2205 854 2262 sorte
878 2198 1041 2281 provincie
1063 2196 1173 2260 Sicilia
1194 2197 1339 2271 obvenit,
1367 2199 1473 2262 statim
1495 2200 1613 2263 Romae

287 2298 380 2362 etad
403 2296 530 2368 urbem,
553 2300 724 2376 antequam
745 2292 1015 2376 proficisceretur,
1044 2312 1197 2378 quaerere
1219 2293 1289 2376 ipse
1312 2313 1420 2358 secum
1441 2301 1474 2356 et
1495 2294 1613 2376 agitare

248 2409 359 2459 secum
382 2391 448 2456 suis
470 2387 593 2470 coepit,
622 2387 814 2472 quibusnam
835 2387 929 2450 rebus
951 2387 985 2449 in
1008 2406 1046 2449 ea
1066 2386 1231 2468 provincia
1252 2388 1420 2450 maximam
1440 2407 1505 2454 uno
1528 2409 1611 2454 anno

285 2485 453 2571 pecuniam
473 2481 578 2545 facere
600 2488 718 2566 posset.
760 2482 894 2544 Nolehat
921 2479 1101 2563 iungendo
1131 2480 1253 2545 discere
1288 2478 1422 2563 (temetsi
1451 2501 1516 2545 non
1537 2503 1610 2566 pro-

284 2579 407 2644 vinciae
428 2575 517 2640 rudis
539 2582 606 2639 erut
628 2581 660 2638 et
681 2572 763 2654 tiro),
785 2575 841 2639 sed
865 2573 909 2660 [in
925 2571 1074 2657 Siciliam]
1098 2583 1227 2658 paratus
1246 2575 1287 2639 ad
1308 2576 1458 2658 praedam
1480 2576 1612 2640 medita·

180 2693 182 2702 ‘
285 2680 402 2757 iusque
434 2670 542 2735 venire
575 2669 730 2754 cupiebas.
774 2665 824 2732 l8.
854 2669 881 2733 0
910 2669 1071 2753 praeclare
1100 2671 1278 2734 coniectum
1307 2689 1326 2732 a
1354 2669 1448 2752 uulgo
1470 2669 1611 2734 inillam

283 2765 481 2851 provinciam
514 2783 609 2828 omen
640 2767 815 2846 eommunis
846 2763 949 2828 lamae
982 2772 1078 2848 atque
1108 2764 1284 2828 sermonisl
1318 2783 1390 2828 cum
1420 2782 1461 2826 ex
1482 2765 1609 2828 nomine

247 2861 391 2934 reistius,
415 2860 492 2942 quid
514 2860 575 2924 iste
596 2861 630 2923 in
652 2859 815 2943 provincia
835 2858 976 2923 tacturus
999 2867 1099 2935 esset,
1126 2858 1317 2944 perridicule
1345 2857 1489 2922 homines
1511 2878 1609 2942 augu-

282 2955 443 3020 rabantur.
486 2955 612 3020 Etenim
634 2957 705 3040 quis
728 2954 871 3018 dubitare
892 2960 1017 3037 posset,
1050 2975 1121 3018 cum
1143 2955 1233 3018 istius
1255 2954 1289 3016 iu
1311 2960 1482 3037 quaestura
1501 2952 1608 3036 fugem

283 3059 315 3116 et
335 3049 455 3113 furtum
476 3055 734 3134 recognosceret,
761 3068 833 3111 cum
855 3048 888 3111 in
910 3049 1068 3132 legatione
1091 3049 1280 3132 oppidorum
1302 3046 1513 3130 fanorumque
1535 3067 1608 3131 spo·

282 3144 428 3209 lintiones
451 3145 617 3227 cogitaret,
640 3163 712 3206 eum
734 3142 855 3208 uideret
876 3145 908 3207 in
930 3143 1000 3207 loro
1023 3143 1188 3207 latrocinio
1208 3149 1391 3225 praeturas,
1423 3140 1527 3224 qualis
1547 3142 1607 3204 iste

281 3241 315 3302 in
337 3245 450 3323 quarto
473 3246 546 3302 actu
568 3238 777 3320 improbitatis
791 3237 916 3302 iuturus
933 3243 1036 3303 esset‘i
1070 3239 1137 3303 Vll.
1159 3238 1262 3321 Atque
1279 3244 1316 3299 ut
1336 3233 1518 3316 intelligatis
1534 3254 1607 3298 eum

243 3335 399 3400 eollomae
424 3333 588 3417 quaesisse
601 3351 666 3395 non
681 3333 776 3396 modo
790 3353 905 3415 genere
919 3332 1062 3408 furandi,
1084 3332 1140 3396 sed
1156 3333 1250 3394 etium
1266 3331 1411 3402 nomina,
1434 3328 1606 3392 certissima

280 3427 413 3511 accipite
436 3433 636 3510 argumenta,
659 3447 724 3509 quo
746 3426 869 3490 facilius
892 3426 932 3488 de
954 3426 1108 3509 singulari
1131 3426 1199 3488 eius
1212 3423 1410 3507 impudentia
1424 3423 1606 3486 existimare

280 3523 418 3606 possitis.
462 3517 512 3584 49.
542 3521 614 3597 Quo
645 3521 696 3584 die
727 3521 864 3584 Siciliam
894 3521 1012 3604 attigit,
1042 3517 1171 3604 (videte,
1199 3520 1316 3584 satisne
1338 3525 1466 3601 paratus
1488 3538 1529 3580 ex
1549 3518 1604 3583 illo

280 3617 385 3680 omine
407 3616 530 3680 urbano
552 3615 593 3679 ad
608 3614 813 3680 evertendum
827 3616 1022 3698 provinciam
1037 3612 1184 3697 venerit]
1206 3614 1311 3678 statim
1325 3615 1472 3679 Messana
1484 3613 1604 3677 litteras

278 3710 427 3774 llalesam
449 3709 559 3785 mittit,
582 3729 660 3794 quas
683 3729 741 3792 ego
762 3710 857 3774 istum
880 3710 913 3772 in
934 3711 1023 3774 ltalia
1045 3711 1207 3794 scripsisse
1229 3710 1369 3774 arbitror.
1412 3709 1491 3772 Nem
1512 3707 1604 3772 simul

241 3786 374 3890 estquis
398 3826 415 3868 e
437 3805 510 3868 naui
532 3824 676 3887 egressus
699 3810 763 3879 est,
785 3803 872 3868 dedit
892 3825 1035 3888 operam,
1061 3812 1097 3870 ut
1116 3804 1285 3870 Halesinus
1306 3807 1346 3870 ad
1368 3826 1402 3872 se
1422 3806 1482 3870 Dio
1504 3807 1603 3869 conti·

344 4027 368 4076 l.
385 4025 464 4077 Siculi
479 4026 525 4077 soii
541 4023 573 4076 l:
590 4026 636 4076 seii
652 4025 703 4076 Sic.
721 4025 769 4076 dtt.
788 4026 817 4076 Ο.
838 4053 865 4063 —-
884 4026 908 4077 3.
926 4028 953 4078 ie
969 4029 1016 4079 bec
1033 4030 1102 4093 igne
1114 4031 1210 4081 ABN:
1228 4029 1255 4079 in
1270 4030 1320 4079 iste
1336 4027 1404 4092 ngas
1422 4043 1447 4093 p.
1461 4043 1499 4082 nr.
1518 4057 1545 4068 -
1563 4045 1602 4082 rc-

273 4103 385 4167 pcteedis
402 4100 480 4165 egle.
495 4125 523 4138 -
542 4100 566 4150 e.
585 4101 642 4151 bon.
660 4115 694 4150 ee
710 4103 737 4151 S.
754 4102 789 4164 pi.
807 4102 840 4154 l:
858 4115 892 4152 ce
908 4105 934 4153 S.
950 4105 986 4166 pi.
1004 4105 1061 4154 boe.
1081 4105 1127 4156 dit.
1142 4106 1171 4154 0.
1186 4130 1214 4140 -·
1233 4104 1257 4154 9.
1275 4104 1412 4154 inimicitiis
1427 4105 1496 4168 Lgti
1507 4103 1601 4157 444444

278 4180 301 4242 44
313 4177 391 4228 codd.
402 4174 488 4240 lel.):
508 4176 654 4226 4444444444
665 4178 741 4228 ett-
757 4175 796 4227 44.
809 4177 935 4228 bominem
946 4193 999 4230 om.
1013 4180 1081 4244 Lgii
1093 4195 1119 4245 p.
1129 4193 1199 4232 m.-
1217 4181 1268 4230 sios
1278 4181 1396 4243 cuiquem
1406 4177 1484 4230 codd.
1495 4179 1558 4230 noti.
1569 4205 1598 4218 -

278 4254 318 4303 44.
331 4253 358 4302 in
374 4250 688 4315 reumqeemulieLgli.
704 4279 730 4288 -
750 4255 895 4315 inoperose
912 4254 989 4305 codd.
1002 4257 1065 4306 noti.
1078 4255 1172 4320 [scrib.
1186 4256 1349 4318 conpererit]
1361 4281 1388 4292 -
1407 4255 1430 4305 ei
1446 4260 1519 4318 emp.
1531 4255 1600 4320 Lgli

276 4327 403 4379 4441444
422 4327 444 4376 si
462 4339 515 4377 om.
530 4328 590 4386 ctt.;
609 4327 691 4378 ciues
707 4340 803 4390 quoque
819 4331 956 4390 temperetis
973 4331 1034 4390 (om.
1047 4331 1082 4395 et)
1101 4330 1134 4381 de
1146 4332 1205 4382 Hot.
1219 4332 1287 4382 coni.
1300 4332 1340 4393 4.,
1358 4329 1408 4382 sed
1424 4331 1558 4397 impmbat
1573 4333 1599 4382 in

276 4401 319 4454 od.
339 4401 411 4454 test.
428 4425 455 4440 -·
475 4403 516 4452 49.
534 4403 569 4452 ed
583 4403 671 4453 urbm
686 4403 748 4453 Asc.
759 4406 836 4454 trus.
850 4405 884 4456 M.
903 4419 927 4470 p.
942 4406 986 4456 444
1001 4419 1006 4456 :
1026 4406 1057 4457 ab
1073 4407 1134 4458 urbe
1150 4405 1229 4458 codd.
1243 4409 1306 4458 neti.
1321 4433 1349 4446 -
1369 4409 1468 4472 egilem
1482 4408 1601 4458 4444444444

274 4477 300 4539 4,
316 4479 342 4530 bl
350 4478 368 4528 F
385 4477 437 4529 Pel.
457 4489 512 4530 sec.
522 4479 600 4529 Arne.
618 4479 653 4530 bl.
666 4475 682 4528 l.
696 4476 724 4529 l.:
743 4492 800 4530 cum
815 4479 866 4530 seis
882 4494 924 4545 ep.
943 4483 1009 4540 NL,
1027 4483 1138 4546 cogitare
1154 4497 1211 4534 cum
1226 4483 1277 4534 seis
1292 4483 1340 4534 dtt.
1356 4509 1384 4520 -
1402 4484 1443 4534 44.
1461 4482 1557 4534 vobem
1566 4485 1597 4534 Α.

277 4579 304 4590 -
322 4553 349 4603 iss
359 4555 496 4604 medendo
512 4555 581 4616 ngat
592 4556 622 4604 Α.
644 4581 671 4590 -
689 4569 741 4605 nen
757 4567 810 4606 om.
824 4556 892 4619 Lgill
904 4558 933 4607 B.
949 4585 976 4594 -
994 4558 1035 4607 44.
1051 4559 1094 4607 sed
1109 4558 1209 4609 Siciliae
1225 4559 1263 4619 Mi
1281 4554 1302 4608 'si
1318 4559 1419 4610 Siciliae
1434 4557 1503 4622 egla
1521 4572 1546 4623 p.
1560 4571 1596 4610 m.

274 4628 360 4679 birds.
373 4630 392 4679 l.
405 4642 431 4694 p.
440 4627 497 4680 344.
510 4626 583 4679 delet
598 4629 626 4678 ie
636 4629 749 4680 Siciliam
759 4643 822 4681 cum
834 4630 985 4694 Guilielmo;
999 4632 1115 4698 [Siciliae]
1128 4633 1165 4684 iil.
1185 4634 1217 4684 Et
1228 4647 1291 4685 sene
1303 4633 1469 4697 glossematis
1479 4637 1597 4701 speciem

273 4702 396 4754 babet-
407 4708 517 4766 peretur
533 4709 588 4754 eret
598 4705 632 4756 ed
643 4704 711 4769 Lgin
722 4717 749 4770 p.
763 4719 832 4757 m-
845 4709 886 4759 43.
900 4709 999 4772 euoipc
1012 4709 1079 4772 lgna
1089 4710 1153 4768 etA,
1167 4708 1215 4760 sed
1226 4709 1271 4761 hie
1282 4723 1335 4762 om.
1345 4722 1363 4760 e
1372 4711 1444 4776 (4).-
1456 4712 1497 4763 se.
1516 4711 1561 4762 isis
1570 4711 1595 4777 4,

273 4777 352 4829 codd.
366 4776 421 4841 Lbl,
441 4779 521 4830 Prisc.
534 4779 553 4829 4
566 4793 593 4844 p.
606 4779 675 4832 368.:
694 4793 748 4831 ern.
762 4781 809 4832 dit.
822 4782 852 4832 0.
865 4807 890 4821 -
909 4784 1059 4846 perridicule
1075 4786 1160 4837 illibi
1177 4787 1268 4836 Prisc:
1285 4789 1431 4849 serenet
1447 4791 1492 4840 cit.
1508 4813 1535 4826 -
1554 4789 1594 4841 49.

273 4859 333 4905 ectu
342 4851 406 4904 bont
417 4853 496 4905 codd.
509 4856 536 4905 et
547 4857 618 4906 Asc:
636 4858 720 4922 prede
731 4856 778 4908 dtt.
791 4885 819 4894 -
833 4858 873 4909 344.
885 4873 935 4910 oon
945 4861 1024 4910 solem
1035 4863 1094 4911 Asc.
1107 4887 1135 4900 -
1152 4864 1289 4914 certissime
1301 4864 1368 4928 egis
1379 4867 1416 4918 M:
1434 4867 1596 4918 certissimum

272 4930 318 4980 ctt.
336 4929 366 4979 0.
386 4956 414 4966 ·-
439 4929 480 4981 as.
505 4937 654 4994 erpumnte
671 4932 739 4996 [gli
756 4947 783 4998 p.
800 4945 851 4983 m.:
870 4941 1046 4998 argentonium
1062 4936 1107 4986 ott.
1125 4937 1155 4988 0.
1176 4963 1203 4974 -
1221 4938 1262 4988 34.
1281 4940 1365 5002 cespis
1379 4939 1447 5004 ugia
1464 4953 1491 5006 p.
1504 4953 1540 4992 m.
1553 4956 1593 5004 sp:

271 5005 350 5068 4444944
366 5007 412 5056 ctt.
425 5007 454 5057 0.
470 5031 496 5044 ··-
516 5006 557 5057 34.
574 5007 672 5058 bernice
688 5009 749 5074 ng.
768 5008 884 5074 (praeter
900 5009 939 5074 44)
957 5013 1015 5062 ΑΒ.
1036 5037 1064 5048 -
1084 5014 1246 5064 eormredum
1262 5015 1368 5065 ABNF
1386 5016 1427 5079 (el.
1446 5016 1542 5068 Febrit
1560 5019 1595 5070 ed

271 5079 356 5130 Divin.
374 5094 397 5131 c.
417 5081 467 5145 44.)
491 5079 550 5134 coll.
577 5081 669 5133 isidor.
688 5084 757 5147 orig.
776 5086 807 5135 ll.
825 5084 866 5148 30,
884 5088 908 5136 5.
927 5087 973 5138 ubi
990 5085 1049 5138 cod.
1068 5086 1204 5139 berberin.
1223 5103 1263 5140 nr.
1282 5089 1355 5141 4444.
1373 5093 1441 5144 teste
1458 5093 1592 5145 ueratri.

270 5155 388 5210 menies
397 5156 493 5210 habet:
510 5157 667 5211 4444444444
678 5161 723 5212 cti.
739 5183 766 5198 -·
786 5159 827 5212 34.
839 5162 1011 5226 conscripsisse
1022 5161 1089 5228 egla
1100 5173 1127 5227 p.
1137 5175 1173 5215 m.
1192 5161 1429 5229 Vulgstemtuetur
1440 5168 1521 5220 etism
1530 5170 1591 5221 Asc.
