3642 5868
516 429 583 496 nn.
605 431 659 497 ur.
690 430 763 498 crs.
786 433 999 498 xrs-xrs.
1027 430 1083 518 33.
1104 429 1256 498 as-to,
1444 501 1446 516 ,
1485 427 1549 500 mr
1655 413 1664 516 j

221 600 344 686 inquit,
365 621 410 667 nx
430 620 532 679 anns,
552 623 616 668 urst
635 621 709 668 surr
730 621 857 670 rrcrvs.
887 591 984 687 (Satis
1005 604 1085 692 baec
1105 625 1220 690 magna
1237 606 1287 671 ris
1309 613 1357 670 est
1377 605 1418 670 ad
1439 606 1550 690 inique
1602 607 1682 714 ,ᾗ

222 696 449 780 paciscendum
458 699 482 794 ι)
498 698 583 762 malo
612 701 697 763 enim
725 697 798 783 plus
821 701 896 764 dare
919 695 1102 784 quam‘non
1127 708 1249 766 mature
1271 721 1312 766 ex
1333 721 1409 764 area
1428 700 1550 763 tollere.

222 791 265 854 At
284 789 348 854 ista
368 791 416 854 vis
438 793 612 875 Septicium
634 801 751 858 etnon
772 794 879 858 nullos
901 795 1032 877 Septicii
1053 795 1171 859 similes
1189 816 1253 860 non
1269 802 1408 870 coercet,
1429 795 1487 878 qui
1507 793 1553 856 ita

225 885 354 948 dicunt:
376 887 446 948 Non
467 886 577 949 tollam
600 888 722 970 potius,
745 907 842 971 quarn
863 890 1014 970 paciscar.
1057 889 1198 953 Hisboc
1219 891 1412 973 opponitur:
1438 890 1554 970 depor-

225 985 326 1044 tatum
352 978 471 1044 babeas
500 987 573 1044 ante
601 981 760 1045 Kalendas
796 982 943 1045 Sextiles.
985 983 1168 1066 Deportabo
1197 984 1303 1066 igitur.
1345 983 1413 1045 Nisi
1441 989 1578 1065 pactusi

225 1073 305 1148 eris,
326 1093 393 1136 non
415 1074 641 1138 commovebis.
685 1075 738 1137 Sic
766 1075 955 1157 deportandi
983 1075 1052 1140 dies
1079 1077 1266 1160 praestituta
1286 1077 1399 1140 tollere
1422 1075 1556 1158 cogebat

226 1187 267 1232 ex
288 1185 380 1230 area:
409 1168 583 1250 prohibitio
605 1169 755 1245 tollendi,
788 1169 850 1232 nisi
872 1177 983 1254 pactus
1005 1178 1104 1246 esset,
1126 1172 1189 1235 vim
1211 1171 1380 1234 adhibebat
1400 1168 1555 1253 pactioni,

224 1279 292 1324 non
312 1261 518 1328 voluntatem.

312 1356 381 1419 XV.
402 1352 454 1418 38.
497 1357 564 1420 lam
590 1377 666 1420 vero
698 1356 778 1420 illud
807 1378 872 1422 non
895 1358 999 1422 solum
1020 1365 1131 1423 contra
1151 1360 1254 1442 legem
1275 1357 1477 1422 Hieronicam
1497 1377 1557 1422 nec

225 1446 331 1514 solum
360 1456 472 1514 contra
501 1452 766 1516 consuetudinem
787 1454 1005 1535 superiorum,
1034 1453 1090 1517 sed
1112 1454 1208 1516 etiam
1230 1459 1340 1516 contra
1361 1453 1468 1516 omnia
1487 1452 1595 1516 iurato

227 1542 423 1618 Siculorum,
456 1564 541 1628 quae
567 1545 689 1610 babent
716 1564 736 1608 a
764 1554 876 1610 senatu
905 1547 1091 1631 populoque
1119 1548 1280 1621 Romano,
1311 1566 1353 1609 ne
1375 1547 1446 1630 quis
1469 1553 1560 1610 extra

226 1657 321 1702 suum
343 1637 450 1700 forum
470 1639 690 1704 vadimonium
711 1641 897 1723 promittere
919 1649 1059 1723 cogatur.
1093 1641 1210 1704 Statuit
1230 1642 1307 1715 iste,
1328 1647 1362 1702 ut
1383 1647 1491 1702 arctor
1509 1639 1560 1702 de·

227 1751 355 1796 mosano
374 1753 433 1815 quo
451 1734 535 1798 vellet
553 1735 733 1798 decumanus
749 1724 955 1798 vadimonium
971 1735 1176 1815 promitteret,
1198 1740 1235 1798 ut
1247 1734 1299 1796 bic
1314 1753 1445 1818 quoque
1458 1735 1562 1817 Apro-

227 1827 300 1900 nio,
322 1844 395 1888 eum
418 1847 459 1892 ex
480 1828 638 1892 Leontino
660 1848 763 1913 nsque
791 1828 978 1912 Lilybaeum
999 1829 1140 1912 aliquem
1162 1829 1348 1904 raderetur,
1377 1848 1419 1890 ex
1439 1828 1561 1892 miseris

228 1920 408 1986 aratoribus
430 1922 643 1986 calumniandi
665 1929 818 2006 quaestus
840 1923 1015 1986 accederet.
1060 1922 1261 2005 Quamquam
1291 1921 1347 1986 illa
1366 1921 1429 1986 fuit
1448 1922 1490 1986 ad
1511 1933 1600 1985 cas-it

229 2015 384 2078 lumniam
407 2015 559 2098 singulari
582 2016 715 2080 consilio
737 2023 864 2098 reperta
884 2017 983 2091 ratio,
1006 2014 1093 2100 quod
1117 2015 1278 2090 edixerat,
1303 2025 1337 2078 ut
1358 2024 1497 2080 oratores
1516 2015 1565 2076 iu·

228 2127 302 2191 perc
326 2110 477 2172 amineum
498 2127 625 2172 suerum
642 2111 865 2190 profiterentur.
900 2111 991 2186 Quae
1013 2130 1064 2173 res
1087 2129 1159 2173 cum
1181 2109 1221 2174 ad
1243 2112 1407 2193 pactiones
1429 2109 1565 2192 iniquis·

234 2203 331 2268 simas
353 2223 500 2286 magnam
519 2205 585 2267 rim
605 2204 734 2279 babuit,
763 2205 845 2269 sicut
873 2206 1055 2280 ostendum,
1083 2223 1190 2288 neque
1215 2204 1255 2268 ad
1277 2204 1375 2268 ullam
1396 2202 1565 2267 utilitatem

229 2301 277 2363 rei
298 2298 447 2382 publicae
468 2299 635 2382 pertinuit,
658 2306 726 2361 tum
740 2318 817 2362 vero
840 2299 880 2362 ad
903 2299 1094 2374 calumnias,
1116 2300 1151 2361 in
1166 2318 1246 2383 quas
1262 2319 1373 2362 omnes
1388 2298 1567 2363 inciderent

231 2413 315 2478 quos
335 2391 434 2455 vellet
454 2393 636 2474 Apronius..
670 2389 722 2454 39.
745 2393 786 2456 444
807 2393 892 2454 enim
915 2394 1054 2477 quisque
1076 2399 1186 2456 contra
1207 2393 1404 2456 voluntatem
1426 2391 1495 2456 eius
1518 2391 1603 2457 ‹ii-so

228 2494 338 2560 xerat,
360 2487 406 2548 ita
425 2487 458 2550 in
481 2505 554 2548 eum
575 2486 730 2549 iudicium
754 2486 794 2549 de
816 2486 1016 2569 professione
1037 2489 1182 2569 iugerum
1208 2487 1447 2570 postulabatur,
1462 2486 1567 2552 leuius

229 2580 340 2644 iudicii
362 2586 450 2644 metu
471 2599 606 2661 magnus
629 2599 648 2642 a
671 2579 779 2644 multis
801 2581 951 2644 frumenti
972 2600 1124 2644 numerus
1147 2580 1271 2644 ablatus
1290 2597 1490 2665 magnaeque
1512 2599 1568 2662 pe·

229 2676 342 2757 cuniae
377 2681 506 2738 coactae
536 2668 635 2770 sript)
664 2693 731 2738 non
761 2695 826 2759 quo
855 2677 1001 2759 iugerum
1031 2693 1198 2738 numerum
1220 2695 1295 2740 vere
1317 2676 1461 2759 profiteri
1484 2679 1569 2738 esset
1631 2660 1733 2742 ‘ks

230 2769 361 2834 difficile
390 2773 445 2833 aut
472 2768 610 2851 amplius
640 2770 737 2833 etiam
764 2770 906 2855 profiteri
945 2769 1035 2855 (quid
1063 2770 1148 2832 enim
1175 2772 1210 2834 in
1232 2790 1271 2835 eo
1303 2770 1437 2854 periculi
1459 2773 1569 2853 posset

230 2861 353 2956 esset),
374 2863 431 2927 sed
453 2882 550 2927 causa
571 2871 639 2928 erat
660 2865 770 2930 iudicii
793 2863 993 2949 postulandi,
1018 2864 1105 2949 quod
1128 2883 1170 2928 ex
1191 2865 1295 2929 edicto
1318 2864 1480 2950 professus
1503 2881 1606 2932 noum
1617 2915 1658 2972 ι*
1668 2877 1778 2966 „pst-34,

231 2966 324 3023 esset.
338 2957 519 3028 (Indicium
540 2965 648 3022 antem
671 2959 758 3043 quod
773 2959 876 3022 luerit
896 2961 958 3022 isto
981 2965 1146 3041 praetore,
1170 2958 1214 3035 si,
1237 2979 1320 3051 quae
1335 2958 1449 3024 cobors
1465 2963 1497 3020 et
1512 2956 1569 3045 qui
1705 2967 1709 2977 “
1745 2957 1752 2986 ²

231 3053 400 3116 comitatus
422 3051 536 3142 sqqqit,
568 3053 774 3127 meministis,
808 3053 889 3116 scire
911 3051 1060 3139 debmis.)
1091 3052 1177 3127 Quid
1198 3053 1296 3136 igitur
1317 3059 1383 3128 est,
1417 3052 1506 3136 quod
1528 3070 1570 3115 ex
1651 3093 1713 3180 λ

231 3147 293 3211 bac
314 3146 487 3231 iniquitate
508 3166 664 3209 novorum
687 3145 864 3209 edictorum
894 3145 1028 3227 intelligi
1050 3146 1163 3220 velim,
1191 3147 1340 3210 indices?
1374 3146 1569 3209 Iniuriamne

231 3243 348 3306 iactam
378 3241 500 3306 sociis?
531 3241 575 3304 At
594 3240 720 3305 videtis.
757 3241 985 3303 Auctoritatem
1015 3242 1216 3322 superiorum
1238 3241 1462 3324 repudiatam?
1497 3241 1569 3303 Non

232 3336 364 3400 audebit
392 3355 518 3418 negare.
555 3337 692 3398 Tantum
712 3335 892 3419 Apronium
920 3335 982 3396 isto
1004 3341 1152 3417 praetore
1173 3335 1342 3417 potuisset
1376 3332 1607 3401 Confiteatnrao

232 3449 365 3496 necesse
387 3437 445 3492 est.
488 3430 574 3492 XVI.
597 3426 648 3490 40.
672 3430 735 3492 Sed
758 3449 816 3492 vos
838 3427 989 3502 fortasse,
1013 3429 1101 3511 quod
1122 3448 1179 3491 vos
1202 3429 1256 3490 lex
1270 3437 1467 3503 commonet,
1488 3428 1521 3492 id
1535 3427 1570 3491 in

233 3523 390 3588 hocloco
415 3523 593 3608 quaeretis,
615 3543 691 3586 num
715 3544 794 3608 quas
817 3541 857 3585 ex
878 3522 968 3585 hisce
983 3521 1078 3585 rebus
1093 3522 1247 3604 pecunias
1263 3524 1408 3605 ceperit?
1440 3521 1569 3586 Docebo

234 3619 359 3702 cepisse
386 3618 542 3680 maximas
573 3635 749 3701 omnesque
780 3637 833 3680 eas
858 3617 1059 3701 iniquitates,
1089 3617 1128 3678 de
1151 3617 1269 3701 quibus
1292 3625 1386 3680 antea
1407 3617 1489 3691 dixi,
1519 3615 1569 3679 sui

235 3719 388 3798 quaestus
411 3731 506 3776 causa
528 3713 732 3776 constituisse
753 3713 895 3787 vincam,
923 3711 951 3774 si
973 3711 1063 3794 prius
1085 3710 1164 3774 illud
1186 3711 1478 3794 propugnaculum,
1504 3728 1568 3794 quo

234 3814 346 3872 contra
373 3825 484 3870 omnes
514 3825 602 3870 meos
630 3806 768 3890 impetus
796 3826 930 3869 usurum
953 3825 987 3869 se
1015 3811 1122 3890 putat,
1151 3826 1193 3869 ex
1214 3805 1400 3870 defensione
1423 3803 1492 3868 eius
1514 3803 1606 3872 de-at

235 3920 352 3965 secero.

301 4181 326 4233 3.
344 4182 394 4232 cta
410 4182 449 4232 vn
464 4181 494 4242 t.
513 4183 584 4234 uu:
602 4183 652 4233 uta
666 4182 693 4231 cs
711 4181 758 4232 ιιι.
780 4209 807 4218 -
826 4182 851 4234 ι.
870 4195 920 4233 son
937 4182 1006 4246 Lgtt
1019 4183 1081 4233 su:
1098 4195 1130 4232 aa
1145 4181 1203 4233 reu
1223 4207 1252 4219 -
1267 4182 1385 4246 passer
1400 4169 1506 4246 isagg.
1520 4181 1569 4233 att.

237 4285 265 4294 -
283 4259 418 4321 monebor
439 4258 592 4322 434444φο
620 4258 757 4321 opponitur
779 4256 836 4309 rell.
861 4285 888 4295 -
916 4259 939 4308 7.
960 4257 1093 4320 probibitio
1114 4256 1245 4320 Lgibliti
1268 4257 1312 4319 (04.
1339 4257 1433 4321 fragm
1453 4257 1506 4307 Cic.
1526 4269 1569 4322 ep.

236 4329 341 4395 Quintil.
360 4333 403 4384 lx.
422 4333 452 4394 2,
473 4332 512 4383 48.
531 4331 661 4382 llufinian
680 4334 699 4383 1.
719 4331 783 4395 til:
802 4332 916 4383 cohibitio
933 4331 989 4382 rell.
1010 4358 1039 4368 ·-
1058 4333 1100 4382 44.
1117 4345 1149 4382 ce
1166 4333 1221 4394 quis
1237 4331 1267 4393 4,
1285 4333 1318 4383 F:
1338 4332 1394 4394 quis
1410 4330 1526 4383 om.=dtt.
1539 4333 1569 4382 0.

236 4436 265 4447 -
284 4409 325 4458 tn.
343 4412 450 4472 coqotur
466 4407 496 4469 4,
516 4407 606 4471 FLeg.
626 4410 650 4459 4.
664 4407 705 4458 ta.
719 4407 768 4459 480
787 4413 911 4471 capacior
926 4407 942 4457 3
957 4409 1036 4470 Legss.
1056 4406 1104 4457 dit.
1118 4407 1148 4457 0.
1164 4433 1191 4443 -
1210 4407 1250 4458 43.
1270 4421 1319 4471 quo
1335 4407 1486 4471 Lgitart:
1505 4409 1572 4472 quod

235 4483 281 4536 cti.
302 4509 330 4521 ·-
349 4481 389 4534 44.
409 4497 427 4534 e
443 4483 561 4534 Leontino
578 4484 607 4534 L.
627 4482 706 4543 taem
731 4497 764 4534 aa
779 4483 906 4533 Leontinis
923 4483 939 4534 4
956 4483 1034 4546 4033.
1054 4481 1102 4532 dit.
1123 4507 1150 4518 —
1175 4495 1253 4543 euque
1269 4483 1303 4533 ad
1318 4482 1397 4552 4342.
1419 4509 1447 4520 -
1466 4483 1506 4532 ia.
1525 4493 1571 4532 ce-

235 4558 376 4608 imnuiuodi
394 4555 484 4618 codd..
504 4558 585 4608 etiarn
601 4559 635 4608 F:
654 4557 837 4608 calumniando
854 4559 922 4608 coni.
941 4558 1115 4610 Hotomanus.
1131 4585 1159 4596 -
1178 4560 1301 4610 accident
1317 4557 1395 4622 Lgta.
1411 4585 1439 4596 -
1458 4559 1499 4608 47.
1518 4565 1571 4610 tran

236 4634 251 4683 6
268 4635 347 4696 Lsgg.
366 4631 415 4683 dtt.
436 4659 463 4669 -
483 4633 523 4683 48.
542 4634 670 4684 ostendum
684 4645 764 4696 nequeo
779 4632 848 4696 Lgli
860 4649 883 4695 φ
901 4636 973 4685 erut.
993 4647 1025 4685 ex
1042 4636 1080 4696 M,
1099 4633 1251 4685 dividetur
1268 4633 1310 4698 (ci.
1330 4634 1354 4699 5.
1373 4632 1441 4697 idi:
1459 4634 1571 4684 oswade-

235 4722 292 4759 mes
307 4721 353 4759 nec
369 4710 414 4759 ott.
433 4709 454 4759 i)
472 4707 528 4772 (sed
545 4709 692 4772 Lusisti:
718 4709 884 4772 ostendimus).
901 4735 925 4747 -·
948 4709 988 4760 49.
1006 4710 1119 4760 edente
1136 4710 1185 4760 cci.
1205 4721 1258 4760 om.
1277 4707 1356 4772 igit.
1377 4733 1404 4744 -
1424 4709 1465 4759 22.
1483 4707 1571 4758 iudicii

235 4783 311 4849 outo]
328 4785 449 4835 iudicium
465 4783 541 4848 4342.
557 4811 584 4820 -
602 4784 643 4836 ti.
659 4785 772 4848 periculo
788 4784 870 4834 idem.
887 4807 914 4818 -
930 4784 1010 4845 possit
1025 4797 1075 4835 esse
1088 4783 1171 4849 Lgli;
1190 4795 1240 4834 esse
1252 4789 1336 4846 posset
1352 4782 1408 4834 rell.
1428 4784 1457 4834 0.
1478 4809 1506 4819 -
1524 4783 1567 4834 25.

236 4861 314 4911 iudici
329 4858 408 4924 4344.
421 4883 448 4895 -
464 4859 609 4922 portreioodi
622 4859 712 4912 codd:
731 4859 887 4926 [omittendi
896 4859 1013 4920 liutem,
1029 4859 1217 4922 perlinissemdi
1227 4859 1255 4908 L.
1269 4885 1296 4894 -
1316 4858 1356 4908 30.
1375 4856 1476 4922 uapore]
1492 4870 1571 4920 repu-

237 4947 330 5000 003000
346 4933 414 4997 4349
436 4935 477 4998 (ex
492 4937 670 4998 repausaret).
696 4961 723 4972 -
748 4935 887 4998 Apronium
903 4939 987 4984 tameo
1002 4933 1081 4998 Lgli.
1109 4933 1171 4998 [non
1188 4935 1218 4983 ut
1234 4934 1270 4983 rit
1286 4933 1437 4996 Zumptius,
1464 4932 1570 4994 ,430440-

237 5024 304 5072 mm,
323 5011 353 5060 ut
363 5009 417 5060 iam
427 5008 565 5072 Apronium
581 5013 679 5060 tantum
695 5009 877 5074 recipiendum
890 5008 932 5060 sit.
952 5008 1044 5073 illum]
1056 5035 1084 5046 -
1102 5009 1143 5060 3t.
1157 5005 1382 5070 eorummetbglt.
1398 5033 1426 5043 —
1445 5006 1485 5056 34.
1503 5019 1570 5066 uuae

239 5097 303 5149 quor
317 5084 342 5136 4.
357 5108 386 5121 -
405 5083 446 5135 at.
464 5085 563 5134 oioccm
579 5085 648 5148 Lgit
661 5086 713 5137 Fid
731 5083 772 5148 (04.
785 5099 813 5151 p.
827 5083 930 5136 Cluent.
949 5083 973 5149 5.
987 5083 1044 5136 tri.
1063 5083 1122 5136 coll.
1142 5083 1166 5149 5.
1180 5082 1221 5136 64.
1235 5082 1269 5133 ad
1281 5083 1353 5134 Fam.
1365 5079 1408 5130 ill.
1426 5079 1468 5131 48.
1481 5079 1505 5130 3.
1518 5078 1567 5145 Li:

238 5160 385 5212 criminosas
399 5160 478 5228 4033.
496 5159 554 5213 rell.
572 5161 662 5213 Anu.
