3684 5862
311 419 353 490 ie
706 427 858 496 ORATIO
880 427 959 496 PRO
980 429 1015 496 Ρ.
1037 430 1230 510 QUINCTIO

308 597 448 662 Naevius
470 595 596 674 edebat,
624 619 691 664 uon
711 621 890 678 recusasse,
917 603 962 666 ita
983 609 1106 681 tamen,
1136 625 1223 670 moro
1245 611 1277 670 et
1298 604 1458 682 instituto,
1479 625 1538 690 per
1558 625 1632 672 eum

309 694 543 778 magistratum,
566 695 623 779 qui
644 697 756 760 auxilii
778 717 873 762 causa
894 700 1084 764 constitutus
1107 708 1164 766 est.
1209 698 1259 765 64.
1282 702 1346 765 Aut
1365 701 1445 765 baec
1466 700 1549 766 iacta
1567 721 1634 768 non

309 789 374 852 sint
394 809 523 854 necesse
545 796 610 866 est,
640 799 695 855 ant
718 793 751 856 G.
776 794 941 879 Aquilius,
964 795 1121 879 talis-vir,
1151 797 1272 859 iuratus
1294 795 1355 858 boc
1377 795 1426 858 ius
1448 796 1482 860 in
1504 797 1633 861 civitate

173 869 188 966 ζ
309 887 498 954 constituat:
520 887 612 950 cuius
633 895 822 970 procurator
843 910 908 953 non
931 891 1038 953 omnia
1059 891 1177 956 iudicia
1200 891 1373 974 acceperit,
1397 911 1479 974 quae
1495 891 1632 977 quisque

285 979 343 1042 rin
363 983 458 1045 verba
479 980 665 1066 postularit,
695 983 785 1046 cuius
810 993 997 1067 procurator
1018 1005 1036 1048 a
1057 993 1202 1067 praetore
1225 985 1369 1049 tribunos
1391 985 1552 1068 appellare
1574 1005 1632 1048 au·

308 1097 362 1140 sus
384 1077 442 1151 sit,
472 1097 544 1139 enm
565 1096 631 1139 non
653 1075 797 1152 delendi,
826 1079 894 1142 eius
915 1080 999 1142 bona
1020 1088 1105 1143 recte
1126 1079 1286 1162 possideri
1307 1099 1419 1163 posse,
1443 1079 1472 1142 ei
1495 1080 1631 1154 misero,

308 1170 450 1246 absenti,
471 1170 581 1253 ignaro
602 1171 800 1235 fortunarum
815 1194 943 1239 suarum
966 1176 1071 1238 omnia
1095 1176 1178 1238 vitae
1201 1182 1385 1238 ornamenta
1399 1195 1458 1256 per
1472 1195 1631 1238 summum

308 1265 446 1330 dedecus
477 1274 509 1329 et
536 1266 741 1349 ignominiam
764 1269 866 1352 deripi
888 1270 1067 1334 convenire.
1111 1269 1162 1332 66.
1193 1270 1286 1346 Quod
1309 1271 1336 1334 si
1358 1270 1488 1353 probari
1510 1270 1630 1334 nemini

306 1368 427 1445 potest,
449 1360 530 1424 illud
553 1370 637 1425 certe
658 1364 785 1446 probari
808 1365 955 1429 omnibus
977 1385 1107 1430 necesse
1130 1371 1194 1440 est,
1228 1364 1392 1428 defensum
1415 1383 1484 1428 esse
1506 1363 1628 1428 iudicio

271 1459 298 1506 ⁴⁰
308 1456 471 1521 absentem
500 1456 694 1532 Quinctium.
739 1458 834 1534 Quod
856 1480 928 1522 cum
948 1461 993 1523 ita
1015 1461 1072 1535 sit,
1101 1479 1141 1523 ex
1162 1460 1267 1523 edicto
1289 1460 1374 1524 bona
1396 1477 1543 1542 possessa
1564 1478 1631 1522 non

307 1559 391 1615 sunt.
413 1584 455 1598 -
475 1552 516 1615 At
536 1553 622 1616 enim
644 1554 763 1618 tribuni
784 1555 888 1637 plebis
910 1575 950 1619 ne
972 1557 1141 1620 audierunt
1162 1554 1301 1639 quidem.
1323 1555 1513 1627 -Fateor,
1536 1553 1563 1615 si
1585 1553 1632 1616 ita

308 1652 373 1722 est,
394 1655 631 1732 procuratorem
653 1649 782 1712 decreto
805 1652 959 1732 praetoris
976 1652 1157 1734 oportuisse
1172 1669 1293 1732 parere.
1324 1649 1431 1726 Quid‘l
1453 1649 1479 1713 si
1494 1649 1536 1711 bl.
1551 1649 1631 1711 Bru-

306 1749 358 1826 tus
380 1744 627 1808 intercessurum
648 1765 682 1808 se
706 1743 788 1808 dixit
809 1747 929 1829 palam,
951 1745 1106 1830 nisiquid
1126 1745 1330 1828 interipsum
1345 1744 1493 1808 Alienum
1505 1744 1632 1808 etNae·

305 1839 394 1902 uum
416 1839 616 1914 conveniret,
638 1839 805 1904 videturne
827 1841 1043 1905 intercessisse
1065 1839 1237 1924 appellatio
1260 1840 1459 1903 tribunorum
1480 1858 1546 1903 non
1562 1858 1631 1902 mo-

269 1933 360 1998 tlrae
382 1935 439 1998 sed
460 1933 572 1998 auxilii
594 1937 711 1998 causat
754 1936 840 1998 xxi.
865 1934 915 1998 66.
940 1936 1024 2012 Quid
1046 1934 1160 1998 deinde
1189 1930 1249 1998 fisi
1282 1935 1431 2009 Alienus,
1461 1940 1498 1997 ut
1519 1953 1629 1997 omnes

305 2029 481 2113 intelligere
510 2035 656 2116 possent,
685 2030 805 2093 iudicio
834 2029 960 2093 delendi
990 2029 1190 2105 Quinctium,
1219 2049 1260 2092 ne
1283 2050 1346 2114 qua
1368 2030 1498 2093 subesse
1520 2035 1631 2114 posset

259 2183 265 2202 ,
305 2125 410 2189 aliena
438 2132 505 2206 aut⁴
521 2125 624 2206 ipsius
653 2120 759 2187 officio
781 2132 837 2187 aut
856 2124 952 2187 buius
975 2123 1210 2186 existimatione
1231 2125 1389 2205 suspicio,
1418 2125 1503 2188 viros
1524 2126 1627 2189 bonos

304 2221 483 2305 complures
505 2219 657 2294 advocat,
678 2225 813 2283 testatur
827 2219 889 2283 isto
905 2219 1070 2293 audiente,
1093 2241 1127 2283 se
1145 2239 1204 2302 pro
1218 2218 1377 2283 communi
1392 2221 1626 2284 necessitudine

303 2314 336 2376 id
359 2315 496 2398 primum
518 2321 644 2399 petere,
666 2333 707 2378 ne
729 2313 807 2399 quid
822 2315 960 2378 atrocius
975 2315 1009 2377 in
1022 2315 1055 2376 P.
1073 2313 1256 2389 Quinctium
1270 2315 1432 2378 absentem
1449 2316 1517 2380 sine
1532 2335 1628 2379 causa

265 2407 407 2474 ”iacere
442 2417 592 2486 conetur3
624 2410 673 2474 sin
706 2415 812 2474 autem
840 2409 1058 2474 inimicissime
1088 2416 1183 2493 atque
1211 2409 1414 2473 infestissime
1436 2410 1627 2474 contendere

303 2515 500 2590 perseveret,
523 2528 557 2571 se
578 2513 724 2590 paratum
747 2525 816 2569 esse
837 2506 923 2568 omni
945 2514 1031 2572 recta
1045 2511 1141 2589 atque
1156 2504 1291 2567 honesta
1305 2504 1427 2567 ratione
1442 2503 1625 2580 defendere,

303 2603 391 2686 quod
413 2610 514 2687 petat,
537 2622 602 2666 non
625 2600 750 2676 deberi;
773 2620 807 2663 se
829 2600 982 2664 iudicium
1003 2601 1053 2676 id,
1078 2598 1164 2685 quod
1179 2600 1268 2674 edat,
1291 2600 1444 2683 accipere.
1482 2597 1532 2662 67.
1549 2600 1626 2665 Eius

301 2699 348 2762 rei
372 2697 636 2781 condicionisque
663 2695 795 2760 tabellas
825 2696 1070 2779 obsignaverunt
1098 2696 1157 2760 viri
1179 2695 1254 2758 boni
1277 2695 1465 2780 complures.
1508 2697 1570 2760 Res
1592 2695 1626 2758 in

302 2793 435 2856 dubium
449 2793 558 2856 venire
579 2811 646 2854 non
661 2797 774 2874 potest.
809 2791 859 2853 Fit
879 2791 973 2853 rebus
988 2791 1134 2854 omnibus
1150 2789 1297 2872 integris,
1320 2811 1425 2873 neque
1440 2791 1626 2874 proscriptis

264 2891 407 2973 ”neqm
437 2886 594 2972 possessis
623 2885 732 2960 bonis,
761 2892 796 2949 ut
817 2884 948 2948 Alfenus
976 2885 1139 2968 promittat
1167 2884 1301 2958 Naevio,
1331 2884 1400 2948 sisti
1430 2884 1624 2960 Quinctium.

301 2983 397 3048 Venit
417 2983 458 3048 ad
480 2980 697 3048 vadimonium
720 2979 898 3055 Quinctius.
927 2981 1013 3054 Iacet
1033 3000 1084 3043 res
1106 2981 1141 3043 in
1156 2979 1380 3042 controversiis
1395 2979 1457 3043 isto
1473 2982 1626 3045 calumni-

300 3086 374 3142 ante
395 3077 575 3150 biennium,
598 3093 701 3158 usque
724 3073 800 3137 dum
821 3075 1032 3150 inveniretur,
1055 3094 1119 3158 qua
1140 3075 1338 3137 ratione-res
1360 3075 1399 3137 ab
1419 3076 1535 3140 usitata
1549 3097 1625 3142 con·

300 3174 469 3240 suetudine
490 3171 654 3236 recederet
675 3177 707 3233 et
728 3171 762 3232 in
782 3170 844 3233 boc
867 3168 1027 3252 singulare
1050 3169 1203 3232 iudicium
1225 3188 1320 3232 causa
1335 3171 1438 3233 omnis
1453 3171 1623 3235 conclude-

297 3276 394 3333 retur.
438 3264 490 3331 68.
513 3267 609 3344 Quod
631 3262 788 3341 officium,
812 3267 846 3330 C.
860 3265 985 3350 Aquili,
1008 3264 1247 3328 commemorari
1269 3268 1484 3347 procuratoris
1507 3273 1623 3349 potest,

261 3367 289 3416 ³⁰
299 3364 387 3450 prod
409 3363 449 3427 ab
462 3361 577 3426 Alieno
592 3361 798 3444 praeteritum
813 3380 882 3426 esse
897 3361 1064 3424 videatur?
1095 3360 1179 3437 Quid
1194 3360 1338 3436 affertur,
1362 3380 1459 3444 quare
1473 3363 1506 3424 P.
1523 3360 1624 3436 Quin-

299 3461 380 3524 ctius
401 3465 535 3542 negetur
548 3457 663 3520 absens
679 3475 749 3519 esse
766 3455 936 3519 defensus?
965 3458 1014 3519 An
1030 3475 1104 3520 vero
1129 3454 1179 3530 id,
1202 3455 1289 3538 qnod
1301 3454 1524 3531 Hortensium,
1547 3456 1624 3540 quia

297 3574 400 3638 nuper
432 3551 543 3617 iniecit
572 3558 604 3614 et
632 3551 708 3634 quia
736 3551 874 3615 Naevius
904 3570 1029 3634 semper
1049 3550 1083 3614 id
1105 3550 1260 3625 clamitat,
1293 3549 1450 3614 dicturum
1472 3550 1621 3626 arbitror,

297 3667 363 3712 non
394 3647 493 3710 luisse
524 3643 644 3708 Naevio
673 3663 783 3728 parem
812 3645 1018 3708 certationem
1050 3664 1121 3707 cum
1143 3645 1256 3709 Alfeno
1286 3644 1342 3708 illo
1365 3651 1524 3728 tempore,
1557 3645 1621 3708 illis

363 3817 387 3867 4.
414 3815 476 3867 Post
495 3827 521 3864 v.
542 3825 669 3865 recusam
692 3811 802 3864 lacume
820 3813 893 3878 signa
917 3815 1064 3878 posueruut
1079 3812 1167 3875 aaa,
1194 3824 1275 3876 quam
1291 3811 1330 3863 sic
1348 3809 1505 3876 explendem
1521 3814 1623 3880 putavit

297 3890 458 3942 Lambinus:
484 3901 542 3939 urm
556 3889 680 3938 satutare
696 3901 713 3937 c
727 3893 844 3951 praetore
860 3888 985 3940 immerso
1001 3901 1139 3949 recreasse,
1158 3885 1200 3937 elii
1217 3885 1300 3937 aliter.
1326 3885 1379 3938 Sed
1396 3889 1495 3952 optime
1512 3891 1572 3941 Gar.
1591 3891 1619 3942 2:

298 3980 366 4016 «nou
382 3977 522 4027 recessurae,
540 3965 578 4014 iio
594 3963 685 4025 morea]
703 3976 814 4028 nempe,
833 3965 897 4028 quin
915 3965 1048 4028 acciperet
1064 3962 1090 4013 id
1107 3962 1245 4024 iudicium,
1265 3960 1342 4026 quale
1360 3961 1464 4015 sublata
1481 3979 1530 4030 per
1541 3964 1623 4016 tribu-

296 4053 393 4092 norum
410 4039 535 4091 auxilium
552 4037 723 4088 satisdatione
741 4038 934 4102 experiundum
945 4038 1148 4102 relinqueretur.
1167 4037 1234 4089 Nihil
1246 4038 1340 4090 deesse
1353 4039 1493 4092 arbitron·
1512 4042 1551 4094 Cl.
1564 4041 1622 4094 liel-

295 4117 382 4168 lerum
399 4130 425 4181 p.
444 4115 501 4167 444.
520 4128 547 4165 n.
566 4114 622 4165 407.
640 4112 714 4164 idem
732 4115 899 4165 sentientem.
919 4140 947 4151 -
966 4115 991 4165 4.
1009 4115 1168 4164 comicorum
1186 4127 1210 4163 e.
1224 4139 1252 4148 -
1272 4113 1296 4164 l.
1311 4120 1525 4176 procuratorum
1536 4118 1622 4168 ornatu

297 4193 402 4257 (aetiam
418 4191 507 4254 iniqua
518 4202 550 4240 ac
562 4190 725 4253 perniciosa,
746 4188 778 4240 oi.
793 4190 816 4254 ἕ.
831 4189 888 4240 83.»
901 4192 961 4240 Gan.
974 4189 1008 4251 4.)
1027 4191 1121 4240 iudicio
1132 4191 1265 4252 occeperit,
1285 4203 1350 4252 quae
1360 4189 1378 4243 a
1389 4204 1451 4243 enm
1462 4190 1579 4244 Paladno
1589 4194 1618 4245 7:

291 4270 447 4329 proctector
460 4278 511 4316 ooo
522 4264 607 4314 omniu
618 4265 713 4314 iudicio
724 4277 788 4326 quoe
800 4264 892 4328 (verbo
904 4265 1011 4326 omisso}
1025 4265 1044 4315 B
1054 4268 1075 4315 G
1085 4266 1107 4316 li
1119 4267 1233 4331 (praeter
1244 4265 1269 4329 k)
1288 4269 1315 4316 ei
1325 4269 1354 4328 A,
1372 4274 1524 4330 procurator
1534 4270 1621 4320 onmia

294 4343 389 4392 iudicia
411 4341 546 4403 acceperit,
570 4355 634 4402 quae
650 4353 712 4392 cum
732 4341 879 4391 Hotomano
897 4342 930 4401 1..
955 4345 1109 4402 procurator
1125 4355 1175 4390 noa
1190 4342 1314 4391 recurarit
1330 4341 1414 4392 omniu
1430 4343 1536 4407 iudicio,
1557 4357 1621 4408 quoe
1707 4401 1714 4411 Ι

294 4418 312 4467 k
328 4421 355 4467 ei
372 4417 401 4467 0.
422 4443 450 4452 -
468 4418 493 4467 5.
512 4415 631 4480 tribunos]
649 4416 683 4465 ad
700 4414 810 4464 abacos
820 4415 845 4465 k.
860 4441 889 4452 -
908 4416 932 4465 7.
951 4417 1041 4480 ipuaro
1055 4417 1216 4480 fortunarum
1232 4430 1295 4467 oum
1307 4417 1443 4470 codicibus
1454 4419 1523 4470 notis
1534 4420 1622 4471 omnl-

294 4491 346 4543 bus
363 4490 422 4546 Aa:
450 4493 555 4556 lquere,
581 4491 668 4542 oemio
689 4491 850 4554 suturarum
870 4503 931 4541 cum
954 4491 1101 4542 Hotomeno
1118 4493 1175 4543 LO.
1196 4519 1223 4527 -
1250 4493 1274 4543 8.
1298 4493 1436 4557 ipuomioie
1453 4509 1478 4546 e.
1498 4522 1526 4532 -
1544 4494 1622 4557 diripi

293 4565 666 4630 bssabcdelghilmn
685 4566 712 4615 et
728 4564 812 4618 Abii.
847 4565 960 4616 Ernestii
985 4567 1199 4618 emendationem
1224 4568 1304 4630 deripi
1327 4568 1414 4620 firmat
1431 4570 1455 4620 k.
1476 4597 1504 4608 -
1531 4571 1572 4622 l0.
1589 4571 1622 4620 sit

294 4641 302 4693 l
320 4644 348 4694 ei
363 4656 432 4693 corr.
447 4657 472 4694 e:
492 4648 526 4693 eet
543 4655 605 4692 cum
624 4639 732 4704 reliquis
750 4640 827 4692 codd.
847 4639 960 4692 4440.
976 4666 1003 4675 -
1022 4642 1062 4692 44.
1079 4642 1211 4706 praetoris]
1225 4644 1352 4704 praetoris
1368 4645 1473 4696 Romani
1487 4645 1621 4698 Btiabc

294 4717 388 4782 deig
398 4719 416 4770 b
427 4717 436 4768 i
447 4716 456 4768 l
467 4729 494 4768 m
512 4719 540 4768 et
555 4715 646 4778 Ait,
665 4721 688 4768 et
699 4730 725 4768 n.
740 4742 767 4752 —
786 4716 826 4767 43.
845 4716 958 4780 Alfenum
974 4728 1023 4780 pro
1040 4715 1199 4778 glossemate
1217 4715 1299 4768 babet
1309 4719 1448 4771 Manutius.
1463 4745 1490 4758 -
1510 4720 1550 4772 tl.
1563 4733 1621 4771 con·

291 4793 397 4844 umbrat
406 4794 432 4843 k.
445 4819 473 4830 -
491 4805 560 4844 more
571 4805 585 4841 a
597 4792 614 4842 k
625 4790 680 4852 lm,
697 4796 776 4842 morte
788 4792 808 4841 B
821 4803 883 4842 cum
894 4790 989 4842 ceteris
998 4790 1190 4842 Parisiensibus
1199 4793 1226 4841 et
1236 4793 1266 4842 A.
1285 4792 1323 4843 Ci.
1336 4792 1468 4846 Kellerum
1476 4809 1502 4861 p.
1518 4797 1564 4848 iet
1575 4809 1617 4863 sq.

294 4870 335 4921 46.
354 4869 461 4934 defendit
476 4871 507 4920 A.
527 4895 555 4904 -
574 4868 615 4918 48.
634 4872 756 4918 bamur
771 4865 985 4917 abcdeilm.
1007 4893 1034 4902 -
1053 4867 1094 4917 44.
1110 4872 1256 4928 coacuerat
1272 4881 1296 4918 e.
1312 4897 1339 4908 -
1358 4871 1398 4922 44.
1413 4870 1491 4936 petet]
1505 4875 1577 4934 putet
1587 4873 1616 4923 P.

296 4971 324 4982 -
336 4945 429 4996 iudicio
445 4945 472 4995 id
488 4945 538 4995 km
555 4939 651 5004 4444,
668 4941 788 4992 iudicium
803 4941 831 4993 ta
845 4941 873 4991 id
886 4941 905 4991 1.
917 4941 1122 4992 erconiectura.
1138 4969 1165 4978 -
1183 4942 1224 4993 46.
1242 4943 1316 5008 Iacet]
1333 4949 1397 4996 tacet
1413 4946 1492 4996 Boii
1504 4948 1532 4998 et
1542 4947 1573 4998 A.
1588 4971 1617 4984 ·-

294 5044 323 5057 -
337 5021 378 5072 48.
391 5024 414 5071 rt
430 5031 485 5071 om.
497 5021 518 5071 P
529 5017 687 5082 absorptum
698 5031 713 5067 e
725 5019 860 5081 postrema
876 5015 1062 5083 praecedentis
1078 5016 1153 5068 verbi
1170 5015 1279 5082 syllaba.
1295 5045 1322 5055 —
1340 5021 1381 5072 49.
1400 5020 1427 5074 0.
1441 5034 1493 5073 om.
1509 5021 1530 5072 ii
1542 5023 1563 5071 (i
1574 5020 1619 5073 cd

294 5094 432 5159 abirim
449 5096 518 5147 etA.
534 5119 562 5132 -
580 5093 620 5145 3⁴.
639 5097 743 5157 monui·
759 5093 845 5144 absens
861 5105 911 5144 esre
926 5095 960 5144 P:
979 5091 1065 5142 msere
1079 5095 1187 5155 4494444·
1200 5105 1250 5145 erae
1266 5096 1349 5146 ceteri
1365 5095 1471 5150 codices
1482 5098 1537 5148 noti
1547 5100 1575 5148 et
1585 5099 1618 5162 A,

292 5169 379 5225 4444444
394 5177 500 5238 aequor
515 5181 565 5226 erre
581 5180 644 5224 cum
655 5169 804 5223 Hotomeuo
815 5165 897 5222 440.
911 5193 939 5208 -
952 5167 1014 5232 quio
1023 5165 1111 5234 amu]
1124 5165 1167 5232 qut
1176 5181 1257 5236 cuper
1268 5170 1315 5238 sk.
1330 5196 1359 5211 -
1371 5171 1412 5226 33.
1424 5171 1490 5241 um]
1502 5185 1577 5241 quoue
1586 5174 1616 5228 P.
