3642 5862
509 437 576 502 nu.
597 436 636 502 v.
663 436 737 502 cn.
758 435 962 502 xlx-xx.
993 431 1050 520 ss.
1071 429 1222 498 so-so.
1449 415 1529 484 444

209 627 272 674 non
293 602 405 691 potes),
426 605 567 690 publice,
589 606 675 690 quod
695 606 875 670 Mamertini
896 605 1059 670 materiem
1080 623 1146 668 non
1165 603 1300 678 babent,
1320 592 1527 684 imperavisti.

208 703 295 766 xlx.
319 701 408 784 Si(et
428 720 470 763 ex
492 721 555 782 quo
577 697 613 764 fit
633 701 722 764 navis
744 709 777 764 et
791 701 846 785 qui
865 693 1004 786 iaciunt}
1022 699 1154 781 imperio
1170 697 1228 760 tibi
1242 703 1315 771 tuo,
1336 715 1401 760 non
1415 690 1528 776 pretio,

207 802 334 880 praesto
355 781 514 949 fuerunt}
530 795 586 859 ubi
614 794 743 860 tandem
764 794 849 859 istud
871 794 963 869 latet,
990 793 1078 876 quod
1098 798 1133 855 tu
1154 791 1194 855 de
1215 797 1271 854 tua
1291 788 1428 873 pecunia
1447 784 1528 848 diois
1630 757 1718 849 sfss‘

207 891 385 974 impensum
395 876 473 960 s‘-
515 886 545 952 8.
568 891 609 953 at
630 889 808 954 Mamertini
829 889 863 952 in
883 887 998 952 tabulis
1021 886 1101 950 nibil
1121 885 1247 948 babent.
1282 884 1421 947 Primum
1434 878 1528 944 rideo

206 984 347 1068 potuisse
368 979 455 1057 fieri,
476 989 514 1046 ut
535 1002 575 1046 ex
597 985 720 1048 aerario
742 982 822 1046 nibil
844 983 956 1046 darent
969 1013 1010 1028 -
1025 981 1141 1045 etenim
1157 979 1209 1042 vel
1224 977 1426 1062 Capitolium,
1449 974 1553 1038 sicuts

207 1077 292 1161 apud
316 1076 452 1140 maiores
476 1084 601 1142 nostros
621 1077 739 1141 tactum
762 1084 823 1151 est,
845 1076 971 1159 publice
992 1076 1111 1140 coactis
1128 1073 1224 1136 fabris
1239 1072 1410 1156 operisque
1430 1069 1532 1150 impe·

207 1171 284 1236 ratis
306 1170 403 1254 gratis
424 1167 624 1234 exaedificari
647 1177 742 1252 atque
765 1166 846 1233 effici
868 1171 989 1256 potuit:
1004 1191 1054 1218 ⁴-
1069 1167 1198 1242 deinde,
1219 1166 1253 1232 id
1267 1164 1353 1252 quod
1371 1161 1530 1249 perspicio

208 1273 240 1330 et
261 1264 349 1350 quod
371 1263 552 1338 ostendam,
582 1285 653 1327 cum
680 1264 767 1348 ipsos
793 1263 990 1346 produxero,
1019 1265 1161 1346 ipsorum
1189 1282 1231 1326 ex
1257 1259 1388 1334 litteris,
1416 1254 1532 1320 multas

208 1359 360 1444 pecunias
381 1357 436 1421 isti
458 1365 602 1443 erogatas
624 1361 658 1422 in
680 1378 813 1441 operum
835 1358 1009 1422 locationes
1029 1356 1125 1421 falsas
1138 1364 1233 1439 atque
1250 1356 1361 1420 inanes
1376 1372 1446 1417 esse
1460 1369 1533 1434 per-

208 1453 350 1538 scriptas.
395 1452 462 1514 lam
489 1452 569 1516 illud
596 1453 725 1517 minime
751 1452 866 1516 mirum
894 1459 956 1527 est,
987 1451 1206 1526 Mamertinos,
1238 1470 1258 1513 a
1286 1469 1349 1533 quo
1376 1451 1569 1512 summumtt

207 1543 393 1613 beneficium
415 1553 620 1630 acceperant,
642 1566 737 1629 quern
760 1545 819 1608 sibi
841 1545 1025 1611 amiciorem
1047 1564 1141 1628 quam
1161 1544 1279 1628 populo
1300 1546 1441 1608 Romano
1463 1557 1534 1603 esse

209 1645 438 1726 cognoverant,
468 1641 535 1702 eius
563 1640 657 1725 capiti
686 1639 799 1703 litteris
821 1640 887 1703 suis
912 1640 1103 1724 pepercisse.
1147 1639 1210 1701 Sed
1232 1639 1260 1702 si
1281 1642 1464 1721 argumento
1486 1638 1536 1696 est

208 1734 411 1802 Mamertinos
441 1733 499 1796 tibi
525 1734 692 1818 pecuniam
721 1751 787 1796 nou
809 1731 951 1809 dedisse,
979 1734 1056 1816 quia
1076 1733 1227 1814 seriptum
1248 1751 1313 1796 non
1333 1730 1465 1796 babent:
1493 1727 1535 1788 sit

209 1834 394 1912 argumento
416 1827 474 1891 tibi
496 1828 593 1910 gratis
614 1835 697 1890 stare
718 1847 848 1904 navem,
881 1827 972 1910 quia,
998 1826 1076 1909 quid
1098 1826 1209 1890 emeris
1237 1833 1292 1890 aut
1312 1826 1389 1910 quid
1410 1821 1536 1894 locaris,

210 1924 363 2006 scriptum
384 1920 528 2005 proferre
550 1942 613 1986 non
636 1928 738 2005 potes.
1544 1920 1572 1972 ⁴⁶

294 2011 346 2079 49.
373 2016 414 2078 at
442 2016 527 2079 enim
553 2016 670 2079 idcirco
697 2035 811 2080 navem
839 2016 1035 2081 Mamertinis
1062 2036 1128 2080 non
1149 2015 1326 2101 imperasti,
1355 2013 1441 2099 quod
1462 2015 1537 2076 sunt

209 2109 376 2175 foederati.
397 2141 439 2154 -
472 2109 512 2172 Di
544 2109 735 2192 approbent!
768 2110 929 2176 Habemus
961 2110 1123 2175 bominem
1152 2112 1186 2175 in
1214 2109 1369 2174 fetialium
1390 2106 1537 2170 manibus

210 2201 394 2278 educatum,
430 2223 529 2266 unum
551 2211 677 2286 praeter
698 2211 820 2270 ceteros
841 2206 875 2268 in
897 2205 1032 2289 publicis
1053 2205 1261 2288 religionibus
1280 2203 1445 2268 foederum
1465 2220 1537 2266 san·

211 2305 296 2360 ctum
324 2316 361 2360 ac
390 2296 584 2380 diligentem.
628 2297 763 2374 Omnes,
793 2300 848 2384 qui
877 2308 950 2364 ante
972 2306 1002 2362 te
1031 2299 1160 2364 luerunt
1179 2306 1354 2384 praetores,
1381 2296 1538 2360 dedantur

212 2389 425 2466 Mamertinis,
448 2391 535 2473 quod
557 2393 595 2456 iis
617 2411 729 2456 navem
752 2401 862 2457 contra
882 2395 1064 2477 pactionem
1084 2393 1221 2458 foederis
1242 2390 1442 2476 imperarintl
1473 2388 1573 2454 Sedit

210 2490 316 2548 tamen
339 2489 391 2559 tu,
413 2491 522 2548 sancte
543 2485 640 2550 bomo
662 2506 698 2550 ac
719 2487 880 2569 religiose,
903 2507 960 2550 cur
977 2489 1250 2552 Tauromenitanis
1270 2488 1348 2550 item
1367 2483 1538 2551 foederatis

209 2597 323 2642 navem
347 2577 529 2661 imperasti?
551 2599 591 2642 an
613 2579 673 2644 boc
688 2581 853 2664 probabis,
875 2583 908 2646 in
923 2601 1026 2665 aequa
1040 2601 1137 2646 causa
1149 2581 1338 2665 populorum
1352 2581 1421 2645 sine
1434 2577 1538 2662 pretio

209 2673 334 2736 varium
362 2671 413 2735 ius
442 2681 474 2736 et
505 2673 664 2758 disparem
693 2676 914 2740 condicionem
936 2676 1061 2740 fuisset
1104 2673 1155 2738 50.
1178 2675 1283 2751 Quidt
1313 2674 1341 2738 si
1363 2669 1538 2737 eiusmodi

211 2785 281 2829 esse
305 2763 384 2828 baec
407 2766 471 2828 duo
493 2766 624 2831 foedera
640 2770 773 2833 duorum
791 2770 997 2853 populorum,
1017 2769 1158 2844 iudices,
1181 2769 1297 2845 doceo,
1319 2775 1354 2832 ut
1368 2768 1539 2829 Taurome-

210 2857 328 2923 nitanis
350 2858 538 2926 nominatim
561 2869 687 2926 cautum
709 2871 742 2927 et
763 2871 928 2946 exceptum
951 2865 992 2928 sit
1011 2862 1156 2937 foedere,
1187 2882 1228 2927 nn
1249 2881 1357 2927 aaran
1379 2880 1461 2926 nans
1482 2865 1576 2922 44-44

211 2973 330 3028 aaran,
359 2956 554 3020 Mamertinis
583 2957 617 3020 in
643 2957 713 3039 ipso
734 2956 864 3022 loedere
886 2965 1028 3022 sanctum
1049 2963 1146 3041 atque
1166 2958 1394 3041 praescriptum
1416 2957 1471 3030 sit,
1498 2974 1539 3016 vr

212 3067 319 3113 navam
341 3067 424 3112 nanu
447 3066 582 3114 anonssn
606 3072 671 3122 sire
699 3053 793 3115 istum
820 3059 927 3115 autem
948 3058 1059 3116 contra
1078 3050 1191 3115 foedus
1213 3059 1245 3116 et
1265 3048 1539 3116 Tauromenitanis

211 3142 386 3225 imperasse
408 3149 441 3205 et
462 3143 655 3208 Mamertinis
676 3145 852 3208 remisisse:
880 3145 1036 3229 numquid
1059 3145 1188 3208 dubium
1209 3146 1324 3229 poterit
1344 3164 1430 3219 esse,
1445 3139 1539 3224 (quin

211 3237 309 3300 Verre
341 3243 488 3322 praetore
516 3238 589 3320 plus
618 3238 813 3302 Mamertinis
841 3238 974 3321 cybaea,
1008 3257 1104 3321 quam
1133 3237 1405 3304 Tauromenitanis
1426 3232 1539 3320 foedus

214 3331 403 3417 opitulatum
425 3315 490 3431 sit}
516 3331 699 3396 Recitentur
719 3331 858 3396 loedere.
881 3313 974 3395 “XM
997 3332 1062 3396 lsto
1084 3333 1180 3415 igitur
1200 3340 1273 3408 tuo,
1295 3353 1390 3417 quem
1411 3331 1451 3393 ad
1472 3335 1576 3392 mo-dtl
1637 3309 1701 3404 ΓΞ*

212 3422 287 3488 dum
317 3424 387 3507 ipse
415 3425 594 3508 praedicas,
623 3424 794 3499 beneficio,
823 3432 857 3488 ut
882 3445 933 3488 res
962 3424 1096 3501 indicat,
1129 3425 1232 3512 pretio
1259 3433 1354 3511 atque
1382 3423 1537 3500 mercede,

212 3517 355 3581 minuisti
383 3519 578 3582 maiestatem
605 3519 651 3583 rei
679 3518 841 3602 publicae,
869 3519 1019 3605 minuisti,
1032 3519 1152 3584 auxilia
1171 3519 1282 3603 populi
1303 3518 1454 3595 llomani,
1480 3519 1538 3584 mi·

111 3659 118 3674 .
212 3610 311 3676 nuisti
333 3613 439 3695 copias
461 3613 615 3678 maiorum
635 3613 752 3678 virtute
774 3632 811 3676 ac
833 3614 991 3697 sapientia
1006 3621 1214 3698 comparatas,
1235 3613 1390 3678 sustulisti
1409 3612 1459 3674 ius
1479 3611 1539 3675 im·

213 3706 311 3788 perii,
332 3707 553 3772 condicionem
575 3707 746 3784 sociorum,
775 3708 960 3773 memoriam
980 3707 1129 3773 foederis.
1173 3708 1236 3784 Qui
1258 3727 1299 3772 ex
1318 3705 1447 3770 foedere
1468 3707 1538 3790 ipso

280 4015 304 4066 4.
322 4016 453 4067 mussas
469 4015 532 4068 1th
553 4015 600 4068 bd.
620 4017 681 4081 (om.
700 4017 760 4083 GM:
778 4019 914 4070 4444444444
929 4017 1013 4082 bgtt,
1030 4015 1148 4068 motetsa
1164 4015 1229 4069 dett.
1248 4043 1271 4054 -
1294 4016 1319 4068 2.
1337 4029 1371 4067 em
1386 4029 1440 4068 om.
1458 4016 1537 4081 uass.

216 4119 244 4131 -
262 4091 372 4144 4444444
396 4096 438 4142 444
455 4089 864 4154 pr.ott.-3.tooa1tot:
887 4091 1081 4152 mosoma
1103 4092 1166 4142 44444
1188 4092 1253 4144 dett.
1271 4093 1302 4144 0.
1322 4118 1350 4128 -
1367 4091 1393 4146 4.
1409 4094 1540 4156 mommo

214 4169 243 4220 44.
265 4195 291 4206 ·-
310 4169 335 4218 6.
353 4167 453 4232 publice
474 4168 556 4231 protis
577 4169 670 4218 coactis
686 4168 751 4220 dett.
770 4169 799 4220 0.
819 4195 846 4204 -
870 4169 895 4218 7.
912 4168 994 4232 protis
1009 4169 1098 4220 seced.
1116 4167 1152 4219 443
1171 4169 1211 4232 (ot
1232 4167 1364 4232 4444444444
1386 4169 1468 4233 protis
1483 4180 1537 4220 om.

131 4241 135 4250 '
214 4246 279 4297 dett.
298 4244 327 4295 0.
347 4270 374 4280 -
394 4244 421 4294 44
436 4243 504 4306 qaod
515 4255 544 4305 p.
562 4247 586 4294 et
602 4245 667 4306 qaod
682 4245 751 4294 1th
767 4244 811 4308 1..,
830 4241 951 4308 plerique
970 4243 1064 4307 (Madv.
1083 4256 1126 4308 ep.
1144 4257 1171 4308 p.
1190 4243 1246 4294 4449.
1264 4243 1312 4308 Op.
1324 4243 1345 4293 l.
1362 4255 1390 4307 p.
1402 4241 1460 4294 366.
1479 4239 1538 4292 coll.

213 4321 275 4372 eat.
295 4333 321 4386 p.
338 4318 404 4382 39.):
422 4318 450 4368 td
466 4318 532 4380 quod
543 4330 596 4368 om.
610 4319 659 4378 Gt;
677 4319 704 4368 s'd
721 4331 817 4383 444444
830 4317 966 4381 perspicio,
985 4318 1051 4380 guod
1065 4322 1089 4369 et
1105 4315 1160 4381 444)
1173 4317 1202 4368 0.
1218 4342 1245 4352 -
1264 4316 1289 4368 8.
1306 4315 1464 4379 spectitat:
1481 4317 1541 4368 istos

214 4395 280 4447 dett.
297 4395 327 4446 0.
346 4419 374 4430 -
393 4393 434 4444 46.
451 4393 506 4444 tom
523 4393 559 4444 443
578 4393 658 4458 agas:
681 4407 742 4445 oum
763 4392 828 4446 dett.
846 4395 875 4446 0.
895 4419 922 4428 -
950 4394 990 4444 tt.
1009 4393 1084 4444 amo.
1103 4405 1153 4444 eme
1172 4404 1249 4453 coam
1261 4405 1289 4456 p.
1309 4393 1336 4444 44.
1356 4392 1401 4444 63.
1421 4393 1481 4456 (non
1498 4391 1539 4456 44.)

216 4497 243 4508 -
264 4471 304 4522 ta.
322 4469 405 4532 capite
421 4470 451 4520 44.
471 4494 498 4504 -
523 4469 566 4518 scd
581 4481 635 4520 om.
653 4471 731 4534 lagg.
749 4469 814 4522 dett.
840 4494 868 4503 —
894 4467 916 4518 st
932 4479 986 4518 om.
1004 4467 1083 4531 Lg‘ltl.
1106 4493 1134 4506 -
1161 4466 1201 4518 43.
1219 4466 1263 4518 4444
1275 4467 1408 4529 poenum
1424 4468 1488 4518 1th
1504 4467 1538 4518 i:

215 4546 259 4598 tibi
272 4545 393 4608 44444444
408 4541 471 4603 Ld.;
491 4544 626 4606 pecatos'om
641 4543 685 4594 tibi
701 4542 773 4609 λ(4);
793 4544 914 4608 pecunias
930 4542 974 4594 tibi
989 4541 1055 4594 dett.
1074 4542 1103 4594 0.
1125 4567 1152 4577 -
1177 4540 1218 4594 44.
1236 4541 1317 4605 preste
1332 4547 1400 4594 storo
1416 4543 1449 4594 R:
1473 4545 1540 4592 sture
1629 4589 1630 4592 ,

213 4621 294 4686 protis
310 4619 362 4680 ⁰³3
385 4619 468 4682 protis
484 4623 597 4670 conare
613 4617 678 4670 dett.
697 4621 726 4672 0.
746 4645 772 4657 -
800 4619 920 4670 macae
936 4617 1001 4668 dett.
1020 4618 1048 4669 0.
1069 4643 1096 4654 —
1117 4618 1157 4667 47.
1175 4615 1312 4680 adprobent
1328 4618 1357 4668 44.
1377 4644 1404 4654 -
1422 4617 1540 4682 Mation

214 4698 244 4748 44.
264 4719 291 4730 -
312 4694 352 4744 49.
370 4706 402 4744 oe
419 4691 577 4758 satagas:
601 4699 625 4744 et
640 4695 705 4748 dett.
725 4696 754 4746 0.
776 4722 803 4733 —
822 4697 905 4757 praet.
922 4694 1025 4758 tameat
1040 4691 1106 4744 dett.
1125 4693 1155 4743 0.
1176 4720 1203 4731 —
1226 4692 1267 4742 644.
1286 4693 1385 4744 sistit:
1407 4692 1478 4752 4444ς
1498 4691 1540 4742 cis

124 4769 127 4780 '
215 4771 261 4821 64.
276 4795 303 4806 -
322 4767 363 4820 at.
384 4768 596 4820 Tauromenitanis
613 4771 641 4820 a.
656 4797 684 4807 -
702 4771 744 4822 26.
759 4769 944 4832 praescriptam
960 4769 990 4829 44,
1003 4769 1064 4832 ng.
1082 4766 1221 4832 plerique:
1233 4769 1401 4832 persesiptma
1412 4767 1448 4820 63
1459 4765 1537 4831 ogit,

215 4847 245 4898 0.
264 4870 292 4880 -
309 4848 338 4894 ot
353 4843 390 4894 443
402 4841 431 4908 λς
449 4845 486 4894 ott
503 4845 566 4896 dett.
585 4846 614 4895 0.
634 4872 662 4881 -
686 4846 727 4897 44.
745 4845 832 4896 oootm
847 4846 937 4908 lagg,
955 4844 985 4893 ut
1001 4843 1115 4895 videtur.
1134 4868 1162 4881 -
1188 4843 1229 4896 28.
1246 4845 1348 4896 reatos
1363 4845 1393 4896 a.
1412 4868 1440 4878 -
1462 4855 1539 4892 4444-

95 4911 99 4918 ’
216 4923 276 4986 pald
287 4921 336 4972 aa:
354 4935 417 4972 nam
432 4923 473 4972 444
488 4920 553 4973 dett.
566 4924 595 4973 0.
610 4947 638 4960 -
657 4923 698 4974 29.
716 4921 810 4984 444444
826 4933 903 4982 qoem
920 4919 996 4970 Tota.
1015 4932 1069 4970 om.
1081 4919 1160 4984 Lagg.
1176 4945 1203 4955 -
1222 4920 1263 4970 36.
1279 4919 1390 4984 foedera.
1407 4917 1540 4969 44444446-

217 4998 361 5049 TlNORVll
376 4997 420 5048 ΕΤ
435 4996 774 5049 TAVROMENITANOMVM
790 4995 857 5046 CVM
872 4993 938 5044 Poe.
955 4994 984 5044 44.
997 4994 1147 5046 4044446444
1164 4995 1225 5054 4.ος
1244 4991 1538 5046 abesttitulusacodd.

218 5099 246 5110 -
265 5073 306 5124 34.
324 5074 376 5137 mre
391 5085 445 5124 om.
462 5073 541 5137 lagg.
555 5073 660 5138 praeter
670 5073 711 5124 49.
726 5099 754 5110 -
767 5072 808 5124 34.
824 5069 1125 5136 camerescensem
1144 5069 1191 5136 (sic
1208 5070 1288 5124 etiam
1304 5069 1391 5140 ages),
1409 5067 1470 5122 4444.
1489 5080 1539 5120 oo·

215 5148 282 5202 44444
296 5149 334 5201 rei
346 5147 463 5212 publicos
478 5148 507 5199 1..
