3578 5862
531 465 604 532 cn».
625 463 855 532 run-xx.
883 463 939 550 cc.
961 460 1108 529 st-er.
1416 457 1478 526 ser

157 636 309 702 mebatur.
352 635 394 698 Μ.
415 633 551 699 Baebius
579 637 618 701 de
649 657 705 701 suo
728 636 860 702 consilio
881 636 1054 719 Diogenem
1076 642 1233 719 emptum,
1255 654 1289 698 se
1310 641 1476 717 praesente

158 729 384 795 Scamandrum
406 749 477 792 cum
491 750 615 794 veneno
635 733 832 816 pecuniaque
844 728 1076 814 deprehensum
1091 749 1159 793 esse
1174 728 1306 793 dicebat
1327 729 1360 791 P.
1376 726 1477 803 Quin·

156 825 244 888 tilius
266 825 382 899 Varus,
403 823 497 887 bomo
519 845 640 889 summa
660 826 813 908 religione
835 832 866 888 et
891 844 1014 888 summa
1034 825 1219 889 auctoritate
1240 822 1415 906 praeditus,
1437 821 1477 884 de
1604 800 1626 875 ί

156 918 296 993 insidiis,
318 937 399 1002 quae
419 909 532 982 fierent
553 919 685 995 Habito,
708 927 740 983 et
762 919 801 982 de
823 918 1044 982 sollicitatione
1061 919 1211 1000 Diogenis
1232 917 1351 980 recenti
1371 937 1406 979 re
1428 935 1477 979 se·

158 1033 230 1075 eum
246 1012 472 1095 Cleophantum
495 1012 687 1077 collocutum
702 1033 771 1077 esse
787 1013 918 1078 dicebat.
940 1007 950 1100 s
962 1008 1013 1074 54.
1034 1013 1139 1096 Atque
1155 1011 1188 1072 in
1201 1011 1256 1075 illo
1272 1010 1391 1074 iudicio
1405 1022 1499 1074 cume

157 1105 383 1170 Scamandrum
404 1125 464 1169 nos
484 1104 654 1169 defendere
676 1106 870 1181 videremur,
899 1106 996 1169 verbo
1019 1105 1073 1168 ille
1095 1125 1166 1168 reus
1189 1113 1271 1180 erat,
1293 1125 1327 1168 re
1349 1105 1477 1189 quidem
1582 1111 1584 1116 '

156 1219 231 1265 vera
252 1207 284 1263 et
304 1199 447 1283 periculo
467 1207 534 1263 tota
556 1202 754 1264 accusatione
778 1200 985 1285 Oppianicus:
1020 1202 1131 1285 Neque
1152 1199 1184 1262 id
1204 1199 1336 1262 obscure
1357 1197 1479 1261 ferebat

156 1315 216 1358 nec
243 1294 445 1359 dissimulare
473 1293 540 1356 ullo
563 1294 657 1357 modo
679 1302 818 1380 poterat:
849 1295 959 1358 aderat
977 1293 1145 1378 frequens,
1175 1291 1363 1367 advocabat,
1392 1291 1478 1354 omni

157 1387 264 1452 studio
285 1388 449 1472 gratiaque
470 1388 650 1470 pugnabat:
676 1395 847 1470 postremo,
869 1389 902 1452 id
926 1386 1012 1472 quod
1035 1388 1172 1450 maximo
1193 1386 1276 1448 malo
1298 1385 1344 1447 illi
1366 1404 1479 1450 causae

155 1482 232 1557 fuit,
260 1482 321 1545 boc
348 1483 418 1565 ipso
445 1484 477 1544 in
499 1480 586 1570 loco,
620 1482 711 1566 qnasi
733 1503 806 1546 reus
827 1483 895 1566 ipse
917 1488 1018 1557 esset,
1051 1481 1188 1545 sedebat.
1226 1478 1317 1543 Ocrdi
1339 1480 1517 1543 omniumto

156 1576 296 1639 iudicum
318 1596 383 1640 non
405 1577 437 1638 in
460 1574 700 1650 Scamandrum,
728 1576 783 1639 sed
805 1577 839 1639 in
861 1575 1070 1659 Oppianicum
1092 1573 1359 1638 coniiciebantur:
1376 1575 1480 1647 (timor

158 1671 241 1745 eius,
270 1669 479 1754 perturbatio,
508 1689 681 1752 suspensus
703 1669 907 1755 incertusque
929 1668 1051 1744 vultus,
1074 1668 1182 1732 crebra
1203 1667 1316 1731 coloris
1338 1667 1492 1750 mutatio,)

159 1783 240 1847 quae
262 1772 351 1828 erant
371 1771 465 1827 antea
485 1757 774 1851 suspiciosa,(haec
795 1771 902 1847 aperta
923 1771 954 1826 et
976 1761 1141 1826 manifesta
1154 1743 1413 1846 faciebantDXX.
1428 1757 1479 1822 55.

160 1857 238 1920 Cum
259 1858 293 1920 in
315 1858 481 1921 consilium
504 1857 544 1920 iri
565 1865 740 1940 oporteret,
763 1857 921 1942 quaesivit
941 1856 980 1919 ab
1001 1876 1057 1919 reo
1081 1855 1113 1918 C.
1128 1855 1237 1918 lunius
1259 1855 1419 1946 quaesitor
1440 1873 1481 1916 ex

158 1950 229 2034 lege
251 1950 306 2014 illa
328 1951 488 2026 Cornelia,
510 1971 593 2034 quae
616 1958 681 2013 tum
704 1958 787 2027 erat,
810 1951 889 2014 clam
911 1971 951 2015 an
973 1952 1078 2034 palam
1099 1952 1139 2015 de
1156 1971 1190 2014 se
1205 1951 1392 2014 sententiam
1405 1948 1519 2012 ferritt

159 2045 264 2108 vellet.
298 2046 346 2108 Ile
368 2045 533 2130 Oppianici
558 2046 713 2108 sententia
733 2065 918 2130 responsum
941 2054 1008 2120 est,
1031 2045 1118 2130 quod
1133 2047 1159 2110 is
1175 2043 1282 2108 Habiti
1295 2043 1482 2107 familiarem

159 2139 282 2200 lunium
304 2159 373 2203 esse
395 2138 535 2214 dicebat,
564 2140 645 2203 olam
666 2139 747 2203 velle
769 2139 854 2202 ferri.
886 2141 967 2202 Itum
990 2147 1038 2203 est
1059 2141 1092 2203 in
1113 2139 1291 2203 consilium.
1327 2137 1481 2201 Omnibus

159 2232 324 2296 sententiis
354 2240 478 2318 praeter
498 2253 612 2308 unam,
643 2252 736 2316 mam
759 2253 846 2296 suam
871 2233 1015 2296 Staienus
1039 2253 1109 2296 esse
1132 2231 1269 2306 dicebat,
1292 2230 1482 2294 Scamander

159 2325 259 2408 prima
280 2327 404 2391 actione
427 2327 649 2392 condemnatus
673 2334 728 2390 est.
767 2326 932 2403 Quietum
955 2334 1023 2391 erat
1040 2327 1198 2401 omnium,
1221 2326 1481 2410 quiScamandro

163 2421 369 2485 condemnato
390 2441 454 2485 non
479 2421 631 2484 iudicium
654 2420 694 2484 de
717 2420 889 2505 Oppianico
911 2421 1027 2487 factum
1052 2441 1123 2486 esse
1144 2420 1371 2485 arbitraretur?
1404 2419 1520 2505 qnidto

160 2521 208 2578 est
235 2515 290 2578 illa
318 2516 517 2579 damnatione
545 2514 732 2589 iudicatum,
764 2516 823 2579 nisi
844 2536 1003 2580 venenum
1024 2516 1073 2591 ld,
1102 2515 1188 2600 qnod
1210 2513 1324 2578 Habito
1345 2514 1482 2590 daretur,

160 2629 230 2672 esse
253 2609 457 2693 quaesitum?
491 2609 580 2684 Quae
601 2628 695 2692 porro
718 2609 903 2672 tenuissima
925 2610 1064 2692 suspicio
1085 2610 1199 2674 collata
1212 2609 1247 2672 in
1259 2607 1481 2672 Scamandrum

160 2711 208 2768 est
233 2711 289 2767 aut
317 2703 452 2767 conferri
478 2706 599 2788 potuit,
629 2711 665 2766 ut
690 2703 718 2766 is
749 2721 806 2768 sua
827 2711 939 2787 sponte
961 2723 1073 2768 necere
1094 2704 1234 2770 soluisse
1256 2701 1404 2768 Habitum
1424 2721 1483 2784 pu·

159 2799 304 2862 tareturt

139 2929 144 2942 ·
244 2889 294 2954 56.
323 2894 428 2977 Atque
457 2892 519 2957 hoo
547 2900 613 2957 tum
641 2892 759 2957 indicio
780 2881 864 2956 facto
886 2900 918 2956 et
940 2891 1116 2978 Oppianico
1137 2912 1172 2956 re
1195 2898 1228 2956 et
1248 2891 1521 2955 existimationem

160 2987 240 3062 iam,
261 2987 331 3070 lege
353 2994 385 3051 et
404 2987 662 3070 pronuntiatione
684 2985 827 3050 nondum
850 2984 1076 3062 condemnato,
1097 2993 1203 3050 tamen
1218 2985 1351 3051 Habitus
1366 2986 1493 3070 Oppia·.

159 3082 266 3144 nicum
287 3101 377 3144 reum
399 3082 501 3145 statim
523 3100 589 3144 non
609 3080 693 3144 fecit.
735 3079 846 3143 Voluit
867 3099 1076 3163 cognoscere,
1102 3067 1407 3154 uuumliudicsslin
1428 3099 1482 3144 eos

161 3174 243 3239 solos
266 3183 372 3239 essent
393 3176 515 3250 severi,
538 3196 618 3259 quos
632 3194 788 3238 venenum
805 3172 953 3237 habuisse
967 3174 1054 3257 ipsos
1069 3174 1373 3258 comperissent,lan
1387 3175 1483 3239 etiam

161 3269 292 3332 consilia
312 3269 583 3353 conscientiasque
606 3269 673 3332 eius
695 3267 781 3331 modi
803 3267 977 3331 facinorum
995 3267 1150 3351 supplicio
1171 3267 1281 3353 dignas
1296 3257 1510 3426 iudicaren'pp'

160 3361 270 3445 ltaque
297 3361 332 3424 C.
354 3362 547 3437 Fabricium,
579 3382 674 3447 quem
701 3367 827 3446 propter
860 3360 1103 3425 familiaritatem
1132 3359 1294 3444 Oppianici
1323 3363 1450 3426 conscin
1493 3375 1521 3424 so

161 3453 207 3517 illi
228 3453 360 3518 facinori
381 3455 479 3520 fuisse
503 3456 726 3530 arbitrabatur,
748 3475 838 3518 reum
853 3456 957 3518 statim
977 3454 1068 3530 fecit,
1091 3455 1202 3538 utique
1217 3455 1246 3518 ei
1261 3455 1351 3519 locus
1365 3457 1484 3540 primus

161 3547 418 3623 constitueretur,
441 3558 570 3634 propter
591 3569 704 3614 causae
719 3549 972 3613 coniunctionem
995 3549 1183 3633 impetrarit
1216 3549 1275 3612 llic
1295 3555 1363 3612 tum
1377 3549 1486 3612 Fabri·

161 3640 228 3706 cius
250 3662 316 3706 non
338 3640 433 3706 modo
455 3644 495 3707 ad
516 3663 567 3707 me
585 3663 674 3708 meos
688 3643 811 3708 vicinos
826 3650 859 3707 et
872 3643 1009 3720 amicos,
1030 3643 1239 3720 Aletrinates,
1261 3661 1325 3706 non
1341 3641 1484 3718 adduxit,

162 3737 217 3800 sed
248 3737 317 3820 ipse
347 3737 388 3801 iis
415 3757 520 3821 neque
548 3738 766 3803 defensoribus
793 3739 840 3802 uti
867 3744 975 3822 postea
1003 3721 1138 3822 nequ(
1133 3735 1349 3801 laudatoribus
1370 3736 1484 3821 potuit

162 3829 213 3894 57.
234 3831 311 3896 llem
333 3831 417 3896 enim
440 3833 593 3916 integram
613 3833 754 3897 bominis
775 3852 841 3897 non
861 3832 958 3896 alieni
979 3831 1122 3914 quamvis
1144 3829 1353 3914 suspiciosam
1374 3828 1521 3897 defen-as

163 3927 236 3989 dere
256 3925 459 3989 humanitatis
481 3945 551 3990 esse
572 3927 776 4011 putabamus,
798 3927 965 3991 iudicatam
987 3924 1174 3990 labefactare
1189 3925 1296 3988 conari
1317 3924 1485 4011 impuden-

162 4021 234 4088 tiae.
276 4021 386 4103 ltaque
417 4028 484 4083 tum
512 4020 567 4084 ille
595 4021 704 4106 inopia
726 4029 758 4086 et
779 4021 966 4086 necessitate
988 4027 1114 4083 coactus
1136 4020 1168 4084 in
1190 4038 1285 4084 causa
1306 4019 1374 4084 eius
1396 4020 1484 4085 modi

163 4114 202 4178 ad
225 4113 394 4197 Caepasios
421 4113 531 4179 fratres
560 4115 716 4198 confugit,
747 4114 893 4179 homines
921 4114 1091 4178 industrios
1113 4121 1209 4198 atque
1231 4133 1270 4178 eo
1294 4113 1415 4189 animo,
1447 4121 1485 4178 ut

163 4225 379 4293 quaecumque
408 4208 534 4273 dicendi
561 4217 701 4295 potestas
730 4216 814 4274 esset
843 4209 930 4285 data,
957 4209 992 4272 in
1017 4209 1137 4274 bonore
1159 4216 1255 4294 atque
1276 4208 1309 4271 in
1330 4206 1483 4274 beneficio

228 4429 252 4480 4.
271 4431 376 4482 Baebius
392 4431 471 4483 codd.
484 4433 706 4496 Lagomarsinluni
724 4433 792 4484 duo:
810 4433 899 4485 Bobius
913 4434 974 4492 ST;
992 4433 1148 4491 dosolatam
1166 4431 1269 4483 eones
1285 4429 1424 4484 FALOO.
1443 4431 1482 4483 Cl.

164 4503 187 4568 5.
205 4502 247 4556 47.
268 4533 295 4542 -
314 4507 344 4557 de
359 4521 414 4559 om.
432 4511 462 4560 Α.
475 4534 503 4544 -
521 4509 649 4573 neeman
665 4510 717 4560 ST.
731 4533 758 4545 -
774 4513 931 4572 promentem
946 4506 1040 4572 (littera
1056 4521 1083 4558 m
1099 4506 1240 4572 expuncta)
1257 4506 1283 4557 S.
1294 4531 1322 4543 -
1341 4507 1365 4558 2.
1385 4507 1485 4571 Quinti-

162 4581 210 4630 lius
226 4579 394 4648 (oreacttllw
411 4595 473 4635 cnm
490 4583 550 4634 Car.
569 4585 701 4649 Stephano
718 4583 783 4635 LO:
803 4584 917 4646 04444443
935 4581 1084 4647 (Quinctiles)
1101 4579 1189 4635 uss.
1203 4609 1231 4619 -
1250 4579 1274 4632 4.
1291 4582 1396 4634 recentis
1410 4582 1439 4632 Τ.
1454 4607 1482 4618 -

163 4667 260 4706 secam
277 4657 495 4720 CleoplcrstosT.
514 4685 541 4694 -
560 4661 584 4710 t.
603 4659 799 4710 cetorums:
823 4659 932 4710 bedam
948 4659 1038 4710 ceteri.
1066 4656 1104 4708 Cf.
1123 4657 1148 4720 5.
1166 4655 1206 4708 47.
1226 4681 1253 4692 -
1272 4657 1297 4707 7.
1315 4657 1444 4708 totcsl':
1461 4659 1485 4707 et

164 4729 420 4785 emunito:-
439 4733 480 4784 43.
498 4735 594 4785 etsl':
613 4733 803 4788 collalto.
825 4735 977 4800 -factebat
993 4735 1026 4786 tl.
1047 4759 1074 4771 -
1093 4732 1133 4785 44.
1151 4736 1247 4796 oportet
1265 4733 1293 4784 T.
1313 4755 1340 4767 -
1360 4744 1378 4781 o
1392 4731 1435 4782 reo
1452 4730 1482 4790 ες

165 4803 197 4855 ab
213 4817 241 4856 oo
258 4806 321 4868 FA3
341 4806 373 4857 ab
389 4821 417 4858 co
432 4806 513 4862 rect.
528 4835 556 4846 -·
574 4808 613 4872 C.]
630 4811 726 4874 Osi.
742 4835 769 4847 -
789 4811 958 4862 lassamus
973 4811 1061 4862 STO:
1082 4804 1351 4861 Staleoualtlllbt·
1369 4807 1411 4857 Stc
1427 4803 1484 4856 lero

166 4881 325 4932 constanter.
345 4883 383 4933 cl.
403 4881 426 4947 s.
438 4883 480 4934 20.
492 4883 533 4936 74.
549 4909 576 4921 -
594 4885 635 4936 at.
653 4885 680 4934 td
696 4884 768 4938 delet
783 4886 974 4939 Mommsenius
991 4883 1050 4936 coll.
1063 4897 1089 4950 p.
1103 4883 1160 4935 559.
1177 4895 1204 4933 v.
1216 4882 1257 4934 28.
1275 4878 1483 4944 arridetis.

167 4971 192 5008 v.
211 4956 500 5024 sa-oeqouos.
521 4987 549 4997 -
570 4961 1007 5024 ae.qua0emp0rrosr.-
1031 4959 1256 5023 melun-
1279 4948 1483 5018 3444444444·

168 5056 197 5070 -
215 5032 246 5098 et]
263 5035 316 5084 etus
331 5035 388 5086 ΡΑ.
403 5061 431 5072 -
449 5035 490 5086 33.
508 5035 640 5088 Latiaotas
655 5037 713 5098 S'l'3
730 5035 882 5086 Alatrs'ontaa
897 5034 1023 5086 Halmius.
1042 5033 1080 5086 Cf.
1099 5033 1178 5098 §.lt
1192 5059 1220 5070 -
1239 5030 1280 5083 34.
1297 5029 1347 5095 sed]
1363 5040 1388 5079 ae
1404 5028 1438 5079 bl.
1453 5049 1481 5061 -

166 5105 218 5170 lpse
232 5107 272 5173 tta]
288 5108 320 5158 tta
336 5109 397 5172 (om.
415 5109 474 5174 tpael
492 5111 525 5171 Τ;
542 5111 602 5175 ipso
617 5111 837 5164 3444434434.-
856 5112 896 5164 38.
915 5111 1030 5176 emerim
1044 5108 1160 5172 stam
1179 5108 1244 5161 tum
1260 5105 1286 5172 5.
1304 5105 1346 5158 tt.
1368 5103 1408 5156 Cl.
1426 5103 1480 5156 Cle.

167 5181 239 5235 ltrut.
257 5181 283 5248 ἓ.
299 5183 358 5238 ata.
375 5183 456 5240 lulius
471 5186 561 5241 Victor
576 5200 603 5254 p.
621 5186 678 5242 ate.
696 5201 722 5241 v.
740 5187 781 5241 33.
