3610 5860
642 436 715 508 Cae.
731 439 814 504 XIV.
835 433 892 524 §3-
913 433 1059 504 37-43.
1456 417 1518 490 553

280 608 362 671 XlV.
384 602 434 670 i0.
458 606 567 683 Quidr
588 608 689 674 ariam
713 616 813 683 tuam,
835 607 1026 694 Oppianice,
1047 608 1213 682 Dinaeam,
1235 605 1287 670 cui
1308 610 1343 669 tu
1357 625 1392 670 es
1409 604 1515 678 heres,

194 709 282 787 pater
309 709 381 766 tuus
409 721 473 764 non
500 701 665 767 manifesto
694 704 838 768 necavitt
868 705 909 766 ad
936 724 1030 787 quam
1058 699 1139 766 οιιιιῖ
1148 701 1335 765 adduxisset
1356 697 1512 762 medicum
1551 735 1554 741 -

1649 585 1664 660 l

194 797 281 860 illum
303 817 410 871 sunm,
432 796 494 860 iam
516 797 674 878 cognitum
696 804 727 860 et
741 815 836 879 saepe
851 798 1016 872 victorem,
1041 793 1109 881 [per
1122 815 1217 879 quem
1231 794 1430 858 interfecerat
1443 793 1513 877 plu·
1626 792 1647 869 ,’

194 885 317 973 rimos,]
341 890 453 953 mulier
474 890 628 954 exclamat
650 910 685 954 se
706 889 745 954 ab
767 912 805 954 eo
827 891 914 956 nullo
936 891 1030 955 modo
1053 891 1154 954 curari
1175 889 1272 965 velle,
1295 909 1359 973 quo
1384 894 1513 952 curante

194 1003 303 1048 omnes
330 1004 405 1047 suos
432 984 630 1066 perdidisset.
673 987 753 1048 Tum
780 993 909 1070 repente
931 985 1159 1051 Anconitanum
1181 983 1356 1068 quendam,
1383 982 1419 1044 L.
1443 981 1538 1070 Gl.⁰'⁶

194 1076 294 1152 dium,
316 1077 590 1162 pharmacopolam
613 1077 909 1155 circumforaneum,
935 1081 991 1165 qui
1014 1099 1089 1144 casu
1112 1083 1177 1142 tum
1199 1078 1347 1142 Larinum
1365 1077 1516 1148 venisset,

193 1171 373 1254 aggreditur
394 1180 518 1237 etcum
539 1193 577 1236 eo
600 1172 723 1236 duobus
746 1173 889 1248 milibus,
912 1173 944 1237 id
964 1174 1049 1257 quod
1070 1173 1168 1256 ipsius
1186 1172 1299 1235 tabidis
1322 1179 1371 1236 est
1384 1171 1517 1236 demon-

193 1273 339 1341 stratum,
361 1267 515 1350 transigit.
549 1267 585 1330 L.
610 1268 737 1332 Clodius
759 1286 830 1329 cum
851 1273 1050 1350 properaret,
1073 1266 1122 1330 cui
1143 1265 1212 1330 lora
1233 1265 1332 1330 multa
1352 1272 1513 1338 restarent,

193 1359 288 1424 simul
308 1367 405 1444 atquc
425 1361 622 1426 introductas
645 1370 693 1425 est
718 1380 785 1425 rem
810 1359 965 1426 coniecit:
994 1362 1096 1445 prima
1116 1361 1248 1445 potione
1274 1360 1439 1424 mulierem
1462 1378 1516 1422 su·

194 1455 297 1530 stnlit,
317 1475 421 1539 usque
435 1464 546 1537 postea
560 1456 667 1519 Larini
685 1461 837 1538 punctum
853 1461 901 1520 est
914 1454 1066 1539 temporis
1080 1465 1299 1518 commoratus.
1329 1449 1380 1516 tl.
1395 1452 1514 1518 Eadem
1524 1461 1555 1508 it

193 1548 252 1612 hac
272 1549 393 1614 Dinaea
413 1556 636 1614 testamentum
657 1549 809 1623 iaciente,
832 1568 902 1613 cum
924 1548 1047 1613 tabulas
1069 1549 1289 1633 prehendisset
1310 1548 1514 1631 Oppianicus,

194 1643 260 1732 qui
266 1662 362 1729 gener
376 1644 443 1708 eius
459 1642 587 1717 suisset,
605 1642 703 1726 digito
717 1642 819 1725 legata
834 1643 952 1708 delerit
965 1634 1007 1718 et,
1030 1664 1101 1706 cnm
1116 1643 1150 1707 id
1165 1644 1270 1707 multis
1285 1642 1364 1706 locis
1378 1640 1514 1713 fecisset,

193 1747 266 1822 post
287 1745 418 1802 mortem
440 1735 525 1812 eius,
547 1756 588 1800 ne
608 1735 710 1801 lituris
732 1737 859 1820 coargui
880 1746 1005 1821 posset,
1027 1733 1249 1802 testamentum
1270 1737 1304 1798 in
1325 1735 1403 1799 alias
1424 1733 1514 1798 tabu·

193 1832 239 1895 las
260 1831 496 1914 transscriptnm
519 1830 618 1912 signis
640 1829 823 1894 adulterinis
846 1831 1033 1914 obsignarit.
1056 1831 1156 1896 llulta
1169 1837 1335 1914 praetereo
1351 1826 1513 1903 consulto;

192 1927 309 1990 etenim
336 1943 448 1990 vereor
476 1942 517 1986 ue
543 1924 622 1988 haec
648 1923 720 2008 ipsa
739 1923 872 1988 nimium
894 1926 992 1990 multa
1018 1947 1087 1990 esse
1108 1925 1283 1990 videantur.
1324 1925 1388 1989 Vos
1409 1930 1552 1987 tamentt

192 2020 325 2084 similem
346 2020 396 2082 sui
417 2037 490 2080 enm
510 2016 607 2082 fuisse
630 2019 663 2080 in
685 2019 798 2082 ceteris
819 2039 947 2102 quoque
961 2021 1045 2085 vitae
1060 2020 1200 2104 partibas
1220 2020 1400 2086 existimare
1420 2017 1516 2080 debe-

191 2115 243 2179 tis.
269 2113 362 2176 lllum
382 2111 503 2176 tabulam
524 2112 666 2196 publicas
681 2112 788 2174 Larini
810 2115 969 2177 censorias
984 2115 1163 2197 corrupisse
1178 2113 1361 2178 decuriones
1374 2111 1515 2176 universi

192 2206 420 2271 iudicavemnt.
464 2206 541 2269 Cum
567 2206 623 2270 illo
653 2226 746 2270 nemo
775 2206 838 2269 iam
865 2209 1036 2282 rationem,
1068 2227 1162 2272 nemo
1189 2227 1256 2272 rem
1277 2207 1373 2271 ullam
1395 2213 1516 2270 cuntra-

190 2301 302 2377 hebat;
324 2319 418 2364 neme
440 2300 530 2364 illum
551 2321 593 2364 ex
607 2308 670 2364 tam
693 2298 799 2364 maltis
821 2302 962 2382 cognatis
986 2307 1019 2364 et
1039 2299 1186 2366 affinibus
1208 2309 1344 2366 tutorem
1364 2319 1514 2385 umquam

190 2395 299 2458 liberis
315 2395 382 2459 suis
396 2394 537 2478 scripsit3
559 2415 652 2458 nemo
667 2395 757 2458 illum
769 2393 872 2469 aditu,
895 2413 988 2458 nemu
1004 2397 1237 2478 congressione,
1252 2415 1344 2459 nemo
1359 2403 1554 2468 sermonem

191 2507 284 2552 nemo
306 2488 451 2552 convivio
473 2488 601 2571 dignum
623 2487 790 2552 iudicarit:
823 2507 932 2551 omnes
955 2488 1219 2572 aspernabantur,
1242 2509 1350 2552 omnes
1366 2488 1515 2552 abhorre·

190 2581 281 2655 bant,
311 2601 420 2645 omnes
450 2589 485 2646 ut
511 2582 654 2666 aliquam
685 2582 853 2645 immanem
880 2601 917 2645 ac
945 2584 1156 2667 perniciosam
1175 2583 1309 2647 bestiam
1331 2589 1516 2667 pestemque

190 2673 361 2758 fugiebant.
405 2670 456 2738 it.
477 2675 570 2739 Hunc
592 2683 698 2740 tamen
718 2674 880 2739 hominem
903 2683 967 2740 tam
989 2677 1157 2752 audacem,
1179 2684 1242 2740 tarn
1260 2676 1430 2750 nefarium,
1451 2683 1514 2738 tam

189 2775 369 2843 nocentem,
402 2789 574 2854 numquam
603 2777 779 2834 accusasset
807 2768 958 2844 Habitus,
989 2771 1127 2846 iudices,
1160 2772 1187 2836 si
1208 2770 1241 2834 id
1268 2771 1515 2855 praetermittere

190 2882 247 2926 suo
269 2861 357 2926 salvo
379 2864 480 2947 capite
502 2864 666 2946 potuisset
701 2864 778 2926 Erat
797 2863 871 2926 huic
892 2864 1037 2930 iuimicus
1053 2865 1266 2949 Oppianicus:
1289 2871 1369 2939 erat,
1391 2863 1448 2928 sed
1468 2870 1553 2926 tart

188 2976 261 3018 meu
284 2962 351 3020 erat
371 2958 520 3022 vitricus:
550 2956 687 3021 crudelis
709 2965 742 3021 et
760 2958 836 3022 huic
859 2958 977 3022 infesta
998 2968 1112 3035 mater,
1142 2966 1175 3025 at
1199 2967 1307 3023 mater.
1351 2960 1514 3023 Postremo

188 3050 268 3116 nihil
299 3059 363 3115 tam
394 3060 547 3116 remotum
574 3050 615 3115 ab
636 3053 834 3116 accusatione
858 3073 953 3137 quam
977 3053 1137 3118 Cluentius
1159 3061 1192 3117 et
1212 3059 1325 3117 natura
1346 3059 1379 3116 et
1399 3052 1511 3116 volun-

189 3153 252 3210 tate
274 3151 308 3208 ct
326 3145 469 3209 instituta
491 3147 611 3209 ratione
633 3145 726 3208 ritae.
753 3144 815 3208 Sed
838 3167 909 3211 cum
932 3155 1015 3210 esset
1035 3148 1114 3210 haec
1129 3149 1159 3211 ei
1182 3147 1341 3232 proposita
1356 3145 1511 3219 condicio,

188 3247 223 3304 ut
253 3245 310 3301 aut
336 3239 419 3302 iuste
449 3241 564 3323 pieque
594 3245 754 3302 accusaret
781 3246 837 3303 aut
858 3241 970 3302 acerbe
991 3240 1185 3324 indigneque
1207 3246 1400 3314 moreretur,
1422 3258 1514 3303 accu-

189 3351 276 3404 sare,
299 3349 427 3414 quoquo
450 3332 545 3394 modo
566 3339 690 3415 posset,
717 3350 812 3415 quam
833 3332 889 3396 illo
911 3333 1006 3397 modo
1029 3335 1127 3398 emori
1150 3333 1269 3398 maluit.
1524 3347 1554 3400 tt

274 3420 325 3489 43.
347 3426 452 3509 Atque
483 3433 518 3489 ut
539 3424 600 3488 hoc
621 3425 666 3487 ita
687 3443 756 3488 esre
779 3427 959 3510 perspicere
980 3428 1126 3510 possitis,
1156 3445 1313 3512 exponam
1333 3425 1424 3492 vobis
1450 3425 1515 3508 Op·

189 3519 307 3602 planioi
327 3518 450 3582 lacinus
472 3519 639 3582 manifesto
662 3529 857 3603 compertum
880 3530 976 3606 atque
999 3521 1245 3605 deprehensum:
1272 3541 1313 3584 ex
1334 3541 1398 3605 quo
1420 3521 1515 3585 simul

190 3621 376 3697 utrumque,
399 3621 431 3676 et
450 3613 524 3677 huic
546 3633 694 3678 accusare
708 3623 740 3678 et
761 3614 807 3680 illi
822 3615 1045 3692 condemnari,
1066 3635 1196 3682 necesse
1210 3616 1307 3681 hrisse
1323 3615 1515 3700 intelligetis.

253 3863 277 3915 3.
293 3878 340 3928 par
356 3877 476 3928 cuman
482 3864 605 3927 piisimos
621 3863 757 3917 dalevitL.
777 3867 927 3928 «Proiecto,
945 3881 1109 3933 quamquam
1127 3865 1250 3919 omnibus
1267 3869 1293 3919 in
1310 3865 1383 3918 libris
1400 3869 1512 3930 erstem,

188 3940 323 4006 supposita
340 3940 489 3991 videntur.»
506 3941 567 3990 Gan.
586 3941 610 3990 i.
631 3967 659 3977 -
683 3941 707 3992 4.
725 3943 815 3992 careri
835 3944 895 3994 calta
911 3945 971 3996 ST:
994 3945 1055 3995 valta
1070 3944 1158 3994 wari
1174 3939 1317 3995 144ιο0.
1339 3969 1366 3981 -
1380 3944 1413 4016 ἦ.
1432 3957 1515 3994 manas

188 4031 244 4068 moa
259 4019 320 4069 ST:
346 4029 404 4068 asoa
424 4029 506 4067 comm
522 4014 664 4069 italio.
687 4043 713 4055 -
739 4018 764 4068 6.
779 4019 1005 4083 pharmacopolam
1020 4020 1055 4071 li.
1078 4045 1105 4056 -
1123 4019 1243 4083 [manain
1263 4019 1322 4078 ST;
1349 4018 1515 4082 ercamma-

187 4105 249 4143 nnrn
265 4093 325 4144 rii.
345 4117 373 4128 —
391 4091 416 4142 7.
434 4091 528 4142 duobos
542 4091 649 4157 mitius]
670 4093 719 4143 dno
740 4095 945 4156 antiosilii,
963 4109 988 4141 co
1007 4108 1032 4140 ω
1047 4095 1087 4154 li;
1110 4093 1160 4144 HS.
1179 4093 1368 4158 pummnpastia
1383 4089 1465 4146 hio.
1485 4119 1513 4131 -

187 4168 265 4232 ipsias
285 4167 374 4218 tabuit
393 4173 428 4218 ast
449 4168 511 4218 ST:
538 4172 573 4218 ast
591 4169 668 4232 ipsine
687 4169 778 4220 tobalia
793 4173 847 4219 turn
863 4169 924 4228 rm
950 4169 1027 4230 ipssa
1044 4167 1133 4219 inbutis
1149 4172 1202 4218 tam
1218 4173 1254 4218 aat
1269 4165 1387 4222 litto,
1415 4170 1515 4222 «Minus

189 4247 261 4295 recte
278 4248 331 4294 tam
347 4243 392 4295 hie
409 4242 518 4304 adesse,
537 4245 601 4296 satis
618 4259 651 4296 ex
668 4259 700 4296 ao
717 4245 802 4311 patet,
821 4243 893 4307 qued
910 4244 936 4294 in
953 4244 1005 4293 hac
1022 4243 1079 4308 ipsa
1094 4242 1205 4308 periodo
1222 4242 1264 4295 bis
1275 4243 1370 4296 eadem
1387 4243 1515 4309 particula

188 4320 341 4382 antecessit,
361 4324 467 4386 tempus
482 4320 605 4372 venalicii
619 4322 781 4386 respiciens,
799 4332 869 4370 nnnc
880 4321 990 4384 repente
1002 4316 1072 4369 aliud
1084 4321 1189 4384 tempus
1200 4318 1306 4380 indicat,
1324 4331 1378 4383 quo
1389 4319 1515 4372 iudicium

188 4393 222 4445 de
234 4393 378 4458 Oppianico
395 4395 494 4446 tactum
510 4395 573 4457 luit,
593 4399 622 4448 ut
638 4399 684 4448 aut
695 4401 784 4461 postas
799 4397 846 4446 aut
861 4393 925 4446 nihil
942 4406 1042 4458 ponere
1054 4395 1134 4445 satius
1146 4394 1248 4445 luerit.»
1267 4397 1327 4444 Gan.
1340 4395 1365 4445 i.
1377 4420 1404 4430 -
1423 4395 1447 4446 3.
1459 4409 1516 4446 eran

187 4469 249 4520 Sl':
273 4469 317 4531 qus
336 4465 479 4522 nanta.
504 4471 542 4522 Cl.
561 4483 587 4521 v.
606 4474 632 4522 44
653 4485 695 4536 sq.
716 4499 743 4508 -
762 4472 802 4523 44.
820 4472 916 4535 fucante
932 4471 957 4520 S.
978 4497 1006 4507 -
1021 4471 1158 4533 prandisset
1173 4471 1208 4530 A;
1229 4470 1392 4533 praedidicat
1407 4471 1462 4522 ST.
1483 4497 1510 4509 -

188 4544 228 4595 ti.
246 4543 306 4610 οιίιι]
322 4543 396 4594 baina
411 4545 466 4597 ST.
486 4573 512 4582 -
533 4547 573 4596 43.
591 4548 668 4609 possit
684 4547 738 4598 ST.
758 4572 786 4584 -
806 4547 846 4597 46.
864 4545 970 4595 amdam
985 4545 1025 4596 asi
1041 4545 1171 4596 camasi:
1191 4558 1247 4595 nan
1262 4545 1367 4596 amdan
1381 4546 1421 4597 aa
1437 4547 1514 4598 nai.

188 4615 243 4672 00.
264 4646 288 4655 -
310 4619 607 4682 omnesomnes
629 4649 656 4658 -
674 4621 749 4687 vitae]
765 4621 832 4672 nttoa
847 4633 908 4671 maa
925 4621 982 4672 Fa.
1003 4646 1030 4657 ·—
1054 4621 1095 4670 47.
1113 4619 1187 4670 idern
1208 4620 1449 4672 tobalos--ltbarta
1464 4624 1516 4672 caia

186 4694 286 4758 scripsit
301 4693 472 4754 Quintilianus
490 4696 531 4746 lii.
550 4695 576 4758 3,
589 4697 630 4748 38.
644 4723 672 4734 -
692 4697 732 4748 48.
750 4710 821 4748 naano
837 4697 890 4746 tans
901 4696 961 4759 Sip
978 4695 1032 4745 toan
1046 4707 1118 4746 amno
1134 4691 1284 4752 lisbio:
1303 4709 1356 4746 om.
1368 4695 1422 4747 ianr
1433 4698 1515 4758 Quin-

188 4769 299 4822 tilianus.
311 4797 337 4806 -
357 4772 398 4822 49.
411 4771 452 4835 aa]
470 4776 493 4822 at
509 4773 535 4822 S.
551 4797 577 4808 -
596 4773 638 4824 so.
650 4785 721 4824 nanno
731 4773 803 4824 tttaan
813 4773 894 4834 odiu,
906 4784 977 4820 namo
987 4771 1100 4821 cmvicio
1111 4796 1148 4808 ·-
1159 4770 1361 4834 mpsnoocstur
1370 4773 1514 4822 Arusianus

187 4845 298 4898 Messius
315 4858 341 4910 p.
351 4845 409 4896 246.
422 4844 465 4896 ed.
479 4845 597 4897 liudem.
611 4873 638 4885 -
656 4848 746 4898 auditu
756 4848 783 4899 Τ.
793 4875 820 4886 -
839 4848 881 4898 24.
892 4859 964 4897 nono
980 4847 1051 4898 worn
1061 4847 1173 4896 conubio
1184 4871 1222 4883 --
1231 4846 1360 4912 [amabant
1369 4847 1514 4899 Arusianus

187 4923 299 4974 liessius
310 4935 337 4986 p.
347 4921 405 4972 ata.
418 4920 461 4972 cd.
481 4921 599 4974 hindam.
616 4948 643 4958 -
662 4923 783 4973 iudncott
799 4923 857 4973 ST:
876 4920 1005 4972 inmutat
1021 4922 1112 4972 ceteri.
1134 4949 1161 4958 -
1180 4919 1221 4972 23.
1240 4926 1293 4973 tom
1309 4925 1370 4973 cnm
1386 4934 1413 4973 v.
1431 4921 1514 4970 ouda

186 5010 239 5048 cana
255 5010 308 5048 cm.
327 4997 346 5048 Τ
362 4999 411 5062 pr.
424 4997 471 5060 m.)
489 4998 516 5049 F.
536 5023 563 5034 -
582 4995 623 5048 ai.
638 4998 782 5060 permittam
798 4998 826 5047 Τ.
847 5021 875 5032 -
893 4997 935 5047 25.
953 5008 998 5046 nco
1014 4996 1083 5046 solvo
1099 4996 1256 5058 captust:
1278 4999 1347 5049 acino
1367 4997 1448 5060 capita
1468 5010 1513 5047 nso

187 5069 329 5125 italio.
345 5099 372 5109 -
391 5078 447 5124 arat
462 5077 523 5124 ante
540 5086 566 5123 ιι.
584 5072 627 5123 aad
643 5073 729 5124 omi*
746 5073 794 5138 (pr.
813 5072 860 5135 m.)
879 5071 966 5122 FAO.
986 5097 1013 5106 -
1031 5072 1073 5122 26.
1091 5077 1120 5122 ot
1136 5073 1195 5138 SJ:
1213 5077 1325 5123 alcman
1341 5067 1469 5122 annio,
1482 5096 1510 5107 -

186 5145 536 5208 28.ats:tittsaii1.to;
556 5141 1510 5214 omnem-at.solocense.-sa.uosr1.:tunnnaeo.

1635 967 1653 1042 b
