<?xml version="1.0" encoding="UTF-8"?>
<!DOCTYPE html PUBLIC "-//W3C//DTD XHTML 1.0 Transitional//EN"
    "http://www.w3.org/TR/xhtml1/DTD/xhtml1-transitional.dtd">
<html xmlns="http://www.w3.org/1999/xhtml" xml:lang="en" lang="en">
 <head>
  <title>
</title>
<meta http-equiv="Content-Type" content="text/html;charset=utf-8" />
  <meta name='ocr-system' content='tesseract 3.04.00' />
  <meta name='ocr-capabilities' content='ocr_page ocr_carea ocr_par ocr_line ocrx_word'/>
</head>
<body>
  <div class='ocr_page' id='page_1' title='image "./mtulliiciceroni00baitgoog_0754.png"; bbox 0 0 3644 5874; ppageno 0'>
   <div class='ocr_carea' id='block_1_1' title="bbox 306 325 1210 398">
    <p class='ocr_par' dir='ltr' id='par_1_1' title="bbox 306 325 1210 398">
     <span class='ocr_line' id='line_1_1' title="bbox 306 325 1210 398; baseline -0.009 -3"><span class='ocrx_word' id='word_1_1' title='bbox 306 330 367 398; x_wconf 71' lang='lat'><strong>728</strong></span> <span class='ocrx_word' id='word_1_2' title='bbox 714 327 866 394; x_wconf 73' lang='lat' dir='ltr'><strong>onusto</strong></span> <span class='ocrx_word' id='word_1_3' title='bbox 888 327 967 392; x_wconf 84' lang='lat' dir='ltr'><strong>PRO</strong></span> <span class='ocrx_word' id='word_1_4' title='bbox 989 327 1024 390; x_wconf 88' lang='lat' dir='ltr'><strong>L.</strong></span> <span class='ocrx_word' id='word_1_5' title='bbox 1045 325 1210 392; x_wconf 77' lang='lat' dir='ltr'><strong>ldUllENA</strong></span> 
     </span>
    </p>
   </div>
   <div class='ocr_carea' id='block_1_2' title="bbox 113 493 1634 3300">
    <p class='ocr_par' dir='ltr' id='par_1_2' title="bbox 306 493 1630 585">
     <span class='ocr_line' id='line_1_2' title="bbox 306 493 1630 585; baseline -0.009 -16"><span class='ocrx_word' id='word_1_6' title='bbox 306 506 466 578; x_wconf 78' lang='lat' dir='ltr'><strong>fecissem,</strong></span> <span class='ocrx_word' id='word_1_7' title='bbox 488 502 612 585; x_wconf 90' lang='lat' dir='ltr'><strong>parcius</strong></span> <span class='ocrx_word' id='word_1_8' title='bbox 634 499 674 562; x_wconf 93' lang='lat' dir='ltr'><strong>de</strong></span> <span class='ocrx_word' id='word_1_9' title='bbox 697 499 765 562; x_wconf 88' lang='lat' dir='ltr'><strong>cius</strong></span> <span class='ocrx_word' id='word_1_10' title='bbox 786 498 879 562; x_wconf 88' lang='lat' dir='ltr'><strong>laude</strong></span> <span class='ocrx_word' id='word_1_11' title='bbox 902 497 1059 560; x_wconf 72' lang='lat' dir='ltr'><strong>dicerem:</strong></span> <span class='ocrx_word' id='word_1_12' title='bbox 1078 516 1161 558; x_wconf 89' lang='lat' dir='ltr'><strong>nunc</strong></span> <span class='ocrx_word' id='word_1_13' title='bbox 1182 494 1260 560; x_wconf 88' lang='lat' dir='ltr'>nihil</span> <span class='ocrx_word' id='word_1_14' title='bbox 1282 494 1322 558; x_wconf 89' lang='lat' dir='ltr'><strong>de</strong></span> <span class='ocrx_word' id='word_1_15' title='bbox 1336 513 1385 558; x_wconf 89' lang='lat' dir='ltr'><strong>me</strong></span> <span class='ocrx_word' id='word_1_16' title='bbox 1400 494 1487 568; x_wconf 91' lang='lat' dir='ltr'><strong>dico,</strong></span> <span class='ocrx_word' id='word_1_17' title='bbox 1511 493 1575 556; x_wconf 86' lang='lat' dir='ltr'><strong>sed</strong></span> <span class='ocrx_word' id='word_1_18' title='bbox 1590 493 1630 557; x_wconf 91' lang='lat' dir='ltr'><strong>de</strong></span> 
     </span>
    </p>

    <p class='ocr_par' dir='ltr' id='par_1_3' title="bbox 113 589 1634 2454">
     <span class='ocr_line' id='line_1_3' title="bbox 308 589 1111 682; baseline -0.014 -20"><span class='ocrx_word' id='word_1_19' title='bbox 308 601 364 675; x_wconf 91' lang='lat' dir='ltr'><strong>iis,</strong></span> <span class='ocrx_word' id='word_1_20' title='bbox 387 597 497 682; x_wconf 92' lang='lat' dir='ltr'><strong>quiin</strong></span> <span class='ocrx_word' id='word_1_21' title='bbox 519 593 654 658; x_wconf 88' lang='lat' dir='ltr'><strong>dicendo</strong></span> <span class='ocrx_word' id='word_1_22' title='bbox 677 592 781 675; x_wconf 77' lang='lat' dir='ltr'><strong>magni</strong></span> <span class='ocrx_word' id='word_1_23' title='bbox 804 599 879 654; x_wconf 91' lang='lat' dir='ltr'><strong>sunt</strong></span> <span class='ocrx_word' id='word_1_24' title='bbox 899 597 953 655; x_wconf 90' lang='lat' dir='ltr'><strong>aul</strong></span> <span class='ocrx_word' id='word_1_25' title='bbox 973 589 1111 654; x_wconf 78' lang='lat' dir='ltr'><strong>fuerunt.</strong></span> 
     </span>
     <span class='ocr_line' id='line_1_4' title="bbox 342 677 1633 769; baseline -0.008 -17"><span class='ocrx_word' id='word_1_26' title='bbox 342 677 345 684; x_wconf 53' lang='grc'><em>“</em></span> <span class='ocrx_word' id='word_1_27' title='bbox 391 691 475 752; x_wconf 83' lang='lat' dir='ltr'><strong>xlv.</strong></span> <span class='ocrx_word' id='word_1_28' title='bbox 497 685 547 749; x_wconf 88' lang='grc'><strong>30.</strong></span> <span class='ocrx_word' id='word_1_29' title='bbox 568 689 656 750; x_wconf 84' lang='lat' dir='ltr'><strong>Duae</strong></span> <span class='ocrx_word' id='word_1_30' title='bbox 679 692 753 750; x_wconf 90' lang='lat' dir='ltr'><strong>sunt</strong></span> <span class='ocrx_word' id='word_1_31' title='bbox 773 692 871 760; x_wconf 87' lang='lat' dir='ltr'><strong>artes,</strong></span> <span class='ocrx_word' id='word_1_32' title='bbox 894 704 976 769; x_wconf 85' lang='lat' dir='ltr'><strong>quae</strong></span> <span class='ocrx_word' id='word_1_33' title='bbox 998 691 1131 766; x_wconf 79' lang='lat' dir='ltr'><strong>possunt</strong></span> <span class='ocrx_word' id='word_1_34' title='bbox 1150 681 1254 746; x_wconf 91' lang='lat' dir='ltr'><strong>locare</strong></span> <span class='ocrx_word' id='word_1_35' title='bbox 1275 681 1419 746; x_wconf 87' lang='lat' dir='ltr'><strong>homines</strong></span> <span class='ocrx_word' id='word_1_36' title='bbox 1441 681 1474 743; x_wconf 97' lang='lat' dir='ltr'><strong>in</strong></span> <span class='ocrx_word' id='word_1_37' title='bbox 1495 679 1633 764; x_wconf 87' lang='lat' dir='ltr'><strong>amplis-</strong></span> 
     </span>
     <span class='ocr_line' id='line_1_5' title="bbox 311 771 1633 867; baseline -0.013 -16"><span class='ocrx_word' id='word_1_38' title='bbox 311 789 390 852; x_wconf 87' lang='lat' dir='ltr'><strong>simo</strong></span> <span class='ocrx_word' id='word_1_39' title='bbox 420 783 518 867; x_wconf 77' lang='lat' dir='ltr'><strong>gradu</strong></span> <span class='ocrx_word' id='word_1_40' title='bbox 546 780 722 864; x_wconf 76' lang='lat' dir='ltr'><strong>dignitatis:</strong></span> <span class='ocrx_word' id='word_1_41' title='bbox 751 799 814 842; x_wconf 93' lang='lat' dir='ltr'><strong>una</strong></span> <span class='ocrx_word' id='word_1_42' title='bbox 842 777 1055 862; x_wconf 87' lang='lat' dir='ltr'><strong>imperatoris,</strong></span> <span class='ocrx_word' id='word_1_43' title='bbox 1082 776 1180 840; x_wconf 86' lang='lat' dir='ltr'><strong>altera</strong></span> <span class='ocrx_word' id='word_1_44' title='bbox 1209 776 1341 841; x_wconf 86' lang='lat' dir='ltr'><strong>oratoris</strong></span> <span class='ocrx_word' id='word_1_45' title='bbox 1368 773 1461 838; x_wconf 89' lang='lat' dir='ltr'><strong>boni:</strong></span> <span class='ocrx_word' id='word_1_46' title='bbox 1495 773 1539 836; x_wconf 87' lang='lat' dir='ltr'><strong>ab</strong></span> <span class='ocrx_word' id='word_1_47' title='bbox 1571 771 1633 834; x_wconf 90' lang='lat' dir='ltr'><strong>hoc</strong></span> 
     </span>
     <span class='ocr_line' id='line_1_6' title="bbox 286 867 1633 960; baseline -0.014 -15"><span class='ocrx_word' id='word_1_48' title='bbox 286 881 395 946; x_wconf 76' lang='lat' dir='ltr'><strong>lenim</strong></span> <span class='ocrx_word' id='word_1_49' title='bbox 428 876 514 960; x_wconf 82' lang='lat' dir='ltr'><strong>pacis</strong></span> <span class='ocrx_word' id='word_1_50' title='bbox 543 881 726 937; x_wconf 87' lang='lat' dir='ltr'><strong>ornamenta</strong></span> <span class='ocrx_word' id='word_1_51' title='bbox 757 875 947 946; x_wconf 80' lang='lat' dir='ltr'><strong>retinentur,</strong></span> <span class='ocrx_word' id='word_1_52' title='bbox 982 871 1021 934; x_wconf 87' lang='lat' dir='ltr'><strong>ab</strong></span> <span class='ocrx_word' id='word_1_53' title='bbox 1054 870 1107 934; x_wconf 93' lang='lat' dir='ltr'><strong>illo</strong></span> <span class='ocrx_word' id='word_1_54' title='bbox 1140 869 1215 933; x_wconf 87' lang='lat' dir='ltr'><strong>belli</strong></span> <span class='ocrx_word' id='word_1_55' title='bbox 1247 870 1386 953; x_wconf 89' lang='lat' dir='ltr'><strong>pericula</strong></span> <span class='ocrx_word' id='word_1_56' title='bbox 1418 867 1633 950; x_wconf 86' lang='lat' dir='ltr'><strong>repelluntur.</strong></span> 
     </span>
     <span class='ocr_line' id='line_1_7' title="bbox 311 960 1634 1049; baseline -0.015 -10"><span class='ocrx_word' id='word_1_57' title='bbox 311 977 440 1039; x_wconf 81' lang='lat' dir='ltr'><strong>Ceterae</strong></span> <span class='ocrx_word' id='word_1_58' title='bbox 460 979 564 1034; x_wconf 70' lang='lat' dir='ltr'><strong>umen</strong></span> <span class='ocrx_word' id='word_1_59' title='bbox 581 969 713 1030; x_wconf 88' lang='lat' dir='ltr'><strong>virtutes</strong></span> <span class='ocrx_word' id='word_1_60' title='bbox 726 967 815 1049; x_wconf 91' lang='lat' dir='ltr'><strong>ipsae</strong></span> <span class='ocrx_word' id='word_1_61' title='bbox 830 987 888 1049; x_wconf 88' lang='lat' dir='ltr'><strong>per</strong></span> <span class='ocrx_word' id='word_1_62' title='bbox 901 985 935 1028; x_wconf 85' lang='lat' dir='ltr'><strong>sc</strong></span> <span class='ocrx_word' id='word_1_63' title='bbox 949 964 1081 1028; x_wconf 87' lang='lat' dir='ltr'><strong>mullum</strong></span> <span class='ocrx_word' id='word_1_64' title='bbox 1097 963 1218 1038; x_wconf 89' lang='lat' dir='ltr'><strong>valent,</strong></span> <span class='ocrx_word' id='word_1_65' title='bbox 1239 964 1374 1046; x_wconf 64' lang='lat' dir='ltr'><strong>iustitia,</strong></span> <span class='ocrx_word' id='word_1_66' title='bbox 1395 960 1490 1036; x_wconf 89' lang='lat' dir='ltr'><strong>fides,</strong></span> <span class='ocrx_word' id='word_1_67' title='bbox 1512 960 1634 1044; x_wconf 90' lang='lat' dir='ltr'><strong>pudor,</strong></span> 
     </span>
     <span class='ocr_line' id='line_1_8' title="bbox 312 1056 1633 1150; baseline -0.013 -18"><span class='ocrx_word' id='word_1_68' title='bbox 312 1064 533 1150; x_wconf 86' lang='lat' dir='ltr'><strong>temperantia;</strong></span> <span class='ocrx_word' id='word_1_69' title='bbox 563 1061 676 1145; x_wconf 91' lang='lat' dir='ltr'><strong>quibus</strong></span> <span class='ocrx_word' id='word_1_70' title='bbox 698 1067 745 1134; x_wconf 91' lang='lat' dir='ltr'><strong>te,</strong></span> <span class='ocrx_word' id='word_1_71' title='bbox 775 1059 880 1132; x_wconf 86' lang='lat' dir='ltr'><strong>Servi,</strong></span> <span class='ocrx_word' id='word_1_72' title='bbox 910 1057 1066 1122; x_wconf 85' lang='lat' dir='ltr'><strong>excellere</strong></span> <span class='ocrx_word' id='word_1_73' title='bbox 1092 1076 1201 1120; x_wconf 89' lang='lat' dir='ltr'><strong>omnes</strong></span> <span class='ocrx_word' id='word_1_74' title='bbox 1230 1057 1426 1139; x_wconf 70' lang='lat' dir='ltr'><strong>intelligunt,</strong></span> <span class='ocrx_word' id='word_1_75' title='bbox 1453 1056 1509 1120; x_wconf 88' lang='lat' dir='ltr'><strong>sed</strong></span> <span class='ocrx_word' id='word_1_76' title='bbox 1543 1075 1633 1117; x_wconf 91' lang='lat' dir='ltr'><strong>nunc</strong></span> 
     </span>
     <span class='ocr_line' id='line_1_9' title="bbox 311 1149 1634 1236; baseline -0.01 -11"><span class='ocrx_word' id='word_1_77' title='bbox 311 1162 351 1224; x_wconf 88' lang='lat' dir='ltr'><strong>de</strong></span> <span class='ocrx_word' id='word_1_78' title='bbox 372 1158 482 1222; x_wconf 90' lang='lat' dir='ltr'><strong>studiis</strong></span> <span class='ocrx_word' id='word_1_79' title='bbox 503 1156 544 1219; x_wconf 93' lang='lat' dir='ltr'><strong>ad</strong></span> <span class='ocrx_word' id='word_1_80' title='bbox 564 1154 718 1218; x_wconf 85' lang='lat' dir='ltr'><strong>honorem</strong></span> <span class='ocrx_word' id='word_1_81' title='bbox 739 1153 916 1236; x_wconf 87' lang='lat' dir='ltr'><strong>dispositis,</strong></span> <span class='ocrx_word' id='word_1_82' title='bbox 937 1172 1002 1214; x_wconf 92' lang='lat' dir='ltr'><strong>non</strong></span> <span class='ocrx_word' id='word_1_83' title='bbox 1024 1149 1063 1212; x_wconf 91' lang='lat' dir='ltr'><strong>de</strong></span> <span class='ocrx_word' id='word_1_84' title='bbox 1078 1149 1173 1213; x_wconf 89' lang='lat' dir='ltr'><strong>insita</strong></span> <span class='ocrx_word' id='word_1_85' title='bbox 1187 1150 1340 1233; x_wconf 89' lang='lat' dir='ltr'><strong>cuiusque</strong></span> <span class='ocrx_word' id='word_1_86' title='bbox 1354 1151 1470 1214; x_wconf 84' lang='lat' dir='ltr'><strong>virtute</strong></span> <span class='ocrx_word' id='word_1_87' title='bbox 1484 1150 1634 1232; x_wconf 86' lang='lat' dir='ltr'><strong>disputo.</strong></span> 
     </span>
     <span class='ocr_line' id='line_1_10' title="bbox 312 1243 1633 1328; baseline -0.008 -12"><span class='ocrx_word' id='word_1_88' title='bbox 312 1252 425 1318; x_wconf 89' lang='lat' dir='ltr'><strong>Omnia</strong></span> <span class='ocrx_word' id='word_1_89' title='bbox 451 1251 511 1312; x_wconf 86' lang='lat' dir='ltr'><strong>ista</strong></span> <span class='ocrx_word' id='word_1_90' title='bbox 539 1250 630 1312; x_wconf 89' lang='lat' dir='ltr'><strong>nobis</strong></span> <span class='ocrx_word' id='word_1_91' title='bbox 657 1248 762 1310; x_wconf 87' lang='lat' dir='ltr'><strong>studia</strong></span> <span class='ocrx_word' id='word_1_92' title='bbox 789 1247 829 1309; x_wconf 88' lang='lat' dir='ltr'><strong>de</strong></span> <span class='ocrx_word' id='word_1_93' title='bbox 858 1245 1001 1309; x_wconf 89' lang='lat' dir='ltr'><strong>manibus</strong></span> <span class='ocrx_word' id='word_1_94' title='bbox 1034 1243 1252 1318; x_wconf 80' lang='lat' dir='ltr'><strong>excutiuntur,</strong></span> <span class='ocrx_word' id='word_1_95' title='bbox 1280 1243 1372 1308; x_wconf 90' lang='lat' dir='ltr'><strong>simul</strong></span> <span class='ocrx_word' id='word_1_96' title='bbox 1400 1253 1497 1328; x_wconf 88' lang='lat' dir='ltr'><strong>atque</strong></span> <span class='ocrx_word' id='word_1_97' title='bbox 1525 1244 1633 1326; x_wconf 81' lang='lat' dir='ltr'><strong>aliqui</strong></span> 
     </span>
     <span class='ocr_line' id='line_1_11' title="bbox 275 1337 1634 1421; baseline -0.007 -11"><span class='ocrx_word' id='word_1_98' title='bbox 275 1353 414 1410; x_wconf 80' lang='lat' dir='ltr'><strong>lomotus</strong></span> <span class='ocrx_word' id='word_1_99' title='bbox 436 1364 538 1407; x_wconf 87' lang='lat' dir='ltr'><strong>novus</strong></span> <span class='ocrx_word' id='word_1_100' title='bbox 560 1341 708 1406; x_wconf 88' lang='lat' dir='ltr'><strong>bellicum</strong></span> <span class='ocrx_word' id='word_1_101' title='bbox 731 1360 843 1404; x_wconf 89' lang='lat' dir='ltr'><strong>canere</strong></span> <span class='ocrx_word' id='word_1_102' title='bbox 871 1339 985 1421; x_wconf 80' lang='lat' dir='ltr'><strong>coepit.</strong></span> <span class='ocrx_word' id='word_1_103' title='bbox 1038 1337 1178 1411; x_wconf 84' lang='lat' dir='ltr'><strong>Etenim,</strong></span> <span class='ocrx_word' id='word_1_104' title='bbox 1207 1346 1242 1400; x_wconf 91' lang='lat' dir='ltr'><strong>ut</strong></span> <span class='ocrx_word' id='word_1_105' title='bbox 1262 1340 1307 1402; x_wconf 87' lang='lat' dir='ltr'><strong>ait</strong></span> <span class='ocrx_word' id='word_1_106' title='bbox 1327 1339 1510 1420; x_wconf 75' lang='lat' dir='ltr'><strong>ingeniosus</strong></span> <span class='ocrx_word' id='word_1_107' title='bbox 1533 1345 1634 1421; x_wconf 79' lang='lat' dir='ltr'><strong>polita</strong></span> 
     </span>
     <span class='ocr_line' id='line_1_12' title="bbox 313 1432 1633 1516; baseline -0.008 -12"><span class='ocrx_word' id='word_1_108' title='bbox 313 1448 344 1504; x_wconf 90' lang='lat' dir='ltr'><strong>et</strong></span> <span class='ocrx_word' id='word_1_109' title='bbox 364 1446 474 1502; x_wconf 86' lang='lat' dir='ltr'><strong>auctor</strong></span> <span class='ocrx_word' id='word_1_110' title='bbox 493 1436 586 1499; x_wconf 86' lang='lat' dir='ltr'><strong>valde</strong></span> <span class='ocrx_word' id='word_1_111' title='bbox 607 1435 727 1508; x_wconf 92' lang='lat' dir='ltr'><strong>bonus,</strong></span> <span class='ocrx_word' id='word_1_112' title='bbox 756 1433 886 1516; x_wconf 90' lang='lat' dir='ltr'><strong>proeliis</strong></span> <span class='ocrx_word' id='word_1_113' title='bbox 908 1432 1111 1515; x_wconf 76' lang='lat' dir='ltr'><strong>promulgatis</strong></span> <span class='ocrx_word' id='word_1_114' title='bbox 1134 1433 1258 1512; x_wconf 78' lang='lat' dir='ltr'><strong>pellitur</strong></span> <span class='ocrx_word' id='word_1_115' title='bbox 1278 1453 1293 1495; x_wconf 91' lang='lat' dir='ltr'><strong>e</strong></span> <span class='ocrx_word' id='word_1_116' title='bbox 1314 1433 1408 1496; x_wconf 86' lang='lat' dir='ltr'><strong>medio</strong></span> <span class='ocrx_word' id='word_1_117' title='bbox 1434 1452 1499 1494; x_wconf 91' lang='lat' dir='ltr'><strong>non</strong></span> <span class='ocrx_word' id='word_1_118' title='bbox 1521 1432 1633 1494; x_wconf 88' lang='lat' dir='ltr'><strong>solum</strong></span> 
     </span>
     <span class='ocr_line' id='line_1_13' title="bbox 312 1525 1634 1610; baseline -0.008 -14"><span class='ocrx_word' id='word_1_119' title='bbox 312 1535 372 1596; x_wconf 90' lang='lat' dir='ltr'><strong>ista</strong></span> <span class='ocrx_word' id='word_1_120' title='bbox 401 1537 504 1594; x_wconf 83' lang='lat' dir='ltr'><strong>vestra</strong></span> <span class='ocrx_word' id='word_1_121' title='bbox 532 1529 665 1592; x_wconf 81' lang='lat' dir='ltr'><strong>verbosa</strong></span> <span class='ocrx_word' id='word_1_122' title='bbox 692 1528 849 1592; x_wconf 87' lang='lat' dir='ltr'><strong>simulatio</strong></span> <span class='ocrx_word' id='word_1_123' title='bbox 877 1526 1078 1610; x_wconf 82' lang='lat' dir='ltr'><strong>prudentiae,</strong></span> <span class='ocrx_word' id='word_1_124' title='bbox 1111 1526 1166 1588; x_wconf 91' lang='lat' dir='ltr'><strong>sed</strong></span> <span class='ocrx_word' id='word_1_125' title='bbox 1196 1527 1290 1590; x_wconf 88' lang='lat' dir='ltr'><strong>eliam</strong></span> <span class='ocrx_word' id='word_1_126' title='bbox 1318 1528 1389 1610; x_wconf 88' lang='lat' dir='ltr'><strong>ipsa</strong></span> <span class='ocrx_word' id='word_1_127' title='bbox 1413 1526 1468 1590; x_wconf 92' lang='lat' dir='ltr'><strong>illa</strong></span> <span class='ocrx_word' id='word_1_128' title='bbox 1496 1525 1634 1590; x_wconf 88' lang='lat' dir='ltr'><strong>domina</strong></span> 
     </span>
     <span class='ocr_line' id='line_1_14' title="bbox 247 1621 1633 1704; baseline -0.006 -13"><span class='ocrx_word' id='word_1_129' title='bbox 247 1664 251 1674; x_wconf 90' lang='lat'><strong>·</strong></span> <span class='ocrx_word' id='word_1_130' title='bbox 312 1647 431 1698; x_wconf 90' lang='lat' dir='ltr'><strong>rerum,</strong></span> <span class='ocrx_word' id='word_1_131' title='bbox 453 1624 620 1704; x_wconf 79' lang='lat' dir='ltr'><strong>supientia.-</strong></span> <span class='ocrx_word' id='word_1_132' title='bbox 640 1623 671 1684; x_wconf 82' lang='lat' dir='ltr'><strong>ci</strong></span> <span class='ocrx_word' id='word_1_133' title='bbox 692 1623 808 1704; x_wconf 78' lang='lat' dir='ltr'><strong>peritur</strong></span> <span class='ocrx_word' id='word_1_134' title='bbox 828 1640 893 1683; x_wconf 85' lang='lat' dir='ltr'><strong>ree:</strong></span> <span class='ocrx_word' id='word_1_135' title='bbox 918 1621 1069 1700; x_wconf 81' lang='lat' dir='ltr'><strong>spernitur·</strong></span> <span class='ocrx_word' id='word_1_136' title='bbox 1089 1629 1210 1694; x_wconf 85' lang='lat' dir='ltr'><strong>orator,</strong></span> <span class='ocrx_word' id='word_1_137' title='bbox 1233 1640 1295 1683; x_wconf 95' lang='lat' dir='ltr'><strong>non</strong></span> <span class='ocrx_word' id='word_1_138' title='bbox 1317 1621 1420 1683; x_wconf 91' lang='lat' dir='ltr'><strong>solum</strong></span> <span class='ocrx_word' id='word_1_139' title='bbox 1441 1621 1575 1684; x_wconf 90' lang='lat' dir='ltr'><strong>odiosus</strong></span> <span class='ocrx_word' id='word_1_140' title='bbox 1598 1621 1633 1683; x_wconf 92' lang='lat' dir='ltr'><strong>in</strong></span> 
     </span>
     <span class='ocr_line' id='line_1_15' title="bbox 313 1714 1633 1799; baseline -0.002 -17"><span class='ocrx_word' id='word_1_141' title='bbox 313 1718 447 1782; x_wconf 87' lang='lat' dir='ltr'><strong>dicendo</strong></span> <span class='ocrx_word' id='word_1_142' title='bbox 470 1736 506 1778; x_wconf 89' lang='lat' dir='ltr'><strong>ac</strong></span> <span class='ocrx_word' id='word_1_143' title='bbox 527 1717 665 1799; x_wconf 83' lang='lat' dir='ltr'><strong>loquax,</strong></span> <span class='ocrx_word' id='word_1_144' title='bbox 687 1735 795 1778; x_wconf 80' lang='lat' dir='ltr'><strong>verum</strong></span> <span class='ocrx_word' id='word_1_145' title='bbox 817 1715 909 1778; x_wconf 85' lang='lat' dir='ltr'><strong>etiam</strong></span> <span class='ocrx_word' id='word_1_146' title='bbox 930 1714 1036 1776; x_wconf 80' lang='lat' dir='ltr'><strong>donus:</strong></span> <span class='ocrx_word' id='word_1_147' title='bbox 1059 1714 1199 1778; x_wconf 75' lang='lat' dir='ltr'><strong>horridus</strong></span> <span class='ocrx_word' id='word_1_148' title='bbox 1220 1715 1304 1778; x_wconf 75' lang='lat' dir='ltr'><strong>mdes</strong></span> <span class='ocrx_word' id='word_1_149' title='bbox 1323 1725 1462 1777; x_wconf 83' lang='lat' dir='ltr'><strong>amatur:</strong></span> <span class='ocrx_word' id='word_1_150' title='bbox 1488 1724 1633 1780; x_wconf 84' lang='lat' dir='ltr'><strong>vestrum</strong></span> 
     </span>
     <span class='ocr_line' id='line_1_16' title="bbox 277 1809 1633 1890; baseline -0.004 -15"><span class='ocrx_word' id='word_1_151' title='bbox 277 1824 387 1876; x_wconf 69' lang='lat' dir='ltr'><strong>livero</strong></span> <span class='ocrx_word' id='word_1_152' title='bbox 416 1809 554 1875; x_wconf 90' lang='lat' dir='ltr'><strong>studium</strong></span> <span class='ocrx_word' id='word_1_153' title='bbox 583 1816 684 1876; x_wconf 90' lang='lat' dir='ltr'><strong>totum</strong></span> <span class='ocrx_word' id='word_1_154' title='bbox 710 1811 800 1872; x_wconf 90' lang='lat' dir='ltr'><strong>iacet.</strong></span> <span class='ocrx_word' id='word_1_155' title='bbox 848 1809 915 1872; x_wconf 81' lang='lat' dir='ltr'><strong>Nora</strong></span> <span class='ocrx_word' id='word_1_156' title='bbox 942 1827 980 1869; x_wconf 78' lang='lat' dir='ltr'><strong>ex</strong></span> <span class='ocrx_word' id='word_1_157' title='bbox 1007 1809 1074 1870; x_wconf 86' lang='lat' dir='ltr'><strong>iure</strong></span> <span class='ocrx_word' id='word_1_158' title='bbox 1103 1827 1224 1870; x_wconf 80' lang='lat' dir='ltr'><strong>meeum</strong></span> <span class='ocrx_word' id='word_1_159' title='bbox 1244 1817 1428 1883; x_wconf 81' lang='lat' dir='ltr'><strong>consertum,</strong></span> <span class='ocrx_word' id='word_1_160' title='bbox 1459 1811 1509 1872; x_wconf 84' lang='lat' dir='ltr'><strong>eed</strong></span> <span class='ocrx_word' id='word_1_161' title='bbox 1532 1810 1633 1890; x_wconf 74' lang='lat' dir='ltr'><strong>ferro,</strong></span> 
     </span>
     <span class='ocr_line' id='line_1_17' title="bbox 314 1897 1634 1989; baseline -0.002 -20"><span class='ocrx_word' id='word_1_162' title='bbox 314 1905 432 1989; x_wconf 91' lang='lat' dir='ltr'><strong>inquit,</strong></span> <span class='ocrx_word' id='word_1_163' title='bbox 460 1923 523 1966; x_wconf 87' lang='lat' dir='ltr'><strong>rem</strong></span> <span class='ocrx_word' id='word_1_164' title='bbox 548 1911 691 1984; x_wconf 79' lang='lat' dir='ltr'><strong>repetunt.</strong></span> <span class='ocrx_word' id='word_1_165' title='bbox 736 1901 829 1978; x_wconf 90' lang='lat' dir='ltr'><strong>Quod</strong></span> <span class='ocrx_word' id='word_1_166' title='bbox 851 1904 877 1964; x_wconf 90' lang='lat' dir='ltr'><strong>si</strong></span> <span class='ocrx_word' id='word_1_167' title='bbox 899 1901 943 1964; x_wconf 92' lang='lat' dir='ltr'><strong>ita</strong></span> <span class='ocrx_word' id='word_1_168' title='bbox 963 1899 1159 1989; x_wconf 72' lang='lat' dir='ltr'><strong>cal,(ccdat,</strong></span> <span class='ocrx_word' id='word_1_169' title='bbox 1182 1902 1312 1985; x_wconf 86' lang='lat' dir='ltr'><strong>opinor,</strong></span> <span class='ocrx_word' id='word_1_170' title='bbox 1336 1897 1495 1985; x_wconf 89' lang='lat' dir='ltr'><strong>[Sulpiei,]</strong></span> <span class='ocrx_word' id='word_1_171' title='bbox 1525 1903 1634 1968; x_wconf 81' lang='lat' dir='ltr'><strong>sorum</strong></span> 
     </span>
     <span class='ocr_line' id='line_1_18' title="bbox 113 1994 1482 2154; baseline -0.001 1"><span class='ocrx_word' id='word_1_172' title='bbox 113 2059 228 2136; x_wconf 47' lang='lat' dir='ltr'><strong>e</strong></span> <span class='ocrx_word' id='word_1_173' title='bbox 581 1997 729 2154; x_wconf 74' lang='grc' dir='ltr'><strong>ιιι</strong></span> <span class='ocrx_word' id='word_1_174' title='bbox 864 1994 1482 2152; x_wconf 64' lang='grc' dir='ltr'><strong>ιιιιιιιιιιιιιιι</strong></span> 
     </span>
     <span class='ocr_line' id='line_1_19' title="bbox 423 2113 1632 2166; baseline 0 -12"><span class='ocrx_word' id='word_1_175' title='bbox 423 2113 474 2154; x_wconf 90' lang='lat' dir='ltr'><strong>ma</strong></span> <span class='ocrx_word' id='word_1_176' title='bbox 553 2137 562 2166; x_wconf 98' lang='lat'><strong>,</strong></span> <span class='ocrx_word' id='word_1_177' title='bbox 1403 2134 1411 2150; x_wconf 94' lang='lat'><strong>.</strong></span> <span class='ocrx_word' id='word_1_178' title='bbox 1483 2135 1491 2152; x_wconf 93' lang='lat'><strong>.</strong></span> <span class='ocrx_word' id='word_1_179' title='bbox 1540 2113 1557 2154; x_wconf 86' lang='lat' dir='ltr'><strong>e</strong></span> <span class='ocrx_word' id='word_1_180' title='bbox 1602 2113 1632 2154; x_wconf 90' lang='lat' dir='ltr'><strong>m</strong></span> 
     </span>
     <span class='ocr_line' id='line_1_20' title="bbox 315 2109 1631 2264; baseline -0.003 -14"><span class='ocrx_word' id='word_1_181' title='bbox 315 2114 493 2250; x_wconf 56' lang='lat' dir='ltr'><strong>ppepncm</strong></span> <span class='ocrx_word' id='word_1_182' title='bbox 514 2111 868 2248; x_wconf 56' lang='lat' dir='ltr'><strong>nimiirmpnosqirldslrii)</strong></span> <span class='ocrx_word' id='word_1_183' title='bbox 883 2182 986 2246; x_wconf 81' lang='lat' dir='ltr'><strong>verbis</strong></span> <span class='ocrx_word' id='word_1_184' title='bbox 1009 2201 1121 2264; x_wconf 79' lang='lat' dir='ltr'><strong>magna</strong></span> <span class='ocrx_word' id='word_1_185' title='bbox 1141 2181 1244 2246; x_wconf 85' lang='lat' dir='ltr'><strong>lacere</strong></span> <span class='ocrx_word' id='word_1_186' title='bbox 1257 2109 1454 2246; x_wconf 53' lang='lat' dir='ltr'><strong>demergunt</strong></span> <span class='ocrx_word' id='word_1_187' title='bbox 1467 2191 1499 2248; x_wconf 88' lang='lat' dir='ltr'><strong>et</strong></span> <span class='ocrx_word' id='word_1_188' title='bbox 1513 2185 1631 2248; x_wconf 86' lang='lat' dir='ltr'><strong>oblitos</strong></span> 
     </span>
     <span class='ocr_line' id='line_1_21' title="bbox 277 2275 1630 2359; baseline -0.001 -19"><span class='ocrx_word' id='word_1_189' title='bbox 277 2294 403 2352; x_wconf 77' lang='lat' dir='ltr'><strong>aoesse,</strong></span> <span class='ocrx_word' id='word_1_190' title='bbox 434 2278 553 2342; x_wconf 91' lang='lat' dir='ltr'><strong>bellum</strong></span> <span class='ocrx_word' id='word_1_191' title='bbox 580 2277 659 2342; x_wconf 92' lang='lat' dir='ltr'><strong>illud</strong></span> <span class='ocrx_word' id='word_1_192' title='bbox 688 2296 780 2339; x_wconf 90' lang='lat' dir='ltr'><strong>omne</strong></span> <span class='ocrx_word' id='word_1_193' title='bbox 809 2275 1054 2340; x_wconf 85' lang='lat' dir='ltr'><strong>Mithridaticum</strong></span> <span class='ocrx_word' id='word_1_194' title='bbox 1082 2297 1151 2340; x_wconf 92' lang='lat' dir='ltr'><strong>cum</strong></span> <span class='ocrx_word' id='word_1_195' title='bbox 1180 2275 1370 2340; x_wconf 83' lang='lat' dir='ltr'><strong>mulierculis</strong></span> <span class='ocrx_word' id='word_1_196' title='bbox 1399 2297 1469 2341; x_wconf 89' lang='lat' dir='ltr'><strong>esse</strong></span> <span class='ocrx_word' id='word_1_197' title='bbox 1494 2287 1630 2359; x_wconf 72' lang='lat' dir='ltr'><strong>gestum.</strong></span> 
     </span>
     <span class='ocr_line' id='line_1_22' title="bbox 316 2368 1630 2454; baseline 0 -20"><span class='ocrx_word' id='word_1_198' title='bbox 316 2372 410 2448; x_wconf 87' lang='lat' dir='ltr'><strong>Quod</strong></span> <span class='ocrx_word' id='word_1_199' title='bbox 438 2390 497 2453; x_wconf 78' lang='lat' dir='ltr'><strong>ego</strong></span> <span class='ocrx_word' id='word_1_200' title='bbox 526 2371 620 2454; x_wconf 79' lang='lat' dir='ltr'><strong>longe</strong></span> <span class='ocrx_word' id='word_1_201' title='bbox 646 2391 737 2434; x_wconf 89' lang='lat' dir='ltr'><strong>secus</strong></span> <span class='ocrx_word' id='word_1_202' title='bbox 769 2370 928 2454; x_wconf 83' lang='lat' dir='ltr'><strong>existimo,</strong></span> <span class='ocrx_word' id='word_1_203' title='bbox 959 2369 1098 2443; x_wconf 90' lang='lat' dir='ltr'><strong>iudices,</strong></span> <span class='ocrx_word' id='word_1_204' title='bbox 1131 2368 1233 2452; x_wconf 88' lang='lat' dir='ltr'><strong>deque</strong></span> <span class='ocrx_word' id='word_1_205' title='bbox 1263 2390 1301 2432; x_wconf 92' lang='lat' dir='ltr'><strong>co</strong></span> <span class='ocrx_word' id='word_1_206' title='bbox 1330 2391 1432 2453; x_wconf 85' lang='lat' dir='ltr'><strong>pauca</strong></span> <span class='ocrx_word' id='word_1_207' title='bbox 1460 2371 1630 2444; x_wconf 79' lang='lat' dir='ltr'><strong>disseram3</strong></span> 
     </span>
    </p>

    <p class='ocr_par' dir='ltr' id='par_1_4' title="bbox 316 2464 986 2550">
     <span class='ocr_line' id='line_1_23' title="bbox 316 2464 986 2550; baseline -0.009 -20"><span class='ocrx_word' id='word_1_208' title='bbox 316 2487 420 2550; x_wconf 91' lang='lat' dir='ltr'><strong>neque</strong></span> <span class='ocrx_word' id='word_1_209' title='bbox 442 2465 526 2529; x_wconf 92' lang='lat' dir='ltr'><strong>enim</strong></span> <span class='ocrx_word' id='word_1_210' title='bbox 548 2486 641 2530; x_wconf 86' lang='lat' dir='ltr'><strong>causa</strong></span> <span class='ocrx_word' id='word_1_211' title='bbox 662 2466 694 2528; x_wconf 94' lang='lat' dir='ltr'><strong>in</strong></span> <span class='ocrx_word' id='word_1_212' title='bbox 715 2465 776 2528; x_wconf 91' lang='lat' dir='ltr'><strong>hoc</strong></span> <span class='ocrx_word' id='word_1_213' title='bbox 798 2464 986 2528; x_wconf 90' lang='lat' dir='ltr'><strong>continetur.</strong></span> 
     </span>
    </p>

    <p class='ocr_par' dir='ltr' id='par_1_5' title="bbox 134 2557 1631 3300">
     <span class='ocr_line' id='line_1_24' title="bbox 398 2557 1631 2640; baseline -0.006 -13"><span class='ocrx_word' id='word_1_214' title='bbox 398 2565 477 2626; x_wconf 84' lang='lat' dir='ltr'><strong>Nam</strong></span> <span class='ocrx_word' id='word_1_215' title='bbox 505 2561 533 2624; x_wconf 89' lang='lat' dir='ltr'><strong>si</strong></span> <span class='ocrx_word' id='word_1_216' title='bbox 564 2559 671 2623; x_wconf 86' lang='lat' dir='ltr'><strong>omnia</strong></span> <span class='ocrx_word' id='word_1_217' title='bbox 698 2558 799 2632; x_wconf 85' lang='lat' dir='ltr'><strong>bella,</strong></span> <span class='ocrx_word' id='word_1_218' title='bbox 835 2577 917 2640; x_wconf 91' lang='lat' dir='ltr'><strong>quae</strong></span> <span class='ocrx_word' id='word_1_219' title='bbox 945 2577 1015 2620; x_wconf 88' lang='lat' dir='ltr'><strong>cunr</strong></span> <span class='ocrx_word' id='word_1_220' title='bbox 1044 2558 1169 2621; x_wconf 87' lang='lat' dir='ltr'><strong>Graecis</strong></span> <span class='ocrx_word' id='word_1_221' title='bbox 1197 2559 1365 2640; x_wconf 75' lang='lat' dir='ltr'><strong>gessimus,</strong></span> <span class='ocrx_word' id='word_1_222' title='bbox 1400 2557 1631 2640; x_wconf 85' lang='lat' dir='ltr'><strong>contemnenda</strong></span> 
     </span>
     <span class='ocr_line' id='line_1_25' title="bbox 134 2640 1631 2833; baseline -0.006 -33"><span class='ocrx_word' id='word_1_223' title='bbox 134 2721 241 2800; x_wconf 49' lang='lat' dir='ltr'><strong>,m</strong></span> <span class='ocrx_word' id='word_1_224' title='bbox 280 2640 1631 2833; x_wconf 62' lang='lat' dir='ltr'><strong>.attitulatusultusultus.tutaturus:</strong></span> 
     </span>
     <span class='ocr_line' id='line_1_26' title="bbox 317 2833 1630 2928; baseline -0.005 -22"><span class='ocrx_word' id='word_1_225' title='bbox 317 2845 404 2928; x_wconf 93' lang='lat' dir='ltr'><strong>lippo</strong></span> <span class='ocrx_word' id='word_1_226' title='bbox 427 2843 466 2918; x_wconf 90' lang='lat' dir='ltr'><strong>Q.</strong></span> <span class='ocrx_word' id='word_1_227' title='bbox 488 2841 625 2916; x_wconf 84' lang='lat' dir='ltr'><strong>Metelli,</strong></span> <span class='ocrx_word' id='word_1_228' title='bbox 655 2840 694 2902; x_wconf 88' lang='lat' dir='ltr'><strong>de</strong></span> <span class='ocrx_word' id='word_1_229' title='bbox 717 2839 886 2904; x_wconf 88' lang='lat' dir='ltr'><strong>Corinthiis</strong></span> <span class='ocrx_word' id='word_1_230' title='bbox 911 2839 946 2900; x_wconf 88' lang='lat' dir='ltr'><strong>L.</strong></span> <span class='ocrx_word' id='word_1_231' title='bbox 968 2833 1204 2912; x_wconf 78' lang='lat' dir='ltr'><strong>Mummiitl‘sin</strong></span> <span class='ocrx_word' id='word_1_232' title='bbox 1231 2839 1309 2903; x_wconf 84' lang='lat' dir='ltr'><strong>haec</strong></span> <span class='ocrx_word' id='word_1_233' title='bbox 1336 2840 1420 2904; x_wconf 88' lang='lat' dir='ltr'><strong>bella</strong></span> <span class='ocrx_word' id='word_1_234' title='bbox 1446 2841 1630 2923; x_wconf 75' lang='lat' dir='ltr'><strong>grauissima</strong></span> 
     </span>
     <span class='ocr_line' id='line_1_27' title="bbox 187 2915 1631 3019; baseline -0.008 -12"><span class='ocrx_word' id='word_1_235' title='bbox 187 2915 217 3007; x_wconf 65' lang='grc' dir='ltr'><em>Ζ</em></span> <span class='ocrx_word' id='word_1_236' title='bbox 316 2937 526 3019; x_wconf 84' lang='lat' dir='ltr'><strong>victoriaeque</strong></span> <span class='ocrx_word' id='word_1_237' title='bbox 550 2955 658 2998; x_wconf 86' lang='lat' dir='ltr'><strong>eorum</strong></span> <span class='ocrx_word' id='word_1_238' title='bbox 680 2934 834 2998; x_wconf 89' lang='lat' dir='ltr'><strong>bellorum</strong></span> <span class='ocrx_word' id='word_1_239' title='bbox 856 2933 1046 3019; x_wconf 71' lang='lat' dir='ltr'><strong>gratissimae</strong></span> <span class='ocrx_word' id='word_1_240' title='bbox 1067 2925 1289 3008; x_wconf 83' lang='lat' dir='ltr'><strong>fuerunt,(cur</strong></span> <span class='ocrx_word' id='word_1_241' title='bbox 1309 2934 1465 2998; x_wconf 78' lang='lat' dir='ltr'><strong>Asiaticae</strong></span> <span class='ocrx_word' id='word_1_242' title='bbox 1485 2935 1631 2998; x_wconf 88' lang='lat' dir='ltr'><strong>nationes</strong></span> 
     </span>
     <span class='ocr_line' id='line_1_28' title="bbox 317 3005 1631 3124; baseline -0.005 -29"><span class='ocrx_word' id='word_1_243' title='bbox 317 3041 418 3115; x_wconf 30' lang='lat' dir='ltr'><strong>atque,</strong></span> <span class='ocrx_word' id='word_1_244' title='bbox 433 3030 486 3092; x_wconf 93' lang='lat' dir='ltr'><strong>ille</strong></span> <span class='ocrx_word' id='word_1_245' title='bbox 508 3049 527 3091; x_wconf 89' lang='lat' dir='ltr'><strong>a</strong></span> <span class='ocrx_word' id='word_1_246' title='bbox 548 3035 580 3092; x_wconf 88' lang='lat' dir='ltr'><strong>te</strong></span> <span class='ocrx_word' id='word_1_247' title='bbox 600 3027 701 3092; x_wconf 88' lang='lat' dir='ltr'><strong>hostis</strong></span> <span class='ocrx_word' id='word_1_248' title='bbox 723 3005 953 3124; x_wconf 69' lang='lat' dir='ltr'><strong>contemnitur)</strong></span> <span class='ocrx_word' id='word_1_249' title='bbox 983 3011 1079 3110; x_wconf 71' lang='lat' dir='ltr'><strong>liqui</strong></span> <span class='ocrx_word' id='word_1_250' title='bbox 1095 3047 1134 3090; x_wconf 88' lang='lat' dir='ltr'><strong>ex</strong></span> <span class='ocrx_word' id='word_1_251' title='bbox 1147 3035 1287 3091; x_wconf 84' lang='lat' dir='ltr'><strong>veterum</strong></span> <span class='ocrx_word' id='word_1_252' title='bbox 1301 3047 1404 3091; x_wconf 89' lang='lat' dir='ltr'><strong>rerum</strong></span> <span class='ocrx_word' id='word_1_253' title='bbox 1419 3029 1631 3092; x_wconf 88' lang='lat' dir='ltr'><strong>monumentis</strong></span> 
     </span>
     <span class='ocr_line' id='line_1_29' title="bbox 139 3099 1629 3205; baseline -0.005 -16"><span class='ocrx_word' id='word_1_254' title='bbox 139 3099 232 3166; x_wconf 35' lang='lat'><strong>*43</strong></span> <span class='ocrx_word' id='word_1_255' title='bbox 318 3125 368 3188; x_wconf 82' lang='lat' dir='ltr'><strong>vel</strong></span> <span class='ocrx_word' id='word_1_256' title='bbox 390 3123 560 3186; x_wconf 81' lang='lat' dir='ltr'><strong>maximum</strong></span> <span class='ocrx_word' id='word_1_257' title='bbox 581 3121 699 3184; x_wconf 88' lang='lat' dir='ltr'><strong>bellum</strong></span> <span class='ocrx_word' id='word_1_258' title='bbox 721 3121 873 3205; x_wconf 90' lang='lat' dir='ltr'><strong>populum</strong></span> <span class='ocrx_word' id='word_1_259' title='bbox 895 3121 1068 3184; x_wconf 84' lang='lat' dir='ltr'><strong>Romanum</strong></span> <span class='ocrx_word' id='word_1_260' title='bbox 1090 3141 1161 3184; x_wconf 91' lang='lat' dir='ltr'><strong>cum</strong></span> <span class='ocrx_word' id='word_1_261' title='bbox 1181 3120 1335 3184; x_wconf 81' lang='lat' dir='ltr'><strong>antiocho</strong></span> <span class='ocrx_word' id='word_1_262' title='bbox 1365 3121 1499 3202; x_wconf 80' lang='lat' dir='ltr'><strong>gessisse</strong></span> <span class='ocrx_word' id='word_1_263' title='bbox 1521 3122 1629 3185; x_wconf 81' lang='lat' dir='ltr'><strong>uideo:</strong></span> 
     </span>
     <span class='ocr_line' id='line_1_30' title="bbox 280 3213 1630 3300; baseline 0 -22"><span class='ocrx_word' id='word_1_264' title='bbox 280 3219 406 3283; x_wconf 81' lang='lat' dir='ltr'><strong>eocuius</strong></span> <span class='ocrx_word' id='word_1_265' title='bbox 429 3215 504 3280; x_wconf 89' lang='lat' dir='ltr'><strong>belli</strong></span> <span class='ocrx_word' id='word_1_266' title='bbox 525 3217 621 3279; x_wconf 88' lang='lat' dir='ltr'><strong>victor</strong></span> <span class='ocrx_word' id='word_1_267' title='bbox 642 3216 678 3277; x_wconf 91' lang='lat' dir='ltr'><strong>L.</strong></span> <span class='ocrx_word' id='word_1_268' title='bbox 702 3215 806 3297; x_wconf 91' lang='lat' dir='ltr'><strong>Scipio</strong></span> <span class='ocrx_word' id='word_1_269' title='bbox 827 3215 1032 3298; x_wconf 87' lang='lat' dir='ltr'><strong>aequiparata</strong></span> <span class='ocrx_word' id='word_1_270' title='bbox 1053 3235 1123 3277; x_wconf 90' lang='lat' dir='ltr'><strong>cum</strong></span> <span class='ocrx_word' id='word_1_271' title='bbox 1144 3213 1254 3278; x_wconf 89' lang='lat' dir='ltr'><strong>Publio</strong></span> <span class='ocrx_word' id='word_1_272' title='bbox 1275 3214 1370 3278; x_wconf 79' lang='lat' dir='ltr'><strong>fratre</strong></span> <span class='ocrx_word' id='word_1_273' title='bbox 1391 3215 1506 3297; x_wconf 77' lang='lat' dir='ltr'><strong>gloria,</strong></span> <span class='ocrx_word' id='word_1_274' title='bbox 1535 3237 1630 3300; x_wconf 87' lang='lat' dir='ltr'><strong>quam</strong></span> 
     </span>
    </p>
   </div>
   <div class='ocr_carea' id='block_1_3' title="bbox 316 3520 1635 5096">
    <p class='ocr_par' dir='ltr' id='par_1_6' title="bbox 316 3520 1635 5096">
     <span class='ocr_line' id='line_1_31' title="bbox 382 3520 1631 3589; baseline -0.002 -12"><span class='ocrx_word' id='word_1_275' title='bbox 382 3529 406 3577; x_wconf 88' lang='lat' dir='ltr'><strong>t.</strong></span> <span class='ocrx_word' id='word_1_276' title='bbox 421 3537 499 3589; x_wconf 85' lang='lat' dir='ltr'><strong>parce</strong></span> <span class='ocrx_word' id='word_1_277' title='bbox 515 3538 543 3583; x_wconf 85' lang='grc' dir='ltr'><strong>χ.</strong></span> <span class='ocrx_word' id='word_1_278' title='bbox 564 3549 590 3559; x_wconf 92' lang='grc'>-</span> <span class='ocrx_word' id='word_1_279' title='bbox 610 3522 639 3570; x_wconf 88' lang='lat' dir='ltr'><strong>de</strong></span> <span class='ocrx_word' id='word_1_280' title='bbox 654 3535 694 3571; x_wconf 86' lang='lat' dir='ltr'><strong>me</strong></span> <span class='ocrx_word' id='word_1_281' title='bbox 710 3521 770 3570; x_wconf 83' lang='lat' dir='ltr'><strong>uilril</strong></span> <span class='ocrx_word' id='word_1_282' title='bbox 786 3533 817 3580; x_wconf 90' lang='lat' dir='ltr'><strong>v;</strong></span> <span class='ocrx_word' id='word_1_283' title='bbox 839 3520 900 3570; x_wconf 78' lang='lat' dir='ltr'><strong>nihil</strong></span> <span class='ocrx_word' id='word_1_284' title='bbox 916 3521 946 3570; x_wconf 85' lang='lat' dir='ltr'><strong>cle</strong></span> <span class='ocrx_word' id='word_1_285' title='bbox 961 3533 989 3571; x_wconf 86' lang='lat' dir='ltr'><strong>re</strong></span> <span class='ocrx_word' id='word_1_286' title='bbox 1005 3521 1064 3572; x_wconf 89' lang='lat' dir='ltr'><strong>EC.</strong></span> <span class='ocrx_word' id='word_1_287' title='bbox 1082 3549 1114 3557; x_wconf 90' lang='lat'><em>-</em></span> <span class='ocrx_word' id='word_1_288' title='bbox 1131 3522 1214 3572; x_wconf 86' lang='lat' dir='ltr'><strong>dicum</strong></span> <span class='ocrx_word' id='word_1_289' title='bbox 1231 3523 1259 3572; x_wconf 88' lang='lat' dir='ltr'><strong>G.</strong></span> <span class='ocrx_word' id='word_1_290' title='bbox 1280 3548 1306 3556; x_wconf 96' lang='lat'>—</span> <span class='ocrx_word' id='word_1_291' title='bbox 1326 3521 1350 3572; x_wconf 88' lang='grc'><strong>3.</strong></span> <span class='ocrx_word' id='word_1_292' title='bbox 1369 3523 1417 3572; x_wconf 87' lang='lat' dir='ltr'><strong>siut</strong></span> <span class='ocrx_word' id='word_1_293' title='bbox 1433 3525 1462 3574; x_wconf 86' lang='lat' dir='ltr'><strong>G.</strong></span> <span class='ocrx_word' id='word_1_294' title='bbox 1484 3551 1511 3560; x_wconf 94' lang='lat'><em>-</em></span> <span class='ocrx_word' id='word_1_295' title='bbox 1527 3529 1631 3588; x_wconf 82' lang='lat' dir='ltr'><strong>posauul</strong></span> 
     </span>
     <span class='ocr_line' id='line_1_32' title="bbox 319 3596 1628 3666; baseline -0.001 -14"><span class='ocrx_word' id='word_1_296' title='bbox 319 3602 405 3652; x_wconf 88' lang='lat' dir='ltr'>EGv:</span> <span class='ocrx_word' id='word_1_297' title='bbox 422 3603 519 3664; x_wconf 75' lang='lat' dir='ltr'><strong>posuerit</strong></span> <span class='ocrx_word' id='word_1_298' title='bbox 535 3599 573 3658; x_wconf 81' lang='lat' dir='ltr'><strong>ll,</strong></span> <span class='ocrx_word' id='word_1_299' title='bbox 593 3598 687 3659; x_wconf 84' lang='lat' dir='ltr'><strong>possiet</strong></span> <span class='ocrx_word' id='word_1_300' title='bbox 703 3610 731 3655; x_wconf 83' lang='grc' dir='ltr'><strong>χ.</strong></span> <span class='ocrx_word' id='word_1_301' title='bbox 750 3622 782 3632; x_wconf 85' lang='grc'><strong>-</strong></span> <span class='ocrx_word' id='word_1_302' title='bbox 799 3596 824 3648; x_wconf 81' lang='grc'><strong>7.</strong></span> <span class='ocrx_word' id='word_1_303' title='bbox 842 3597 980 3660; x_wconf 81' lang='lat' dir='ltr'><strong>inlellipuul</strong></span> <span class='ocrx_word' id='word_1_304' title='bbox 996 3599 1049 3646; x_wconf 87' lang='lat' dir='ltr'><strong>Gv.</strong></span> <span class='ocrx_word' id='word_1_305' title='bbox 1065 3624 1090 3632; x_wconf 89' lang='lat'><strong>—</strong></span> <span class='ocrx_word' id='word_1_306' title='bbox 1111 3598 1135 3648; x_wconf 89' lang='lat'><strong>8.</strong></span> <span class='ocrx_word' id='word_1_307' title='bbox 1154 3597 1186 3647; x_wconf 82' lang='lat' dir='ltr'><strong>ab</strong></span> <span class='ocrx_word' id='word_1_308' title='bbox 1202 3599 1294 3648; x_wconf 77' lang='lat' dir='ltr'><strong>umere</strong></span> <span class='ocrx_word' id='word_1_309' title='bbox 1310 3599 1451 3660; x_wconf 72' lang='lat' dir='ltr'><strong>llSTzv,</strong></span> <span class='ocrx_word' id='word_1_310' title='bbox 1470 3602 1495 3652; x_wconf 80' lang='lat' dir='ltr'><strong>ll</strong></span> <span class='ocrx_word' id='word_1_311' title='bbox 1511 3614 1569 3666; x_wconf 88' lang='lat' dir='ltr'><strong>sup.</strong></span> <span class='ocrx_word' id='word_1_312' title='bbox 1584 3601 1628 3652; x_wconf 90' lang='lat' dir='ltr'><strong>lin.</strong></span> 
     </span>
     <span class='ocr_line' id='line_1_33' title="bbox 320 3672 1632 3742; baseline 0.002 -17"><span class='ocrx_word' id='word_1_313' title='bbox 320 3703 345 3710; x_wconf 81' lang='lat'>-</span> <span class='ocrx_word' id='word_1_314' title='bbox 365 3675 498 3739; x_wconf 56' lang='lat' dir='ltr'><strong>&amp;perulis</strong></span> <span class='ocrx_word' id='word_1_315' title='bbox 515 3676 548 3733; x_wconf 86' lang='lat' dir='ltr'><strong>G;</strong></span> <span class='ocrx_word' id='word_1_316' title='bbox 567 3673 680 3735; x_wconf 86' lang='lat' dir='ltr'><strong>depositis</strong></span> <span class='ocrx_word' id='word_1_317' title='bbox 696 3672 789 3732; x_wconf 82' lang='lat' dir='ltr'><strong>Eltv,</strong></span> <span class='ocrx_word' id='word_1_318' title='bbox 808 3673 823 3722; x_wconf 84' lang='lat'>6</span> <span class='ocrx_word' id='word_1_319' title='bbox 840 3673 918 3732; x_wconf 87' lang='grc' dir='ltr'><strong>οιι.,</strong></span> <span class='ocrx_word' id='word_1_320' title='bbox 937 3675 995 3724; x_wconf 84' lang='lat' dir='ltr'><strong>Par.</strong></span> <span class='ocrx_word' id='word_1_321' title='bbox 1014 3673 1037 3724; x_wconf 83' lang='lat' dir='ltr'><strong>l.</strong></span> <span class='ocrx_word' id='word_1_322' title='bbox 1056 3673 1085 3732; x_wconf 88' lang='lat'><strong>8,</strong></span> <span class='ocrx_word' id='word_1_323' title='bbox 1104 3674 1176 3736; x_wconf 88' lang='lat' dir='ltr'><strong>qnod</strong></span> <span class='ocrx_word' id='word_1_324' title='bbox 1193 3673 1320 3724; x_wconf 89' lang='lat' dir='ltr'><strong>mendum</strong></span> <span class='ocrx_word' id='word_1_325' title='bbox 1337 3688 1369 3724; x_wconf 88' lang='lat' dir='ltr'><strong>ex</strong></span> <span class='ocrx_word' id='word_1_326' title='bbox 1386 3673 1497 3727; x_wconf 88' lang='lat' dir='ltr'><strong>lectione</strong></span> <span class='ocrx_word' id='word_1_327' title='bbox 1513 3679 1632 3742; x_wconf 78' lang='lat' dir='ltr'><strong>adpositis</strong></span> 
     </span>
     <span class='ocr_line' id='line_1_34' title="bbox 317 3747 1629 3814; baseline 0 -12"><span class='ocrx_word' id='word_1_328' title='bbox 317 3753 404 3802; x_wconf 91' lang='lat' dir='ltr'><strong>crtum</strong></span> <span class='ocrx_word' id='word_1_329' title='bbox 429 3751 548 3810; x_wconf 86' lang='lat' dir='ltr'><strong>videtur,</strong></span> <span class='ocrx_word' id='word_1_330' title='bbox 572 3760 765 3812; x_wconf 85' lang='lat' dir='ltr'><strong>quamverum</strong></span> <span class='ocrx_word' id='word_1_331' title='bbox 786 3760 847 3797; x_wconf 90' lang='lat' dir='ltr'><strong>cum</strong></span> <span class='ocrx_word' id='word_1_332' title='bbox 870 3747 961 3800; x_wconf 88' lang='lat' dir='ltr'><strong>Lamb.</strong></span> <span class='ocrx_word' id='word_1_333' title='bbox 980 3748 1076 3798; x_wconf 87' lang='lat' dir='ltr'><strong>habeo.</strong></span> <span class='ocrx_word' id='word_1_334' title='bbox 1101 3777 1127 3786; x_wconf 93' lang='lat'>-</span> <span class='ocrx_word' id='word_1_335' title='bbox 1151 3750 1297 3810; x_wconf 82' lang='lat' dir='ltr'><strong>cuiusquam</strong></span> <span class='ocrx_word' id='word_1_336' title='bbox 1314 3752 1343 3800; x_wconf 90' lang='lat' dir='ltr'><strong>G.</strong></span> <span class='ocrx_word' id='word_1_337' title='bbox 1365 3779 1398 3788; x_wconf 93' lang='lat'>—</span> <span class='ocrx_word' id='word_1_338' title='bbox 1420 3751 1443 3801; x_wconf 82' lang='grc'><strong>9.</strong></span> <span class='ocrx_word' id='word_1_339' title='bbox 1463 3752 1555 3814; x_wconf 74' lang='lat' dir='ltr'><strong>clipeus</strong></span> <span class='ocrx_word' id='word_1_340' title='bbox 1569 3755 1629 3814; x_wconf 78' lang='lat' dir='ltr'><strong>ltu,</strong></span> 
     </span>
     <span class='ocr_line' id='line_1_35' title="bbox 318 3823 1631 3890; baseline 0.001 -13"><span class='ocrx_word' id='word_1_341' title='bbox 318 3829 379 3890; x_wconf 78' lang='lat' dir='ltr'><strong>Lag.</strong></span> <span class='ocrx_word' id='word_1_342' title='bbox 398 3827 413 3875; x_wconf 82' lang='grc'><strong>9</strong></span> <span class='ocrx_word' id='word_1_343' title='bbox 430 3824 478 3876; x_wconf 88' lang='lat' dir='ltr'><strong>soli</strong></span> <span class='ocrx_word' id='word_1_344' title='bbox 496 3839 529 3876; x_wconf 83' lang='lat' dir='ltr'><strong>ex</strong></span> <span class='ocrx_word' id='word_1_345' title='bbox 545 3825 622 3875; x_wconf 87' lang='lat' dir='ltr'><strong>notis.</strong></span> <span class='ocrx_word' id='word_1_346' title='bbox 637 3849 663 3858; x_wconf 92' lang='lat'><strong>—-</strong></span> <span class='ocrx_word' id='word_1_347' title='bbox 684 3824 723 3874; x_wconf 85' lang='lat' dir='ltr'><strong>ld.</strong></span> <span class='ocrx_word' id='word_1_348' title='bbox 741 3837 819 3873; x_wconf 84' lang='lat' dir='ltr'><strong>uouos</strong></span> <span class='ocrx_word' id='word_1_349' title='bbox 835 3823 884 3874; x_wconf 84' lang='lat' dir='ltr'><strong>EG</strong></span> <span class='ocrx_word' id='word_1_350' title='bbox 893 3839 911 3883; x_wconf 86' lang='grc' dir='ltr'><strong>χ</strong></span> <span class='ocrx_word' id='word_1_351' title='bbox 929 3827 987 3876; x_wconf 89' lang='lat' dir='ltr'><strong>Par.</strong></span> <span class='ocrx_word' id='word_1_352' title='bbox 1001 3823 1025 3875; x_wconf 86' lang='lat' dir='ltr'><strong>l.</strong></span> <span class='ocrx_word' id='word_1_353' title='bbox 1038 3825 1061 3875; x_wconf 86' lang='grc'><strong>8.</strong></span> <span class='ocrx_word' id='word_1_354' title='bbox 1076 3825 1104 3888; x_wconf 80' lang='grc'><strong>9;</strong></span> <span class='ocrx_word' id='word_1_355' title='bbox 1119 3838 1166 3888; x_wconf 86' lang='lat' dir='ltr'><strong>per</strong></span> <span class='ocrx_word' id='word_1_356' title='bbox 1182 3823 1298 3875; x_wconf 80' lang='lat' dir='ltr'><strong>tubicines</strong></span> <span class='ocrx_word' id='word_1_357' title='bbox 1313 3837 1344 3886; x_wconf 87' lang='lat' dir='ltr'><strong>v,</strong></span> <span class='ocrx_word' id='word_1_358' title='bbox 1362 3839 1440 3876; x_wconf 77' lang='lat' dir='ltr'><strong>nouos</strong></span> <span class='ocrx_word' id='word_1_359' title='bbox 1451 3841 1499 3890; x_wconf 85' lang='lat' dir='ltr'><strong>per</strong></span> <span class='ocrx_word' id='word_1_360' title='bbox 1515 3829 1631 3880; x_wconf 75' lang='lat' dir='ltr'><strong>tubicines</strong></span> 
     </span>
     <span class='ocr_line' id='line_1_36' title="bbox 319 3899 1629 3963; baseline -0.001 -10"><span class='ocrx_word' id='word_1_361' title='bbox 319 3905 375 3953; x_wconf 81' lang='lat' dir='ltr'><strong>Par.</strong></span> <span class='ocrx_word' id='word_1_362' title='bbox 395 3902 418 3952; x_wconf 79' lang='lat' dir='ltr'><strong>l.</strong></span> <span class='ocrx_word' id='word_1_363' title='bbox 439 3927 465 3936; x_wconf 82' lang='lat'>-</span> <span class='ocrx_word' id='word_1_364' title='bbox 486 3900 525 3951; x_wconf 90' lang='lat' dir='ltr'><strong>ll.</strong></span> <span class='ocrx_word' id='word_1_365' title='bbox 541 3900 621 3963; x_wconf 87' lang='lat' dir='ltr'><strong>proel.</strong></span> <span class='ocrx_word' id='word_1_366' title='bbox 637 3911 719 3962; x_wconf 73' lang='lat' dir='ltr'><strong>prosu.</strong></span> <span class='ocrx_word' id='word_1_367' title='bbox 738 3912 791 3950; x_wconf 93' lang='lat' dir='ltr'><strong>om.</strong></span> <span class='ocrx_word' id='word_1_368' title='bbox 810 3914 838 3959; x_wconf 88' lang='grc' dir='ltr'><strong>χ.</strong></span> <span class='ocrx_word' id='word_1_369' title='bbox 854 3927 881 3937; x_wconf 84' lang='grc'><strong>-</strong></span> <span class='ocrx_word' id='word_1_370' title='bbox 896 3901 997 3962; x_wconf 82' lang='lat' dir='ltr'><strong>pellitur</strong></span> <span class='ocrx_word' id='word_1_371' title='bbox 1013 3902 1050 3962; x_wconf 82' lang='lat' dir='ltr'><strong>u,</strong></span> <span class='ocrx_word' id='word_1_372' title='bbox 1070 3901 1130 3951; x_wconf 92' lang='lat' dir='ltr'><strong>cod.</strong></span> <span class='ocrx_word' id='word_1_373' title='bbox 1148 3899 1253 3961; x_wconf 66' lang='lat' dir='ltr'><strong>Lamo,</strong></span> <span class='ocrx_word' id='word_1_374' title='bbox 1271 3903 1329 3951; x_wconf 89' lang='lat' dir='ltr'><strong>Par.</strong></span> <span class='ocrx_word' id='word_1_375' title='bbox 1348 3902 1378 3962; x_wconf 82' lang='lat'><strong>9,</strong></span> <span class='ocrx_word' id='word_1_376' title='bbox 1397 3899 1492 3952; x_wconf 84' lang='lat' dir='ltr'><strong>Gellius</strong></span> <span class='ocrx_word' id='word_1_377' title='bbox 1508 3903 1565 3962; x_wconf 75' lang='lat' dir='ltr'><strong>xx,</strong></span> <span class='ocrx_word' id='word_1_378' title='bbox 1583 3905 1629 3954; x_wconf 78' lang='lat'><strong>20:</strong></span> 
     </span>
     <span class='ocr_line' id='line_1_37' title="bbox 316 3973 1632 4040; baseline 0.002 -13"><span class='ocrx_word' id='word_1_379' title='bbox 316 3977 442 4040; x_wconf 80' lang='lat' dir='ltr'><strong>repellitur</strong></span> <span class='ocrx_word' id='word_1_380' title='bbox 459 3977 520 4040; x_wconf 81' lang='lat' dir='ltr'><strong>Lag.</strong></span> <span class='ocrx_word' id='word_1_381' title='bbox 538 3976 568 4038; x_wconf 84' lang='grc'><strong>9,</strong></span> <span class='ocrx_word' id='word_1_382' title='bbox 587 3973 692 4025; x_wconf 84' lang='lat' dir='ltr'><strong>bellulur</strong></span> <span class='ocrx_word' id='word_1_383' title='bbox 707 3977 741 4036; x_wconf 89' lang='lat' dir='ltr'><strong>G,</strong></span> <span class='ocrx_word' id='word_1_384' title='bbox 760 3975 854 4026; x_wconf 84' lang='lat' dir='ltr'><strong>tollitur</strong></span> <span class='ocrx_word' id='word_1_385' title='bbox 871 3977 928 4038; x_wconf 89' lang='grc' dir='ltr'><strong>Ειι,</strong></span> <span class='ocrx_word' id='word_1_386' title='bbox 947 3977 1062 4036; x_wconf 71' lang='lat' dir='ltr'><strong>arara,</strong></span> <span class='ocrx_word' id='word_1_387' title='bbox 1080 3974 1136 4026; x_wconf 89' lang='lat' dir='ltr'><strong>rell.</strong></span> <span class='ocrx_word' id='word_1_388' title='bbox 1154 3976 1232 4040; x_wconf 75' lang='lat' dir='ltr'><strong>legg.</strong></span> <span class='ocrx_word' id='word_1_389' title='bbox 1254 4005 1280 4014; x_wconf 93' lang='lat'>-</span> <span class='ocrx_word' id='word_1_390' title='bbox 1300 3977 1339 4026; x_wconf 69' lang='lat' dir='ltr'><strong>li.</strong></span> <span class='ocrx_word' id='word_1_391' title='bbox 1358 3983 1445 4028; x_wconf 80' lang='lat' dir='ltr'><strong>ecura</strong></span> <span class='ocrx_word' id='word_1_392' title='bbox 1461 3992 1486 4028; x_wconf 89' lang='grc' dir='ltr'><strong>ι.</strong></span> <span class='ocrx_word' id='word_1_393' title='bbox 1498 4006 1531 4016; x_wconf 92' lang='grc'>-</span> <span class='ocrx_word' id='word_1_394' title='bbox 1548 3979 1588 4030; x_wconf 78' lang='lat' dir='ltr'><strong>ta.</strong></span> <span class='ocrx_word' id='word_1_395' title='bbox 1606 3981 1632 4030; x_wconf 90' lang='lat' dir='ltr'><strong>ui</strong></span> 
     </span>
     <span class='ocr_line' id='line_1_38' title="bbox 318 4048 1630 4117; baseline 0.004 -14"><span class='ocrx_word' id='word_1_396' title='bbox 318 4054 414 4116; x_wconf 76' lang='lat' dir='ltr'><strong>peritur</strong></span> <span class='ocrx_word' id='word_1_397' title='bbox 429 4064 481 4101; x_wconf 82' lang='lat' dir='ltr'><strong>ree:</strong></span> <span class='ocrx_word' id='word_1_398' title='bbox 499 4051 625 4113; x_wconf 70' lang='lat' dir='ltr'><strong>speeiem</strong></span> <span class='ocrx_word' id='word_1_399' title='bbox 640 4049 718 4100; x_wconf 87' lang='lat' dir='ltr'><strong>codd.</strong></span> <span class='ocrx_word' id='word_1_400' title='bbox 738 4048 825 4100; x_wconf 89' lang='lat' dir='ltr'><strong>Gellii:</strong></span> <span class='ocrx_word' id='word_1_401' title='bbox 842 4051 869 4100; x_wconf 89' lang='lat' dir='ltr'><strong>ui</strong></span> <span class='ocrx_word' id='word_1_402' title='bbox 884 4052 980 4115; x_wconf 72' lang='lat' dir='ltr'><strong>peritur</strong></span> <span class='ocrx_word' id='word_1_403' title='bbox 995 4065 1035 4102; x_wconf 85' lang='lat' dir='ltr'><strong>res</strong></span> <span class='ocrx_word' id='word_1_404' title='bbox 1050 4051 1178 4113; x_wconf 80' lang='lat' dir='ltr'><strong>repellitur</strong></span> <span class='ocrx_word' id='word_1_405' title='bbox 1193 4065 1221 4110; x_wconf 84' lang='lat' dir='ltr'><strong>v,</strong></span> <span class='ocrx_word' id='word_1_406' title='bbox 1243 4051 1340 4102; x_wconf 70' lang='lat' dir='ltr'><strong>uiduus</strong></span> <span class='ocrx_word' id='word_1_407' title='bbox 1355 4054 1439 4116; x_wconf 85' lang='lat' dir='ltr'><strong>respui</strong></span> <span class='ocrx_word' id='word_1_408' title='bbox 1454 4056 1580 4116; x_wconf 70' lang='lat' dir='ltr'><strong>meruitur</strong></span> <span class='ocrx_word' id='word_1_409' title='bbox 1595 4057 1630 4117; x_wconf 77' lang='lat' dir='ltr'><strong>ll,</strong></span> 
     </span>
     <span class='ocr_line' id='line_1_39' title="bbox 317 4125 1630 4194; baseline 0.003 -17"><span class='ocrx_word' id='word_1_410' title='bbox 317 4129 414 4177; x_wconf 88' lang='lat' dir='ltr'><strong>uidetur</strong></span> <span class='ocrx_word' id='word_1_411' title='bbox 430 4129 554 4190; x_wconf 80' lang='lat' dir='ltr'><strong>respuitur</strong></span> <span class='ocrx_word' id='word_1_412' title='bbox 571 4128 605 4188; x_wconf 87' lang='lat' dir='ltr'><strong>G,</strong></span> <span class='ocrx_word' id='word_1_413' title='bbox 622 4126 720 4176; x_wconf 85' lang='lat' dir='ltr'><strong>videtur</strong></span> <span class='ocrx_word' id='word_1_414' title='bbox 736 4125 846 4188; x_wconf 72' lang='lat' dir='ltr'><strong>resperni</strong></span> <span class='ocrx_word' id='word_1_415' title='bbox 862 4127 881 4176; x_wconf 87' lang='lat' dir='ltr'>E</span> <span class='ocrx_word' id='word_1_416' title='bbox 892 4127 911 4176; x_wconf 91' lang='lat' dir='ltr'>C</span> <span class='ocrx_word' id='word_1_417' title='bbox 921 4129 965 4186; x_wconf 71' lang='grc' dir='ltr'><strong>εχ</strong></span> <span class='ocrx_word' id='word_1_418' title='bbox 983 4127 1020 4188; x_wconf 90' lang='lat' dir='ltr'><strong>(ul</strong></span> <span class='ocrx_word' id='word_1_419' title='bbox 1031 4127 1078 4177; x_wconf 87' lang='lat' dir='ltr'><strong>EG</strong></span> <span class='ocrx_word' id='word_1_420' title='bbox 1088 4127 1107 4177; x_wconf 94' lang='lat' dir='ltr'>C</span> <span class='ocrx_word' id='word_1_421' title='bbox 1116 4128 1133 4175; x_wconf 90' lang='lat' dir='ltr'>S</span> <span class='ocrx_word' id='word_1_422' title='bbox 1141 4140 1174 4187; x_wconf 80' lang='grc' dir='ltr'><strong>χ,</strong></span> <span class='ocrx_word' id='word_1_423' title='bbox 1193 4125 1293 4177; x_wconf 89' lang='lat' dir='ltr'><strong>habent</strong></span> <span class='ocrx_word' id='word_1_424' title='bbox 1309 4127 1387 4177; x_wconf 86' lang='lat' dir='ltr'><strong>eliam</strong></span> <span class='ocrx_word' id='word_1_425' title='bbox 1404 4125 1524 4192; x_wconf 80' lang='lat' dir='ltr'><strong>plerique</strong></span> <span class='ocrx_word' id='word_1_426' title='bbox 1542 4131 1630 4194; x_wconf 76' lang='lat' dir='ltr'><strong>legg..</strong></span> 
     </span>
     <span class='ocr_line' id='line_1_40' title="bbox 320 4200 1630 4267; baseline 0.002 -16"><span class='ocrx_word' id='word_1_427' title='bbox 320 4203 363 4267; x_wconf 90' lang='lat' dir='ltr'><strong>qui</strong></span> <span class='ocrx_word' id='word_1_428' title='bbox 382 4214 474 4251; x_wconf 86' lang='lat' dir='ltr'><strong>omnes</strong></span> <span class='ocrx_word' id='word_1_429' title='bbox 491 4201 518 4251; x_wconf 93' lang='lat' dir='ltr'><strong>h.</strong></span> <span class='ocrx_word' id='word_1_430' title='bbox 538 4200 554 4251; x_wconf 93' lang='lat' dir='ltr'><strong>l.</strong></span> <span class='ocrx_word' id='word_1_431' title='bbox 574 4200 690 4264; x_wconf 87' lang='lat' dir='ltr'><strong>corrupti</strong></span> <span class='ocrx_word' id='word_1_432' title='bbox 708 4200 786 4262; x_wconf 83' lang='lat' dir='ltr'><strong>suut).</strong></span> <span class='ocrx_word' id='word_1_433' title='bbox 810 4225 836 4235; x_wconf 90' lang='lat'><em>-</em></span> <span class='ocrx_word' id='word_1_434' title='bbox 864 4200 903 4252; x_wconf 84' lang='lat' dir='ltr'><strong>tt.</strong></span> <span class='ocrx_word' id='word_1_435' title='bbox 922 4201 998 4252; x_wconf 77' lang='lat' dir='ltr'><strong>bouus</strong></span> <span class='ocrx_word' id='word_1_436' title='bbox 1009 4226 1045 4238; x_wconf 90' lang='lat'><strong>--</strong></span> <span class='ocrx_word' id='word_1_437' title='bbox 1056 4202 1119 4251; x_wconf 84' lang='lat' dir='ltr'><strong>iacet</strong></span> <span class='ocrx_word' id='word_1_438' title='bbox 1139 4213 1193 4250; x_wconf 90' lang='lat' dir='ltr'><strong>om.</strong></span> <span class='ocrx_word' id='word_1_439' title='bbox 1212 4203 1240 4251; x_wconf 89' lang='lat' dir='ltr'><strong>G.</strong></span> <span class='ocrx_word' id='word_1_440' title='bbox 1268 4228 1294 4238; x_wconf 89' lang='lat'><em>-</em></span> <span class='ocrx_word' id='word_1_441' title='bbox 1318 4201 1394 4252; x_wconf 81' lang='lat' dir='ltr'><strong>loeus</strong></span> <span class='ocrx_word' id='word_1_442' title='bbox 1413 4208 1437 4252; x_wconf 87' lang='lat' dir='ltr'><strong>el</strong></span> <span class='ocrx_word' id='word_1_443' title='bbox 1456 4205 1525 4256; x_wconf 65' lang='lat' dir='ltr'><strong>lom.</strong></span> <span class='ocrx_word' id='word_1_444' title='bbox 1549 4221 1576 4264; x_wconf 81' lang='grc' dir='ltr'><strong>χ.</strong></span> <span class='ocrx_word' id='word_1_445' title='bbox 1603 4233 1630 4241; x_wconf 81' lang='lat'><strong>·-</strong></span> 
     </span>
     <span class='ocr_line' id='line_1_41' title="bbox 318 4273 1630 4341; baseline 0.004 -14"><span class='ocrx_word' id='word_1_446' title='bbox 318 4276 422 4327; x_wconf 77' lang='lat' dir='ltr'><strong>lomidu</strong></span> <span class='ocrx_word' id='word_1_447' title='bbox 438 4277 465 4326; x_wconf 83' lang='lat' dir='ltr'><strong>l..</strong></span> <span class='ocrx_word' id='word_1_448' title='bbox 485 4301 514 4312; x_wconf 92' lang='lat'><strong>·-</strong></span> <span class='ocrx_word' id='word_1_449' title='bbox 533 4273 573 4326; x_wconf 80' lang='lat' dir='ltr'><strong>tt.</strong></span> <span class='ocrx_word' id='word_1_450' title='bbox 590 4289 695 4325; x_wconf 83' lang='lat' dir='ltr'><strong>manum</strong></span> <span class='ocrx_word' id='word_1_451' title='bbox 711 4277 772 4337; x_wconf 83' lang='lat' dir='ltr'><strong>GL,</strong></span> <span class='ocrx_word' id='word_1_452' title='bbox 792 4277 851 4339; x_wconf 77' lang='lat' dir='ltr'><strong>Lag.</strong></span> <span class='ocrx_word' id='word_1_453' title='bbox 872 4278 917 4326; x_wconf 84' lang='lat'><strong>65:</strong></span> <span class='ocrx_word' id='word_1_454' title='bbox 934 4291 1013 4327; x_wconf 82' lang='lat' dir='ltr'><strong>mauu</strong></span> <span class='ocrx_word' id='word_1_455' title='bbox 1029 4277 1121 4338; x_wconf 84' lang='lat' dir='ltr'><strong>Ellv,</strong></span> <span class='ocrx_word' id='word_1_456' title='bbox 1140 4277 1218 4339; x_wconf 82' lang='lat' dir='ltr'><strong>lagg.</strong></span> <span class='ocrx_word' id='word_1_457' title='bbox 1237 4273 1309 4338; x_wconf 84' lang='lat' dir='ltr'><strong>rell,</strong></span> <span class='ocrx_word' id='word_1_458' title='bbox 1327 4276 1356 4326; x_wconf 90' lang='lat'><strong>0.</strong></span> <span class='ocrx_word' id='word_1_459' title='bbox 1372 4304 1397 4313; x_wconf 95' lang='lat'><em>-</em></span> <span class='ocrx_word' id='word_1_460' title='bbox 1410 4279 1452 4328; x_wconf 82' lang='lat' dir='ltr'><strong>sed</strong></span> <span class='ocrx_word' id='word_1_461' title='bbox 1466 4279 1534 4341; x_wconf 72' lang='lat' dir='ltr'><strong>ferro</strong></span> <span class='ocrx_word' id='word_1_462' title='bbox 1551 4281 1630 4332; x_wconf 84' lang='lat' dir='ltr'><strong>codd.</strong></span> 
     </span>
     <span class='ocr_line' id='line_1_42' title="bbox 319 4349 1633 4418; baseline 0.003 -16"><span class='ocrx_word' id='word_1_463' title='bbox 319 4349 438 4402; x_wconf 87' lang='lat' dir='ltr'><strong>Tulliani:</strong></span> <span class='ocrx_word' id='word_1_464' title='bbox 457 4351 499 4400; x_wconf 84' lang='lat' dir='ltr'><strong>aed</strong></span> <span class='ocrx_word' id='word_1_465' title='bbox 513 4351 594 4414; x_wconf 74' lang='lat' dir='ltr'><strong>mupis</strong></span> <span class='ocrx_word' id='word_1_466' title='bbox 608 4350 677 4414; x_wconf 74' lang='lat' dir='ltr'><strong>[erro</strong></span> <span class='ocrx_word' id='word_1_467' title='bbox 694 4349 752 4400; x_wconf 93' lang='lat' dir='ltr'><strong>cod.</strong></span> <span class='ocrx_word' id='word_1_468' title='bbox 772 4351 863 4402; x_wconf 85' lang='lat' dir='ltr'><strong>Franc.</strong></span> <span class='ocrx_word' id='word_1_469' title='bbox 882 4350 967 4412; x_wconf 90' lang='lat' dir='ltr'><strong>solus;</strong></span> <span class='ocrx_word' id='word_1_470' title='bbox 985 4351 1027 4402; x_wconf 84' lang='lat' dir='ltr'><strong>sed</strong></span> <span class='ocrx_word' id='word_1_471' title='bbox 1042 4352 1196 4416; x_wconf 68' lang='lat' dir='ltr'><strong>mucescere</strong></span> <span class='ocrx_word' id='word_1_472' title='bbox 1214 4350 1274 4400; x_wconf 88' lang='lat' dir='ltr'><strong>edd.</strong></span> <span class='ocrx_word' id='word_1_473' title='bbox 1294 4353 1354 4415; x_wconf 85' lang='lat' dir='ltr'><strong>post</strong></span> <span class='ocrx_word' id='word_1_474' title='bbox 1365 4352 1475 4415; x_wconf 81' lang='lat' dir='ltr'><strong>llervag.</strong></span> <span class='ocrx_word' id='word_1_475' title='bbox 1489 4353 1633 4418; x_wconf 85' lang='lat' dir='ltr'><strong>pleraeque</strong></span> 
     </span>
     <span class='ocr_line' id='line_1_43' title="bbox 320 4424 1631 4490; baseline 0.002 -12"><span class='ocrx_word' id='word_1_476' title='bbox 320 4441 352 4478; x_wconf 85' lang='lat' dir='ltr'><strong>ex</strong></span> <span class='ocrx_word' id='word_1_477' title='bbox 369 4425 464 4486; x_wconf 73' lang='lat' dir='ltr'><strong>Gellio,</strong></span> <span class='ocrx_word' id='word_1_478' title='bbox 484 4427 503 4476; x_wconf 91' lang='lat'>0</span> <span class='ocrx_word' id='word_1_479' title='bbox 519 4438 594 4489; x_wconf 67' lang='lat' dir='ltr'><strong>maye</strong></span> <span class='ocrx_word' id='word_1_480' title='bbox 609 4425 712 4476; x_wconf 90' lang='lat' dir='ltr'><strong>uncinis</strong></span> <span class='ocrx_word' id='word_1_481' title='bbox 730 4424 841 4476; x_wconf 86' lang='lat' dir='ltr'><strong>inclusit.</strong></span> <span class='ocrx_word' id='word_1_482' title='bbox 854 4454 887 4463; x_wconf 92' lang='lat'><strong>—-</strong></span> <span class='ocrx_word' id='word_1_483' title='bbox 898 4428 937 4478; x_wconf 84' lang='grc'><strong>46.</strong></span> <span class='ocrx_word' id='word_1_484' title='bbox 956 4426 1051 4489; x_wconf 86' lang='lat' dir='ltr'><strong>Sulpici</strong></span> <span class='ocrx_word' id='word_1_485' title='bbox 1067 4439 1120 4478; x_wconf 90' lang='lat' dir='ltr'><strong>om.</strong></span> <span class='ocrx_word' id='word_1_486' title='bbox 1139 4429 1168 4475; x_wconf 84' lang='lat' dir='ltr'><strong>G.</strong></span> <span class='ocrx_word' id='word_1_487' title='bbox 1183 4450 1210 4461; x_wconf 94' lang='lat'><em>-</em></span> <span class='ocrx_word' id='word_1_488' title='bbox 1225 4425 1265 4476; x_wconf 85' lang='grc'><strong>48.</strong></span> <span class='ocrx_word' id='word_1_489' title='bbox 1283 4425 1330 4490; x_wconf 84' lang='lat' dir='ltr'><strong>res]</strong></span> <span class='ocrx_word' id='word_1_490' title='bbox 1347 4439 1391 4476; x_wconf 82' lang='lat' dir='ltr'><strong>ure</strong></span> <span class='ocrx_word' id='word_1_491' title='bbox 1406 4427 1459 4489; x_wconf 83' lang='lat' dir='ltr'><strong>SL,</strong></span> <span class='ocrx_word' id='word_1_492' title='bbox 1478 4429 1537 4478; x_wconf 86' lang='lat' dir='ltr'><strong>tort.</strong></span> <span class='ocrx_word' id='word_1_493' title='bbox 1549 4433 1631 4481; x_wconf 85' lang='lat' dir='ltr'><strong>recte.</strong></span> 
     </span>
     <span class='ocr_line' id='line_1_44' title="bbox 322 4501 1631 4568; baseline 0.001 -15"><span class='ocrx_word' id='word_1_494' title='bbox 322 4531 348 4540; x_wconf 90' lang='lat'>—</span> <span class='ocrx_word' id='word_1_495' title='bbox 369 4503 408 4553; x_wconf 82' lang='grc'><strong>49.</strong></span> <span class='ocrx_word' id='word_1_496' title='bbox 427 4502 472 4551; x_wconf 80' lang='lat' dir='ltr'><strong>lucc</strong></span> <span class='ocrx_word' id='word_1_497' title='bbox 487 4501 540 4551; x_wconf 84' lang='lat' dir='ltr'><strong>Tv.</strong></span> <span class='ocrx_word' id='word_1_498' title='bbox 562 4527 589 4535; x_wconf 94' lang='lat'>-</span> <span class='ocrx_word' id='word_1_499' title='bbox 607 4514 652 4550; x_wconf 83' lang='lat' dir='ltr'><strong>uos</strong></span> <span class='ocrx_word' id='word_1_500' title='bbox 667 4501 755 4550; x_wconf 79' lang='lat' dir='ltr'><strong>uestris</strong></span> <span class='ocrx_word' id='word_1_501' title='bbox 770 4503 799 4551; x_wconf 85' lang='lat' dir='ltr'><strong>G.</strong></span> <span class='ocrx_word' id='word_1_502' title='bbox 820 4525 848 4536; x_wconf 96' lang='lat'>-</span> <span class='ocrx_word' id='word_1_503' title='bbox 867 4502 908 4552; x_wconf 76' lang='lat'><strong>20.</strong></span> <span class='ocrx_word' id='word_1_504' title='bbox 925 4502 1069 4552; x_wconf 76' lang='lat' dir='ltr'><strong>ruulicritrus</strong></span> <span class='ocrx_word' id='word_1_505' title='bbox 1084 4516 1111 4562; x_wconf 88' lang='grc' dir='ltr'><strong>χ.</strong></span> <span class='ocrx_word' id='word_1_506' title='bbox 1132 4529 1158 4538; x_wconf 93' lang='grc'>-</span> <span class='ocrx_word' id='word_1_507' title='bbox 1178 4503 1218 4552; x_wconf 73' lang='lat' dir='ltr'><strong>tl.</strong></span> <span class='ocrx_word' id='word_1_508' title='bbox 1237 4502 1349 4552; x_wconf 71' lang='grc' dir='ltr'><strong>ἀσιιιαιιι</strong></span> <span class='ocrx_word' id='word_1_509' title='bbox 1365 4503 1395 4551; x_wconf 88' lang='lat' dir='ltr'><strong>G.</strong></span> <span class='ocrx_word' id='word_1_510' title='bbox 1407 4528 1440 4538; x_wconf 84' lang='lat'><strong>—-</strong></span> <span class='ocrx_word' id='word_1_511' title='bbox 1455 4501 1496 4552; x_wconf 66' lang='lat' dir='ltr'><strong>ll.</strong></span> <span class='ocrx_word' id='word_1_512' title='bbox 1513 4503 1569 4568; x_wconf 60' lang='lat' dir='ltr'><strong>ld]</strong></span> <span class='ocrx_word' id='word_1_513' title='bbox 1588 4519 1631 4555; x_wconf 76' lang='grc' dir='ltr'><strong>ιιι.</strong></span> 
     </span>
     <span class='ocr_line' id='line_1_45' title="bbox 320 4574 1634 4640; baseline 0.002 -14"><span class='ocrx_word' id='word_1_514' title='bbox 320 4577 386 4637; x_wconf 87' lang='lat' dir='ltr'><strong>mei,</strong></span> <span class='ocrx_word' id='word_1_515' title='bbox 405 4575 463 4626; x_wconf 82' lang='lat' dir='ltr'><strong>CT.</strong></span> <span class='ocrx_word' id='word_1_516' title='bbox 485 4601 511 4611; x_wconf 90' lang='lat'><em>-</em></span> <span class='ocrx_word' id='word_1_517' title='bbox 532 4576 573 4626; x_wconf 76' lang='lat'><strong>25.</strong></span> <span class='ocrx_word' id='word_1_518' title='bbox 591 4574 688 4639; x_wconf 79' lang='lat' dir='ltr'><strong>flumini</strong></span> <span class='ocrx_word' id='word_1_519' title='bbox 704 4577 738 4636; x_wconf 82' lang='lat' dir='ltr'><strong>G,</strong></span> <span class='ocrx_word' id='word_1_520' title='bbox 758 4577 866 4640; x_wconf 69' lang='lat' dir='ltr'><strong>flaminii</strong></span> <span class='ocrx_word' id='word_1_521' title='bbox 882 4578 1112 4628; x_wconf 73' lang='lat' dir='ltr'><strong>uucflsruv.</strong></span> <span class='ocrx_word' id='word_1_522' title='bbox 1136 4604 1169 4612; x_wconf 91' lang='lat'><strong>—-</strong></span> <span class='ocrx_word' id='word_1_523' title='bbox 1190 4577 1254 4638; x_wconf 75' lang='lat' dir='ltr'><strong>fului</strong></span> <span class='ocrx_word' id='word_1_524' title='bbox 1271 4579 1300 4626; x_wconf 86' lang='lat' dir='ltr'><strong>G.</strong></span> <span class='ocrx_word' id='word_1_525' title='bbox 1327 4604 1353 4612; x_wconf 90' lang='lat'>—</span> <span class='ocrx_word' id='word_1_526' title='bbox 1375 4577 1447 4626; x_wconf 86' lang='lat' dir='ltr'><strong>Pauli</strong></span> <span class='ocrx_word' id='word_1_527' title='bbox 1463 4578 1529 4626; x_wconf 87' lang='lat' dir='ltr'><strong>mei:</strong></span> <span class='ocrx_word' id='word_1_528' title='bbox 1552 4579 1634 4630; x_wconf 78' lang='lat' dir='ltr'><strong>Petilli</strong></span> 
     </span>
     <span class='ocr_line' id='line_1_46' title="bbox 319 4649 1633 4716; baseline 0.003 -16"><span class='ocrx_word' id='word_1_529' title='bbox 319 4651 377 4700; x_wconf 84' lang='lat' dir='ltr'><strong>LO.</strong></span> <span class='ocrx_word' id='word_1_530' title='bbox 395 4677 429 4686; x_wconf 89' lang='lat'><em>-</em></span> <span class='ocrx_word' id='word_1_531' title='bbox 447 4649 486 4700; x_wconf 77' lang='lat'><strong>26.</strong></span> <span class='ocrx_word' id='word_1_532' title='bbox 504 4649 622 4700; x_wconf 66' lang='lat' dir='ltr'><strong>chodulie</strong></span> <span class='ocrx_word' id='word_1_533' title='bbox 637 4651 667 4699; x_wconf 86' lang='lat' dir='ltr'><strong>G.</strong></span> <span class='ocrx_word' id='word_1_534' title='bbox 685 4677 718 4686; x_wconf 82' lang='lat'><strong>-</strong></span> <span class='ocrx_word' id='word_1_535' title='bbox 738 4650 776 4698; x_wconf 82' lang='lat' dir='ltr'><strong>siu</strong></span> <span class='ocrx_word' id='word_1_536' title='bbox 793 4651 829 4700; x_wconf 82' lang='lat' dir='ltr'><strong>ll:</strong></span> <span class='ocrx_word' id='word_1_537' title='bbox 851 4651 935 4701; x_wconf 83' lang='lat' dir='ltr'><strong>siEv</strong></span> <span class='ocrx_word' id='word_1_538' title='bbox 951 4654 979 4702; x_wconf 87' lang='lat' dir='ltr'><strong>et</strong></span> <span class='ocrx_word' id='word_1_539' title='bbox 994 4654 1010 4703; x_wconf 88' lang='lat' dir='ltr'><strong>e</strong></span> <span class='ocrx_word' id='word_1_540' title='bbox 1028 4653 1105 4712; x_wconf 86' lang='grc' dir='ltr'><strong>οιιιι.;</strong></span> <span class='ocrx_word' id='word_1_541' title='bbox 1129 4653 1170 4702; x_wconf 84' lang='lat' dir='ltr'><strong>aed</strong></span> <span class='ocrx_word' id='word_1_542' title='bbox 1187 4654 1214 4701; x_wconf 85' lang='lat' dir='ltr'><strong>G.</strong></span> <span class='ocrx_word' id='word_1_543' title='bbox 1240 4677 1267 4686; x_wconf 90' lang='lat'><em>-</em></span> <span class='ocrx_word' id='word_1_544' title='bbox 1290 4652 1331 4701; x_wconf 77' lang='lat' dir='ltr'><strong>ut.</strong></span> <span class='ocrx_word' id='word_1_545' title='bbox 1349 4651 1506 4715; x_wconf 76' lang='lat' dir='ltr'><strong>prutisumue</strong></span> <span class='ocrx_word' id='word_1_546' title='bbox 1522 4653 1581 4716; x_wconf 79' lang='lat' dir='ltr'><strong>Lag.</strong></span> <span class='ocrx_word' id='word_1_547' title='bbox 1602 4654 1633 4704; x_wconf 83' lang='lat' dir='ltr'><strong>ts</strong></span> 
     </span>
     <span class='ocr_line' id='line_1_47' title="bbox 320 4724 1632 4791; baseline 0.002 -16"><span class='ocrx_word' id='word_1_548' title='bbox 320 4727 346 4776; x_wconf 90' lang='lat' dir='ltr'><strong>et</strong></span> <span class='ocrx_word' id='word_1_549' title='bbox 361 4739 394 4786; x_wconf 84' lang='grc' dir='ltr'><strong>χ,</strong></span> <span class='ocrx_word' id='word_1_550' title='bbox 412 4725 476 4775; x_wconf 90' lang='lat' dir='ltr'><strong>ilem</strong></span> <span class='ocrx_word' id='word_1_551' title='bbox 493 4726 521 4774; x_wconf 88' lang='lat' dir='ltr'><strong>P.</strong></span> <span class='ocrx_word' id='word_1_552' title='bbox 539 4725 668 4776; x_wconf 86' lang='lat' dir='ltr'><strong>Victorius</strong></span> <span class='ocrx_word' id='word_1_553' title='bbox 685 4726 710 4775; x_wconf 88' lang='lat' dir='ltr'><strong>in</strong></span> <span class='ocrx_word' id='word_1_554' title='bbox 728 4724 849 4790; x_wconf 85' lang='lat' dir='ltr'><strong>exemplo</strong></span> <span class='ocrx_word' id='word_1_555' title='bbox 867 4727 909 4777; x_wconf 92' lang='lat' dir='ltr'><strong>ed.</strong></span> <span class='ocrx_word' id='word_1_556' title='bbox 928 4728 1104 4789; x_wconf 83' lang='lat' dir='ltr'><strong>Munutlenae,</strong></span> <span class='ocrx_word' id='word_1_557' title='bbox 1124 4728 1196 4791; x_wconf 91' lang='lat' dir='ltr'><strong>quod</strong></span> <span class='ocrx_word' id='word_1_558' title='bbox 1208 4728 1285 4779; x_wconf 87' lang='lat' dir='ltr'><strong>estin</strong></span> <span class='ocrx_word' id='word_1_559' title='bbox 1296 4726 1454 4778; x_wconf 87' lang='lat' dir='ltr'><strong>bibliotheca</strong></span> <span class='ocrx_word' id='word_1_560' title='bbox 1466 4728 1632 4780; x_wconf 84' lang='lat' dir='ltr'><strong>llonucensi:</strong></span> 
     </span>
     <span class='ocr_line' id='line_1_48' title="bbox 318 4798 1634 4866; baseline 0.005 -17"><span class='ocrx_word' id='word_1_561' title='bbox 318 4799 481 4864; x_wconf 74' lang='lat' dir='ltr'><strong>pravissime</strong></span> <span class='ocrx_word' id='word_1_562' title='bbox 497 4799 575 4852; x_wconf 90' lang='lat' dir='ltr'><strong>codd.</strong></span> <span class='ocrx_word' id='word_1_563' title='bbox 585 4798 653 4862; x_wconf 81' lang='lat' dir='ltr'><strong>rell,</strong></span> <span class='ocrx_word' id='word_1_564' title='bbox 667 4801 696 4862; x_wconf 86' lang='lat' dir='ltr'><strong>L,</strong></span> <span class='ocrx_word' id='word_1_565' title='bbox 709 4800 770 4852; x_wconf 90' lang='lat' dir='ltr'><strong>edd.</strong></span> <span class='ocrx_word' id='word_1_566' title='bbox 783 4804 857 4861; x_wconf 83' lang='lat' dir='ltr'><strong>vett.;</strong></span> <span class='ocrx_word' id='word_1_567' title='bbox 875 4803 1027 4854; x_wconf 87' lang='lat' dir='ltr'><strong>cluriseimue</strong></span> <span class='ocrx_word' id='word_1_568' title='bbox 1042 4803 1110 4853; x_wconf 90' lang='lat' dir='ltr'><strong>coni.</strong></span> <span class='ocrx_word' id='word_1_569' title='bbox 1125 4801 1283 4854; x_wconf 85' lang='lat' dir='ltr'><strong>Klotzius.—</strong></span> <span class='ocrx_word' id='word_1_570' title='bbox 1300 4805 1341 4855; x_wconf 75' lang='lat'><strong>28.</strong></span> <span class='ocrx_word' id='word_1_571' title='bbox 1353 4801 1436 4866; x_wconf 73' lang='lat' dir='ltr'><strong>Atqui]</strong></span> <span class='ocrx_word' id='word_1_572' title='bbox 1452 4807 1480 4854; x_wconf 85' lang='lat' dir='ltr'><strong>ul</strong></span> <span class='ocrx_word' id='word_1_573' title='bbox 1495 4803 1538 4865; x_wconf 82' lang='lat' dir='ltr'><strong>qui</strong></span> <span class='ocrx_word' id='word_1_574' title='bbox 1548 4805 1579 4864; x_wconf 86' lang='lat' dir='ltr'><strong>G,</strong></span> <span class='ocrx_word' id='word_1_575' title='bbox 1591 4809 1634 4855; x_wconf 84' lang='lat' dir='ltr'><strong>ot-</strong></span> 
     </span>
     <span class='ocr_line' id='line_1_49' title="bbox 320 4875 1635 4942; baseline 0.003 -17"><span class='ocrx_word' id='word_1_576' title='bbox 320 4888 367 4937; x_wconf 84' lang='lat' dir='ltr'><strong>que</strong></span> <span class='ocrx_word' id='word_1_577' title='bbox 383 4875 504 4936; x_wconf 73' lang='lat' dir='ltr'><strong>seru.</strong></span> <span class='ocrx_word' id='word_1_578' title='bbox 523 4903 550 4913; x_wconf 92' lang='lat'>-</span> <span class='ocrx_word' id='word_1_579' title='bbox 573 4877 615 4927; x_wconf 71' lang='lat' dir='ltr'><strong>ill.</strong></span> <span class='ocrx_word' id='word_1_580' title='bbox 632 4875 671 4925; x_wconf 88' lang='lat' dir='ltr'><strong>vel</strong></span> <span class='ocrx_word' id='word_1_581' title='bbox 693 4877 880 4926; x_wconf 68' lang='lat' dir='ltr'><strong>murinum--</strong></span> <span class='ocrx_word' id='word_1_582' title='bbox 890 4878 990 4941; x_wconf 71' lang='lat' dir='ltr'><strong>pecua</strong></span> <span class='ocrx_word' id='word_1_583' title='bbox 1006 4877 1082 4928; x_wconf 82' lang='lat' dir='ltr'><strong>alleri</strong></span> <span class='ocrx_word' id='word_1_584' title='bbox 1097 4877 1179 4928; x_wconf 88' lang='lat' dir='ltr'><strong>Prisc.</strong></span> <span class='ocrx_word' id='word_1_585' title='bbox 1198 4877 1255 4929; x_wconf 86' lang='lat' dir='ltr'><strong>Vol.</strong></span> <span class='ocrx_word' id='word_1_586' title='bbox 1273 4880 1292 4928; x_wconf 93' lang='lat' dir='ltr'><strong>l.</strong></span> <span class='ocrx_word' id='word_1_587' title='bbox 1311 4891 1337 4942; x_wconf 94' lang='lat' dir='ltr'><strong>p.</strong></span> <span class='ocrx_word' id='word_1_588' title='bbox 1357 4877 1404 4928; x_wconf 72' lang='lat'><strong>623</strong></span> <span class='ocrx_word' id='word_1_589' title='bbox 1417 4877 1472 4936; x_wconf 81' lang='lat' dir='ltr'><strong>Kr..</strong></span> <span class='ocrx_word' id='word_1_590' title='bbox 1491 4876 1536 4940; x_wconf 87' lang='lat' dir='ltr'><strong>qui</strong></span> <span class='ocrx_word' id='word_1_591' title='bbox 1552 4876 1635 4929; x_wconf 88' lang='lat' dir='ltr'><strong>hebet</strong></span> 
     </span>
     <span class='ocr_line' id='line_1_50' title="bbox 320 4951 1634 5016; baseline 0.003 -16"><span class='ocrx_word' id='word_1_592' title='bbox 320 4964 376 5000; x_wconf 84' lang='lat' dir='ltr'><strong>curu</strong></span> <span class='ocrx_word' id='word_1_593' title='bbox 391 4963 449 5014; x_wconf 76' lang='lat' dir='ltr'><strong>repe</strong></span> <span class='ocrx_word' id='word_1_594' title='bbox 463 4951 589 5001; x_wconf 78' lang='lat' dir='ltr'><strong>Antiocho.</strong></span> <span class='ocrx_word' id='word_1_595' title='bbox 614 4976 641 4985; x_wconf 88' lang='lat'><em>-</em></span> <span class='ocrx_word' id='word_1_596' title='bbox 663 4952 784 5013; x_wconf 82' lang='lat' dir='ltr'><strong>populum</strong></span> <span class='ocrx_word' id='word_1_597' title='bbox 800 4965 854 5002; x_wconf 90' lang='lat' dir='ltr'><strong>om.</strong></span> <span class='ocrx_word' id='word_1_598' title='bbox 873 4953 901 5002; x_wconf 87' lang='lat' dir='ltr'><strong>E.</strong></span> <span class='ocrx_word' id='word_1_599' title='bbox 927 4979 954 4987; x_wconf 96' lang='lat'>-</span> <span class='ocrx_word' id='word_1_600' title='bbox 977 4953 1057 5016; x_wconf 71' lang='lat' dir='ltr'><strong>Rom]</strong></span> <span class='ocrx_word' id='word_1_601' title='bbox 1081 4965 1113 5002; x_wconf 88' lang='lat' dir='ltr'><strong>.r.</strong></span> <span class='ocrx_word' id='word_1_602' title='bbox 1132 4953 1160 5003; x_wconf 86' lang='lat' dir='ltr'><strong>E.</strong></span> <span class='ocrx_word' id='word_1_603' title='bbox 1186 4979 1213 4988; x_wconf 95' lang='lat'><em>-</em></span> <span class='ocrx_word' id='word_1_604' title='bbox 1237 4953 1277 5004; x_wconf 81' lang='lat'><strong>30.</strong></span> <span class='ocrx_word' id='word_1_605' title='bbox 1301 4954 1469 5016; x_wconf 81' lang='lat' dir='ltr'><strong>aequiparato</strong></span> <span class='ocrx_word' id='word_1_606' title='bbox 1490 4951 1634 5016; x_wconf 76' lang='lat' dir='ltr'><strong>Madvigius</strong></span> 
     </span>
     <span class='ocr_line' id='line_1_51' title="bbox 321 5025 1629 5096; baseline 0.004 -21"><span class='ocrx_word' id='word_1_607' title='bbox 321 5025 376 5096; x_wconf 74' lang='lat' dir='ltr'><strong>top.</strong></span> <span class='ocrx_word' id='word_1_608' title='bbox 386 5025 417 5076; x_wconf 90' lang='lat'><strong>11.</strong></span> <span class='ocrx_word' id='word_1_609' title='bbox 428 5037 455 5094; x_wconf 90' lang='lat' dir='ltr'><strong>p.</strong></span> <span class='ocrx_word' id='word_1_610' title='bbox 465 5026 535 5090; x_wconf 76' lang='lat' dir='ltr'><strong>3⁷⁴l=</strong></span> <span class='ocrx_word' id='word_1_611' title='bbox 554 5027 731 5092; x_wconf 80' lang='lat' dir='ltr'><strong>eiquupertlu</strong></span> <span class='ocrx_word' id='word_1_612' title='bbox 742 5029 777 5087; x_wconf 63' lang='grc' dir='ltr'><strong>(ὴ</strong></span> <span class='ocrx_word' id='word_1_613' title='bbox 790 5028 811 5078; x_wconf 84' lang='lat' dir='ltr'><strong>ei</strong></span> <span class='ocrx_word' id='word_1_614' title='bbox 822 5033 956 5090; x_wconf 80' lang='lat' dir='ltr'><strong>quupurlc</strong></span> <span class='ocrx_word' id='word_1_615' title='bbox 964 5027 1042 5081; x_wconf 86' lang='lat' dir='ltr'><strong>codd.</strong></span> <span class='ocrx_word' id='word_1_616' title='bbox 1053 5025 1124 5089; x_wconf 71' lang='lat' dir='ltr'><strong>rell,</strong></span> <span class='ocrx_word' id='word_1_617' title='bbox 1140 5029 1238 5092; x_wconf 79' lang='lat' dir='ltr'><strong>partile</strong></span> <span class='ocrx_word' id='word_1_618' title='bbox 1246 5029 1274 5091; x_wconf 81' lang='lat' dir='ltr'><strong>L,</strong></span> <span class='ocrx_word' id='word_1_619' title='bbox 1284 5033 1362 5091; x_wconf 83' lang='lat' dir='ltr'><strong>partu</strong></span> <span class='ocrx_word' id='word_1_620' title='bbox 1369 5027 1525 5080; x_wconf 77' lang='lat' dir='ltr'><strong>0.-l²ul›lio</strong></span> <span class='ocrx_word' id='word_1_621' title='bbox 1534 5041 1588 5081; x_wconf 89' lang='lat' dir='ltr'><strong>om.</strong></span> <span class='ocrx_word' id='word_1_622' title='bbox 1599 5029 1629 5081; x_wconf 92' lang='lat' dir='ltr'><strong>C.</strong></span> 
     </span>
    </p>
   </div>
   <div class='ocr_carea' id='block_1_4' title="bbox 0 0 1829 5874">
    <p class='ocr_par' dir='ltr' id='par_1_7' title="bbox 0 0 1829 5874">
     <span class='ocr_line' id='line_1_52' title="bbox 0 0 1829 5874; baseline 0 0"><span class='ocrx_word' id='word_1_623' title='bbox 0 0 1829 5874; x_wconf 95' lang='lat' dir='ltr'><strong> </strong></span> 
     </span>
    </p>
   </div>
  </div>
 </body>
</html>
