3642 5868
263 407 325 480 488
642 420 684 484 IN
704 419 871 484 VERREM
891 419 1014 486 ACTIO
1037 421 1220 488 SECUNDA

263 587 368 661 nulla,
390 587 449 650 nisi
472 608 543 652 cum
563 586 642 651 nihil
662 591 809 654 intererat
830 590 930 654 istius.
955 591 1039 674 Lege
1060 592 1227 656 Hieronica
1247 592 1365 658 iudicia
1385 593 1586 682 plurimarum

262 681 543 746 controversiarum
566 684 686 747 sublata
706 705 770 748 uno
791 687 917 749 nomine
939 688 1062 749 omnin:
1091 687 1130 750 de
1153 697 1308 751 conventu
1330 709 1365 752 ac
1387 691 1588 772 negotiatori·

262 775 322 852 hus¹
343 775 421 838 nulli
443 775 573 840 iudices.
617 777 772 855 Quantam
794 787 979 863 potestatem
1000 779 1162 855 babuerit,
1184 782 1313 845 videtis:
1345 803 1494 868 quaeres
1517 803 1588 867 ges-

264 871 355 945 serit,
378 874 568 954 cognoscite.

147 945 179 1058 ὅ
239 977 254 1024 t
347 965 432 1027 XIV.
454 963 505 1028 35.
527 967 691 1031 Heraclius
714 975 762 1031 est
782 969 927 1032 Hieronis
949 965 1046 1043 lilius,
1071 971 1300 1054 Syracusanus,
1322 972 1416 1055 homo
1431 974 1586 1058 inprimis

263 1060 348 1123 domi
370 1081 444 1124 suae
466 1061 580 1125 nobilis
603 1069 635 1125 et
655 1069 727 1126 ante
748 1064 832 1127 hunc
854 1070 1027 1147 praetorem
1050 1065 1100 1127 vel
1122 1049 1397 1148 pecuniosissimus
1420 1069 1587 1152 Syracusa-

263 1173 390 1229 norum,
412 1175 496 1218 nunc
518 1155 605 1220 nulla
634 1156 694 1219 alia
721 1158 896 1221 calamitate
917 1158 979 1220 nisi
1000 1158 1090 1220 istius
1113 1158 1242 1222 avaritia
1263 1168 1356 1243 atque
1378 1162 1491 1226 iniuria
1511 1182 1587 1246 pau·

156 1313 175 1349 A
262 1249 427 1333 perrimus.
460 1249 541 1312 Huic
562 1250 720 1314 hereditas
743 1252 781 1314 ad
805 1251 865 1314 HS
887 1251 980 1314 facile
994 1252 1100 1314 tricies
1115 1252 1204 1314 venit
1218 1259 1403 1318 testamento
1417 1255 1585 1343 propinqui

127 1353 156 1434 sp
262 1343 328 1417 sui,
357 1341 514 1429 Heraclii:
541 1344 635 1429 plena
664 1345 774 1409 domus
802 1346 912 1408 caelati
942 1347 1063 1426 argenti
1091 1347 1198 1428 optimi
1228 1346 1408 1431 multaeque
1431 1339 1585 1431 suagrrlae

151 1453 183 1546 j
224 1437 358 1500 investis
380 1439 651 1522 pretiosorumque
673 1439 917 1522 mancipiorum:
939 1439 1054 1522 quibus
1075 1440 1108 1501 in
1131 1439 1224 1502 rebus
1247 1426 1336 1528 istius
1356 1441 1539 1526 cupiditates
1555 1449 1586 1504 et

263 1532 400 1594 insanias
423 1531 494 1615 quis
516 1533 662 1615 ignorati
692 1534 767 1596 Erat
787 1534 819 1596 in
842 1553 986 1596 sermono
1008 1553 1075 1608 res,
1098 1553 1241 1616 magnam
1262 1536 1426 1618 pecuniam
1442 1536 1585 1599 Heraclio

263 1625 422 1688 relictam:
447 1646 511 1689 non
533 1626 634 1690 solum
656 1627 834 1691 Heraclium
857 1626 999 1702 divitem,
1023 1628 1079 1692 sed
1102 1631 1195 1691 etiarn
1217 1635 1360 1692 omatum
1381 1629 1585 1713 supellectile,

261 1727 406 1802 argento,
429 1727 536 1794 veste,
558 1721 723 1806 mancipiis
736 1721 885 1784 futurum.
917 1719 969 1785 36.
991 1723 1088 1786 Audit
1107 1723 1186 1786 hacc
1202 1725 1295 1786 etiam
1309 1725 1423 1786 Verres
1439 1730 1471 1786 et
1484 1723 1585 1807 primo

261 1814 314 1878 illo
338 1834 394 1877 suo
416 1813 533 1878 leviore
556 1811 685 1879 artificio
707 1815 884 1880 Heraclium
907 1816 1034 1899 aggredi
1057 1824 1201 1892 conatur,
1231 1825 1266 1880 ut
1287 1839 1358 1880 eum
1380 1827 1470 1900 roget
1489 1818 1585 1901 inspi-

223 1909 387 1984 ttcienda,
418 1930 498 1994 quae
521 1929 584 1971 non
606 1908 726 1972 reddat.
769 1911 891 1974 Deinde
919 1932 937 1974 a
963 1911 1151 1994 quibusdam
1176 1911 1379 1994 Syracusanis
1400 1912 1587 1977 admonetur

145 2015 169 2094 is
260 2002 302 2085 (hi
323 2010 426 2066 autem
446 2003 572 2088 quidam
595 2011 684 2066 erant
705 2003 816 2067 affines
838 2006 937 2081 istius,
961 2025 1092 2088 quorum
1115 2007 1173 2068 iste
1191 2025 1306 2068 rrxores
1321 2000 1491 2091 'numquam
1509 2008 1586 2070 alie-

168 2123 201 2202 ί(
258 2117 316 2160 nas
338 2097 544 2172 existimavit,
568 2097 753 2161 Cleomenes
770 2105 801 2161 ct
814 2099 981 2173 Aeschrio,
1004 2100 1059 2182 qui
1074 2107 1224 2182 quantum
1240 2098 1323 2184 apud
1337 2101 1431 2163 istum
1447 2107 1477 2162 et
1492 2121 1585 2185 quam

258 2192 341 2274 turpi
363 2190 402 2253 de
426 2211 519 2255 causa
540 2193 711 2276 potuerint,
734 2212 775 2254 ex
796 2194 928 2277 reliquis
943 2193 1124 2255 criminibus
1147 2190 1358 2276 intelligetis):
1381 2193 1425 2268 hi,
1447 2201 1482 2257 ut
1504 2194 1584 2267 dico,

259 2285 419 2349 hominem
441 2285 612 2349 admonent
630 2307 696 2348 rem
711 2306 782 2350 esse
799 2287 1007 2371 praeclaram,
1030 2285 1175 2350 refertam
1191 2286 1336 2350 omnibns
1350 2289 1461 2350 rebus:
1483 2288 1585 2371 ipsum

221 2388 362 2443 ”autem
392 2381 572 2444 Heraclium
603 2380 762 2444 hominem
796 2401 866 2444 esse
896 2381 1043 2444 maiorem
1075 2389 1166 2454 natu,
1202 2401 1265 2443 non
1302 2381 1584 2465 promptissimnmr

259 2495 331 2538 curn
353 2483 476 2558 praeter
496 2473 660 2537 Marcellos
680 2483 861 2558 patronum,
885 2495 979 2558 quem
1004 2494 1059 2538 suo
1079 2475 1148 2567 iure
1170 2474 1257 2536 adire
1272 2482 1326 2537 ant
1339 2474 1497 2557 appellare
1512 2495 1584 2558 pos-

259 2575 316 2642 set,
337 2568 452 2631 habere
476 2569 652 2632 neminem:
675 2589 745 2631 esse
763 2569 796 2630 in
809 2589 847 2632 eo
865 2577 1066 2642 testamento,
1089 2589 1153 2652 quo
1168 2568 1221 2631 ille
1236 2566 1328 2631 beros
1344 2576 1427 2632 esset
1441 2571 1584 2653 scriptus,

257 2669 292 2724 ut
315 2668 430 2724 statuas
452 2663 484 2726 in
506 2662 661 2747 palaestra
683 2662 814 2726 deberet
834 2683 961 2746 ponere.
995 2663 1172 2736 Faciamus,
1194 2669 1229 2724 ut
1250 2663 1447 2745 palaestritae
1469 2671 1585 2746 negent

260 2775 300 2819 ex
322 2764 506 2820 testamento
522 2777 592 2820 esse
610 2759 743 2842 positas:
765 2765 872 2842 petant
886 2757 1102 2832 hereditatem,
1126 2758 1209 2842 quod
1227 2777 1295 2820 eam
1310 2758 1485 2841 palaestrae
1501 2780 1584 2822 com-

221 2860 252 2910 rt
260 2852 385 2916 missam
408 2870 477 2914 esse
500 2851 614 2914 dicant.
649 2848 700 2913 37.
722 2853 840 2916 Placuit
861 2853 940 2914 ratio
962 2853 1060 2915 Verri.
1095 2854 1172 2914 Nam
1194 2851 1255 2914 hoc
1273 2853 1376 2915 animo
1391 2853 1584 2937 providebat,

260 2966 330 3008 cum
352 2952 438 3008 tanta
459 2944 618 3008 hereditas
640 2945 672 3008 in
696 2947 937 3010 controversiam
959 2946 1098 3009 venisset
1120 2944 1301 3028 iudicioque
1322 2955 1493 3029 peteretur,
1514 2946 1583 3009 fieri

258 3059 322 3102 non
345 3059 438 3124 posse
467 3048 502 3104 ut
529 3041 597 3103 sine
626 3038 741 3125 praeda
763 3040 831 3122 ipse
855 3038 1040 3103 discederet.
1083 3039 1242 3123 Approbat
1264 3041 1449 3104 consilium:
1478 3048 1585 3104 auctor

260 3141 321 3208 cst,
355 3141 389 3195 ut
419 3153 512 3220 quam
540 3134 674 3217 primum
702 3154 795 3216 agere
823 3135 975 3220 incipiant
995 3135 1219 3217 hominemque
1241 3133 1273 3195 id
1295 3134 1421 3209 aetatis,
1455 3137 1583 3200 minime

258 3227 438 3310 litigiosum,
462 3249 556 3312 quam
571 3227 850 3292 tumultuosissime
864 3228 1055 3293 adoriantur.
1084 3228 1153 3289 XV.
1177 3228 1329 3292 Scribitur
1342 3228 1488 3292 Heraclio
1503 3230 1590 3292 dica.-

220 3323 361 3385 mPrimo
382 3323 534 3386 mirantur
551 3341 660 3387 omnes
674 3322 902 3406 improbitatem
918 3323 1110 3386 calumniae:
1134 3321 1249 3384 deinde
1263 3322 1319 3406 qui
1334 3322 1429 3387 istum
1443 3332 1582 3397 nossent,

258 3417 369 3499 partim
392 3416 647 3501 suspicabantur,
669 3417 781 3500 partim
802 3418 895 3502 plano
909 3417 1058 3482 videbant
1078 3416 1234 3480 adiectum
1256 3435 1325 3478 esse
1346 3417 1472 3481 oculum
1493 3418 1584 3481 here·

259 3512 357 3576 ditati.
400 3513 523 3576 Interea
553 3511 620 3575 dics
649 3511 793 3586 advenit,
824 3533 887 3596 quo
917 3511 968 3574 die
995 3532 1064 3574 sese
1087 3530 1128 3573 ex
1149 3511 1289 3574 instituto
1311 3530 1348 3573 ac
1368 3511 1439 3595 lege
1460 3511 1583 3595 Rupilia

259 3605 341 3668 dicas
363 3607 542 3670 sortibrmm
566 3607 726 3690 Syracusis
748 3608 807 3670 iste
831 3606 992 3670 edixerat:
1017 3613 1142 3689 paratus
1165 3606 1204 3668 ad
1226 3605 1307 3668 hanc
1329 3604 1429 3668 dicam
1451 3605 1583 3669 sortien-

258 3699 329 3762 dam
350 3707 488 3763 venerat.
532 3702 612 3763 Tum
635 3721 707 3764 eum
731 3699 821 3764 docet
841 3701 1004 3765 Heraclius
1026 3719 1090 3762 aon
1112 3719 1206 3783 posse
1229 3720 1267 3763 eo
1283 3698 1334 3762 die
1356 3698 1475 3772 sortiri,
1499 3698 1583 3782 quod

220 3795 311 3857 silex
332 3794 457 3878 Rupilia
478 3802 598 3858 vetaret
621 3793 732 3857 diebus
754 3813 821 3857 xxx
844 3795 946 3858 sortiri
969 3794 1085 3867 dicam,
1109 3793 1223 3877 quibus
1245 3795 1358 3876 scripta
1379 3799 1473 3854 esset.
1508 3793 1582 3856 Dies

256 3909 324 3955 xxx
345 3888 485 3952 nondum
505 3889 638 3952 fuerant
674 3889 825 3972 Sperabat
845 3889 1026 3964 Heraclius,
1049 3888 1075 3950 si
1097 3886 1185 3950 illum
1208 3887 1290 3950 diem
1312 3886 1487 3968 effugisset,
1510 3895 1582 3950 ante

257 3983 385 4046 alteram
407 3984 599 4048 sortitionem
621 3983 661 4059 Q.
675 3984 814 4056 Arrium,
838 4004 933 4067 quem
953 3983 1112 4066 provincia
1132 3989 1198 4046 tum
1220 3983 1354 4045 maxime
1373 3982 1581 4063 exspectabat,

257 4097 481 4141 successurum.
524 4074 576 4138 38.
598 4077 661 4140 lste
683 4077 827 4140 omnibus
850 4078 927 4140 dicis
949 4076 1034 4140 diem
1049 4075 1168 4139 distulit
1186 4082 1217 4138 et
1231 4095 1300 4138 eam
1316 4073 1399 4138 diem
1414 4076 1581 4150 constituit,

322 4310 347 4361 3.
369 4311 443 4374 gesat
458 4310 506 4361 dtt.
522 4336 549 4347 -
567 4311 592 4360 5.
605 4310 738 4360 Heracleas
750 4310 797 4371 (sio
813 4309 928 4374 semper)
946 4310 1053 4373 rgias.
1069 4335 1096 4344 -
1116 4309 1140 4358 ti.
1158 4313 1182 4358 et
1198 4320 1251 4357 orn.
1262 4307 1330 4371 Lgli
1342 4321 1368 4372 p.
1383 4321 1418 4358 m.
1433 4333 1461 4346 -
1480 4309 1503 4360 7.
1517 4323 1583 4360 nrmc

255 4389 292 4454 m]
304 4401 349 4438 aec
364 4389 418 4438 ectio
429 4386 497 4450 ugia
508 4400 535 4452 p.
549 4399 618 4438 m.-
637 4388 678 4437 tt.
693 4386 908 4450 pretiosorumque
919 4384 987 4447 1.ng
998 4399 1025 4449 p.
1039 4397 1075 4436 m.
1089 4399 1112 4446 φ
1125 4381 1183 4434 coll.
1198 4383 1222 4447 5.
1236 4381 1286 4433 ta:
1301 4383 1584 4447 pretiosissimos-imque

257 4466 302 4515 ctt.
321 4464 351 4513 0.
371 4489 398 4500 -
421 4463 462 4514 44.
479 4463 593 4512 insanior
610 4460 678 4525 Lgli
695 4475 722 4526 p.
741 4473 776 4512 m.
796 4476 820 4523 φ
835 4463 911 4511 lise:
928 4460 1056 4510 insoniam
1073 4461 1118 4509 ctt.
1139 4486 1167 4495 -
1186 4459 1226 4506 ts.
1244 4457 1359 4507 relictam
1374 4456 1522 4522 Lglihm:
1539 4475 1583 4512 ue·

257 4540 321 4589 nisae
336 4537 450 4588 relictum
460 4537 574 4600 Lgitlli5
591 4537 685 4586 occisae
701 4537 748 4587 dtt.
762 4536 790 4585 0.
804 4563 831 4572 -
850 4534 996 4598 supellectile
1011 4533 1080 4597 Lgtr
1092 4547 1118 4597 p.
1133 4545 1168 4582 m.
1188 4531 1238 4596 (lV.
1257 4531 1282 4595 5.
1296 4532 1361 4594 aar:
1378 4534 1520 4595 supellectili
1536 4539 1580 4585 ott.

258 4616 288 4665 0.
304 4639 331 4650 -
345 4611 385 4663 44.
399 4611 569 4675 tetriorebgii
581 4625 607 4677 p.
621 4625 658 4662 m.
672 4607 809 4676 [Optimel]
824 4637 851 4647 -
869 4611 1026 4673 inspiciemdo
1038 4609 1106 4672 1.ng
1124 4622 1150 4673 p.
1165 4621 1200 4658 ιιι.
1216 4633 1238 4643 -
1263 4609 1303 4657 45.
1316 4609 1481 4659 admmeae:
1497 4613 1522 4661 ti
1534 4625 1584 4660 ou-

257 4694 306 4740 tem
316 4713 353 4726 ·-
363 4687 511 4750 intelligetis.
529 4687 561 4736 lii
571 4699 631 4750 sqq.
650 4686 805 4737 distinxerat
815 4687 859 4737 Or.
872 4715 898 4724 -
918 4685 958 4735 46.
975 4691 1069 4734 umores
1084 4686 1129 4734 isle
1146 4682 1194 4733 dtt.
1205 4682 1234 4732 0.
1249 4705 1276 4720 -
1296 4683 1336 4732 49.
1349 4683 1449 4734 mnium
1465 4685 1584 4748 refertam

256 4763 325 4814 coni.
343 4763 372 4812 L.
393 4787 420 4798 -
438 4761 479 4812 m.
497 4773 542 4810 reo
558 4763 615 4809 iure
630 4762 652 4811 Α
669 4762 730 4825 ng.
750 4763 857 4825 praeter
872 4760 917 4820 li,
939 4773 971 4810 ex
989 4771 1057 4823 quo,
1076 4762 1105 4809 ul
1122 4772 1154 4810 ex
1170 4759 1204 4820 B,
1223 4757 1285 4808 nihil
1302 4757 1462 4812 diversitatis
1479 4775 1495 4811 a
1511 4761 1580 4824 vulg.

257 4839 393 4889 enotetum
410 4839 464 4887 cst:
483 4838 539 4887 iure
554 4849 599 4886 ereo
615 4835 703 4900 vulgo,
721 4838 750 4887 0.
766 4861 793 4874 -
813 4837 854 4886 ii.
873 4842 933 4886 esset
949 4837 1055 4898 scriptia
1071 4833 1139 4897 1.ng
1156 4847 1181 4897 p.
1202 4846 1252 4883 m:
1271 4839 1340 4894 esset,
1357 4835 1478 4897 mmptum
1494 4838 1539 4886 ott.
1552 4838 1580 4885 0.

256 4916 401 4978 utrumque
417 4925 467 4977 per
482 4910 586 4974 linguae
603 4907 675 4973 leges
692 4909 754 4961 licet
770 4911 868 4971 dicere,
887 4923 938 4961 nec
949 4908 1066 4960 debebat
1077 4909 1214 4972 Zumptius
1230 4907 1384 4959 latinitatem
1401 4908 1521 4972 vulgatae
1538 4910 1584 4960 ed·

256 4988 393 5049 dubitare,
412 4999 482 5052 quac
499 4985 649 5037 detenditur
665 4986 742 5038 simili
761 4984 882 5050 exemplo
894 4985 918 5048 5.
931 4986 987 5036 447.
1006 4987 1033 5034 ln
1051 4998 1081 5035 rs
1099 4985 1205 5048 ancipiti
1222 4986 1350 5050 optimum
1363 4986 1482 5038 codicem
1497 4989 1583 5038 secuti

256 5075 358 5115 sumus.
378 5089 406 5098 -·
428 5061 469 5113 44.
488 5062 645 5112 commusom
661 5060 828 5125 metgias
847 5061 884 5123 (in
901 5064 921 5112 Α
940 5061 1095 5111 commissam
1111 5074 1127 5110 ιι
1144 5073 1199 5112 sec.
1218 5075 1254 5112 m.
1273 5060 1416 5125 addituml:
1435 5064 1584 5113 commistam

258 5141 303 5194 cll·
322 5164 350 5175 -
369 5137 410 5194 38.
429 5139 490 5192 eicis
505 5136 574 5206 1.ng
590 5149 618 5203 p.
637 5149 673 5188 m.
692 5137 760 5190 Fu:
778 5137 876 5186 iudiciis
892 5139 937 5188 cti.
