3648 5888
273 337 314 408 98
691 343 842 409 ORATIO
864 343 942 409 PRO
964 343 1007 410 Μ.
1029 344 1176 410 TULLIO

272 511 324 579 37.
346 535 405 598 eqo
427 513 591 600 intelligo;
621 519 653 578 et
674 521 779 578 tamen
801 515 971 579 dicendum
993 521 1042 579 est
1063 514 1103 577 ad
1126 533 1180 589 ea,
1209 535 1291 599 quae
1314 513 1396 578 dixit
1417 515 1596 592 Quinctius,

272 630 338 673 non
360 630 424 694 quo
448 608 578 674 adrem
599 609 773 691 pertineat,
796 610 852 672 sed
874 608 1029 694 nequid,
1060 610 1135 694 quia
1157 629 1176 672 a
1196 629 1246 672 me
1269 611 1526 693 praetermissum
1547 611 1596 688 sit

271 724 330 787 pro
352 723 506 767 concesso
527 709 665 786 putetur.
817 767 820 777 .

357 795 409 860 38.
438 797 525 860 Dicis
558 804 705 879 oportere
729 797 856 881 quaeri,
886 794 1032 859 homines
1055 797 1096 858 M.
1113 797 1208 860 Tullii
1231 796 1348 860 iniuria
1370 798 1466 863 occisi
1490 807 1598 864 essent

247 913 381 961 taecne.
424 893 471 955 lte
502 912 566 975 quo
594 891 656 956 boc
684 893 821 974 primum
851 909 987 974 quaero,
1023 891 1146 953 venerit
1174 910 1212 952 ea
1232 912 1283 954 res
1305 892 1338 955 in
1359 892 1420 956 boc
1443 893 1597 956 iudicium

270 1007 381 1052 necne.
426 986 459 1048 Si
491 1005 556 1048 non
584 985 687 1060 venit,
715 984 792 1068 quid
821 986 935 1047 attinet
954 992 1010 1046 aut
1031 1005 1089 1048 nos
1112 985 1217 1048 dicere
1249 993 1304 1048 aut
1335 985 1395 1050 bos
1422 992 1596 1072 quaereret

272 1082 305 1144 Si
327 1089 433 1145 autem
453 1079 557 1153 venit,
581 1079 658 1164 quid
681 1078 809 1144 attinuit
831 1086 862 1142 te
875 1086 947 1163 ¹ianr
969 1079 1077 1142 multis
1099 1080 1203 1143 verbis
1226 1088 1407 1165 apraetore
1422 1082 1596 1163 postulare,

270 1182 307 1237 ut
326 1175 457 1237 adderet
478 1174 511 1235 in
533 1172 685 1235 iudicium
709 1191 850 1247 rxrvntt,
882 1182 929 1246 et,
963 1173 1124 1258 quianon
1146 1175 1362 1258 impetrasses,
1385 1174 1595 1259 tribunos'pl.

270 1269 432 1353 appellare
453 1276 486 1331 et
505 1267 558 1330 bio
579 1269 613 1331 in
635 1267 754 1331 iudicio
777 1268 867 1352 queri
890 1269 1046 1350 praetoris
1062 1269 1281 1352 iniquitatem,
1304 1269 1390 1352 quod
1413 1269 1452 1331 de
1477 1269 1595 1333 iniuria

234 1383 335 1430 tonon
357 1363 540 1428 addiderit‘l
584 1359 634 1422 39.
656 1363 743 1425 llaec
766 1383 837 1425 cum
859 1369 1036 1445 praetorem
1058 1362 1257 1446 postulabas,
1282 1383 1352 1425 cunr
1372 1363 1517 1425 tribunos
1539 1383 1595 1445 ap·

270 1460 429 1543 pellebas,
452 1477 555 1538 nempe
576 1457 621 1518 ita
642 1455 785 1529 dicebas,
808 1462 997 1538 potestatem
1012 1456 1069 1518 tibi
1086 1451 1152 1519 beri
1169 1462 1333 1539 oportere,
1355 1463 1406 1530 ut,
1430 1456 1455 1518 si
1471 1475 1593 1538 posses,

269 1552 532 1636 reciperatoribus
554 1550 780 1634 persuaderes,
803 1571 867 1612 non
890 1570 958 1612 esse
981 1550 1098 1612 iniuria
1119 1552 1160 1613 M.
1177 1550 1282 1612 Tullio
1304 1549 1453 1614 damnum
1474 1549 1591 1613 datum.

271 1647 365 1725 Quod
388 1666 461 1730 ergo
485 1647 557 1710 ideo
580 1645 613 1708 in
636 1644 790 1707 iudicium
811 1643 885 1707 addi
907 1643 1054 1718 voluisti,
1083 1652 1119 1706 ut
1149 1644 1188 1707 de
1211 1665 1249 1708 eo
1272 1645 1329 1707 tibi
1359 1644 1443 1727 apud
1472 1646 1593 1727 recipe-

268 1749 389 1806 ratores
412 1741 517 1804 dicere
539 1741 665 1812 liceret,
688 1757 726 1800 eo
749 1759 814 1800 non
836 1738 946 1801 addito
963 1737 1063 1800 nibilo
1079 1739 1184 1800 minus
1200 1746 1304 1801 tamen
1324 1739 1367 1800 ita
1382 1737 1477 1812 dicis,
1500 1741 1591 1823 quasi

233 1836 301 1900 ttid
324 1838 443 1919 ipsum,
475 1856 495 1898 a
516 1855 580 1919 quo
609 1832 761 1915 depulsus
785 1852 834 1906 es,
861 1832 1063 1914 impetraris‘l
1097 1835 1137 1895 At
1166 1833 1281 1917 quibus
1303 1832 1407 1896 verbis
1429 1833 1462 1895 in
1485 1833 1593 1896 decer-

192 1970 197 1980 ι
268 1934 372 1996 nendo
394 1931 542 1994 Metellus
564 1949 641 1992 usus
664 1934 712 1991 est
726 1927 887 2010 ceterique
904 1947 985 2010 quos
1007 1927 1196 2009 appellasti?
1212 1913 1342 2020 (Nonne
1357 1925 1435 1989 baec
1451 1928 1592 1990 omnium

267 2024 327 2088 luit
348 2017 578 2109 oratio,)qu0d
601 2021 632 2084 vi
653 2020 836 2083 bominibus
866 2020 994 2082 armatis
1016 2021 1174 2083 coactisve
1196 2020 1315 2082 familia
1337 2019 1449 2084 fecisse
1472 2023 1593 2085 dicere-

266 2126 334 2193 tur,
356 2119 389 2181 id
409 2118 534 2180 tametsi
550 2116 638 2179 nullo
655 2117 722 2178 iure
740 2111 804 2177 fieri
820 2116 978 2198 potuerit,
1002 2123 1155 2178 tamense
1171 2115 1249 2178 nihil
1265 2115 1453 2178 additurosi
1486 2111 1536 2178 le.
1552 2117 1593 2178 Et

266 2219 366 2286 recto,
396 2211 634 2294 reciperatores.
680 2211 759 2271 Nam
789 2230 860 2272 cum
889 2209 1036 2292 perfugio
1066 2210 1154 2272 nullo
1184 2210 1357 2273 constituto
1379 2216 1485 2273 tamen
1511 2210 1591 2274 baec

229 2305 388 2372 uscetera
416 2304 499 2366 servi
527 2302 738 2366 audacissime
759 2302 892 2378 faciant,
923 2304 1043 2366 domini
1067 2303 1341 2387 impudentissime
1364 2301 1590 2381 confiteantur,

266 2399 343 2485 quid
367 2398 502 2462 censetis
523 2397 610 2472 lore,
632 2399 659 2461 si
681 2405 809 2481 praetor
830 2397 949 2460 iudicet
971 2397 1127 2460 eiusmodi
1150 2398 1264 2461 caedes
1287 2395 1354 2461 lieri
1377 2399 1445 2461 iure
1467 2404 1588 2482 posse‘l

265 2496 314 2557 An
336 2493 507 2577 quicquam
530 2493 676 2566 interest,
706 2501 811 2555 utrum
840 2492 1041 2573 magistratus
1070 2500 1199 2573 peccato
1231 2491 1447 2554 defensionem
1471 2493 1590 2556 consti-

265 2595 371 2661 tuant,
398 2607 439 2648 an
468 2585 622 2668 peccandi
653 2593 842 2669 potestatem
873 2585 1094 2669 licentiamque
1128 2587 1334 2668 permittant?
1378 2581 1428 2646 ll.
1453 2587 1589 2662 Etenim,

264 2681 509 2763 reciperatores,
538 2700 603 2743 nou
632 2680 746 2744 damno
769 2688 1009 2742 commoventur
1031 2681 1245 2762 magistratus,
1278 2681 1367 2743 utin
1390 2682 1467 2744 baec
1492 2682 1587 2745 verba

227 2775 417 2840 atiudicium
440 2775 524 2837 dent.
567 2775 647 2838 Nam
668 2776 695 2837 si
716 2775 750 2837 id
771 2780 869 2847 esset,
896 2793 955 2836 nec
976 2775 1205 2856 reciperatores
1228 2775 1334 2857 potius
1357 2774 1469 2838 darent
1491 2796 1587 2859 quam

328 2953 352 3002 l.
371 2949 424 3015 epo]
442 2950 483 3002 Ab
500 2951 551 3001 hec
568 2963 635 3001 voce
653 2952 744 3015 incipit
760 2950 849 3001 lolium
867 2951 1028 3002 Taurinense
1047 2953 1160 3000 sextum.
1196 2949 1254 3014 [Nec
1270 2965 1329 3000 ocra
1346 2951 1405 3013 quid
1422 2951 1526 3000 attineat
1542 2965 1589 3002 ar-

261 3031 380 3091 puuieuta
397 3039 529 3088 quaerere,
548 3024 636 3086 qutttu
653 3027 758 3088 &scuria
776 3027 846 3075 ultus
863 3033 915 3076 tam
931 3026 990 3075 terris
1000 3027 1186 3091 sepulcrisque
1197 3027 1336 3090 instituetur
1347 3041 1378 3076 ac
1390 3027 1526 3092 diluatur,]
1544 3042 1589 3092 epo

261 3103 324 3158 ΒΟ,
344 3101 435 3165 [Coruo
454 3101 524 3150 tutttt
540 3106 592 3151 tota
608 3103 748 3160 continetur
761 3103 887 3163 praetoris
902 3102 1025 3164 somnula,
1052 3115 1080 3150 re
1096 3108 1178 3164 pasta,
1203 3103 1343 3150 aduersarii
1367 3102 1534 3166 consessione:
1560 3106 1590 3154 de

260 3177 298 3226 dis
314 3189 371 3225 cum
386 3175 448 3224 sotis
463 3176 556 3225 dictum
571 3176 614 3236 sit,
632 3176 731 3238 reliqua
747 3177 774 3224 iu
790 3180 873 3225 uestra
887 3177 935 3238 fide
952 3191 982 3225 oc
998 3177 1130 3239 retipioue,
1148 3192 1197 3226 uou
1214 3179 1240 3226 in
1258 3179 1394 3239 defensioue
1406 3183 1492 3227 uestra
1505 3179 1589 3240 posita

260 3251 318 3315 esse]
336 3265 381 3313 epo
397 3250 426 3300 ll.
449 3274 475 3286 -
493 3261 633 3299 rursatsoo
650 3250 678 3299 T.
698 3276 727 3286 -
755 3251 892 3312 dicendum]
911 3251 1014 3314 Syllaba
1033 3255 1058 3301 di
1076 3266 1090 3302 a
1109 3255 1229 3316 Peyrono
1248 3253 1366 3316 supplete
1386 3251 1489 3302 Kellero
1507 3254 1586 3303 etiem

259 3327 285 3378 in
308 3327 399 3377 codice
418 3337 559 3388 conspicua
578 3325 632 3374 luit.
655 3352 681 3361 -
701 3326 725 3374 Ξ.
742 3326 883 3386 pertincant
901 3327 928 3375 P.
949 3354 976 3362 —
995 3329 1026 3376 sit
1043 3342 1108 3378 nos:
1136 3333 1171 3377 est
1189 3329 1334 3378 PBOllll.
1368 3329 1442 3391 «Ego
1461 3331 1485 3377 lu
1503 3341 1584 3379 versu

259 3401 301 3450 vix
322 3399 418 3464 legiblli
442 3399 524 3449 oculis
542 3398 695 3450 discernere
712 3411 764 3448 non
784 3401 867 3462 potui,
891 3413 937 3450 nsr
954 3415 988 3452 an
1004 3415 1044 3453 etr
1061 3403 1215 3472 habeatur.»
1235 3405 1311 3452 Kena.
1331 3432 1358 3440 -
1383 3403 1407 3454 4.
1427 3403 1488 3452 Tulli
1510 3404 1585 3454 TPB

259 3477 319 3528 HK.
341 3503 368 3512 -
391 3477 415 3526 5.
433 3487 464 3524 ea
479 3475 527 3536 res]
546 3476 698 3537 «Peyronus
716 3474 769 3524 duo
787 3475 853 3524 haec
870 3475 952 3525 verba
969 3489 1017 3541 pro
1036 3480 1141 3528 incertis
1159 3478 1285 3528 exhibuit.
1316 3478 1444 3542 Equidem
1463 3477 1585 3526 distincte

260 3550 385 3615 conspexi
405 3561 499 3606 ntum.
524 3551 550 3599 et
567 3549 638 3612 quod
656 3549 764 3598 Beierus
784 3550 967 3612 interrogavit,
986 3565 1018 3602 an
1036 3554 1163 3616 scriptum
1182 3553 1273 3604 luisset
1289 3555 1425 3613 ueneritne,
1446 3551 1585 3615 haudqua-

259 3640 340 3692 quam
362 3623 453 3674 dubito
475 3636 598 3686 negare.»
619 3625 695 3673 listi..
712 3652 738 3661 -
758 3625 849 3674 iudicio
867 3639 958 3676 errore
971 3627 1087 3690 quodam
1106 3630 1133 3678 P.
1149 3655 1176 3664 -
1195 3630 1218 3679 6.
1240 3629 1290 3694 lios]
1312 3643 1357 3678 uos
1374 3631 1401 3679 P.
1432 3628 1483 3678 Sed
1500 3627 1585 3677 Beieri

259 3699 409 3752 emendatio
427 3699 600 3749 confirmatur
617 3700 674 3762 ipso
692 3698 797 3756 codice,
818 3701 842 3749 in
861 3713 913 3764 quo
931 3701 1048 3752 Kellerus
1066 3702 1178 3754 litteram
1196 3717 1213 3753 rr
1231 3705 1382 3768 perspexit,
1403 3715 1464 3754 cum
1484 3705 1584 3766 Peyro-

259 3789 309 3826 nus
326 3774 432 3837 legisset
447 3786 474 3825 rt.
495 3802 521 3811 -
541 3775 564 3824 9.
584 3787 674 3835 ortatu
690 3775 718 3824 Τ.
741 3801 767 3810 -
787 3775 825 3824 ld.
845 3777 904 3826 addi
921 3777 988 3826 dedet
1005 3779 1064 3835 PB,
1089 3778 1221 3827 addidisset
1240 3779 1268 3828 Η.
1296 3778 1348 3827 Sed
1366 3782 1393 3828 et
1411 3781 1532 3840 Peyrono
1551 3777 1585 3840 (in

259 3849 435 3912 Corrigeudis)
462 3852 489 3899 et
514 3848 616 3900 llellero
642 3853 709 3899 teste
732 3862 784 3900 non
807 3850 921 3902 discerni
946 3856 1136 3916 potestatuum
1159 3855 1184 3902 iu
1202 3853 1293 3904 codice
1312 3855 1409 3904 sitnm
1425 3865 1457 3901 an
1474 3865 1529 3913 arr,
1557 3854 1586 3901 ut

258 3923 344 3977 Orellii
362 3923 513 3992 emendatio
530 3926 593 3976 satis
611 3923 687 3974 firma
705 3925 746 3975 sit.
774 3927 910 3988 Peyrouus
929 3940 1035 3991 quoque
1054 3930 1079 3978 iu
1098 3929 1284 3992 Corrigendis:
1304 3942 1371 3977 uuae
1388 3927 1520 3976 addiderit.
1549 3928 1585 3977 lta

257 4001 358 4062 corrige
375 3997 535 4063 suffragante
554 4001 632 4050 etiem
651 3999 849 4063 palimpsesto.»
870 4027 896 4038 -
916 4017 972 4052 cum
989 4004 1099 4054 tribunos
1117 4005 1241 4055 Plioll:
1264 4043 1269 4053 .
1286 4043 1290 4054 .
1306 4043 1311 4054 .
1325 4005 1437 4054 tribunos
1453 4003 1486 4062 Τ,
1512 4007 1586 4066 atqtu

255 4077 367 4125 tribunos
383 4075 412 4125 ll.
445 4074 549 4125 Scilicet
575 4076 653 4126 trium
678 4074 825 4126 litterarum
851 4076 1053 4130 obscuraturum
1079 4083 1214 4142 Peyronus
1239 4081 1344 4129 tertiam
1360 4093 1379 4129 rt
1397 4092 1456 4129 esse
1474 4079 1583 4142 putavit,

255 4150 373 4202 Kellerus
391 4163 456 4200 vero
474 4149 507 4200 de
526 4151 602 4201 tertia
618 4164 728 4215 prorsus
745 4151 861 4203 incertus
879 4154 991 4217 primam
1007 4168 1021 4203 t
1046 4155 1126 4205 luisse
1151 4157 1309 4218 suspicetur.
1332 4181 1357 4190 -
1386 4155 1426 4203 tt.
1445 4167 1532 4216 uempc
1548 4155 1585 4203 tta

255 4225 409 4278 PbOllll:
430 4239 575 4276 .......ι
593 4226 626 4286 Τ,
650 4227 769 4276 nimirum
795 4227 916 4288 Beierns,
943 4234 996 4277 tum
1012 4243 1091 4278 uouuo
1109 4229 1266 4280 Huschlrius.
1302 4230 1427 4278 Litteram
1444 4241 1460 4278 t
1478 4227 1583 4278 finalem

254 4301 327 4352 vocis
344 4313 384 4350 rra
402 4303 557 4365 conspicere
574 4300 624 4351 sibi
637 4303 708 4352 visus
721 4305 761 4351 est
772 4299 897 4351 Kellerus.
914 4328 941 4338 -
959 4303 1003 4351 tttt
1021 4315 1110 4352 errore
1129 4303 1319 4367 typographico
1332 4317 1384 4354 om.
1399 4305 1427 4354 0.
1444 4332 1470 4340 —
1490 4305 1530 4354 te.
1545 4317 1584 4354 rc-

227 4406 230 4413 ι
253 4377 404 4438 ciperatores
420 4377 507 4427 ΤΡΗ.
535 4375 691 4428 Emendavit
707 4377 824 4428 Beierus.
852 4375 975 4426 Meudum
994 4376 1290 4436 ortumestvetexeo,
1310 4378 1583 4443 quodpraeterbunc

253 4451 341 4502 locum
359 4451 457 4514 ubique
475 4453 500 4501 in
518 4451 569 4502 bac
585 4454 703 4502 oratione
716 4452 849 4501 vocativus
863 4450 903 4501 vel
917 4453 1083 4502 accusativus
1095 4451 1189 4516 legitur
1201 4453 1241 4512 (cl.
1257 4453 1297 4516 55.
1318 4455 1342 4502 4.
1356 4453 1380 4505 l.
1394 4455 1418 4504 7.
1433 4455 1471 4504 40.
1487 4453 1526 4504 tt.
1541 4455 1580 4505 46.

253 4529 294 4578 tt.
307 4528 348 4577 34.
359 4526 399 4578 ld.
410 4526 471 4589 tt),
485 4525 525 4576 vel
539 4541 570 4577 ex
580 4541 621 4586 eo,
636 4527 707 4590 quod
718 4526 816 4578 librarii
828 4526 921 4577 oculus
933 4526 966 4575 ad
978 4531 1136 4590 sequentem
1146 4529 1178 4588 (v.
1190 4527 1239 4591 43.)
1251 4531 1429 4580 accusativum
1440 4528 1580 4582 aberravit.

255 4603 527 4665 -taaputrt’tl-
542 4602 582 4653 tl.
595 4600 949 4667 dicere]n1cnnsrT.Vid.ad
962 4601 1071 4665 §.ta-
1085 4603 1126 4651 45.
1140 4615 1217 4662 quoa
1231 4608 1235 4662 Ι
1252 4617 1386 4656 ...s..ns
1397 4605 1426 4665 Τ,
1440 4619 1487 4668 quo
1500 4607 1583 4655 detui-

252 4693 294 4730 sus
309 4681 364 4729 esP
382 4681 407 4728 in
425 4679 550 4728 contextu
562 4676 621 4741 (quo
639 4679 752 4739 depulsus
768 4691 792 4728 es
809 4678 834 4726 in
852 4676 1069 4738 adnotatione).-
1089 4677 1193 4727 tomus
1209 4684 1243 4728 est
1253 4681 1374 4742 cautique
1386 4694 1447 4744 quos
1459 4682 1579 4744 (cursuro.

253 4755 325 4818 oros)
337 4751 484 4816 appellasti?
494 4753 582 4801 Nonus
593 4751 736 4815 Madvigius
749 4753 795 4816 Ep.
807 4753 864 4801 crit.
877 4765 902 4815 p.
910 4752 975 4801 ⁴29:
991 4764 1046 4803 vsvs
1059 4757 1064 4812 Ι
1078 4764 1397 4814 asrcrrsmpvostnrsttts
1412 4760 1416 4814 Ι
1431 4768 1542 4806 rruorrrva
1550 4756 1578 4817 Τ,

253 4842 311 4878 usus
328 4827 381 4880 ost?
397 4828 484 4887 cetou,
503 4841 563 4890 patos
574 4827 725 4890 appellasti?
751 4829 838 4878 Nouus
850 4829 869 4878 ll
880 4828 909 4888 ll,
928 4841 986 4876 usus
997 4832 1044 4888 ast,
1063 4827 1149 4889 celeri,
1169 4843 1229 4890 quos
1246 4831 1387 4892 appellasti,
1406 4845 1510 4881 -uonue
1520 4833 1539 4882 Β
1549 4832 1577 4892 0,

251 4917 311 4954 tuus
322 4909 368 4965 cst,
388 4901 435 4968 [eu]
449 4903 523 4953 ceteri
538 4917 598 4966 quor
611 4904 741 4966 amendati
757 4903 962 4968 [coufluuuruutl.
985 4903 1072 4952 Nouae
1088 4904 1116 4952 P.
1132 4932 1158 4940 —
1172 4907 1220 4967 tritt
1236 4906 1346 4956 omnium
1358 4919 1449 4957 errore
1462 4905 1579 4971 quodam

254 4977 313 5029 llll.
335 5005 361 5014 —
381 4979 421 5030 48.
440 4977 544 5043 toutetri]
563 4991 629 5029 rtur
642 5017 647 5028 .
662 5016 668 5028 .
681 4991 707 5031 sr
722 4980 750 5029 T.
770 4981 798 5030 ln
816 4976 893 5027 litura
910 4977 1024 5027 duarum
1040 4976 1187 5030 litterarum
1202 4993 1220 5032 u
1239 4981 1266 5030 el
1283 4993 1298 5029 r
1314 4980 1423 5044 vestigia
1440 4981 1576 5046 apparent.

255 5081 283 5090 -
301 5054 343 5105 tt.
360 5055 443 5106 adadu
459 5055 546 5106 ΤΒΗ.
567 5081 595 5092 -
613 5056 654 5106 at.
672 5055 812 5106 uomsiid
828 5056 967 5108 aroldo:
985 5069 1046 5110 uam
1062 5056 1163 5111 iduut
1179 5059 1239 5122 ΤΡ,
1257 5056 1474 5109 uamt'dst'essot
1491 5055 1551 5106 HK.
