3648 5888
551 425 666 488 cnr
697 423 772 488 err».
793 423 996 490 arv-xv.
1025 421 1081 507 §a
1103 419 1253 490 aa-n.
1511 419 1573 488 ua

244 592 345 657 Carbo
367 592 438 658 fuit.
459 626 502 641 -
528 593 639 658 Fuerit
666 593 755 658 aliis:
785 594 843 658 tibi
874 595 1003 680 quando
1026 614 1097 658 esse
1119 595 1247 678 coepiti
1281 595 1493 678 Posteaquam
1514 593 1572 658 tibi

243 689 428 771 pecuniam,
455 710 523 753 rem
543 688 800 764 frumentariam,
830 691 972 754 rationes
994 708 1104 754 omnes
1127 709 1201 754 suas
1224 689 1466 773 exercitumque
1487 709 1573 752 com-

242 783 339 846 misit.
382 785 462 848 Nam
491 785 517 848 si
546 785 603 848 tibi
626 793 720 849 antea
743 783 977 867 displicuisset,
1005 783 1091 844 idem
1112 780 1257 858 fecisses,
1284 782 1372 866 quod
1392 803 1477 846 anuo
1499 790 1574 866 post

242 877 283 940 M.
305 878 389 942 Piso.
433 877 593 953 Quaestor
613 898 686 942 cum
708 877 744 940 L.
766 878 910 961 Scipioni
933 875 1058 941 consuli
1073 876 1254 958 obtigisset,
1276 897 1341 940 non
1357 877 1462 960 attigit
1477 898 1572 959 pecu-

243 970 346 1045 niam,
378 991 442 1034 non
472 971 513 1036 ad
535 973 711 1036 exercitum
731 971 895 1054 proiectus
918 980 983 1034 est:
1012 969 1100 1054 quod
1123 971 1163 1033 de
1184 991 1218 1034 re
1239 970 1368 1053 publica
1390 971 1505 1045 sensit,
1527 971 1572 1036 ita
1594 985 1609 1031 a

242 1065 356 1140 sensit,
380 1072 416 1129 ut
437 1086 496 1128 nec
517 1062 613 1128 fidem
634 1085 724 1130 suam
742 1085 801 1128 nec
817 1085 937 1128 morem
952 1064 1108 1127 maiorum
1124 1084 1182 1127 nec
1196 1065 1463 1130 necessitudinem
1477 1068 1572 1131 sortis

242 1159 391 1222 laederet.
434 1161 503 1224 XV.
533 1157 584 1222 38.
612 1161 737 1222 Etenim
761 1160 788 1222 si
809 1159 888 1221 baec
911 1157 1096 1240 perturbare
1119 1158 1225 1220 omnia
1246 1177 1282 1220 ac
1304 1160 1495 1241 permiscere
1519 1181 1574 1224 vo·

242 1254 363 1328 lamus,
386 1262 485 1318 totam
506 1256 604 1320 vitam
626 1253 855 1337 periculosam,
887 1251 1074 1315 insidiosam
1097 1251 1308 1337 infestamque
1329 1253 1516 1331 reddemus,
1546 1255 1572 1318 si

242 1347 361 1412 nullam
384 1349 574 1431 religionem
597 1368 666 1411 sors
687 1346 836 1420 babebit,
858 1346 980 1409 nullam
1002 1346 1186 1409 societatem
1208 1347 1392 1412 coniunctio
1414 1350 1574 1413 secundae

241 1443 421 1528 dubiaeque
442 1443 609 1517 fortunae,
631 1441 751 1504 nullam
773 1439 995 1504 auctoritatem
1009 1459 1114 1503 mores
1137 1449 1233 1524 atque
1248 1441 1395 1506 instituta
1408 1445 1611 1509 maiorumto

242 1536 392 1600 Omnium
415 1544 465 1600 est
485 1535 663 1600 communis
682 1533 849 1606 inimicus,
872 1533 928 1616 qui
943 1532 1005 1596 fuit
1019 1534 1121 1597 hostis
1137 1555 1278 1598 suorum.
1307 1537 1407 1600 Nemo
1423 1555 1575 1623 umquam

241 1631 369 1715 sapiens
400 1630 557 1714 proditori
588 1628 781 1693 credendum
810 1627 943 1709 putauit.
988 1629 1061 1711 lpse
1093 1628 1197 1703 Sulla,
1228 1629 1279 1692 cui
1305 1630 1460 1696 adventus
1482 1633 1574 1698 istius

241 1726 442 1808 gratissimus
465 1735 539 1787 esse
558 1723 684 1798 debuit,
706 1721 745 1785 ab
768 1741 802 1784 se
824 1720 985 1784 bominem
1008 1729 1105 1805 atque
1127 1721 1167 1784 ab
1189 1722 1333 1784 exercitu
1348 1743 1406 1787 suo
1425 1727 1574 1790 removitr

241 1821 416 1884 Beneventi
438 1839 509 1882 esse
531 1818 626 1882 iussit
646 1818 733 1900 apud
755 1838 829 1892 eos,
852 1838 933 1901 quos
956 1819 1024 1880 suis
1047 1818 1190 1902 partibus
1209 1818 1419 1884 amicissimos
1435 1841 1504 1883 esse
1526 1820 1575 1883 in-

242 1912 423 1996 telligebat,
446 1913 501 1976 ubi
523 1913 583 1974 iste
605 1930 747 1974 summae
770 1912 816 1974 rei
835 1930 1014 1995 causaeque
1029 1930 1146 1974 nocere
1161 1911 1242 1974 nibil
1256 1919 1375 1994 posset.
1406 1908 1445 1976 Ei
1464 1922 1612 1997 posteats

242 2008 383 2089 praemia
405 2015 513 2070 tamm
534 2004 710 2069 liberaliter
730 2005 857 2079 tribuit,
882 2004 967 2067 bona
990 2004 1147 2089 quaedam
1170 2006 1422 2089 proscriptorum
1443 2008 1476 2070 in
1498 2027 1574 2092 agro

242 2102 466 2164 Beneventano
489 2099 670 2182 diripienda
691 2099 867 2173 concessit,
889 2098 1002 2162 habuit
1021 2099 1178 2162 honorem
1199 2106 1236 2162 ut
1256 2100 1429 2182 proditori,
1451 2122 1517 2166 non
1539 2111 1575 2166 ut

242 2193 345 2256 amico
367 2189 472 2257 fidem.
516 2191 568 2256 39.
596 2195 689 2256 Nunc
711 2193 856 2276 quamvis
880 2192 950 2256 sint
970 2191 1133 2268 homines,
1161 2195 1217 2277 qui
1240 2199 1399 2258 mortuum
1423 2197 1479 2259 Cn.
1500 2197 1575 2261 Car·

241 2286 358 2349 bonam
380 2286 522 2361 oderint,
545 2293 651 2348 tamea
673 2285 707 2347 hi
730 2286 849 2350 debent
870 2306 952 2360 non,
978 2287 1057 2371 quid
1079 2286 1127 2349 illi
1150 2287 1294 2352 accidere
1317 2289 1493 2369 voluerint,
1515 2293 1573 2356 sed

242 2379 320 2464 quid
350 2381 429 2464 ipsis
453 2381 486 2444 in
508 2380 564 2444 tuli
586 2401 620 2444 re
642 2379 848 2444 metuendum
875 2380 933 2456 sit,
964 2382 1113 2463 cogitare.
1139 2367 1332 2453 (Commune
1354 2391 1404 2448 est
1423 2384 1486 2450 boe
1508 2401 1610 2450 ma-uu
1695 2428 1705 2439 -
1814 2417 1821 2428 ·

241 2473 324 2548 lum,
355 2473 532 2538 communis
561 2481 681 2550 metus,
711 2494 880 2538 commune
912 2471 1112 2556 periculum.)
1144 2475 1257 2539 Nullae
1285 2471 1573 2544 sunt'oecultiores
1602 2515 1605 2520 ·

242 2569 395 2643 insidiae,
418 2589 513 2652 quam
536 2589 607 2645 eae,
630 2590 713 2653 quae
736 2569 892 2632 latentia
914 2569 1118 2634 simulatione
1140 2567 1239 2633 oflicii
1259 2578 1316 2634 aut
1336 2573 1369 2634 in
1384 2571 1496 2655 aliquo
1517 2595 1574 2637 ne·

243 2663 444 2727 cessitudinis
466 2664 606 2727 nomine.
628 2666 708 2727 Nam
724 2685 807 2736 eum,
830 2663 885 2747 qui
901 2663 1006 2745 palam
1023 2671 1071 2726 est
1084 2664 1300 2739 adversarius,
1322 2666 1415 2730 facile
1431 2668 1572 2731 cavendo

243 2756 340 2820 vitare
361 2759 483 2840 possis;
504 2758 567 2822 boc
590 2778 666 2822 vero
689 2759 865 2831 occultum,
888 2757 1076 2820 intestinum
1097 2777 1134 2820 ac
1150 2757 1359 2823 domesticum
1374 2761 1492 2824 malum
1507 2757 1594 2824 nou'

241 2849 336 2914 modo
360 2851 503 2926 exsistit,
537 2871 649 2917 verum
679 2851 774 2915 etiam
797 2852 967 2935 opprimit,
998 2860 1170 2938 antequam
1191 2855 1375 2939 prospicere
1397 2863 1494 2940 atque
1516 2872 1610 2920 err-eo

239 2945 366 3027 plorare
388 2945 544 3029 potueris.
577 2943 629 3008 l0.
651 2946 740 3009 ltane
755 2948 854 3010 vero?
886 2948 934 3008 Tu
952 2966 1025 3008 cum
1041 2954 1193 3029 quaestor
1207 2947 1249 3010 ad
1263 2949 1439 3012 exercitum
1455 2951 1572 3014 missus

239 3040 301 3114 sis,
323 3047 431 3104 eustos
453 3058 520 3102 noa
541 3038 646 3102 solum
668 3039 841 3121 pecuniae,
869 3039 925 3102 sed
948 3040 1044 3130 etiam
1066 3041 1226 3117 consulis,
1248 3043 1406 3126 particeps
1430 3045 1572 3108 omnium

241 3153 348 3196 rerum
382 3131 656 3216 consiliorumque
689 3132 806 3207 lucris,
838 3133 967 3196 habitus
996 3135 1041 3196 sis
1062 3133 1097 3196 iu
1118 3135 1255 3198 liberum
1276 3136 1365 3214 loco,
1398 3138 1481 3202 sicut
1503 3159 1571 3208 mos

240 3227 397 3290 maiorum
418 3225 555 3300 ferebat,
584 3233 716 3309 repente
738 3226 920 3310 relinquas,
950 3227 1094 3300 deseras,
1123 3228 1164 3290 ad
1186 3229 1385 3294 adversarios
1407 3234 1571 3296 transeas?

240 3319 266 3383 0
292 3319 413 3383 scelusl
437 3340 456 3382 o
479 3327 662 3402 portentum
683 3321 717 3382 in
739 3321 868 3390 ultimas
891 3327 991 3384 terras
1007 3320 1259 3401 exportandum}
1281 3324 1353 3387 Non
1368 3325 1452 3386 euim
1467 3331 1609 3407 potestao

240 3420 428 3488 sanatura,
452 3433 534 3497 quae
557 3421 680 3478 tantum
702 3413 826 3478 lacinus
849 3414 1060 3489 commiserit,
1088 3413 1151 3477 boc
1174 3435 1239 3478 uno
1262 3415 1382 3480 scelere
1404 3438 1475 3482 essa
1497 3439 1572 3483 con·

240 3516 342 3573 tantm
365 3527 498 3571 necesse
521 3516 570 3572 est
592 3528 719 3592 semper
740 3508 863 3594 aliquid
884 3507 1042 3572 eiusmodi
1065 3508 1229 3584 moliatur,
1251 3529 1383 3586 neeesse
1405 3512 1507 3576 estin
1530 3513 1572 3588 si·

239 3602 308 3683 mffi
331 3601 466 3664 audacia
487 3598 684 3686 perfidiaque
706 3611 859 3668 versetur.
902 3598 954 3665 il.
977 3604 1089 3687 ltaque
1111 3603 1197 3666 idem
1219 3604 1296 3680 iste,
1319 3624 1415 3689 quem
1438 3607 1494 3672 Cn.
1508 3609 1572 3670 Do-

240 3695 354 3760 labella
381 3702 492 3780 postea
523 3696 556 3760 C.
577 3697 728 3762 Malleolo
759 3698 866 3763 occiso
888 3718 948 3781 pro
979 3705 1149 3783 quaestore
1178 3696 1291 3763 habuit
1323 3697 1418 3782 (haud
1441 3701 1509 3764 scio
1530 3721 1572 3764 an

303 4005 328 4057 t.
346 4017 405 4055 suas
422 4017 505 4056 omnes
520 4019 546 4067 ς.
566 4033 594 4043 -
613 4005 638 4056 3.
655 4005 760 4071 tecam]
778 4006 876 4070 legisses
891 4006 970 4070 (335,
994 4008 1034 4058 sic
1057 4005 1193 4058 turbatum
1210 4007 1234 4071 ἕ.
1253 4007 1295 4060 60.
1315 4035 1342 4046 -
1360 4005 1385 4060 l.
1404 4008 1499 4059 consati
1515 4021 1570 4060 om.

239 4080 309 4132 Gau.
331 4107 358 4117 -
378 4081 402 4130 6.
420 4081 682 4146 nsc--nso--necl
701 4081 747 4132 Ld.
766 4081 817 4141 bis,
837 4084 873 4132 Gi
891 4085 1077 4143 terascea-
1097 4083 1121 4132 7.
1140 4083 1261 4145 aoGtg:
1280 4079 1378 4139 attii:
1397 4087 1420 4133 st
1437 4082 1568 4134 dito.-

238 4156 263 4206 8.
280 4154 426 4204 insidiosam
442 4155 512 4205 coni.
526 4154 629 4206 Lama:
648 4155 797 4208 insidiosam
810 4157 904 4218 ‚codd.;
923 4171 976 4208 ora.
990 4158 1059 4208 blaa.
1075 4184 1101 4194 -
1121 4159 1145 4208 9.
1162 4159 1303 4208 societatem
1314 4157 1403 4209 codd:
1415 4160 1573 4210 sanctitatem

239 4232 307 4282 coni.
325 4231 348 4282 J.
368 4232 408 4282 Fr.
428 4231 542 4282 Gronov.
570 4230 644 4281 «Sed
671 4245 703 4281 ex
726 4225 906 4300 Romanorum
928 4231 1037 4298 quidem
1060 4233 1190 4284 sentiendi
1213 4233 1398 4298 cogitandique
1419 4237 1521 4287 ratione
1545 4237 1571 4288 in

239 4307 424 4356 coniunctione
442 4305 577 4356 secundae
595 4308 622 4356 et
638 4305 768 4358 adversae
786 4307 906 4358 fortunae
923 4309 1028 4360 socbtas
1045 4307 1097 4358 lida
1115 4309 1239 4359 nimirum
1257 4309 1284 4359 et
1300 4308 1411 4360 honesta
1429 4311 1518 4374 potest
1531 4311 1573 4362 ia-

239 4393 313 4444 esse,
331 4385 486 4445 neutiquam
504 4393 568 4429 vero
584 4381 731 4430 canonican
749 4381 794 4432 On.
808 4381 827 4430 l.
843 4409 870 4418 -
890 4383 930 4432 li.
947 4397 1026 4445 neque
1041 4397 1163 4446 umquam
1174 4386 1219 4435 Gt.
1238 4380 1376 4448 Vulgatam
1392 4387 1480 4436 tuetur
1491 4388 1572 4438 etiarn

237 4457 312 4508 Serv.
328 4455 440 4508 adden.
454 4457 485 4506 ll.
499 4456 554 4504 itit.
570 4481 597 4491 -
617 4455 658 4506 49.
677 4456 793 4506 accedas
810 4457 842 4506 Gl
855 4457 959 4521 regua.
979 4457 1011 4508 ci.
1026 4457 1060 4508 ed
1078 4457 1102 4522 ἓ.
1116 4457 1140 4510 l.
1156 4486 1182 4496 -
1201 4459 1243 4510 20.
1261 4459 1329 4524 ipsis]
1347 4460 1464 4522 terporis
1476 4461 1512 4511 Gt
1524 4461 1570 4512 Ld.

239 4559 267 4570 -
286 4534 327 4584 ti.
346 4533 404 4594 ltus,
423 4544 488 4592 quaa
505 4531 555 4591 Gt,
578 4533 645 4594 Aug.
665 4532 722 4582 Civ.
741 4533 771 4582 l).
792 4533 831 4582 til.
850 4546 880 4594 53
906 4533 981 4595 baec,
1001 4547 1065 4596 quaa
1082 4534 1127 4584 Gi.
1149 4561 1176 4570 —
1196 4533 1390 4585 dissimulatione
1406 4535 1453 4584 Gt.
1481 4535 1572 4585 inlatio

236 4614 272 4659 est
292 4608 412 4659 occultior
436 4621 476 4658 res
495 4607 606 4668 insidiis,
633 4620 699 4669 quas
719 4607 796 4658 lateat
817 4607 843 4656 in
861 4607 1017 4658 simulatione
1035 4607 1136 4670 officii.»
1164 4605 1251 4658 Schol.
1271 4607 1305 4658 ad
1321 4609 1437 4660 luvenul.
1457 4609 1499 4660 lV.
1517 4611 1570 4670 75..

237 4697 307 4748 quae
325 4684 412 4733 Garat.
425 4683 455 4732 11.
474 4681 513 4732 sio
530 4681 673 4732 emendat:
692 4682 777 4733 nulius
789 4684 829 4746 ist)
847 4688 904 4733 aaut
915 4684 1059 4734 occultiores
1069 4683 1175 4734 iusidias
1185 4684 1230 4745 iis,
1250 4697 1316 4747 quae
1330 4697 1390 4749 sqq.
1407 4713 1434 4722 -
1453 4685 1493 4736 ⁶2³.
1510 4700 1572 4736 nom

237 4758 281 4820 qui
297 4758 343 4820 Lg.
356 4757 402 4815 29;
424 4769 485 4805 nam
500 4769 557 4805 cum
575 4757 636 4818 (om.
655 4757 706 4818 quq
725 4759 776 4820 Εἰς
799 4773 859 4808 nam
881 4773 937 4810 aim
954 4760 997 4821 qui
1013 4760 1149 4822 augustin.
1169 4760 1186 4812 l.
1206 4757 1235 4819 1..
1253 4758 1301 4810 sed
1319 4759 1344 4810 in
1363 4758 1455 4810 codice
1472 4757 1572 4809 Barbe-

238 4831 296 4882 riuo
312 4831 449 4894 Augustini
466 4844 527 4880 nam
544 4844 601 4880 cum
617 4832 673 4892 quis
689 4830 739 4894 legi
757 4835 869 4884 testatur
880 4835 967 4884 Garat.
980 4835 1023 4892 ΙΙ..
1042 4835 1086 4897 qui
1104 4833 1131 4883 id
1149 4833 1284 4898 eleganter
1300 4835 1401 4886 dictum
1418 4834 1568 4884 arbitratur.

232 4927 267 4944 *-
281 4905 322 4957 ν..
340 4921 391 4956 nass
406 4907 592 4956 modoaaastit
607 4909 638 4957 A.
658 4910 744 4958 Garat.
764 4909 794 4958 ll.
818 4910 863 4971 (cx
880 4909 989 4972 August.
1008 4907 1025 4958 l.
1044 4908 1072 4968 l..
1100 4908 1145 4959 ubi
1161 4924 1212 4960 non
1227 4909 1307 4960 solum
1323 4909 1425 4973 legitur)
1443 4907 1529 4959 lludv.
1550 4910 1569 4959 l.

238 4996 265 5047 p.
283 4981 340 5032 326.
368 4980 448 5044 Scyll.
468 4981 550 5044 Epist.
569 4981 626 5030 crit.
645 4981 756 5033 adcor.
776 4982 860 5033 llalm.
880 4997 906 5048 p.
926 4983 966 5033 ta.
985 4981 1044 5034 coll.
1064 4983 1148 5034 Halm.
1168 4985 1194 5034 in
1212 4985 1285 5035 lehn.
1301 4981 1402 5035 Annali.
1420 4983 1492 5033 ⁴850.
1511 4981 1569 5033 Vol.

237 5058 278 5108 55.
297 5071 324 5121 p.
343 5056 375 5108 38
392 5069 471 5120 sqq:
490 5070 541 5106 non
556 5057 629 5106 modo
645 5070 695 5110 nou
712 5058 808 5109 assistit
824 5058 903 5110 codd.
922 5060 951 5109 0.
973 5087 1000 5095 -
1019 5060 1059 5110 td.
1079 5065 1145 5120 tum,
1164 5073 1220 5110 cunr
1238 5061 1317 5121 Gtffi
1336 5065 1389 5112 tam
1405 5071 1458 5107 orn.
1472 5056 1568 5107 atad.

204 5178 207 5186 .
241 5161 268 5170 -
287 5133 327 5184 30.
346 5133 528 5196 deportandum
545 5133 613 5183 coni.
633 5133 694 5183 Era.
722 5131 860 5197 Vulgatam
878 5136 985 5198 practer
1001 5134 1080 5186 codd.
1100 5137 1189 5186 tuetur
1206 5134 1358 5186 Rufinianus
1377 5134 1401 5196 l,
1421 5132 1460 5182 tii.
